3900 6217
672 399 840 453 SECT.
875 400 956 453 IV.
994 400 1076 453 AN
1109 401 1406 455 Eccmsut
1438 398 1840 455 russanum·
1872 400 2117 459 suurltit
2148 400 2275 455 UNA
2305 400 2577 465 ΝῙΜΕΒΟ,
2613 402 2749 455 ETC.

175 504 332 571 sancti
361 502 616 584 Episcopi
651 500 1006 579 exulabant,
1050 508 1122 567 ut
1152 504 1415 583 ipsemet
1459 502 1652 565 Hilar.

175 602 342 673 refert,
375 602 430 659 et
459 598 687 657 constat
727 612 808 655 ex
843 594 1140 672 historiis,
1187 604 1252 659 et
1291 596 1654 675 Hieronym.

174 701 342 757 contra
387 687 773 762 Luciferian.;
842 688 1140 752 AthanaS.
1214 708 1378 770 soepe
1449 697 1664 751 contra

175 788 376 859 Arium3
402 780 740 859 Augustin„
774 781 1016 861 epistol.
1049 784 1152 843 48.
1175 784 1267 845 Ex
1289 782 1518 863 quihus
1541 782 1666 844 col-

177 880 348 959 ligitur
365 882 408 951 2,
421 892 624 935 veram
643 874 974 937 Ecclesiam
993 876 1062 937 in
1087 877 1311 954 majori
1332 876 1666 939 hominum

172 977 306 1051 pane
343 980 478 1029 tunc
506 967 928 1046 permansisse.
975 968 1146 1030 Idem
1189 968 1526 1033 dicendum
1571 974 1666 1031 est

167 1068 224 1125 «lc
269 1070 509 1141 tempore
571 1059 972 1137 Antichristi3
1043 1064 1346 1142 majorem
1407 1062 1662 1143 quidem

165 1164 278 1217 tunc
312 1155 551 1235 patietur
603 1152 868 1215 Ecclesia
887 1154 1216 1232 jacturam,
1248 1164 1312 1219 et
1350 1158 1668 1237 pauciores

163 1251 370 1313 fortem
411 1246 886 1326 perseverabunt
911 1268 929 1322 3
969 1267 1214 1357 semper
1257 1256 1470 1311 tamen
1516 1267 1666 1311 vera

161 1341 378 1403 Ecclesia
409 1338 652 1415 lucebit,
701 1346 766 1401 ct
803 1340 1071 1403 discerni
1113 1345 1364 1423 poterit,
1401 1358 1474 1403 ut
1495 1342 1664 1405 idem

163 1438 326 1495 Patres
354 1450 526 1512 supra
552 1433 727 1495 citati
775 1442 1123 1513 exponunt,
1153 1442 1216 1497 et
1255 1435 1657 1514 Augustinus,

155 1530 213 1588 de
245 1527 442 1587 Unitat.
481 1526 736 1601 Eccles„
769 1529 869 1603 12,
903 1529 982 1591 13
1021 1534 1083 1591 et
1127 1532 1226 1603 14,
1267 1535 1330 1591 et
1374 1530 1414 1589 2
1449 1528 1660 1603 Civit„

161 1640 264 1701 cap.
305 1620 404 1694 19;
439 1618 910 1701 chrysostomus
947 1628 1011 1682 et
1063 1620 1434 1703 Theophyl„
1489 1622 1530 1683 2
1583 1619 1664 1681 ad

157 1716 322 1775 Thess.
349 1715 402 1776 2.
489 1736 498 1747 ·

689 1946 906 1999 suerio
947 1946 1029 1999 w.

154 2130 238 2190 Au·
250 2127 490 2193 Ecclesia
499 2137 840 2212 perseveret
859 2150 1092 2215 comper
1121 2150 1246 2197 una
1273 2149 1542 2209 numero,
1577 2150 1660 2195 an

628 2225 828 2307 specie
856 2224 1135 2291 tantum?

210 2466 252 2522 1.
298 2462 652 2536 emmonis
701 2480 915 2527 rems
971 2464 1213 2545 duplex.
1255 2498 1336 2511 -
1380 2461 1658 2528 Assertio

149 2559 322 2639 prim.
359 2590 442 2603 ·-
487 2557 628 2618 Alia
685 2559 1026 2637 proprietas
1075 2556 1356 2619 Ecclesiae
1393 2564 1484 2619 est
1527 2576 1660 2619 esse

151 2668 308 2711 usam.
352 2648 582 2729 Duplici
616 2656 834 2711 autem
879 2668 1064 2711 sensu
1101 2650 1296 2731 quaeri
1331 2657 1530 2729 potest
1575 2668 1658 2713 an

149 2742 360 2803 Ecclesia
379 2760 500 2803 um
523 2744 966 2823 permanserit.
996 2743 1228 2812 Primo,
1247 2762 1328 2804 an
1360 2745 1424 2803 in
1454 2744 1655 2805 omni·-

149 2836 242 2895 hns
255 2836 586 2897 differentiis
613 2842 974 2915 temporum
1001 2836 1316 2914 sigillatim
1361 2838 1648 2917 sumptis,

159 2946 254 2987 una
283 2936 490 2990 tantum
539 2929 742 2992 fuerit
784 2930 1072 3003 Ecclesia,
1105 2930 1166 2991 id
1195 2937 1310 3007 est,
1353 2950 1434 2993 an
1485 2949 1650 2991 nun·

161 3040 299 3099 quam
319 3022 522 3083 fuerint
547 3022 840 3083 Ecclesiae
864 3023 1008 3083 duae
1032 3022 1220 3083 simul
1250 3024 1298 3085 ².
1340 3023 1648 3099 Secundo,

155 3132 214 3173 an
255 3116 304 3173 in
325 3122 436 3175 tota
460 3116 658 3177 etiam
703 3122 1058 3195 temporum
1103 3118 1488 3177 successione
1531 3114 1653 3177 ool-

147 3204 310 3267 lective
327 3214 558 3287 mmpta
579 3207 782 3268 fuerit
807 3225 960 3283 una,
985 3207 1084 3269 vel
1107 3207 1336 3288 plures.
1361 3210 1508 3270 Dico
1531 3210 1652 3288 pri-

143 3316 248 3357 mo:
271 3299 514 3361 Ecclesia
531 3320 572 3361 a
591 3302 840 3363 Christo
865 3301 1129 3361 Domino
1151 3302 1439 3361 instituta
1463 3303 1650 3362 unica

141 3408 266 3453 nunc
299 3399 382 3452 est
418 3394 482 3455 in
519 3394 764 3455 mundo
794 3440 814 3469 ,
859 3400 922 3454 et
955 3395 1070 3456 fuit
1097 3395 1318 3474 quovis
1347 3399 1642 3474 tempore.

139 3482 214 3543 Est
235 3484 299 3545 de
329 3485 460 3563 fide,
489 3487 886 3567 habeturque
914 3488 982 3549 in
1003 3486 1336 3567 Symbolo:
1375 3486 1558 3551 Credo
1581 3489 1649 3551 in

133 3594 274 3639 sm
295 3586 559 3643 sanctam
575 3578 933 3643 Ecclesiam
947 3602 974 3651 ;
999 3580 1168 3642 Paul.
1209 3580 1292 3639 ad
1318 3580 1542 3659 EpheS.
1576 3582 1644 3643 3:

137 3667 364 3733 Solliciti
411 3689 661 3737 servare
707 3673 1010 3739 mitatem
1047 3670 1116 3733 in
1145 3673 1390 3736 vinculo
1421 3673 1600 3752 pacis
1618 3697 1648 3746 ,-

133 3768 200 3821 est
215 3764 362 3825 enim
397 3764 528 3827 haec
553 3767 770 3827 unitas
799 3765 1104 3841 Ecclesia),
1145 3782 1272 3827 non
1303 3766 1651 3827 mathema-

132 3856 224 3916 tica
237 3859 318 3921 vel
341 3860 614 3939 physica,
639 3859 748 3923 sed
780 3860 1054 3935 moralis,
1085 3859 1285 3941 qualis
1309 3862 1490 3931 estin
1528 3861 1646 3921 Re-

131 3950 328 4027 publica
343 3953 436 4015 vel
457 3972 684 4033 regno,
715 3953 894 4031 cujus
923 3954 1129 4015 unitas
1155 3953 1418 4032 requirit
1445 3970 1644 4013 unum

131 4050 293 4121 capnt,
317 4045 603 4107 eamdem
615 4045 830 4121 fidem,
860 4044 1107 4107 easdem
1138 4046 1342 4126 leges3
1373 4044 1452 4107 ad
1475 4046 1645 4116 hunc

129 4152 242 4213 ergo
285 4137 552 4212 modum,
611 4137 888 4200 Ecclesia
943 4138 1166 4199 Christi
1213 4136 1294 4199 ad
1340 4156 1540 4199 unum
1579 4143 1642 4199 et

127 4229 364 4291 eumdem
385 4229 578 4293 finem
604 4231 956 4306 ordinatur,
985 4250 1098 4311 per
1124 4232 1336 4293 eadem
1361 4248 1644 4293 necessa-

127 4320 198 4379 ria
213 4324 418 4400 media,
429 4330 494 4387 et
513 4324 864 4405 praecipuas
879 4325 1154 4405 acprinci
1163 4324 1422 4404 paliares
1438 4323 1638 4403 leges3

127 4410 272 4475 habet
311 4434 508 4479 unum
545 4423 738 4496 caput
765 4416 1128 4497 principale,
1167 4416 1478 4477 Christum
1526 4416 1641 4477 Do-

127 4506 347 4585 minum,
366 4508 432 4572 in
457 4528 574 4591 quc
603 4526 805 4574 omnes
825 4527 1011 4573 unum
1049 4528 1280 4586 summ,
1325 4510 1406 4571 ad
1435 4508 1638 4571 Galat.

129 4600 184 4671 33
227 4608 281 4661 et
315 4622 506 4667 unum
539 4611 732 4683 caput
771 4606 840 4665 in
889 4604 1092 4679 terris,
1123 4603 1440 4665 vicarium
1478 4604 1637 4683 ejus,

133 4690 238 4767 quia
279 4696 456 4759 usim
493 4694 674 4775 ovilis
710 4712 872 4759 uuus
917 4703 1006 4759 cet
1047 4700 1285 4777 pastor,
1322 4697 1500 4757 Joan.
1535 4698 1638 4775 10,

129 4786 254 4859 quod
277 4788 430 4849 intra
455 4788 643 4849 latius
669 4788 1024 4867 ostendam3
1056 4789 1242 4851 habet
1281 4808 1478 4851 unum
1505 4790 1642 4869 Spi-

125 4874 280 4937 ritum
316 4880 606 4943 Sanctum
631 4900 756 4962 quo
788 4888 988 4943 totum
1026 4882 1143 4945 hoc
1169 4901 1388 4962 corpus
1413 4884 1640 4944 sancti-

125 4964 307 5031 ficatur
345 4985 406 5033 et
433 4974 697 5051 regitur,
737 4981 812 5036 ut
843 4974 1108 5037 Ecclesia
1155 4978 1356 5051 canit3
1389 4984 1640 5057 propter

125 5062 256 5136 quod
281 5082 374 5127 cor
389 5067 672 5129 Ecclesiae
686 5068 1082 5149 appellatura
1115 5072 1177 5132 D.
1206 5070 1466 5144 Thoma‚
1489 5070 1640 5151 quia

126 5160 200 5213 cst
216 5158 570 5240 principium
603 5161 744 5223 vitae
765 5160 924 5241 ejus,
956 5163 995 5222 3
1023 5182 1114 5243 p.,
1141 5183 1204 5244 q.
1226 5166 1288 5239 8,
1313 5168 1431 5225 art.
1467 5166 1526 5233 1,
1557 5164 1640 5225 ad

194 5346 208 5379 ¹
243 5344 386 5409 Vide
411 5346 454 5407 1.
481 5350 522 5409 5
547 5348 791 5411 Dotem.
821 5346 990 5411 fidei.

190 5433 301 5586 ²4⁰8
328 5440 512 5516 priori
541 5459 722 5501 sensu
747 5442 890 5503 vide
921 5443 1160 5504 Defens.
1187 5442 1322 5519 fid„
1343 5444 1387 5505 l.
1414 5449 1475 5520 1,
1493 5463 1546 5506 c.
1579 5445 1638 5517 3,

127 5538 178 5583 n.
246 5571 260 5587 .

3192 398 3315 461 25⁹

1738 503 1856 565 ult.
1873 504 2097 581 3habet
2120 523 2314 568 unam
2340 504 2555 581 fidem,
2583 523 2721 585 quoe
2750 510 2845 571 est
2860 504 3063 577 forma
3084 505 3313 585 prima,

1740 597 2028 659 Ecclesiae
2060 605 2267 678 partes
2296 599 2723 678 conjungens3
2754 616 2951 663 unum
2976 599 3309 679 Baptisma,

1743 691 1910 770 quod
1933 698 2028 755 est
2050 692 2243 771 janua
2268 691 2351 753 ad
2374 696 2599 755 catera
2640 698 3053 767 sacramenta,
3084 699 3149 753 et
3194 692 3313 753 mi·

1743 783 1998 845 nisteria
2022 784 2451 849 ecclesiastica.
2490 784 2691 850 Habet
2718 784 2999 847 debitum
3028 786 3311 847 ordinem

1745 883 1806 939 et
1827 875 2269 953 hierarchiam,
2300 884 2373 941 ut
2404 878 2596 941 etiam
2638 878 2805 942 infra
2829 878 3130 953 dicemus,
3174 898 3313 959 quas

1743 972 1959 1034 omnia
1984 972 2190 1049 tetigit
2220 972 2444 1035 Paulus
2478 971 2723 1047 citatus,
2746 970 2822 1032 ad
2852 971 3075 1049 Ephes.
3109 974 3172 1045 4,
3202 972 3313 1035 ubi

1744 1064 1932 1127 etiam
1964 1070 2126 1127 recte
2150 1064 2418 1144 explicat
2442 1064 2607 1125 hanc
2634 1063 2943 1125 unitatem
2964 1082 3075 1143 per
3098 1065 3313 1126 analo·
3373 1116 3382 1121 -

1745 1158 1912 1236 giam
1960 1159 2039 1221 ad
2096 1175 2319 1237 corpus
2372 1156 2699 1219 naturale:
2747 1156 2829 1219 ad
2862 1174 3051 1237 quam
3080 1157 3314 1220 accedit

1743 1251 1909 1330 quod
1947 1251 2171 1312 Paulus
2199 1251 2355 1329 ipse,
2406 1253 2431 1311 1
2482 1249 2625 1313 Cor.
2676 1251 2775 1326 10,
2823 1250 3191 1331 ponderavit
3218 1258 3312 1313 to·

1742 1350 1880 1405 tum
1907 1345 2027 1405 hoc
2057 1362 2279 1422 corpus
2298 1342 2516 1407 eodem
2567 1361 2832 1405 numero
2873 1342 3011 1405 cibo
3050 1350 3113 1405 et
3154 1354 3311 1423 potu

1743 1438 1972 1499 nutriri
2013 1443 2076 1499 et
2103 1434 2214 1513 ali,
2256 1435 2423 1515 quod
2468 1454 2673 1515 neque
2718 1436 3021 1499 naturalis
3053 1438 3309 1516 quidem

1743 1531 2017 1611 corporis
2056 1530 2333 1611 partibus
2370 1531 2697 1609 contingit.
2748 1530 3047 1593 Eamdem
3104 1532 3313 1593 unita·

1741 1630 1870 1685 tem
1901 1624 2026 1685 late
2054 1622 2321 1703 explicat
2348 1624 2427 1685 ad
2453 1624 2630 1686 Rom.
2662 1625 2765 1699 12,
2790 1632 2853 1685 et
2885 1626 2912 1685 1
2947 1623 3086 1685 Cor.
3115 1626 3215 1695 12,
3240 1632 3307 1687 et

1744 1721 1773 1777 1
1813 1717 1892 1778 ad
1913 1718 2166 1799 Tim-43,
2215 1714 2328 1777 ubi
2354 1716 2689 1779 Ecclesiam
2739 1724 2941 1793 vocat,
2988 1736 3181 1783 unam
3206 1722 3309 1783 do·

1736 1827 1902 1879 mm
1939 1810 2055 1871 Dei
2084 1807 2228 1873 vivi.
2258 1809 2343 1871 De
2370 1808 2587 1871 eadem
2616 1809 2758 1871 vide
2786 1810 3111 1889 Cypriam,
3146 1811 3307 1875 libro

1736 1902 1813 1965 de
1849 1902 2099 1964 Unitate
2138 1901 2460 1980 Ecclesiae3
2490 1903 2851 1980 Angustia„
2887 1902 2997 1963 lib.
3028 1904 3305 1983 ejusdem

1733 1995 1924 2069 tituli,
1954 2002 2019 2057 et
2046 1995 2199 2057 alios
2232 1997 2463 2071 Patres,
2500 2013 2656 2074 quos
2688 1996 2879 2059 refert
2921 1998 3201 2059 Cauisius
3240 1998 3313 2059 in

1738 2087 2151 2163 Catechismo,
2194 2087 2379 2149 titulo
2417 2088 2495 2149 de
2542 2088 2811 2151 Ecclesia
2825 2105 2847 2168 3
2890 2090 3307 2167 Tuprecrem„

1739 2180 1883 2241 libr.
1913 2184 1975 2258 1,
2004 2199 2043 2241 a
2068 2199 2203 2260 cap.
2236 2183 2315 2255 ὃς
2354 2180 2630 2260 Pighius,
2678 2181 2839 2243 libro
2876 2184 2917 2243 2
2948 2183 3271 2246 Hierarch.
3288 2201 3312 2263 3

1739 2272 1987 2349 Driedo,
2013 2275 2054 2335 4
2072 2273 2147 2335 de
2174 2274 2491 2353 Dogmat„
2522 2292 2659 2355 cap.
2691 2277 2772 2352 23
2796 2276 3129 2352 Sanderus,
3150 2277 3311 2341 libro

1742 2366 1820 2427 de
1847 2366 2245 2444 Monarchia3
2276 2366 2504 2443 Canus,
2522 2366 2687 2429 libro
2718 2370 2783 2441 Δ,
2815 2388 2952 2449 cap.
2984 2368 3218 2447 ultim„
3248 2377 3311 2433 ct

1737 2460 2037 2521 latissime
2066 2459 2329 2521 Michael
2355 2460 2573 2535 Auia„
2610 2468 2765 2523 tom.
2798 2462 2879 2521 13
2906 2470 3307 2539 tractatuum,

1739 2560 1900 2635 part.
1927 2557 1991 2626 2,
2023 2574 2133 2635 per
2151 2559 2352 2615 totum
2381 2554 2511 2615 fere
2536 2561 2893 2617 tractatum.

1817 2650 1878 2709 2.
1925 2646 2189 2727 objectio
2230 2652 2442 2713 contra
2480 2651 2871 2713 assertionem
2910 2650 3190 2717 diluitur.
3224 2635 3323 2703 -'

1735 2741 1891 2802 Huic
1944 2741 2225 2802 Ecclesiae
2288 2741 2517 2801 unitati
2584 2743 3020 2808 contradicunt
3086 2764 3305 2811 omnes

1735 2834 2027 2908 haereses,
2070 2834 2219 2913 quia
2258 2851 2474 2895 omnes
2521 2833 2851 2897 destruunt
2903 2836 3051 2899 fidei
3096 2841 3305 2903 unita·-

1733 2932 1886 3001 tem‚
1915 2926 2023 2987 sed
2051 2927 2364 3006 praecipue
2405 2926 2529 2987 illoe
2567 2946 2707 3007 quae
2743 2930 3047 2993 unitatem
3085 2934 3303 3013 capitis

1733 3026 1992 3098 negant,
2019 3025 2235 3081 contra
2280 3036 2435 3099 quas
2478 3020 2755 3082 dicemus
2781 3021 2849 3083 in
2875 3026 3295 3103 sequentihus.

1733 3114 1902 3175 Dices
1935 3131 2103 3175 nune
2144 3112 2221 3173 de
2261 3113 2425 3179 facto
2452 3113 2607 3175 duas
2648 3132 2780 3177 esse
2826 3116 3127 3179 Ecclesias
3159 3136 3175 3181 ε
3206 3118 3297 3191 al?

1730 3212 1930 3267 teram
1972 3206 2041 3267 iu
2080 3206 2285 3280 terris,
2326 3207 2394 3267 in
2432 3206 2601 3271 coelis
2620 3206 2905 3269 alteram.
2938 3211 3297 3291 Respondeo

1731 3300 1934 3378 primo
1966 3316 2079 3361 nos
2105 3298 2277 3379 loqui
2308 3298 2385 3361 de
2422 3299 2691 3361 Ecclesia
2718 3302 3023 3363 militante
3038 3326 3056 3379 ς
3084 3323 3299 3369 secun-

1729 3392 1832 3467 do,
1861 3396 2057 3452 totam
2096 3393 2645 3471 congregationem
2675 3412 2893 3457 eorum
2932 3397 3045 3475 qui
3080 3416 3297 3466 verum

1734 3486 1924 3545 Deum
1957 3486 2511 3564 supernaturaliter
2550 3494 2933 3566 cognoscunt
2968 3496 3031 3551 et
3058 3492 3294 3572 colunt,

1729 3594 1902 3656 posse
1928 3576 2054 3639 dici
2082 3584 2145 3638 et
2188 3596 2318 3641 esse
2362 3596 2551 3641 unam
2600 3581 2951 3655 Ecclesiam,
2998 3585 3147 3663 quia
3184 3587 3297 3649 ha-

1731 3668 1882 3731 bent
1907 3682 2116 3731 unum·
2134 3680 2343 3751 caput,
2372 3671 2709 3750 Christum,
2749 3679 2820 3734 ut
2845 3691 2959 3735 suo
3002 3674 3137 3739 loco
3170 3685 3295 3743 tra·-

1729 3760 1900 3823 ditur
1925 3766 1942 3801 ¹
1972 3779 1992 3841 ;
2025 3781 2223 3825 unum
2254 3764 2567 3843 spiritum,
2616 3773 2681 3827 et
2718 3766 2891 3847 quasi
2937 3786 3043 3829 cor
3068 3776 3133 3831 et
3157 3775 3295 3835 ani-

1727 3872 1919 3932 mam,
1946 3864 2011 3917 et
2037 3875 2235 3917 unum
2262 3856 2475 3933 finem,
2494 3864 2566 3919 ut
2586 3856 2861 3938 loquitur
2878 3860 3291 3941 Augustinus,

1727 3952 1794 4009 11
1842 3948 1920 4009 de
1948 3949 2159 4026 civit„
2198 3968 2334 4031 cap.
2375 3955 2398 4011 1
2428 3966 2449 4028 ;
2490 3950 2598 4013 lib.
2637 3954 2737 4027 15,
2768 3971 2905 4033 cap.
2937 3953 3020 4027 23
3065 3956 3291 4023 Psalm.

1726 4044 1839 4118 363
1865 4042 2243 4119 Bernardus,
2276 4061 2459 4107 serm.
2484 4046 2560 4105 27
2587 4045 2656 4106 in
2682 4046 2856 4109 Cant.

1805 4138 1864 4197 3.
1911 4135 2191 4199 Assertio
2240 4139 2499 4203 secunda
2534 4156 2651 4219 pro
2712 4142 2907 4205 codem
2964 4163 3165 4211 sem.
3210 4184 3291 4197 .-

1725 4230 1870 4291 Dico
1915 4228 2192 4291 secundo
2224 4245 2241 4289 ε
2284 4230 2471 4291 etiam
2518 4238 2662 4293 ante
2691 4231 3027 4302 adventum
3066 4241 3291 4306 Christi

1725 4340 2049 4402 nunquam
2099 4322 2357 4385 fuerunt
2392 4323 2457 4383 in
2486 4324 2721 4385 mundo
2755 4326 2943 4389 simul
2994 4331 3131 4396 duae
3174 4336 3287 4397 Ec-

1720 4415 1942 4493 clesiae,
1974 4416 2083 4477 sed
2112 4434 2240 4475 una
2266 4422 2551 4495 tantum3
2580 4416 2716 4478 haec
2742 4437 2869 4481 non
2908 4430 3001 4483 est
3023 4430 3151 4487 tam
3180 4447 3289 4489 01..

1719 4526 1924 4589 presse
1961 4506 2239 4582 definita,
2288 4508 2449 4569 sicut
2487 4509 2839 4589 praecedens
2872 4528 3046 4577 :esse
3074 4524 3287 4587 tamen

1719 4600 1902 4663 debet
1929 4602 2187 4662 omnino
2215 4607 2407 4677 certa,
2440 4620 2587 4665 nam
2629 4604 2969 4684 Scriptura,
3014 4610 3283 4679 Concilia

1720 4699 1783 4755 et
1813 4695 2022 4755 Patres
2062 4692 2487 4757 indifferenter
2521 4695 2883 4777 loquuntur,
2916 4703 3101 4779 juxta
3128 4706 3285 4771 illud

1719 4787 1898 4849 Cant.
1945 4788 1987 4848 6
2034 4804 2051 4850 z
2112 4787 2251 4851 Una
2277 4793 2367 4851 est
2411 4788 2679 4853 columba
2714 4808 2864 4855 mea.
2918 4795 3100 4858 Ratio
3137 4817 3285 4863 vero

1720 4886 1908 4959 patet,
1943 4880 2092 4960 quia
2120 4898 2364 4959 semper
2408 4880 2563 4942 fides
2595 4885 2935 4947 necessaria
2974 4889 3053 4951 ad
3081 4891 3286 4957 Eccle-

1719 4975 1874 5035 siam
1910 4973 2035 5034 fuit
2061 4974 2340 5053 ejusdem
2364 4975 2647 5051 rationis,
2680 4993 2753 5037 ac
2790 4980 3077 5045 similiter
3118 5004 3279 5066 spes,

1717 5073 1904 5145 atque
1951 5065 2108 5127 adeo
2164 5066 2303 5127 finis
2352 5066 2431 5128 ad
2491 5085 2679 5148 quem
2728 5073 2931 5134 tendit
2972 5076 3283 5155 Ecclesia;

1715 5159 1869 5221 item
1915 5159 2199 5239 princeps
2261 5165 2324 5221 et
2380 5168 2567 5240 caput
2604 5165 2985 5246 praecipuum
3037 5190 3283 5253 semper

1718 5252 1841 5312 fuit
1885 5252 2052 5313 idem
2067 5297 2089 5328 ,
2140 5260 2331 5333 atque
2381 5254 2601 5315 eadem
2647 5260 2993 5323 necessaria
3036 5263 3277 5343 media,

1719 5362 1983 5424 quorum
2012 5363 2258 5407 summa
2280 5351 2373 5407 est
2404 5344 2705 5423 charitas3
2730 5348 2863 5413 hoec
2898 5362 3107 5415 autem
3134 5368 3281 5421 sunt

1808 5542 1825 5577 ¹
1871 5539 2027 5601 Vide
2054 5538 2207 5621 disp.
2241 5541 2321 5601 23
2344 5540 2419 5603 de
2445 5541 2779 5616 lucan-nat„
2812 5552 2958 5607 sect.
2994 5550 3049 5611 1.
