3900 6217
508 385 627 448 220

453 547 467 564 ,
506 494 733 574 primu,
764 493 829 555 id
856 501 970 572 est,
993 493 1192 574 donia,
1217 515 1620 580 quascumque
1648 507 2070 577 occurrerunt,

508 591 576 650 in
598 590 859 652 materia
888 589 966 656 de
997 590 1205 653 Gratia
1235 592 1625 672 tradidimus,
1671 614 1793 676 quo
1827 596 1895 657 in
1938 595 2074 656 loco

510 689 573 746 et
628 683 1017 761 singulorum
1068 685 1339 748 rationes
1389 687 1911 750 consideravimus
1928 735 1949 765 ,
2014 693 2076 750 et

507 777 967 840 distinctionem
996 797 1210 840 eorum
1244 800 1281 842 a
1308 781 1452 857 fide,
1490 783 1945 866 utilitatemque
1976 781 2077 846 vel

510 871 937 934 necessitatem
966 873 1387 953 exposuimus.
1435 878 1518 938 De
1549 877 1844 953 secunde,
1888 878 2075 938 nimi-

508 983 650 1026 rum
694 965 841 1043 fide,
876 972 1062 1046 prout
1100 967 1338 1031 fructus
1392 974 1483 1032 est
1524 970 1791 1052 Spiritus
1840 971 2073 1049 Sancti,

508 1058 671 1120 nihil
698 1065 789 1120 est
828 1060 993 1140 quod
1016 1067 1378 1140 tractemu3‚
1406 1081 1549 1125 cum
1586 1065 1754 1126 idem
1790 1071 1964 1127 actus
2003 1065 2076 1126 fi-

510 1151 634 1230 dei,
666 1160 851 1234 prout
874 1172 1156 1216 assensus
1182 1165 1276 1217 est
1304 1175 1411 1218 seu
1440 1158 1796 1235 credulitas,
1820 1177 1891 1221 ac
1922 1177 2074 1240 prae-

510 1250 721 1310 sertim
765 1250 1015 1330 quando
1042 1251 1297 1314 caritate
1338 1251 1661 1331 formatur,
1692 1253 1847 1317 fides
1874 1254 2072 1316 Theo-

510 1339 713 1420 logica
749 1348 1041 1422 vocetur3
1083 1349 1265 1423 prout
1309 1362 1455 1409 vcro
1508 1349 1845 1430 quamdam
1893 1345 2072 1408 affert

512 1435 898 1516 spiritualem
966 1437 1482 1520 delectationem,
1537 1443 1781 1503 dicatur
1834 1441 2070 1502 fructus

512 1529 771 1608 Spiritus
808 1531 1038 1594 Sancti.
1076 1531 1251 1595 Unde
1285 1535 1455 1597 venit
1485 1535 1885 1615 exponendus
1928 1535 2072 1596 Hie-

509 1639 830 1702 ronymus,
876 1642 1018 1685 eum
1043 1625 1111 1687 in
1157 1625 1337 1688 illum
1380 1627 1585 1692 locum
1622 1629 1795 1692 Pauli
1828 1631 1937 1703 ait,
1965 1627 2069 1690 ab·

511 1723 683 1778 sente
738 1717 1037 1781 charitate
1091 1719 1420 1784 abscedere
1481 1722 1671 1785 fidem
1694 1769 1713 1800 ,
1766 1723 2069 1786 nimirum

508 1816 695 1890 prout
742 1817 834 1872 est
892 1811 1157 1894 Spiritus
1202 1815 1413 1878 Sancti
1458 1816 1738 1894 fructus3
1794 1817 2070 1878 abscedit

508 1904 678 1966 enim
728 1905 933 1984 quoad
980 1905 1287 1970 rationem
1332 1909 1571 1972 fructus
1598 1957 1614 1986 ,
1671 1928 1800 1975 non
1860 1909 2068 1991 quoad

510 1997 921 2059 substantiam
941 2017 1140 2062 suam.
1164 2001 1297 2078 Quo
1324 2005 1510 2066 etiam
1534 2022 1718 2066 sensu
1738 2003 2070 2066 Anselmus

506 2088 766 2169 ibidem,
808 2090 966 2153 dixit
1005 2093 1192 2157 fidem
1246 2097 1476 2177 absque
1523 2097 1809 2179 operibus
1855 2115 2069 2160 veram

509 2203 638 2246 non
684 2203 835 2263 esse,
884 2188 1169 2250 videlicet
1226 2189 1643 2267 fructuosam,
1692 2198 1753 2253 et
1803 2193 2069 2271 practice

503 2297 716 2342 veram
729 2297 748 2358 3
773 2281 894 2344 nisi
913 2285 1099 2344 etiam
1124 2285 1603 2365 interpretemur
1617 2304 1740 2347 non
1762 2305 1891 2348 esse
1918 2287 2070 2349 fide-

504 2371 629 2434 lem
660 2373 845 2437 fidem
851 2391 872 2453 3
900 2376 1019 2438 hac
1039 2378 1207 2439 enim
1236 2379 1476 2442 ratione
1502 2361 1654 2441 fides
1677 2379 1812 2440 haec
1833 2399 2067 2442 nomen

504 2465 740 2529 fructus
768 2469 1029 2550 Spiritus
1054 2471 1261 2533 Sancti
1283 2473 1594 2548 vendicat,
1619 2479 1693 2535 ut
1716 2473 1944 2535 scilicet
1975 2479 2067 2535 est

502 2559 767 2623 fidelitas
809 2564 1113 2643 quaedam,
1160 2572 1291 2628 tam
1340 2567 1418 2629 ad
1472 2569 1706 2644 Deum,
1750 2586 1939 2648 quam
1986 2569 2066 2630 ad

500 2654 881 2734 proximum,
928 2676 1066 2739 quoe
1114 2667 1421 2739 quatenus
1464 2661 1664 2722 virtus
1698 2667 1791 2722 est
1833 2661 2061 2740 infusa,

499 2747 904 2828 adferensque
932 2751 1299 2829 peculiarem
1350 2754 1623 2816 fructum
1668 2763 1731 2818 et
1778 2764 2057 2836 gustum,

499 2846 700 2920 potest
726 2841 960 2905 fructus
997 2847 1314 2927 appellari.
1344 2849 1500 2912 Nam
1531 2857 1793 2931 utraque
1820 2853 2062 2932 exposi-

496 2935 585 2994 tio
611 2939 957 2999 communis
986 2946 1097 3014 est,
1120 2947 1182 3001 et
1207 2950 1533 3023 utramque
1552 2944 1947 3024 amplectitur
1969 2945 2063 3006 di·

496 3045 609 3091 vus
628 3029 893 3092 Thomas
910 3033 1111 3112 prima
1130 3035 1440 3111 secundae,
1463 3039 1799 3116 quaestione
1820 3043 2064 3119 septua-

496 3123 754 3204 gesima,
782 3125 1039 3186 articulo
1069 3129 1273 3189 tertio.
1306 3129 1415 3190 His
1444 3136 1590 3208 crgo
1624 3132 1950 3214 expeditiS,
1985 3131 2062 3194 de

496 3215 736 3280 duobus
758 3217 1012 3299 reliquis
1034 3237 1290 3300 agemus
1318 3221 1611 3287 breviter.

1136 3447 1353 3502 sEC‘rlo
1385 3449 1425 3504 1.

578 3645 677 3710 Au
696 3647 849 3726 fidae
872 3646 1305 3712 miraculorum
1334 3651 1422 3714 sit
1454 3653 1656 3715 eadem
1698 3671 1835 3718 oum
1861 3655 1982 3736 fido

1108 3741 1413 3808 Catholica
1428 3747 1459 3807 ,ἲ

578 3971 634 4032 1.
689 3967 909 4034 Prima
944 3970 1143 4051 opinio
1194 3989 1443 4055 nequas.
1501 4005 1583 4021 —
1630 3973 1799 4055 Ejus
1836 3977 2060 4052 funda-

493 4069 676 4128 ment.
703 4096 786 4110 —
812 4063 1018 4124 Prima
1048 4065 1354 4126 sententia
1390 4065 1541 4128 dicit
1565 4067 1678 4128 has
1718 4069 1869 4130 duas
1907 4069 2060 4131 fides

496 4175 627 4218 esse
664 4173 763 4218 res
788 4156 1197 4218 essentialiter
1240 4157 1617 4221 distinctas¹.
1657 4161 1746 4222 Ita
1788 4161 2058 4224 Abulen-

494 4249 600 4325 sis,
633 4251 701 4311 in
732 4249 972 4310 decimo
1007 4251 1274 4312 secundo
1310 4252 1507 4332 capite
1543 4252 1789 4330 Matth.,
1832 4261 2049 4334 quaest.

496 4345 633 4405 165.
660 4343 850 4404 Favet
879 4343 1143 4405 multum
1166 4345 1658 4426 ChrysostomuS,
1680 4345 1937 4408 homilia
1966 4349 2057 4408 vi-

493 4437 727 4512 gesima
752 4443 971 4514 quarta
998 4435 1073 4498 ad
1110 4439 1361 4518 Ephes,
1391 4439 1497 4500 ubi
1529 4439 1691 4501 clare
1728 4440 2056 4520 distinguit

492 4527 657 4588 inter
712 4528 899 4589 fidem
961 4529 1324 4608 dogmatum
1370 4542 1431 4593 et
1481 4533 1666 4593 fidem
1703 4534 2048 4608 signorum.

492 4621 647 4681 Item
672 4622 919 4698 Matth.,
952 4622 1193 4685 decimo
1228 4626 1511 4704 septimO,
1554 4626 2052 4706 Theophylactus

490 4712 558 4774 in
587 4714 747 4774 banc
776 4715 1147 4777 sententiam
1187 4718 1476 4793 inclinat3
1528 4719 1715 4799 Vega,
1756 4723 1795 4781 9
1822 4721 1887 4781 111
1914 4723 2052 4782 Tri-

493 4805 757 4882 demin„
807 4825 940 4890 cap.
982 4810 1103 4888 283
1145 4816 1205 4871 et
1248 4811 1548 4889 Roffens.,
1601 4812 1773 4874 artic.
1830 4817 1889 4888 1,
1942 4814 2054 4875 ali-

490 4905 724 4978 quanto
776 4919 811 4962 a
864 4902 1189 4981 principi0,
1234 4905 1511 4965 sentiunt
1551 4903 1739 4966 fldem
1787 4905 2054 4968 miraeu-

489 4991 693 5053 lorum
723 5011 851 5054 esse
878 4993 1195 5084 fiduciam„
1224 5003 1285 5058 et
1309 5003 1753 5077 consequenter
1780 5015 1909 5060 esse
1930 4997 2054 5060 dis-

491 5085 748 5147 tinctam
789 5106 826 5148 a
880 5087 1028 5164 fide,
1076 5107 1215 5169 quae
1270 5096 1360 5151 est
1414 5090 1741 5153 credulitas
1789 5111 1898 5154 seu
1958 5113 2055 5154 as-

490 5196 726 5241 sensus.
778 5179 1282 5246 Fundamentum
1326 5183 1512 5265 hujus
1556 5189 1876 5250 sententiae
1923 5208 2054 5254 esse

574 5361 593 5396 ¹
628 5357 786 5421 Vide
830 5377 1039 5440 supra,
1091 5358 1319 5442 disput.
1364 5363 1427 5440 Ξ,
1474 5368 1621 5426 sect.
1668 5367 1728 5443 3,
1770 5385 1835 5430 11.
1895 5369 1960 5446 2,
1991 5373 2054 5430 et

488 5449 646 5608 (111ῗὲ
672 5453 910 5608 disect.
950 5455 1010 5531 3,
1042 5473 1109 5516 n.
1144 5455 1208 5534 5,
1238 5463 1299 5518 et
1325 5455 1436 5519 lib.
1463 5457 1503 5520 8
1528 5458 1605 5520 de
1634 5457 1832 5542 Grat.,
1859 5480 1913 5525 c.
1949 5463 2048 5542 16,

921 393 1160 446 ΒῙΒΡΌΤ.
1196 393 1322 447 vlu.
1360 396 1439 447 DE
1472 393 1902 449 DISTINCTIONE
1936 397 2101 450 nom
2133 397 2214 450 AB
2248 395 2512 452 OMNIBUS
2547 399 2726 452 DONIS
2761 399 2842 452 ET
2871 401 3135 463 Gnarus,
3171 403 3302 456 mc.

2154 505 2378 578 potest,
2410 499 2557 580 quia
2585 499 2734 562 fides
2767 501 3068 564 catholica
3095 510 3184 564 est
3217 509 3542 571 communis
3565 529 3680 576 om-

2154 592 2343 654 nibus
2369 591 2684 670 fidelibus,
2705 593 2858 656 fides
2882 601 3092 657 autem
3122 595 3541 664 miraculorum
3567 625 3680 669 non

2157 691 2246 748 est
2273 689 2639 749 communis
2677 687 2854 750 Unde
2882 688 2991 749 illa
3019 707 3146 751 esse
3173 697 3370 769 potest
3393 693 3516 756 sine
3540 699 3677 774 ista3

2154 779 2376 840 Matth.
2426 782 2595 841 enim
2639 782 2740 857 10,
2775 789 2838 843 et
2881 783 3060 843 Lucae
3101 784 3200 857 19,
3243 783 3530 863 Apostolis
3569 791 3680 869 jam

2156 873 2545 935 credentibus
2587 874 2732 938 data
2775 882 2866 938 est
2913 881 3179 956 potestas
3219 877 3478 941 faciendi
3519 885 3681 946 mira-

2157 966 2318 1043 cula,
2349 974 2535 1048 atque
2575 969 2726 1030 adeo
2771 967 2921 1031 fides
2967 971 3423 1034 miraculorum.
3475 975 3682 1041 Deinde

2157 1059 2310 1122 fides
2337 1061 2779 1123 miraculorum
2807 1069 2895 1125 est
2915 1063 3125 1148 qratia
3154 1068 3353 1150 qratia
3377 1067 3551 1141 data;
3579 1070 3684 1132 alia

2152 1152 2423 1232 pertinet
2463 1153 2542 1216 ad
2587 1162 2836 1236 gratum
2863 1156 3214 1221 facientem.
3247 1157 3416 1220 Unde
3440 1161 3584 1222 etad
3606 1163 3684 1224 di·

2153 1263 2358 1308 versos
2387 1246 2544 1311 fines
2571 1250 2948 1326 referuntur,
2997 1251 3250 1329 scilicet,
3277 1253 3354 1314 ad
3385 1254 3684 1318 utilitatem

2149 1343 2440 1419 aliorum,
2471 1345 2571 1407 vel
2611 1347 2928 1427 propriam
2972 1346 3239 1410 salutem
3265 1370 3284 1423 ;
3314 1353 3374 1409 et
3416 1350 3480 1410 in
3508 1349 3686 1412 diver-

2151 1435 2233 1496 sis
2285 1438 2560 1500 materiis
2615 1446 2972 1516 versantur,
3023 1459 3171 1502 nam
3223 1439 3370 1502 fides
3416 1443 3685 1505 catholica

2153 1536 2431 1592 versatur
2472 1531 2632 1594 circa
2673 1532 2884 1594 omnia
2927 1533 3242 1612 revelata3
3277 1533 3684 1598 miraculorum

2151 1641 2320 1700 vero,
2365 1625 2566 1687 solum
2617 1629 2782 1689 circa
2825 1645 2901 1690 ea
2945 1645 3084 1709 quae
3129 1647 3168 1691 a
3212 1629 3337 1691 Deo
3391 1647 3686 1710 possumus

2151 1719 2452 1782 obtinere.

2230 1815 2292 1876 Ξ.
2325 1811 2605 1878 Secunda
2633 1816 2853 1895 opinio,
2879 1819 3022 1882 vera'
3054 1821 3110 1881 et
3131 1817 3485 1896 affirmans.
3511 1816 3686 1882 -Se-

2149 1906 2354 1968 cunda
2368 1909 2674 1970 sententia
2705 1911 2882 1990 ponit
2897 1909 3087 1973 fidem
3116 1911 3548 1973 miraculorum
3574 1929 3685 1974 esse

2150 2002 2432 2064 eamdem
2458 2019 2600 2064 cum
2619 2001 2740 2065 fide
2767 2003 3106 2082 catholica3
3134 2005 3444 2085 colligitur
3461 2023 3534 2066 ex
3560 2005 3684 2067 divo

2148 2095 2387 2156 Thoma
2406 2095 2674 2158 secunda
2696 2097 3000 2175 secundae,
3032 2099 3368 2179 quaestione
3392 2099 3526 2174 178,
3559 2099 3688 2160 arti·

2150 2190 2287 2252 culo
2315 2191 2537 2270 primo,
2567 2191 2645 2252 ad
2675 2193 2966 2272 quintum
2981 2215 2998 2269 ς
3030 2192 3180 2256 dicit
3206 2193 3378 2256 enim
3407 2195 3686 2274 operatio-

2148 2301 2294 2345 nem
2324 2283 2768 2348 miraculorum
2805 2287 2999 2347 tribui
3045 2285 3216 2364 fidei,
3261 2287 3408 2368 quia
3439 2287 3687 2364 procedit

2148 2395 2224 2439 ex
2273 2377 2384 2439 Dei
2429 2379 2900 2458 omnipotentia,
2959 2379 3027 2441 in
3082 2399 3208 2460 qua
3261 2379 3411 2442 fides
3463 2381 3682 2442 nititur.

2149 2469 2316 2531 Idem
2354 2470 2542 2532 habet
2572 2471 2833 2533 articulo
2887 2473 3181 2548 secundo,
3227 2473 3306 2534 ad
3346 2473 3682 2534 secundum.

2145 2563 2343 2625 Tenet
2365 2565 2554 2625 etiam
2589 2565 2941 2644 Cajetanus,
2988 2565 3207 2628 Matth.
3254 2563 3489 2627 decimo
3523 2567 3687 2645 septi-

2146 2675 2272 2734 m0,
2303 2657 2474 2734 Soto,
2503 2659 2544 2719 2
2572 2657 2650 2718 de
2675 2659 2892 2720 Natur.
2926 2667 2988 2720 et
3015 2659 3215 2736 Grat.,
3265 2677 3398 2739 cap.
3427 2657 3484 2720 6.
3517 2657 3586 2719 Et
3607 2665 3685 2719 cst

2143 2757 2357 2831 aperta
2383 2752 2689 2818 sententia
2717 2753 2788 2813 D.
2821 2753 3138 2833 Cypriani,
3183 2752 3298 2814 lib.
3345 2755 3382 2815 3
3432 2752 3508 2813 ad
3551 2753 3684 2826 Qui-

2143 2849 2294 2921 rin.,
2328 2864 2460 2924 cap.
2516 2849 2617 2922 49,
2658 2853 2720 2908 et
2767 2847 2947 2909 valde
2993 2847 3272 2908 indicant
3327 2847 3683 2923 Ambrosius,

2142 2938 2249 2999 lib.
2286 2940 2326 3002 8
2373 2941 2438 3000 in
2481 2939 2626 3000 Luc.
2661 2940 2740 3001 ad
2773 2940 2928 3001 illud
2960 2957 2978 3001 ε
3008 2939 3262 3020 Adauye
3297 2939 3461 3002 nobis
3502 2939 3683 3017 fidem,

2143 3038 2205 3094 et
2248 3031 2518 3093 Hilarius
2551 3033 2617 3093 in
2646 3033 2889 3109 Matth.,
2924 3051 3160 3096 canone
3193 3035 3293 3095 17.

2223 3128 2282 3189 3.
2313 3125 2676 3190 Notationes
2709 3129 2842 3191 ἅπα-
2857 3145 2970 3209 pro
2991 3145 3063 3190 ea
3087 3125 3466 3208 expedienda.
3485 3159 3561 3173 -
3582 3123 3686 3186 Ad·

2139 3219 2506 3282 verteudum
2541 3219 2742 3299 primo
2771 3225 2862 3280 est
2901 3237 2976 3280 ex
3028 3221 3097 3281 D.
3145 3219 3407 3292 Thoma‚
3439 3219 3685 3280 secunda

2139 3314 2464 3390 secundm,
2503 3321 2717 3394 quaest.
2760 3316 2900 3390 168,
2944 3314 3204 3376 articulo
3240 3315 3438 3394 primo
3463 3359 3482 3391 ‚
3531 3329 3686 3393 posse

2141 3426 2254 3469 nos
2279 3406 2473 3488 loqui,
2506 3414 2615 3468 aut
2645 3407 2722 3469 de
2746 3408 2852 3469 illo
2881 3409 2989 3487 qui
3018 3413 3376 3488 patraturus
3405 3413 3494 3468 est
3520 3407 3686 3468 mira·

2142 3500 2374 3575 culum,
2398 3500 2497 3561 vel
2516 3500 2592 3562 de
2613 3500 2718 3561 1110
2737 3502 2804 3562 111
2830 3519 2955 3581 quo
2974 3508 3065 3562 cst
3089 3498 3460 3561 miraculum
3481 3499 3689 3561 facien·

2141 3594 2315 3654 dum.
2333 3595 2400 3655 ln
2417 3599 2678 3674 utroque
2697 3596 2866 3654 enim
2883 3594 3222 3674 requiritur
3243 3593 3400 3654 fides
3413 3605 3688 3672 tauquam

2139 3685 2514 3750 couveniens
2537 3687 2855 3768 dispositio
2897 3689 2972 3750 ad
3011 3685 3400 3760 faciendum,
3433 3686 3529 3747 vel
3551 3687 3684 3746 reci-

2138 3780 2436 3864 piendum
2483 3779 2855 3843 heneficium
2903 3781 3273 3842 miraculose
3321 3779 3587 3853 factum,
3627 3783 3690 3838 ut

2140 3874 2388 3954 quando
2425 3891 2618 3936 caecus
2666 3877 2886 3955 recipit
2931 3875 3136 3936 visum
3185 3873 3547 3935 miraculose
3579 3872 3689 3932 fac·

2142 3974 2298 4029 tum.
2335 3969 2410 4029 Et
2439 3968 2514 4029 de
2551 3975 2815 4048 utroque
2852 3968 3204 4030 dicendum.
3254 3967 3559 4041 Secund0‚
3593 3963 3690 4025 ad-

2139 4062 2533 4136 vertendum,
2569 4061 2693 4122 tria
2735 4079 2906 4141 posse
2951 4060 3332 4124 considerari
3379 4060 3446 4121 in
3487 4077 3556 4119 00
3591 4055 3687 4136 qui

2140 4155 2413 4216 facturus
2442 4161 2535 4216 est
2563 4155 2883 4216 miracula.
2917 4155 3192 4217 Primum
3240 4159 3336 4216 est
3378 4152 3688 4215 credulitas

2137 4249 2215 4310 de
2265 4249 2714 4329 omnipotentia
2763 4249 2896 4326 Dei,
2943 4255 3004 4310 et
3047 4249 3308 4310 veritate
3352 4245 3687 4329 promissio·

2140 4359 2289 4404 num
2310 4343 2464 4422 ejuS.
2495 4339 2849 4404 Secundum
2881 4349 2971 4404 est
2998 4342 3282 4422 quaedam
3313 4340 3484 4422 quasi
3505 4337 3688 4418 appli-

2137 4436 2296 4495 catio
2317 4436 2505 4516 hujus
2537 4435 2900 4496 universalis
2928 4436 3073 4497 fidei
3107 4437 3185 4496 ad
3217 4435 3337 4496 11οο
3369 4434 3596 4495 factum
3625 4431 3686 4490 iu

2134 4528 2513 4609 particulari,
2545 4531 2632 4592 ita
2661 4537 2730 4590 ut
2759 4530 2980 4611 aliquis
2998 4529 3235 4610 judicet
3261 4535 3451 4606 cert0,
3477 4533 3685 4589 01010-

2134 4623 2239 4682 dat
2280 4641 2342 4683 se
2370 4623 2680 4684 facturum
2709 4626 2826 4686 hoc
2852 4623 3246 4697 miraculum,
3279 4622 3381 4683 vel
3415 4621 3684 4682 obtentu-

2130 4733 2273 4776 rum
2291 4715 2409 4777 hoc
2427 4715 2794 4778 beneficium
2828 4716 3266 4777 miraculosum
3297 4733 3334 4776 a
3359 4716 3482 4776 Deo
3509 4712 3608 4772 hic
3631 4715 3686 4771 et

2132 4827 2318 4870 nunc.
2360 4811 2636 4871 Tertium
2669 4816 2758 4872 est
2785 4809 3018 4871 fiducia
3069 4808 3352 4889 quaedam
3381 4825 3518 4887 quae
3553 4804 3688 4866 inde

2133 4902 2389 4965 resultat
2425 4905 2490 4965 in
2517 4907 2922 4967 voluntatem.

2220 4999 2274 5060 4.
2309 4997 2572 5062 Dubium
2601 5001 2899 5081 primum,
2929 5002 2985 5072 et,
3024 4997 3170 5080 quid
3197 4997 3264 5059 in
3297 5014 3359 5060 eo
3403 4997 3552 5060 certi
3585 4994 3686 5054 Ιια-

2136 5091 2364 5154 beatiam.
2393 5125 2473 5138 —
2505 5092 2654 5153 Duae
2705 5093 2899 5172 igitur
2945 5091 3311 5172 quaestiones
3358 5089 3461 5150 hic
3506 5084 3689 5167 expli-

2134 5185 2345 5245 candoe
2375 5192 2540 5246 sunt.
2588 5185 2816 5263 Prima,
2857 5206 2941 5248 an
2987 5191 3051 5248 et
3089 5185 3400 5267 quomodo
3442 5181 3548 5244 illa
3579 5179 3687 5239 tria

2133 5277 2528 5357 requirantur
2567 5279 2633 5339 in
2668 5298 2851 5359 opere
2901 5277 3294 5356 miraculoso.
3335 5277 3412 5337 Et
3441 5273 3684 5355 quidem

2133 5371 2544 5432 certissimum
2573 5378 2665 5434 est
2693 5375 2967 5454 primum
3003 5389 3220 5435 eorum
3251 5389 3382 5433 esse
3413 5385 3682 5431 necessa-

2133 5464 2298 5527 rium
2329 5463 2586 5527 omnino
2614 5467 2682 5528 in
2710 5485 2895 5548 opere
2927 5466 3312 5542 miraculoso,
3347 5463 3495 5544 quia
3535 5457 3679 5523 inud

2133 5563 2227 5621 est
2252 5557 2734 5623 fundamentum
2775 5560 3058 5623 omnium
3094 5565 3485 5623 caeterorum.
3518 5553 3684 5619 Unde
