3900 6217
441 314 559 376 778

441 423 520 471 ³8.
557 419 802 474 Ecclesiae
829 423 1061 487 potestas
1084 421 1150 474 ad
1181 421 1483 488 puniendos
1506 422 1804 486 ltaeretiem,
1841 425 2001 478 etiam

505 497 678 563 poenis
707 498 1109 563 temporalibuS,
1127 499 1249 552 vide
1272 514 1418 551 roextt
1448 515 1819 553 affine-rtcoauu.

1017 628 1413 668 tcctssstssrtcus
1420 651 1432 665 .

442 729 488 778 1.
527 727 874 781 Ecclesiastici
905 727 971 780 ad
1006 741 1166 794 quam
1197 728 1318 781 fidei
1353 729 1594 782 notitiam
1635 733 1916 782 teneantur
1937 741 2000 781 ex

506 814 786 870 praecepto,
814 810 964 857 tract.
989 810 1034 867 1,
1069 805 1208 872 disp.
1243 809 1318 866 ts,
1342 811 1470 859 sect.
1501 811 1546 860 ⁴.
1584 818 1732 857 num.
1763 809 1810 856 5.

511 879 632 933 Haec
669 881 922 950 obligatio
950 893 1018 934 an
1047 880 1190 933 sitin
1225 881 1476 934 omnibus
1503 880 1739 946 aequalis,
1783 893 1910 932 num
1970 884 2001 929 6

503 961 554 1006 et
589 960 635 1006 7.

441 1035 490 1080 2.
527 1032 876 1086 Ecclesiastici
903 1033 1176 1098 quomodo
1196 1033 1266 1085 ad
1285 1033 1678 1100 eleemosynam
1696 1039 1999 1096 teneantur,

503 1113 651 1161 tract.
685 1115 731 1170 3,
758 1109 897 1175 disp.
925 1115 972 1168 7,
1003 1117 1130 1162 sect.
1154 1113 1369 1168 timum.
1395 1115 1440 1161 8.

441 1188 488 1236 8.
526 1184 894 1245 Ecclesiastici,
917 1192 1007 1238 aut
1039 1197 1223 1237 eorum
1247 1185 1408 1246 bona,
1434 1186 1518 1238 vel
1539 1186 1698 1238 etiam
1723 1187 2002 1240 ecclesias-

505 1263 604 1312 tica
641 1260 776 1322 loca,
803 1275 962 1326 quam
1009 1261 1242 1314 babeant
1281 1263 1336 1312 in
1387 1262 1526 1316 bello
1573 1262 1961 1317 immunitatem
1985 1305 1997 1327 ,

505 1341 652 1388 tract.
677 1342 724 1392 3.
750 1337 886 1402 disp.
911 1342 988 1399 19,
1006 1343 1136 1390 sect.
1167 1343 1217 1397 7,
1253 1351 1399 1390 num.
1425 1342 1502 1390 1⁴.

441 1417 486 1464 ⁴.
519 1414 868 1467 Ecclesiastici
890 1428 957 1466 an
983 1415 1414 1480 possintbellare,
1438 1415 1558 1468 vide
1569 1431 1777 1476 nauum,
1799 1429 1898 1468 an.
1917 1422 1996 1470 12.

439 1492 487 1540 s.
523 1490 916 1544 Ecclesiasticus
943 1491 1010 1542 ad
1053 1490 1369 1544 beneficium
1403 1499 1681 1558 promotus
1721 1506 1880 1558 quam
1913 1494 2001 1546 in-

503 1573 680 1616 currat
700 1579 914 1630 poenam
941 1567 1061 1620 lidei
1083 1567 1465 1633 professionem
1490 1569 1759 1631 omittens,
1781 1575 1929 1622 tract.
1949 1574 1997 1627 1.

503 1640 641 1708 disp.
669 1647 746 1702 1⁴,
770 1650 899 1697 sect.
926 1649 974 1706 7,
999 1657 1146 1698 num.
1175 1649 1222 1697 2.

1129 1779 1310 1816 tutuo.

441 1875 486 1925 1.
522 1871 694 1925 Editio
723 1873 942 1940 Vulgata
973 1872 1302 1926 infallibilem
1347 1874 1510 1926 babet
1556 1874 1999 1936 auctoritatatem,

501 1957 555 2000 ut
578 1948 644 2000 sit
667 1948 849 2014 regula
871 1949 1012 2008 tidei,
1033 1955 1182 2002 tract.
1203 1953 1248 2010 1,
1271 1949 1408 2015 disp.
1433 1955 1480 2011 5,
1507 1957 1634 2002 sect.
1669 1955 1719 2012 2,
1742 1961 1890 2002 num.
1919 1955 2000 2001 1ο.

501 2023 630 2076 Vide
660 2038 940 2076 scale-rou.

1057 2102 1390 2141 auaauosmA.

441 2178 486 2227 1.
525 2174 876 2239 Eleemosyua
903 2174 1032 2239 quid
1064 2177 1150 2234 sit.
1193 2183 1245 2229 et
1287 2175 1414 2241 quid
1443 2175 1723 2240 significet,
1767 2180 1914 2228 tract.
1951 2179 1999 2236 3,

501 2250 639 2314 disp.
665 2255 711 2312 7,
739 2251 789 2301 in
819 2250 1093 2303 l‘raeludiO.

440 2331 488 2378 2.
525 2327 886 2392 Eleemosynae
907 2329 1036 2380 dare
1063 2335 1306 2380 tenemur
1325 2340 1386 2379 ex
1409 2334 1671 2392 praecepto
1699 2331 1810 2379 tum
1839 2333 1997 2379 natu·

504 2402 619 2462 rali,
655 2409 766 2454 tum
806 2402 992 2456 divino
1034 2401 1305 2468 obligante
1355 2402 1456 2454 sub
1501 2401 1742 2464 mortali,
1786 2407 1916 2453 sect.
1949 2405 1996 2461 1,

503 2491 649 2529 num.
673 2483 720 2529 1.
1964 2503 1969 2514 ·

441 2559 487 2605 9.
525 2553 699 2606 Solam
731 2553 1128 2620 eleemosynam
1169 2554 1238 2606 ad
1267 2553 1492 2608 salutem
1534 2551 1732 2618 requiri
1766 2557 1818 2605 et
1845 2551 1997 2604 susil-

501 2643 639 2692 cere,
675 2630 1040 2683 ttaereticorum
1065 2644 1236 2690 error,
1265 2644 1411 2682 num.
1445 2633 1492 2679 3.

441 2710 485 2757 ⁴.
527 2706 886 2772 Eleemosynae
921 2714 1242 2772 praeceptum
1272 2706 1472 2772 obligat
1495 2705 1611 2758 solo
1638 2711 1876 2770 tempore
1899 2717 1994 2756 ne-

501 2781 760 2833 cessitatis
791 2782 1032 2847 proximi,
1068 2795 1214 2834 num.
1244 2788 1291 2834 ⁴.

439 2861 486 2908 5.
525 2857 886 2922 Eleemosynae
911 2858 1136 2910 omissio
1165 2871 1260 2911 cur
1282 2859 1456 2924 potius
1479 2863 1744 2922 praecepto
1783 2857 1998 2909 miseri·

500 2932 713 2994 cordiae,
745 2947 903 2998 quam
925 2933 1198 2986 charitatis
1219 2933 1545 2994 adversetur,
1575 2933 1702 2984 ibid.

438 3011 486 3059 6.
525 3007 876 3074 Eleemosyna
901 3017 1222 3074 praeceptum
1239 3010 1537 3062 extenditur
1551 3009 1620 3061 ad
1641 3021 1857 3062 omnem
1879 3021 2000 3075 pro-

499 3085 716 3140 ximum.
759 3085 916 3136 etiam
947 3084 1178 3136 alienum
1209 3092 1262 3137 et
1295 3090 1648 3150 peccatorem,
1671 3098 1818 3136 num.
1857 3091 1901 3137 5.

439 3165 485 3212 7.
523 3159 634 3212 Non
659 3165 906 3212 tenentur
919 3172 1160 3225 personae
1185 3161 1402 3225 privatae
1424 3157 1664 3226 quaerere
1696 3161 1889 3226 quibus
1919 3161 2001 3213 t'a·

502 3237 642 3288 ciant
671 3236 1056 3301 eleemosynas,
1095 3236 1189 3289 sed
1234 3237 1407 3288 solum
1438 3237 1751 3290 occasiones
1786 3249 1999 3290 succur-

504 3311 654 3364 rendi
679 3324 788 3364 non
822 3311 1206 3378 subterfugere,
1240 3326 1388 3365 num.
1417 3318 1466 3363 6.

440 3395 487 3442 8.
525 3389 602 3440 Ad
632 3389 1028 3456 eleemosynam
1061 3402 1182 3456 quae
1217 3390 1548 3443 necessitatis
1576 3389 1836 3444 certitudo
1868 3390 2002 3444 obli-

500 3472 605 3530 get,
625 3477 772 3518 num.
806 3469 854 3514 7.

503 3545 582 3592 An
604 3548 882 3594 teneamur
904 3553 1216 3594 succurrere
1243 3542 1400 3594 etiam
1427 3540 1740 3595 voluntariae
1782 3542 1999 3595 alterius

505 3616 825 3684 indigenti-ce,
853 3619 982 3670 ibid.

439 3697 487 3746 9.
524 3692 601 3743 Ad
626 3694 1018 3759 eleemosynam
1043 3694 1265 3746 omnino
1294 3699 1539 3746 tenemur
1559 3693 1612 3745 in
1639 3694 1786 3746 omni
1811 3697 1856 3746 et
1883 3694 2001 3747 sola

502 3777 736 3822 extrema
764 3770 985 3834 proximi
1017 3770 1348 3828 necessitate,
1381 3769 1532 3830 ibid.,
1560 3783 1706 3822 num.
1729 3775 1777 3821 8.

440 3849 520 3896 10.
556 3843 906 3909 Eleemosyna
934 3844 1135 3912 obligat
1176 3843 1336 3896 etiarn
1380 3857 1838 3911 unumquemque,
1871 3858 2001 3914 erga

503 3933 580 3982 sc,
609 3935 757 3972 num.
793 3925 842 3972 9.

443 4000 524 4047 11.
561 3995 636 4046 Ad
654 3999 1025 4062 eleemosynas
1062 3995 1105 4046 si
1131 3995 1360 4060 cuipiam
1394 3995 1630 4061 pecuniae
1657 3996 2001 4049 committan-

503 4079 606 4132 tur,
635 4078 806 4138 potest
826 4084 890 4124 ex
915 4071 1026 4124 iltis
1047 4083 1159 4123 suae
1181 4070 1342 4124 etiam
1365 4071 1662 4124 necessitati
1694 4073 1997 4136 subvenire,

505 4146 631 4200 ibid.

503 4224 638 4286 Quid
683 4224 728 4276 si
761 4225 1065 4289 imponatur
1094 4225 1146 4277 in
1179 4223 1540 4287 consessione,
1585 4230 1642 4277 ut
1689 4225 1814 4290 quis
1853 4226 1998 4278 elee-

506 4311 794 4366 mosynam
817 4306 1015 4366 eroget,
1047 4299 1168 4354 eod.
1205 4313 1354 4352 num.
1379 4305 1427 4350 9.

443 4379 522 4426 12.
561 4376 911 4442 Eleennosyna
939 4375 1182 4428 iacienda
1211 4381 1286 4426 est
1315 4387 1377 4426 ex
1401 4375 1559 4428 bonis
1581 4378 1839 4440 propri-is.
1864 4388 2005 4440 quo-

507 4465 624 4503 rum
660 4452 782 4516 quis
808 4459 889 4503 cst
926 4450 1198 4513 dominus,
1230 4451 1313 4502 vel
1346 4449 1622 4503 absolutus
1659 4451 2005 4504 administra-

507 4534 607 4589 tor,
643 4527 759 4579 ead.
784 4527 924 4591 disp.
952 4531 998 4589 7,
1029 4531 1159 4579 sect.
1191 4530 1240 4588 2,
1269 4539 1415 4578 num.
1453 4533 1532 4589 1⁰,

445 4608 522 4655 13.
565 4603 969 4668 Eleemosynam
993 4615 1114 4668 quae
1136 4613 1380 4668 personas
1407 4602 1578 4656 facere
1599 4603 1826 4670 possint,
1850 4601 2000 4665 ibid..

510 4693 656 4732 num.
682 4683 728 4740 2,

507 4754 638 4817 Quid
664 4755 730 4807 de
754 4753 943 4814 servis,
969 4752 1096 4805 ibid.

445 4835 527 4882 1⁴.
563 4830 694 4890 Quid
716 4830 782 4882 dc
804 4829 1086 4893 religiosis,
1107 4842 1170 4881 ac
1195 4828 1573 4891 filiist'amiliaS,
1602 4843 1746 4883 num.
1777 4834 1805 4881 8
1829 4836 1882 4882 et
1902 4833 1948 4880 ⁴.

509 4907 640 4967 Quid
669 4905 736 4957 de
775 4917 954 4966 uxore,
984 4917 1131 4956 num.
1165 4909 1211 4957 5.

448 4986 525 5033 15.
563 4981 912 5046 Eleemosyna
942 4994 1004 5033 ex
1037 4981 1195 5034 bonis
1228 4981 1407 5034 illicite
1435 4980 1726 5046 acquisitis,
1758 4989 1809 5033 et
1829 4981 2006 5033 obno-

509 5057 608 5109 xiis
634 5056 968 5120 restitutioni,
983 5069 1048 5108 an
1081 5059 1359 5122 etquando
1377 5058 1487 5109 lieri
1512 5057 1696 5122 possit,
1718 5070 1750 5108 a
1779 5062 1926 5108 nuni.
1955 5062 2002 5108 6.

446 5133 620 5184 16.1n
653 5140 888 5185 extrema
928 5135 1148 5197 proximi
1191 5133 1527 5195 necessitate,
1571 5132 1693 5184 licet
1720 5132 2007 5184 subvenire

509 5221 572 5260 ex
590 5208 747 5261 bonis
769 5207 977 5263 alienis.
1001 5208 1162 5259 etiam
1187 5221 1252 5260 ea
1286 5207 1529 5270 furando,
1561 5208 1606 5259 si
1651 5220 1756 5306 non
1805 5219 2009 5273 suppe-

512 5283 1860 5348 tantpropria,num.‘1.-

512 5363 590 5410 An
615 5365 896 5411 teneantur
918 5366 1102 5424 postea
1131 5359 1425 5420 restituere,
1457 5359 1501 5410 si
1541 5358 1725 5424 possit
1749 5357 1880 5410 ibid.

451 5437 530 5485 17.
569 5435 918 5500 eleemosyna
945 5433 1082 5486 sacta
1103 5447 1166 5485 ex
1195 5433 1352 5486 bonis
1395 5431 1714 5487 restitutioni
1745 5423 2006 5496 obnoxiis,

515 5522 582 5573 an
619 5509 783 5575 possit
811 5510 1045 5574 retineri,
1069 5522 1218 5562 num.
1255 5514 1284 5560 9
1313 5515 1366 5562 et
1399 5514 1477 5564 to,

1816 323 2007 377 INDEX
2040 325 2266 380 Rsntstt.

2089 433 2167 478 18.
2205 428 2606 493 Eleemosynam
2644 426 2821 478 nullus
2850 429 3059 480 tenetur
3086 426 3258 479 facere
3274 438 3337 479 cx
3351 424 3515 480 bonis
3542 425 3661 478 sibi

2150 505 2483 564 necessariis,
2513 504 2719 556 caeteris
2750 503 2985 568 paribus,
3011 516 3158 554 num.
3187 507 3263 554 11.

2084 587 2163 634 19.
2199 583 2546 648 Eleemosyna
2567 581 2761 646 quibus
2789 581 2857 632 sit
2884 580 3143 636 iacienda.
3168 593 3316 632 num.
3354 585 3432 632 12.

2082 663 2159 710 2⁰.
2198 658 2277 710 Ad
2310 657 2611 710 faciendam
2644 658 3039 724 eleemosynam
3072 669 3134 708 ex
3162 657 3321 709 bonis
3358 655 3659 722 superfluis

2143 743 2391 787 tenentur
2413 733 2603 789 divites
2632 740 2897 802 praecepto
2928 731 3324 794 misericordiae,
3348 733 3467 784 ead.
3505 733 3651 797 disp.

2143 819 2189 864 7.
2215 820 2344 865 sect.
2374 818 2421 874 8,
2454 827 2603 866 num.
2637 816 2683 863 ⁴.

2143 889 2307 954 quue
2339 889 2442 941 sub
2466 887 2674 942 mortali
2696 899 2805 940 non
2826 886 3003 939 solum
3026 885 3079 936 in
3096 891 3351 945 extrema,
3370 881 3645 936 sedetiam

2144 963 2196 1015 in
2222 965 2366 1028 gravi
2389 965 2704 1017 necessitate
2734 961 2979 1028 proximi,
3009 975 3156 1013 num.
3182 967 3210 1012 5
3231 965 3287 1013 et
3310 966 3361 1013 6.

2082 1043 2157 1092 21.
2198 1039 2407 1093 liabens
2441 1039 2753 1105 simpliciter
2778 1038 3109 1104 superfluum
3132 1041 3343 1088 tenetur
3372 1035 3477 1088 sub
3498 1049 3651 1087 mor-

2145 1119 2231 1171 tali
2258 1118 2428 1170 lacere
2444 1116 2687 1170 absolute
2710 1116 3128 1180 eleemosynam,
3142 1114 3303 1165 etiam
3326 1113 3383 1164 in
3404 1125 3653 1166 commu·

2144 1195 2303 1247 nibus
2328 1192 2755 1253 necessitatibus,
2776 1189 2928 1252 ibid.,
2964 1202 3113 1241 num.
3140 1193 3192 1240 7.

2142 1273 2247 1324 Nec
2274 1271 2598 1324 contrarium
2628 1275 2710 1320 est
2730 1265 3021 1319 admodum
3048 1277 3295 1318 securum
3320 1270 3413 1317 aut
3440 1263 3651 1331 proba-

2142 1349 2265 1410 bile,
2294 1361 2439 1400 num.
2476 1353 2526 1398 9.

2142 1425 2391 1487 Quaenam
2438 1426 2691 1475 censeant
2714 1433 2760 1471 er
2810 1417 3083 1483 superflua
3106 1458 3117 1478 ,
3144 1423 3318 1471 stante
3350 1417 3503 1484 gravi
3558 1422 3655 1468 aut

2142 1499 2412 1555 communi
2439 1499 2663 1551 aliorum
2707 1495 3041 1554 necessitate,
3067 1493 3196 1545 ibid.

2080 1583 2160 1629 22.
2197 1577 2407 1629 Habens
2428 1573 2740 1640 simpliciter
2763 1571 3049 1637 superflua,
3082 1581 3203 1622 cum
3240 1567 3527 1634 proposito
3566 1567 3655 1618 fa-

2145 1651 2319 1706 ciendi
2343 1651 2759 1716 eleemosynam,
2790 1645 3037 1712 quamvis
3066 1658 3128 1698 ea
3162 1646 3305 1710 sae'pe
3332 1645 3567 1704 omittat,
3597 1647 3655 1694 et

2148 1726 2407 1783 nonnulla
2426 1726 2583 1778 etiam
2617 1725 2667 1776 in
2692 1735 2858 1774 vanos
2888 1734 3019 1787 usus
3041 1721 3317 1786 expendat,
3333 1731 3445 1771 non
3464 1725 3655 1784 peceat

2146 1803 2469 1863 mortaliter,
2512 1800 2613 1852 nisi
2656 1810 2843 1866 gravas
2885 1796 3228 1849 necessitates
3260 1795 3651 1860 praetermittat,

2148 1881 2255 1932 ibid
2285 1920 2298 1939 ,
2330 1892 2478 1930 num.
2508 1882 2587 1928 1ο.

2084 1963 2164 2009 23.
2198 1957 2431 2010 Tenetur
2455 1952 2677 2020 quilibet
2696 1951 2763 2002 ad
2780 1950 3193 2014 eleemosynam.
3218 1960 3281 1999 ex
3300 1945 3459 1999 bonis
3484 1947 3653 1998 etiam

2150 2029 2466 2085 necessariis
2509 2028 2576 2081 ad
2625 2034 2837 2084 statum.
2872 2025 2923 2076 in
2954 2025 3101 2091 gravi
3148 2024 3467 2076 necessitate
3515 2021 3653 2075 boni

2144 2107 2466 2165 communiS,
2502 2104 2618 2156 ead.
2652 2103 2789 2168 disp.
2822 2107 2868 2160 7,
2898 2107 3024 2153 sect.
3070 2105 3115 2157 ⁴,
3142 2113 3297 2152 num.
3330 2103 3378 2150 2.

2146 2186 2274 2236 ltem
2299 2183 2351 2234 in
2378 2181 2689 2234 necessitate
2723 2185 2955 2229 extrema
2990 2176 3229 2242 proximi,
3263 2189 3409 2227 num.
3437 2179 3466 2226 8
3490 2179 3545 2226 et
3574 2179 3624 2226 ⁴.

2143 2259 2276 2322 Quid
2296 2259 2341 2310 si
2374 2265 2605 2310 extrema
2630 2253 2917 2306 necessitas
2950 2253 3019 2304 sit
3041 2252 3357 2308 voluntaria,
3397 2249 3528 2302 ibid.

2081 2341 2161 2388 2⁴.
2198 2335 2327 2386 ltem
2374 2339 2581 2385 tenetur
2616 2331 2671 2381 in
2716 2329 3033 2381 necessitate
3080 2340 3186 2379 non
3236 2333 3489 2387 extrema,
3548 2323 3649 2378 sed

2142 2411 2477 2482 gravissima,
2512 2408 2556 2460 si
2601 2407 2803 2472 absque
2832 2417 3028 2470 magno
3059 2404 3402 2456 incommodo
3448 2410 3647 2470 potest,

2146 2503 2295 2540 num.
2331 2493 2377 2539 5.

2140 2564 2275 2626 Quid
2300 2564 2351 2615 in
2380 2563 2483 2615 hoc
2510 2560 2705 2612 sentiat
2732 2561 2787 2611 t).
2821 2557 3076 2618 Thomas,
3102 2569 3247 2608 num.
3280 2559 3327 2605 6.

2077 2645 2157 2693 25.
2190 2637 2511 2704 Simpliciter
2528 2647 2765 2687 asserere
2785 2633 3143 2697 eleemosynae
3162 2637 3482 2697 praeceptum
3499 2645 3647 2682 nun-

2142 2729 2300 2782 quam
2350 2713 2587 2779 obligare
2632 2710 2699 2762 ad
2740 2709 3074 2770 donandum,
3116 2721 3291 2772 neque
3336 2707 3485 2772 pium
3537 2713 3641 2766 est,

2142 2805 2315 2856 neque
2334 2789 2563 2856 practice
2586 2785 2879 2851 probabile,
2910 2783 3025 2836 ead.
3054 2783 3191 2848 disp.
3220 2787 3266 2842 7,
3286 2789 3413 2834 sect.
3440 2789 3487 2842 5,
3512 2787 3633 2832 ιι.2.

2076 2874 2156 2921 26.
2195 2869 2249 2919 Εἰ
2274 2867 2363 2932 qui
2388 2873 2589 2917 tantum
2614 2861 2907 2914 secundum
2942 2859 3072 2926 quid
3110 2859 3331 2924 indiget,
3356 2859 3487 2909 satis
3510 2857 3646 2908 snb-

2140 2945 2369 3004 venitur,
2414 2941 2727 2998 mutuando,
2780 2938 2863 2990 vel
2900 2935 3293 2990 commodando
3338 2935 3647 3000 eleemosy-

2143 3033 2287 3078 nam,
2314 3018 2579 3072 autetiam
2602 3013 2903 3073 vendendo,
2932 3010 3085 3070 ibid..
3119 3025 3266 3062 num.
3300 3015 3348 3062 3.

2082 3102 2159 3150 37.
2198 3096 2395 3148 Sufficit
2410 3092 2770 3152 commodare,
2794 3089 3010 3155 quando
3031 3087 3346 3140 subvenitur
3366 3099 3465 3154 per
3484 3099 3647 3138 usum

2144 3173 2219 3225 rei
2242 3186 2361 3238 quae
2386 3185 2481 3224 usu
2505 3183 2612 3222 non
2644 3165 2995 3224 consumitur,
3022 3177 3148 3214 num
3196 3166 3240 3214 ⁴.

2081 3253 2161 3300 28.
2191 3251 2245 3300 lu
2271 3257 2502 3300 extrema
2522 3244 2851 3300 necessitate.
2875 3253 2972 3306 per
2988 3251 3073 3290 res
3102 3239 3219 3303 ipso
3236 3251 3334 3290 usu
3354 3249 3651 3300 consump—

2144 3325 2319 3377 tibiles
2345 3323 2457 3375 fieri
2475 3321 2631 3372 debet
2664 3333 2759 3384 per
2788 3317 3087 3369 absolutam
3120 3314 3487 3372 donationem,
3510 3327 3567 3364 n.
3598 3317 3645 3364 5.

2145 3400 2309 3464 ldque
2332 3411 2438 3450 non
2457 3396 2629 3450 solum
2660 3395 2703 3446 si
2738 3394 3080 3456 eleemosyna
3100 3389 3191 3441 flat
3214 3403 3275 3441 ex
3298 3387 3639 3453 simpliciter,

2142 3473 2443 3560 superfluis,
2469 3475 2565 3524 sed
2594 3471 2751 3524 etiam
2787 3483 2848 3522 ex
2877 3468 3013 3532 aliis,
3046 3480 3193 3519 num.
3217 3471 3265 3516 6.

2080 3557 2159 3605 27
2196 3550 2331 3614 Quid
2370 3550 2414 3601 si
2462 3548 2805 3612 eleemosyna
2850 3545 2938 3596 fiat
2980 3557 3043 3596 ex
3089 3541 3311 3596 omnino
3355 3539 3647 3606 superfluis

2143 3633 2191 3678 et
2218 3632 2363 3677 extra
2386 3635 2567 3676 casum
2594 3620 2943 3675 necessitatis.
2970 3631 3122 3670 num.
3151 3621 3178 3666 7
3205 3623 3257 3668 et
3277 3619 3325 3666 8.

2143 3699 2277 3763 Quid
2320 3700 2365 3751 si
2412 3711 2473 3751 ex
2503 3697 2819 3750 necessariis
2862 3695 3039 3760 aliquo
3074 3692 3233 3746 modo
3284 3689 3355 3742 ad
3400 3695 3600 3741 statum
3629 3728 3643 3749 ,

2147 3789 2294 3828 nunt.
2322 3779 2370 3826 9.

2082 3857 2162 3904 90.
2179 3851 2274 3914 Qui
2297 3848 2475 3904 omisit
2495 3849 2623 3901 dare
2644 3847 3039 3912 eleemosynam
3068 3843 3119 3896 in
3142 3841 3458 3895 necessitate
3479 3839 3645 3892 etiam

2144 3935 2393 3986 extrema,
2422 3937 2486 3977 ea
2508 3931 2771 3976 transacta
2794 3933 2900 3973 non
2928 3929 3137 3973 tenetur
3162 3917 3383 3970 reddere
3425 3916 3647 3981 quanti-

2144 4009 2304 4054 tatem
2340 4013 2501 4066 quam
2526 3999 2723 4055 omisit,
2746 3997 2863 4049 ead.
2889 3995 3027 4060 disp.
3052 4000 3100 4055 7,
3124 4001 3251 4046 sect.
3280 3999 3332 4054 6,
3354 4005 3502 4044 num.
3532 3995 3581 4043 1.

2145 4080 2258 4130 imo
2289 4089 2388 4128 nec
2416 4073 2870 4127 adrestituendum
2910 4071 3286 4123 detrimentum
3320 4066 3466 4133 quod
3510 4067 3649 4120 forte

2146 4153 2270 4205 inde
2290 4151 2631 4204 subsecutum
2655 4155 2737 4201 est
2762 4147 3035 4212 indigenti,
3064 4159 3212 4197 num.
3244 4149 3291 4194 2.

2144 4227 2276 4291 Quid
2307 4228 2374 4280 de
2401 4225 2761 4278 habitentibus
2784 4223 2925 4277 bona
2946 4221 3318 4281 ecclesiastica,
3346 4231 3475 4271 num
3532 4223 3582 4268 3.

2084 4307 2161 4355 31.
2199 4304 2559 4368 Eleemosynae
2593 4307 2913 4366 praeceptum
2945 4310 3053 4350 non
3105 4295 3281 4349 solum
3309 4295 3378 4348 ad
3420 4301 3641 4346 externa

2148 4380 2289 4434 bona
2336 4377 2622 4445 eroganda.
2659 4377 2754 4429 sed
2789 4375 2946 4428 etiam
2992 4375 3060 4425 ad
3098 4371 3337 4426 actiones
3375 4372 3645 4423 humanas

2150 4455 2531 4508 misericordiae
2552 4453 2767 4520 obligat,
2800 4463 2949 4502 num.
2978 4453 3026 4500 ⁴.

2696 4583 3031 4622 turutrssusm.

2086 4685 2133 4732 1.
2169 4677 2529 4746 Empltiteusis
2571 4690 2641 4730 an
2678 4677 2997 4730 confiscetur
3038 4671 3108 4728 ob
3151 4673 3354 4726 crimen
3390 4667 3649 4730 ᾔει-θεὴ,

2152 4763 2300 4809 tract.
2325 4761 2371 4818 1,
2396 4755 2532 4822 disp.
2560 4758 2642 4816 22,
2677 4761 2805 4807 sect.
2833 4760 2879 4815 ⁵,
2917 4764 3065 4804 num.
3098 4755 3177 4802 1t.

2727 4879 3007 4920 nrtscot’tJS.

2086 4983 2133 5031 1.
2171 4979 2558 5045 Episcoporum
2607 4976 2851 5029 omnium
2882 4973 3125 5028 collectio
3167 4973 3371 5036 absque
3422 4970 3645 5022 Summo

2112 5055 2117 5062 '
2152 5053 2422 5114 pontifice,
2463 5066 2533 5105 an
2570 5055 2741 5116 possit
2765 5052 2817 5102 in
2840 5050 2943 5103 tide
2964 5061 3162 5110 errare,
3184 5055 3338 5100 tract.
3364 5051 3412 5108 1,
3436 5045 3578 5111 disp.
3600 5051 3649 5109 3,

2152 5136 2279 5182 sect.
2311 5135 2361 5192 6,
2389 5143 2537 5181 num.
2575 5133 2653 5180 1⁰.

2090 5211 2139 5258 2.
2166 5207 2548 5271 Episcoporum
2600 5215 2727 5256 vera
2774 5202 3043 5255 successio
3092 5201 3230 5252 inter
3260 5195 3541 5250 haereticos
3584 5196 3651 5248 de

2156 5281 2293 5334 sacto
2314 5293 2423 5332 non
2448 5281 2620 5338 datur,
2644 5285 2795 5331 tract.
2827 5283 2875 5338 1,
2897 5277 3038 5341 disp.
3062 5281 3114 5338 9,
3143 5287 3291 5326 num.
3316 5277 3399 5324 1⁰.

2094 5365 2141 5410 3.
2179 5356 2425 5422 Episcopi
2448 5369 2557 5408 non
2580 5357 2651 5407 ita
2678 5367 2899 5420 prorsus
2923 5351 3217 5406 succedunt
3242 5349 3451 5402 coeteris
3478 5350 3651 5413 Apos-

2156 5433 2296 5494 tolis,
2346 5439 2404 5484 ut
2431 5433 2571 5498 Papa
2618 5433 2788 5494 Petro,
2830 5435 2982 5488 tract.
3018 5433 3063 5492 1,
3104 5427 3244 5495 disp.
3286 5429 3367 5488 1⁰,
3410 5429 3543 5477 sect.
3590 5427 3649 5485 1,

2158 5520 2307 5570 pum.
2342 5511 2387 5568 ⁴,
