3900 6217
669 418 843 472 suffr.
883 421 966 470 w.
1005 419 1088 470 AN
1121 419 1295 472 FmEs
1325 420 1656 474 EXPLICITA
1688 419 1947 473 SYMBOLI
1983 419 2377 482 REQUmATUR
2414 421 2475 474 m
2507 421 2667 474 LEGE
2700 421 2964 475 cunm.
3293 421 3413 480 875

240 536 458 580 numer.
499 519 599 595 22,
636 536 777 582 cum
809 516 1146 594 Paludano,
1174 519 1240 582 in
1267 523 1330 596 4,
1365 521 1634 583 distinct.
1677 523 1770 595 15,

239 612 394 674 artic.
425 611 482 686 5,
512 617 572 671 et
600 610 776 672 alias.
807 611 926 672 Sed
963 611 1040 672 de
1067 611 1186 673 hoe·-
1211 620 1440 693 puncto
1468 614 1653 675 latius
1683 613 1774 675 di-

240 723 356 766 cam
398 703 660 765 sectione
690 704 991 784 sequenti.
1026 706 1178 766 Vide
1215 703 1401 768 etiam
1442 726 1582 786 quse
1611 707 1773 766 dicta

238 805 364 860 sunt
389 804 536 858 tom.
573 799 613 859 2
641 794 718 860 de
745 794 974 878 Relig,
1008 797 1119 859 lib.
1147 801 1184 861 3
1213 799 1289 862 de
1317 800 1480 861 Orat.
1488 846 1510 877 ,
1538 819 1672 880 cap.
1705 801 1769 876 6,

239 912 267 953 a
293 909 453 952 num.
483 893 544 954 5.

306 987 388 1046 ¹3.
433 983 538 1046 Ad
557 985 829 1064 primum
859 989 1280 1064 arqumentum
1308 985 1374 1046 in
1402 1003 1567 1049 num.
1600 989 1660 1047 2.
1691 1021 1769 1032 -

235 1081 498 1156 Superest
535 1076 905 1156 respondere
947 1077 1022 1136 ad
1067 1085 1436 1156 argumenta
1482 1079 1546 1138 in
1591 1081 1768 1162 prin·

234 1171 372 1252 cipio
409 1169 627 1248 posita.
663 1169 936 1230 Primum
987 1167 1238 1230 illorum
1285 1171 1633 1250 postulabat
1687 1191 1770 1234 an

231 1265 328 1325 boc
354 1266 750 1342 praeceptum,
774 1262 938 1341 quod
967 1262 1396 1341 explicuimus,
1427 1264 1508 1324 sit
1535 1265 1610 1323 de
1626 1265 1767 1345 jure

230 1357 440 1428 dit-ino,
477 1354 580 1415 vel
626 1354 702 1415 de
734 1355 1176 1433 ecclesiasti003
1221 1357 1287 1418 in
1330 1376 1452 1436 quo
1499 1358 1769 1420 breviter

231 1448 540 1510 dicendum
578 1453 668 1508 cst
694 1446 808 1507 suh
837 1447 953 1508 hoc
977 1457 1280 1529 praecepto
1309 1451 1589 1532 quaedam
1623 1470 1768 1514 con-

227 1543 388 1606 tineri
417 1541 768 1610 necessaria
819 1543 1178 1604 necessitate
1217 1544 1431 1620 medii,
1465 1553 1532 1605 ut
1574 1547 1766 1606 Deum

234 1654 344 1698 esse
371 1641 926 1708 remuneratorem,
964 1642 1024 1696 et
1052 1639 1419 1718 mysterium
1443 1639 1766 1700 Trinitatis

226 1725 766 1804 etlncaruationis3
795 1727 1034 1808 reliqua
1081 1748 1230 1792 vero
1276 1748 1412 1810 quae
1463 1731 1760 1807 continet,

223 1821 394 1881 solum
462 1837 598 1880 esse
653 1827 981 1900 praecepta.
1044 1823 1253 1897 Quoad
1317 1823 1523 1902 priora
1569 1826 1766 1904 igitur

223 1917 577 1994 proeceptum
607 1912 726 1974 hoc
756 1921 848 1974 est
889 1915 1196 1992 divinum,
1230 1917 1376 1996 quia
1393 1915 1573 1979 ‘solus
1601 1920 1764 1980 Deus

223 2011 396 2086 potest
422 2001 689 2066 definire
718 2008 924 2070 media
967 2011 1314 2072 necessaria
1342 2010 1418 2071 ad
1459 2011 1760 2086 salutem3

222 2117 282 2160 eo
300 2103 494 2158 autem
534 2098 699 2180 ipso,
737 2101 902 2179 quod
938 2100 1049 2163 illa
1087 2101 1324 2178 definit,
1352 2103 1569 2164 eadem
1609 2122 1764 2183 prae-

225 2191 376 2270 cipit,
419 2192 573 2269 quia
603 2185 980 2274 praeceptum
1023 2193 1120 2256 vel
1167 2195 1513 2256 necessario
1553 2215 1764 2258 conse-

221 2283 404 2364 quitur
431 2301 510 2344 ex
539 2287 909 2348 necessitate
935 2286 1148 2362 medii,
1177 2287 1279 2349 vel
1308 2287 1478 2349 illam
1503 2289 1760 2364 inducit,

221 2385 278 2438 ut
305 2378 364 2436 iu
393 2377 820 2461 superioribus
859 2379 1090 2440 dictum
1126 2386 1236 2442 est.
1279 2380 1358 2443 At
1385 2399 1533 2442 vero
1560 2381 1764 2460 quoad

221 2469 454 2550 reliqua,
479 2481 864 2551 praeceptum
885 2472 1004 2532 hoc
1028 2490 1104 2532 ex
1127 2473 1640 2535 determinatione
1656 2473 1767 2534 Ee-

221 2565 390 2626 clesiae
424 2581 556 2625 esse
601 2563 874 2638 videtur,
905 2565 1052 2646 quia
1093 2565 1168 2626 de
1217 2567 1582 2626 immediato
1609 2585 1763 2646 prae-

223 2664 376 2736 cepto
398 2655 614 2718 divino
649 2675 774 2718 non
799 2659 944 2719 satis
989 2654 1250 2734 constat,
1283 2666 1345 2719 et
1367 2659 1545 2720 valde
1572 2660 1762 2720 usita-

221 2758 338 2810 tum
364 2756 474 2826 est,
525 2756 600 2810 ut
649 2757 944 2830 praecepta
977 2751 1212 2822 divina,
1241 2769 1379 2830 quae
1407 2751 1762 2830 generalius

219 2843 356 2903 tradi
403 2845 646 2918 solent,
698 2861 811 2924 per
850 2841 1184 2904 Ecclesiam
1233 2843 1758 2919 determinentur,

217 2937 294 2996 vel
345 2935 542 3014 quoad
581 2935 938 3011 materiam,
972 2937 1070 2998 vel
1107 2935 1308 3016 quoad
1363 2949 1628 3016 tempus,
1662 2937 1760 2997 vel

219 3028 389 3106 quoad
445 3027 608 3090 alias
658 3031 1194 3106 circumstantias3
1250 3035 1313 3090 et
1363 3031 1429 3091 in
1475 3031 1759 3110 praescnti

217 3121 324 3181 haec
360 3121 800 3184 determinatio
851 3121 1094 3181 videtur
1139 3140 1270 3181 esse
1314 3122 1644 3202 apostolica
1694 3122 1761 3182 in

218 3217 328 3294 ipsa
355 3213 623 3292 symboli
669 3216 1148 3294 compositione3
1173 3215 1377 3294 potuit
1409 3222 1618 3276 tamen
1649 3215 1759 3276 Ee-

219 3307 376 3368 clesia
419 3306 663 3386 aliquid
709 3312 922 3386 postea
971 3307 1196 3368 addere
1250 3326 1362 3388 pro
1407 3311 1760 3388 temporum

219 3401 575 3462 necessitate.

283 3497 366 3556 14.
413 3496 617 3558 Actus
656 3493 904 3565 interni,
947 3495 1228 3576 quomodo
1267 3494 1472 3556 cadere
1511 3493 1759 3578 possint

215 3589 304 3649 sub
331 3588 626 3652 Ecclesia?
649 3587 1339 3670 proeceptwm.—Neque
1377 3605 1447 3646 co
1459 3593 1601 3646 ntra
1641 3587 1758 3647 hoc

215 3679 386 3741 obstat
411 3681 576 3762 quod
622 3687 794 3742 actus
823 3679 1109 3741 credendi
1148 3679 1229 3739 sit
1267 3679 1574 3756 internus,
1607 3697 1754 3740 nam

215 3771 332 3832 licet
355 3773 629 3836 Ecclesia
653 3791 780 3834 non
805 3774 996 3852 possit
1019 3771 1356 3851 praecipere
1385 3778 1556 3832 actus
1585 3791 1754 3834 mere

217 3865 458 3928 internos
487 3885 604 3947 per
655 3884 718 3927 se
748 3885 818 3926 ac
849 3864 1099 3947 praecise
1130 3865 1568 3941 consideratoS,
1595 3865 1758 3925 nihi-

217 3957 452 4020 lominus
479 3967 686 4040 potest
737 3957 874 4020 illos
918 3959 1250 4038 praecipere
1287 3959 1386 4018 vel
1430 3958 1756 4038 prohibere

217 4050 268 4112 in
292 4051 493 4114 ordine
539 4053 625 4114 ad
673 4057 982 4126 externoe,
1037 4056 1344 4131 quatenus
1375 4051 1481 4110 isti
1516 4053 1755 4113 externi

217 4163 276 4204 cx
299 4145 690 4208 interioribus
720 4145 866 4206 oriri
900 4151 1177 4223 possunt,
1200 4143 1299 4204 vel
1326 4153 1632 4227 quatenus
1659 4145 1756 4205 iu-

219 4241 351 4299 terni
383 4239 460 4302 ad
508 4247 801 4302 externos
831 4237 1185 4301 efficiendos
1213 4241 1542 4300 necessarii
1571 4249 1716 4301 sunt
1732 4262 1750 4316 ;

219 4343 266 4390 et
287 4335 484 4394 cadem
513 4335 761 4395 ratione
787 4338 985 4413 potest
1007 4332 1276 4409 dirigere
1316 4332 1613 4408 intern03,
1641 4333 1755 4392 ali-

219 4425 340 4502 quid
367 4425 429 4486 in
452 4427 674 4488 ordine
718 4425 797 4486 ad
827 4426 962 4487 illos
985 4423 1424 4506 praecipiendO,
1456 4427 1619 4505 quod
1648 4445 1756 4486 ex-

220 4516 381 4576 terius
406 4519 818 4580 exercendum
859 4525 975 4594 est,
1011 4523 1074 4578 et
1099 4518 1217 4578 hoc
1259 4517 1444 4578 modo
1489 4538 1552 4580 se
1595 4521 1756 4596 gerit

219 4607 450 4671 Ecclesia
479 4612 550 4671 in
593 4611 717 4672 hoc
761 4616 1083 4691 praecepto.
1117 4611 1288 4672 Unde
1331 4610 1400 4670 in
1441 4617 1580 4671 actu
1609 4611 1754 4673 fidei

219 4699 322 4761 duo
366 4703 806 4782 distinguenda
859 4709 1007 4763 sunt
1062 4723 1076 4762 :
1129 4721 1325 4762 unum
1383 4709 1500 4771 est,
1544 4703 1706 4783 quod
1733 4749 1750 4780 ‚

219 4802 506 4875 postquam
541 4799 808 4860 materia
854 4795 999 4858 fidei
1032 4803 1123 4858 est
1168 4797 1504 4876 proposita,
1545 4797 1754 4859 creda·

220 4895 344 4949 tur:
370 4891 568 4952 ethoc
607 4909 851 4972 semper
899 4895 1137 4971 spectat
1164 4888 1241 4950 ad
1273 4889 1556 4950 divinum
1595 4911 1752 4970 prae·

220 4987 454 5058 ceptum,
493 4991 565 5044 ut
594 5001 782 5065 supra
810 4983 1016 5044 visum
1055 4988 1165 5045 est.
1195 4981 1380 5042 Aliud
1411 4987 1502 5043 est
1529 4990 1600 5042 ut
1629 4983 1742 5043 lta-

221 5069 408 5134 beatur
433 5078 654 5138 notitia
699 5075 977 5138 materiae
1019 5073 1365 5150 credendoe,
1395 5081 1457 5134 et
1484 5075 1601 5136 hoc
1627 5081 1740 5150 est,

224 5167 358 5242 quod
387 5168 648 5230 Ecclesia
675 5177 872 5250 potest
897 5170 1250 5250 proecipere,
1281 5176 1391 5228 aut
1428 5169 1652 5230 addere
1675 5171 1741 5230 in

223 5253 318 5316 hoc
342 5268 635 5342 praecepto
652 5279 673 5340 3
703 5279 847 5322 nam
873 5262 1022 5340 quia
1049 5261 1184 5322 haeo
1222 5262 1448 5322 notitia
1491 5279 1602 5342 per
1647 5281 1746 5322 ac-

225 5353 304 5408 tus
338 5360 613 5415 externos
649 5363 709 5416 et
762 5353 1080 5416 sensibiles
1123 5358 1553 5434 comparatur,
1605 5355 1743 5415 ideo

227 5441 320 5592 ab
369 5445 835 5510 ecclesiasticum
903 5451 1280 5528 praeceptum
1351 5445 1569 5508 cadere
1639 5464 1747 5528 po-

301 5540 342 5595 t.

1937 526 2033 585 15.
2086 519 2187 584 Ad
2214 523 2530 586 secundum
2570 523 2637 584 in
2664 541 2829 584 mom.
2863 525 2922 584 3.
2943 523 3107 583 -ln
3141 526 3413 586 secundo

1852 621 2225 693 argumento
2287 615 2775 693 exaggerabatur
2825 613 3155 676 difficultas
3224 617 3411 698 hujus

1851 709 2165 788 praecepti,
2197 709 2466 772 maxime
2501 714 2779 790 respectu
2814 707 3139 769 hominum
3177 709 3411 790 simpli·

1853 801 2018 860 cium
2068 807 2129 861 et
2180 804 2579 862 rusticorum.
2626 801 2717 862 Ad
2760 803 2925 882 quod
2966 802 3233 864 breviter
3275 822 3409 863 res-

1853 894 2215 977 pendemus,
2264 900 2641 974 proeceptum
2690 895 3060 974 generaliter
3106 895 3239 957 dari
3296 915 3409 976 pro

1852 986 2163 1063 omnibuS,
2190 987 2359 1066 quia,
2390 987 2703 1047 moraliter
2731 987 3061 1066 loquend0‚
3108 987 3239 1048 sine
3276 1007 3407 1049 ma-

1851 1099 1976 1158 gna
2004 1081 2367 1141 difficultate
2414 1083 2642 1142 servari
2672 1087 2871 1161 potest
2926 1099 2963 1141 a
3012 1080 3409 1144 multitudine

1851 1171 2157 1249 fidelium,
2213 1175 2277 1232 in
2320 1173 2674 1254 particulari
2704 1192 2848 1234 vero
2876 1175 3407 1235 accommodatum

1850 1285 1977 1325 esse
2010 1267 2493 1346 uniuscujusque
2528 1267 2874 1346 capacitati,
2924 1272 2994 1327 ut
3040 1275 3207 1327 recte
3256 1268 3412 1329 dixit

1852 1361 2088 1434 Scotus,
2136 1363 2196 1419 in
2238 1363 2296 1435 3,
2330 1361 2599 1420 distinet.
2645 1362 2745 1424 25.
2778 1359 3026 1439 Majoris
3052 1367 3261 1422 autem
3291 1361 3412 1422 ela·

1849 1452 2051 1512 ritatis
2090 1455 2287 1532 gratia
2322 1499 2337 1526 ,
2388 1463 2450 1514 et
2492 1465 2742 1532 propter
2792 1470 2969 1514 usum
3016 1459 3074 1514 et
3123 1455 3407 1533 praxim,

1849 1543 1968 1603 tria
1998 1551 2253 1624 possunt
2282 1546 2343 1604 iu
2377 1565 2488 1604 usu
2529 1545 2627 1605 vel
2657 1544 2875 1606 effectu
2905 1545 3094 1624 hujus
3120 1548 3409 1624 praecepti

1847 1636 2171 1714 distingui,
2198 1637 2447 1708 scilicet,
2479 1637 2745 1698 exterior
2776 1637 3120 1715 diligentia,
3152 1639 3411 1699 interior

1846 1729 2280 1810 intelligentia,
2316 1737 2377 1791 et
2418 1732 2737 1792 memoria.
2784 1731 3057 1791 Primum
3096 1737 3207 1806 est,
3238 1733 3403 1811 quod

1847 1821 2201 1884 immediate
2230 1831 2290 1883 et
2338 1824 2602 1884 maxime
2633 1823 3003 1904 praecipitur,
3036 1828 3096 1883 et
3123 1824 3277 1884 illud
3317 1833 3409 1885 est

1846 1917 1911 1976 in
1951 1923 2253 1996 potestate
2284 1918 2752 1996 cujuscumque,
2793 1917 2941 1996 quia
2992 1924 3188 1996 potest
3226 1918 3409 1996 quili-

1845 2009 1950 2070 bet
1978 2011 2241 2071 rusticus
2286 2017 2348 2072 et
2391 2012 2685 2090 ignorans
2713 2011 3119 2090 interrogare,
3164 2011 3403 2082 audire,

1847 2111 1909 2166 et
1937 2103 2059 2164 alia
2088 2103 2316 2164 similia
2345 2105 2569 2182 facere,
2611 2123 2748 2184 quoe
2790 2105 2866 2164 ad
2898 2104 3254 2166 discendum
3298 2123 3406 2164 ne·

1846 2199 2107 2259 cessaria
2138 2204 2306 2259 sunt.
2340 2197 2714 2273 Secundum,
2736 2196 2966 2258 scilicet
2996 2197 3407 2273 intelligentia

1845 2309 2054 2352 rerum
2089 2309 2227 2370 quae
2278 2291 2602 2366 dicuntur,
2653 2309 2778 2351 non
2836 2297 2927 2350 est
2972 2290 3290 2369 oequaliter
3337 2289 3407 2349 in

1845 2389 2146 2462 potestate
2180 2385 2461 2444 omnium
2506 2384 2897 2444 audientium
2950 2383 3292 2443 doctrinam
3336 2379 3408 2441 fi-

1846 2475 1979 2550 dei,
2027 2482 2087 2537 et
2138 2476 2276 2537 ideo
2321 2479 2747 2557 unusquisque
2795 2482 3039 2536 tantum
3097 2474 3408 2553 obligatur

1837 2569 2022 2648 juxta
2068 2569 2467 2650 capacitatem
2514 2587 2726 2642 suam;
2762 2567 2991 2628 debent
3027 2571 3234 2628 autem
3281 2567 3406 2626 sin-

1843 2661 1976 2740 guli
2016 2661 2217 2722 facere
2272 2661 2438 2740 quod
2480 2666 2754 2740 possunt,
2803 2659 2881 2721 ad
2925 2657 3403 2736 intelligendum

1841 2753 2006 2832 quod
2054 2754 2453 2834 proponitur,
2485 2759 2790 2833 quantum
2830 2753 2907 2814 ad
2947 2752 3301 2832 explicitam
3331 2751 3403 2811 fi·

1840 2849 1982 2908 dem
2041 2847 2303 2908 sufficiat
2316 2870 2333 2923 3
2384 2853 2447 2908 et
2496 2847 2635 2908 ideo
2686 2865 2812 2908 non
2852 2847 2999 2907 satis
3052 2851 3177 2922 est,
3226 2843 3401 2906 verbi

1841 2941 2065 3020 gratia,
2113 2941 2180 3001 in
2225 2941 2443 3002 Latina
2486 2938 2703 3017 lingua
2737 2937 3089 3018 symbolum
3144 2937 3393 3012 discere,

1841 3033 1938 3095 vel
1972 3033 2268 3094 memoria
2300 3033 2567 3093 retinere
2609 3031 2788 3108 illud,
2830 3032 2880 3090 si
2930 3032 3065 3109 quis
3092 3029 3399 3104 significa-

1841 3128 2076 3188 tionem
2108 3127 2271 3186 illius
2313 3127 2546 3204 liuguoe
2579 3126 2849 3205 ignorat,
2887 3125 3033 3203 quia
3073 3122 3225 3183 illud
3270 3140 3396 3184 nou

1841 3225 1935 3279 est
1974 3219 2251 3279 medium
2290 3218 2600 3279 sufficiens
2637 3217 2714 3278 ad
2758 3215 3232 3294 intelligendum
3279 3233 3403 3276 res-

1841 3318 2024 3393 pectu
2064 3311 2205 3374 talis
2246 3331 2549 3393 personae.
2596 3308 2825 3372 Deinde
2868 3311 2919 3371 si
2967 3327 3094 3369 non
3137 3309 3401 3370 sufficiat

1836 3405 2022 3466 semel
2051 3412 2161 3465 aut
2200 3406 2422 3466 iterum
2456 3405 2671 3466 audire
2700 3403 2846 3464 fidei
2875 3401 3189 3481 mysteria,
3222 3419 3397 3480 opor-

1835 3503 1925 3557 tet
1966 3497 2192 3577 saepius
2238 3497 2313 3559 de
2354 3497 2477 3558 illis
2508 3499 2728 3558 instrui
2759 3503 2821 3558 et
2863 3496 3155 3575 cogitare,
3204 3495 3397 3556 donee

1836 3589 1915 3650 ad
1960 3590 2231 3670 aliquam
2281 3591 2689 3651 sufficientem
2732 3585 3211 3666 intelligentiam
3260 3604 3401 3665 per-

1835 3683 2125 3743 veniatur
2144 3706 2160 3756 3
2194 3689 2256 3743 et
2288 3683 2357 3744 in
2402 3682 2521 3744 hoc
2550 3688 2844 3744 tenentur
2888 3679 3156 3740 ministri
3194 3678 3400 3738 Eccle-

1837 3777 1967 3851 sioe,
2006 3782 2066 3836 et
2092 3776 2430 3856 praesertim
2474 3775 2752 3854 parochi,
2798 3773 3036 3852 juvare,
3092 3775 3396 3851 quantum

1839 3867 2163 3928 commode
2198 3869 2549 3948 potuerint,
2596 3865 2999 3947 simpliciores
3040 3864 3269 3940 fideles»,
3328 3870 3400 3924 ut

1836 3961 1916 4021 ad
1972 3962 2155 4021 istam
2208 3961 2624 4039 cognitionem
2683 3959 3089 4040 perveniant,
3141 3956 3219 4016 de
3271 3973 3398 4037 qua

1835 4052 2213 4130 obligatione
2256 4071 2416 4134 saepe
2458 4053 2523 4113 in
2554 4053 2739 4115 saeris
2768 4049 3109 4112 canonibus
3144 4067 3398 4110 monen-

1835 4153 1962 4223 tur,
1988 4153 2050 4206 et
2078 4147 2421 4225 specialiter
2450 4147 2517 4206 in
2538 4145 2809 4208 Concilio
2834 4143 3215 4217 Tridentino,
3242 4159 3389 4202 sess.

1835 4241 1939 4315 24,
1966 4258 2099 4319 cap.
2130 4243 2169 4301 4
2218 4241 2293 4300 de
2336 4240 2815 4301 Reformatione.
2875 4237 3151 4314 Denique
3187 4235 3397 4296 nullus

1835 4338 1929 4392 est
1954 4341 2082 4395 tam
2113 4335 2285 4394 rudis
2329 4334 2493 4393 iuter
2530 4331 2764 4407 fideles,
2792 4335 2886 4405 ut,
2929 4329 2979 4389 si
3009 4329 3192 4389 faciat
3232 4328 3397 4408 quod

1833 4425 1900 4485 in
1929 4445 1993 4486 se
2021 4432 2133 4502 est,
2164 4445 2292 4488 non
2318 4427 2509 4506 possit
2549 4441 2693 4485 cum
2740 4424 2952 4484 divino
2980 4420 3213 4482 auxilio
3255 4439 3395 4481 eam

1833 4518 2312 4598 intelligentiam
2340 4519 2651 4597 consequi,
2669 4535 2807 4597 quae
2830 4515 2907 4576 ad
2937 4514 3200 4576 salutem
3228 4513 3397 4574 suffi-

1835 4613 1961 4674 ciat
1976 4635 1993 4688 ;
2034 4617 2169 4674 tum
2212 4613 2358 4694 quia
2398 4611 2647 4674 facienti
2698 4611 2863 4690 quod
2908 4609 2975 4670 in
3029 4625 3093 4669 se
3144 4613 3236 4668 est
3288 4625 3400 4686 per

1834 4707 2103 4786 priorem
2147 4705 2527 4766 vocationem
2552 4751 2570 4779 ‚
2613 4705 2773 4764 Deus
2816 4719 2945 4763 non
2986 4706 3172 4780 negat
3220 4701 3400 4762 auxi-

1833 4799 1990 4858 lium
2032 4797 2111 4858 ad
2160 4805 2383 4859 caetera
2430 4797 2809 4870 necessaria3
2854 4801 2985 4855 tum
3018 4801 3207 4855 et=am
3253 4793 3400 4872 quia

1834 4891 1941 4952 illa
1973 4899 2065 4952 est
2091 4891 2283 4952 veluti
2326 4897 2602 4952 extrema
2632 4889 2985 4964 necessitaS,
3017 4887 3229 4966 inqua
3272 4886 3399 4946 mi·

1827 4984 2003 5046 nima
2042 4985 2191 5045 fides
2237 4990 2439 5065 potest
2467 4983 2768 5056 sufficere,
2803 4987 2872 5042 ut
2908 4981 2973 5041 in
3003 4979 3205 5040 simile
3240 4981 3390 5038 atti·

1825 5079 1923 5156 git
1982 5077 2367 5158 Augustinus
2402 5126 2415 5152 ,
2469 5075 2578 5138 lib.
2621 5077 2697 5136 de
2742 5075 2889 5136 Fide
2947 5079 3009 5134 et
3052 5070 3389 5152 Operibus,

1825 5189 1961 5252 cap.
1988 5173 2049 5232 6.
3172 5193 3183 5202 ·

1909 5263 2008 5324 16.
2050 5261 2151 5324 Aa
2176 5261 2422 5327 tertium
2444 5262 2586 5326 ibid.
2628 5294 2709 5308 —
2736 5261 3013 5323 Tertium
3058 5275 3395 5337 argumen-

1825 5361 1960 5416 tum
2002 5356 2255 5435 attingit
2297 5355 2721 5417 difficultatem
2775 5354 2851 5414 de
2907 5351 3169 5413 materia
3210 5351 3396 5430 liujus

1825 5449 2159 5530 praecepti,
2220 5449 2529 5528 quomodo
2598 5454 2765 5510 certa
2819 5463 2892 5506 ac
2954 5443 3209 5506 definita
3268 5444 3349 5503 sit
3373 5487 3395 5520 ,

1829 5559 1969 5620 quae
1997 5539 2324 5601 difficultas
2362 5541 2425 5602 in
2476 5546 2602 5601 toto
2632 5537 2917 5600 sectionis
2939 5537 3219 5598 discursu
3254 5536 3405 5596 satis
