3900 6217
756 394 925 448 SECT.
956 395 1039 447 ΣΙ.
1076 392 1161 445 ΑΝ
1190 392 1543 447 REVELA‘rlo
1574 391 1851 445 mentua
1882 392 2204 447 sufrlctxr
2237 394 2320 447 AB
2353 390 2682 445 OBJECTUM.
2717 392 2852 445 ETc.

828 633 1043 688 sEC‘rto
1066 634 1150 688 XI.

186 826 419 890 Utrum
436 829 725 892 ret-elatio
750 830 1059 902 virtualis,
1078 848 1182 893 seu
1198 830 1459 893 mssdiata
1476 828 1758 905 sufficiat

264 922 353 983 ad
370 922 660 997 objectum
672 922 929 999 formale
935 924 1121 1004 fidei?
1147 922 1249 985 ubi
1278 924 1346 985 de
1372 922 1756 985 distinctione

259 1016 513 1089 musali
534 1014 694 1078 inter
718 1017 1009 1095 objectum
1030 1016 1197 1095 fidei,
1228 1022 1285 1080 et
1314 1016 1666 1097 Theoloyioe.

271 1246 331 1303 1.
380 1245 609 1309 Divina
634 1246 918 1310 revelatio
944 1252 1053 1310 aut
1074 1247 1376 1326 formalis.
1394 1246 1618 1310 -Aut
1634 1247 1759 1309 vir-

174 1334 409 1407 taulis,
454 1340 523 1401 de
562 1357 683 1419 qua
709 1340 959 1419 mstio
992 1338 1368 1403 instituitur.
1392 1370 1474 1385 -
1506 1338 1759 1401 Duobus

178 1430 403 1491 modis
432 1431 683 1510 intelligi
714 1438 919 1510 potest
936 1432 1173 1512 aliquid
1206 1433 1430 1494 cadere
1456 1432 1577 1493 sub
1604 1431 1759 1493 divi·-

176 1541 345 1583 nam
384 1524 868 1586 revelationem:
918 1544 1045 1587 nno
1074 1526 1285 1600 modo,
1327 1525 1671 1587 formaliter
1698 1531 1763 1588 et

174 1616 545 1677 secundum
570 1636 657 1691 se,
688 1617 835 1699 quia
852 1618 1138 1681 videlicet
1157 1626 1251 1681 est
1263 1618 1329 1679 id
1346 1620 1515 1697 quod
1534 1618 1762 1680 forma·

176 1708 333 1769 liter
361 1708 515 1771 dicit
530 1710 717 1786 Deus,
742 1715 805 1771 et
831 1712 995 1772 hanc
1018 1730 1319 1773 vocamus
1346 1712 1673 1773 formalem
1699 1716 1763 1774 et

178 1802 618 1865 immediatam
646 1804 1114 1877 revelationem,
1146 1823 1287 1887 quae
1334 1806 1759 1867 indubitanter

184 1895 431 1957 suffieit
456 1897 537 1957 ad
564 1896 751 1959 fidem
772 1897 1071 1973 infusam,
1114 1907 1183 1959 ut
1210 1900 1513 1960 hactenus
1553 1905 1758 1959 osten-

185 2007 335 2049 sum
356 1984 487 2061 θείς
516 2008 682 2050 nunc
714 1996 925 2053 autem
958 1992 1329 2071 inquirimus
1362 2010 1443 2051 an
1469 1993 1547 2053 sit
1566 1992 1757 2053 etiam

182 2084 576 2145 necessaria.
622 2084 757 2145 Alio
822 2103 981 2165 ergo
1036 2085 1227 2147 modo
1270 2086 1621 2147 continetur
1648 2086 1758 2147 ali-

184 2178 349 2257 quid
376 2179 497 2239 sub
536 2179 915 2241 revelatione
958 2178 1195 2253 divina,
1233 2180 1379 2258 qnia
1412 2180 1555 2241 licet
1596 2180 1661 2239 in
1688 2197 1755 2241 se

186 2290 322 2333 non
352 2272 612 2345 dicatur,
648 2273 989 2335 includitur
1011 2274 1077 2333 in
1106 2292 1173 2335 re
1202 2273 1389 2347 dicta,
1424 2274 1581 2335 sicut
1615 2292 1755 2336 esse

180 2364 452 2437 risibile,
500 2366 848 2428 continetur
896 2367 961 2425 iu
1010 2383 1085 2427 eo
1130 2365 1300 2445 quod
1352 2367 1577 2428 dicitur
1614 2386 1753 2430 esse

186 2459 535 2531 hominem,
566 2462 626 2519 et
655 2459 817 2520 hanc
840 2478 1137 2521 vocamus
1162 2458 1609 2520 revelationem
1635 2461 1753 2521 vir·

178 2552 451 2622 tualem,
492 2551 589 2611 vel
620 2552 809 2613 etiam
840 2551 1204 2628 mediatam,
1242 2552 1457 2631 utique
1474 2570 1551 2613 ex
1574 2556 1751 2632 parte

186 2644 423 2721 objecti
470 2644 828 2716 materialis,
882 2661 1011 2705 non
1070 2664 1145 2705 ex
1164 2651 1341 2724 parte
1386 2645 1745 2720 revelantiS,

186 2737 290 2797 vel
314 2736 701 2815 praedicantis
730 2735 953 2809 fidem;
984 2756 1129 2799 nam
1160 2737 1237 2798 de
1279 2738 1399 2799 hac
1428 2737 1751 2800 mediatio·

190 2848 273 2890 ne
296 2830 399 2889 vel
424 2830 891 2891 immediatioue
936 2848 1013 2891 ex
1049 2834 1225 2910 parte
1259 2831 1371 2893 Dei
1405 2831 1743 2910 loquentis,

198 2924 325 3001 {am
342 2942 519 3003 supra
542 2922 777 2985 dictum
794 2929 910 2985 est.
934 2924 1021 2985 De
1044 2925 1167 2985 hac
1183 2942 1333 3005 ergo
1362 2926 1747 2987 revelatione

210 3017 431 3077 virtuali
454 3022 515 3078 et
545 3017 845 3087 mediata,
877 3017 1217 3098 quaerimus
1246 3036 1330 3079 an
1372 3018 1639 3079 sufficiat
1668 3018 1750 3079 ad

210 3108 496 3187 obiectum
508 3108 777 3170 formale
798 3110 969 3181 fidei,
990 3128 1127 3183 seu,
1152 3112 1327 3190 quod
1345 3112 1607 3191 perinde
1627 3119 1743 3187 est,

202 3201 279 3259 ad
300 3201 673 3273 credendum
700 3202 827 3263 fide
858 3202 1082 3263 infusa.
1112 3206 1315 3284 Atque
1338 3204 1423 3265 ita
1444 3204 1749 3283 dubitatio

198 3292 461 3355 haectere
473 3295 767 3357 coincidit
780 3314 924 3357 cum
936 3296 1064 3371 illa,
1084 3316 1169 3357 an
1186 3298 1527 3377 propositio
1545 3298 1747 3360 elicita

194 3404 303 3463 per
326 3386 674 3449 discursum
698 3407 777 3449 ex
802 3388 1051 3451 duobus
1080 3389 1403 3469 principiis
1448 3389 1619 3463 fidei,
1651 3390 1751 3453 vel

200 3496 273 3538 ex
294 3498 417 3539 una
440 3478 522 3541 de
552 3479 699 3557 fide,
726 3486 791 3543 et
818 3482 1017 3543 altera
1046 3482 1341 3555 naturali,
1386 3482 1464 3545 sit
1493 3483 1751 3545 creden·

198 3572 241 3631 d
252 3572 328 3633 ad
340 3591 379 3634 e
396 3572 543 3635 fide.

274 3668 333 3727 2.
369 3667 589 3730 Prima
602 3670 803 3749 opinio
818 3670 1167 3746 affirmans.
1191 3702 1272 3719 —
1286 3672 1597 3735 Probatur
1618 3672 1765 3753 pri·-

204 3778 291 3822 m
308 3762 667 3825 ἰιὰετιοκ.
687 3792 771 3809 ——
788 3764 1097 3829 Probatur
1112 3768 1391 3830 secundo.
1410 3798 1495 3813 —
1516 3767 1746 3831 Tertio.

200 3884 275 3899 -
296 3851 541 3927 Quarta
570 3886 653 3901 -
673 3856 743 3917 ln
766 3857 884 3917 hac
904 3874 1055 3937 ergo
1084 3859 1473 3921 dubitatione
1503 3866 1597 3921 est
1623 3859 1753 3940 pri-

204 3964 297 4006 ma
340 3948 551 4027 opinio
578 3948 901 4011 affirmans
940 3952 1055 4013 has
1092 3952 1523 4015 conclusiones
1550 3954 1754 4015 Theo·—

206 4038 421 4121 logicas
442 4059 585 4103 esse
604 4042 689 4102 de
710 4041 856 4117 fide,
889 4062 963 4105 ac
981 4044 1249 4106 subinde
1266 4045 1349 4106 ad
1366 4044 1557 4107 fidem
1580 4047 1753 4109 suffi-

206 4152 329 4193 cere
374 4134 549 4213 quod
592 4136 935 4199 virtualiter
983 4140 1275 4200 revelata»,
1316 4140 1461 4213 siut,
1506 4158 1617 4201 seu
1686 4142 1751 4202 in

204 4227 471 4289 revelatis
494 4228 723 4291 virtute
750 4237 1075 4293 contentas.
1106 4232 1197 4293 Ita
1216 4238 1389 4293 tenet
1412 4234 1604 4306 Cano,
1638 4233 1744 4295 lib.

204 4320 236 4379 5
258 4320 331 4381 de
362 4321 537 4395 Loc.,
566 4340 621 4383 c.
663 4322 800 4397 ult.,
838 4324 920 4385 ad
955 4325 1063 4403 103
1099 4325 1286 4387 latius
1315 4326 1509 4406 Vega,
1539 4327 1582 4387 l.
1617 4328 1657 4388 9
1684 4327 1749 4387 in

204 4414 491 4490 Trident„
522 4434 659 4495 cap.
708 4418 805 4490 39,
843 4423 906 4478 et
940 4416 1219 4480 defendit
1247 4417 1555 4498 vasquez,
1588 4424 1617 4481 1
1657 4440 1746 4499 p.,

210 4504 350 4585 disp.
382 4511 443 4581 3,
473 4526 615 4588 cap.
656 4510 715 4570 3.
747 4509 1050 4571 Probatur
1088 4517 1301 4574 autem
1340 4513 1541 4592 primo
1572 4511 1753 4574 iudu-

214 4600 419 4675 ctione,
442 4620 635 4680 quam
668 4603 797 4663 late
824 4602 973 4665 facit
1003 4604 1195 4684 Vega,
1219 4606 1365 4685 quia
1390 4606 1587 4668 multu
1616 4625 1753 4669 cre-

218 4690 399 4755 dimus
424 4695 507 4757 de
542 4695 693 4767 fide,
725 4714 867 4775 quae
898 4697 963 4757 in
1005 4715 1075 4759 se
1107 4698 1384 4759 revelata
1422 4717 1549 4760 non
1581 4704 1749 4775 sunt,

218 4793 443 4864 propter
482 4787 829 4851 illationem
880 4791 1298 4853 necessariam
1330 4810 1407 4853 ex
1434 4792 1751 4869 revelatis,

222 4881 279 4937 ut
292 4879 471 4941 Deum
491 4882 738 4961 (iuquit)
762 4900 901 4945 esse
920 4883 1255 4958 infinitum,
1285 4885 1747 4966 incorporeum,

228 4976 279 5031 et
302 4974 543 5049 similia;
573 4976 822 5038 Patrem
877 4976 1175 5057 distingui
1202 4978 1459 5039 realiter
1506 4999 1545 5039 a
1572 4978 1749 5052 Filio,

232 5067 349 5139 qnia
396 5074 659 5147 generat
686 5070 899 5146 illum;
939 5070 1251 5133 Christum
1303 5072 1539 5135 habere
1595 5073 1755 5135 duas

236 5158 547 5222 voluntates
558 5178 580 5239 ;
610 5163 712 5225 vel
752 5181 889 5225 esse
926 5182 1187 5244 corpore
1234 5172 1297 5227 et
1349 5166 1585 5239 anima,
1636 5167 1755 5228 sub

242 5250 459 5330 singulis
480 5256 808 5334 speciebus
836 5258 1245 5331 consecratis;
1281 5259 1427 5320 item
1460 5260 1569 5338 qui
1598 5260 1755 5339 bap·

248 5342 357 5405 tizat
376 5347 685 5425 infantem,
720 5348 799 5413 de
832 5350 957 5412 fide
994 5352 1191 5413 credit
1226 5352 1403 5413 illum
1442 5372 1578 5415 esse
1615 5354 1754 5433 jus·-

252 5439 376 5513 tum,
390 5441 579 5503 solum
606 5461 683 5505 ex
706 5443 811 5505 illo
834 5444 1135 5525 principio
1156 5443 1327 5520 fidei,
1344 5445 1516 5525 quod
1530 5460 1751 5509 verum

258 5542 659 5596 sacramentum
689 5536 795 5598 dat
846 5538 1109 5618 gratiam
1156 5556 1288 5599 non
1320 5541 1577 5619 ponenti
1616 5540 1750 5601 obi-

3317 390 3398 451 95

1836 512 2008 567 cem,
2037 494 2183 573 quia
2226 494 2484 557 evidens
2539 501 2633 556 est
2660 492 2961 558 infantem
3003 512 3130 557 non
3159 512 3396 575 ponere

1834 587 2104 663 obicem,
2135 595 2198 651 et
2227 589 2588 670 baptizanti,
2625 590 2732 668 qui
2773 589 2853 652 de
2893 608 3010 651 sua
3054 590 3400 652 intentione

1836 688 2042 744 certus
2071 689 2187 755 ost,
2223 688 2318 743 est
2343 683 2532 743 etiam
2569 682 2826 743 evidens
2859 702 2925 744 se
2955 682 3264 745 conticere
3293 700 3400 745 ve·

1834 792 1978 835 rum
2044 774 2446 853 baptismum.
2502 777 2576 836 Et
2625 776 2808 836 simili
2863 776 3051 837 modo
3081 782 3394 855 peccator,

1836 868 1947 946 qui
2011 868 2332 931 evidenter
2388 870 2708 947 cognoscit
2757 888 2825 930 se
2875 888 3012 930 esse
3058 870 3120 928 in
3171 869 3400 930 affectu

1834 964 2116 1023 mortalis
2145 963 2407 1042 peccati,
2465 964 2544 1024 de
2588 963 2712 1025 fide
2760 964 3017 1025 credere
3069 969 3275 1044 potest
3329 980 3398 1024 se

1832 1075 1964 1119 non
2001 1058 2238 1120 habere
2267 1059 2533 1139 gratiam
2569 1060 2738 1139 apud
2763 1060 2958 1121 Deum
2979 1076 3000 1137 3
3031 1078 3180 1140 ergo
3211 1060 3274 1120 in
3302 1058 3400 1119 his

1841 1151 2133 1212 omnibus
2159 1158 2222 1213 et
2251 1152 2557 1215 similibus
2587 1154 2812 1213 sufficit
2840 1152 3115 1214 mediata
3158 1152 3402 1213 revela-

1840 1245 1926 1304 tio
1961 1243 2042 1304 ad
2067 1243 2279 1307 fidem.
2301 1244 2614 1319 Secunde,
2638 1252 2734 1307 est
2759 1247 2916 1307 ratio
2947 1266 2984 1306 a
3013 1246 3227 1325 priori,
3251 1246 3400 1325 quia

1840 1355 1970 1398 non
1997 1339 2203 1399 minus
2233 1340 2502 1417 pertinet
2543 1339 2626 1400 ad
2667 1340 3052 1401 infallibilem
3081 1340 3190 1401 Dei
3238 1340 3401 1401 veri-

1840 1436 2056 1504 tatem,
2091 1436 2162 1492 ut
2219 1432 2343 1493 sint
2389 1450 2542 1492 vera
2583 1433 2817 1507 omnia,
2856 1450 2996 1513 quae
3045 1434 3400 1494 necessario

1842 1531 1990 1585 sunt
2017 1541 2302 1585 connexa
2323 1542 2466 1587 cnm
2495 1524 2592 1586 his
2617 1543 2755 1605 quae
2793 1544 3086 1605 expresse
3113 1526 3402 1588 testifica·

1842 1623 1965 1689 tur,
1999 1635 2190 1696 quam
2215 1617 2384 1696 quod
2419 1618 2757 1699 ipsummet
2783 1618 3016 1680 dictum
3047 1638 3266 1681 verum
3299 1620 3397 1693 sit,

1844 1712 1992 1791 quia
2023 1728 2150 1772 una
2205 1714 2436 1774 veritas
2477 1730 2606 1773 non
2645 1718 2852 1792 potest
2881 1713 3218 1775 subsistere
3265 1714 3400 1774 sine

1840 1806 1986 1867 alia.
2021 1804 2199 1869 Unde
2229 1805 2392 1866 inter
2417 1806 2706 1867 homines
2745 1806 2940 1867 falsus
2973 1806 3148 1869 testis
3163 1806 3402 1885 judica-

1838 1906 2034 1971 retur,
2065 1898 2170 1977 qui
2212 1898 2292 1959 de
2321 1899 2531 1978 aliqua
2569 1900 3029 1961 circumstantia
3073 1900 3402 1961 convince-

1836 1997 2034 2063 retur,
2067 1991 2200 2052 sine
2243 2010 2364 2070 qua
2399 1992 2628 2053 veritas
2657 1991 2800 2053 dicti
2829 1992 2926 2053 sui
2969 1993 3236 2053 existere
3271 2010 3396 2054 non

1839 2089 2072 2161 posset.
2097 2082 2276 2145 Unde
2305 2085 2464 2145 sumi
2507 2088 2712 2163 potest
2739 2102 2778 2145 a
2809 2086 3119 2147 contrario
3150 2086 3400 2146 tertium

1838 2184 2304 2254 argumentum,
2336 2178 2483 2255 quia
2531 2178 2638 2256 qui
2693 2196 2822 2238 non
2867 2178 3048 2239 daret
3073 2194 3400 2239 assensum

1836 2268 2196 2347 hujusmodi
2224 2270 2611 2330 conclusioni
2658 2274 2970 2332 contentas
3001 2272 3064 2332 in
3095 2270 3394 2351 principio

1834 2360 2004 2435 fidei,
2051 2368 2218 2423 esset
2245 2364 2598 2435 haeretieus,
2629 2363 2802 2441 quia,
2839 2370 3142 2443 quantum
3175 2371 3270 2426 est
3319 2380 3396 2426 ex

1834 2472 1927 2529 se,
1961 2454 2190 2516 falsum
2233 2456 2527 2517 redderet
2554 2457 2980 2517 testimonium
3022 2458 3153 2531 Dei,
3181 2466 3243 2519 et
3275 2459 3398 2519 vir—

1830 2550 2082 2611 tualiter
2107 2552 2726 2631 negaretyeritatem
2755 2552 2914 2632 ejus,
2937 2570 3080 2613 cum
3108 2570 3235 2614 non
3257 2572 3398 2634 pos·

1831 2644 1909 2705 sit
1933 2662 2168 2723 negare
2199 2645 2321 2705 alia
2351 2646 2679 2725 principia,
2711 2664 2852 2725 quae
2885 2646 3193 2709 evidentia
3224 2654 3388 2721 sunt3

1830 2756 1984 2817 ergo
2025 2756 2060 2798 e
2106 2756 2408 2800 converso
2451 2757 2748 2801 assensus
2781 2740 2948 2801 illius
3001 2741 3277 2803 veritatis
3313 2742 3396 2803 ad

1826 2830 2019 2892 fidem
2043 2832 2332 2911 pertinet.
2353 2832 2582 2895 Ultimo
2599 2838 3120 2914 argumentantur
3144 2835 3208 2894 in
3227 2836 3396 2896 hunc

1829 2924 2114 2998 modum,
2135 2926 2286 3004 quia
2311 2942 2608 2987 assensus
2631 2926 2732 2988 ille
2755 2934 2960 2989 certus
2983 2934 3044 2988 et
3071 2928 3394 2989 inevidens

1832 3023 1963 3090 est3
1999 3037 2152 3098 ergo
2204 3036 2332 3079 non
2371 3026 2580 3099 potest
2631 3038 2771 3081 esse
2809 3020 2926 3081 nisi
2965 3020 3113 3082 fidei
3145 3021 3390 3083 infusae.

1832 3111 2074 3171 Dicetur
2103 3110 2368 3173 fortasse
2415 3130 2554 3173 esse
2585 3130 2914 3174 assensum
2930 3113 3352 3195 theologicum
3377 3134 3392 3188 ς

1831 3204 1943 3265 sed
1973 3212 2214 3279 contra,
2241 3206 2389 3284 qnia
2416 3224 2713 3267 assensus
2761 3208 3175 3288 theologicus,
3207 3208 3257 3269 si
3299 3208 3398 3268 ni·-

1828 3300 2000 3358 tatur
2035 3304 2280 3358 tantum
2337 3299 2400 3359 in
2451 3298 2834 3361 revelatione
2865 3301 3098 3376 divina,
3127 3319 3257 3365 non
3299 3308 3398 3363 est

1832 3390 2160 3452 distinctus
2187 3392 2268 3453 ab
2293 3410 2558 3454 assensu
2581 3392 2748 3468 fidei,
2780 3394 2928 3473 quia
2963 3400 3057 3457 est
3095 3412 3396 3475 superna·

1832 3482 2050 3544 turalis
2078 3502 2188 3563 per
2233 3502 2300 3545 se
2333 3485 2612 3560 infusus;
2639 3486 2812 3549 unde
2839 3504 2969 3547 non
3006 3492 3210 3566 potest
3253 3505 3398 3567 per-

1833 3576 2032 3637 tinere
2061 3577 2180 3638 nisi
2219 3577 2302 3638 ad
2337 3578 2618 3639 habitum
2645 3578 2816 3653 fidei,
2851 3580 2998 3659 quia
3041 3598 3170 3641 non
3211 3580 3398 3642 datur

1832 3670 1994 3731 alius
2021 3687 2140 3749 per
2168 3688 2234 3731 se
2269 3670 2513 3732 infusus
2537 3672 2616 3733 ad
2655 3674 3126 3735 assentiendum
3177 3692 3396 3754 specu-

1832 3764 2020 3827 lative
2061 3769 2124 3825 et
2171 3765 2601 3827 universaliter
2648 3766 3012 3829 veritatibus
3063 3769 3390 3841 revelatis3

1834 3864 1897 3919 ct
1930 3859 2015 3919 ita
2044 3865 2306 3937 possunt
2355 3860 2542 3920 etiam
2569 3877 2685 3940 pro
2737 3862 2854 3923 hac
2885 3862 3178 3941 opinione
3221 3862 3394 3923 citari

1835 3958 2148 4025 auctores,
2177 3952 2283 4031 qui
2335 3953 2692 4015 existimant
2728 3956 3049 4035 proprium
3109 3956 3392 4017 habitum

1832 4045 2188 4126 Theologiae
2217 4064 2349 4107 non
2377 4046 2676 4129 distingui
2700 4067 2738 4109 a
2765 4048 2914 4111 fide.

1912 4142 1972 4202 3.
2029 4138 2313 4204 Secunda
2339 4140 2538 4222 opinio
2562 4140 3232 4223 aequum—Ampliat&
3259 4144 3398 4207 Mo-

1830 4234 2088 4297 linoe.—
2113 4232 2308 4296 Illius
2356 4235 2832 4311 fundamentum.
2851 4266 2932 4281 -·
2959 4235 3389 4313 confirmatur.

1832 4324 2218 4389 —Secunda
2257 4326 2491 4405 opinio,
2524 4333 2800 4388 extreme
2841 4328 3172 4402 contraria,
3203 4332 3396 4407 negat

1830 4419 2282 4482 revelationem
2311 4420 2474 4480 hanc
2509 4418 2838 4481 virtualem
2867 4420 3152 4482 sufficere
3177 4420 3258 4481 ad
3287 4420 3396 4481 ob-
3431 4433 3442 4441 ·

1825 4514 2064 4593 jectum
2089 4510 2352 4575 formale
2395 4510 2564 4586 fidei,
2599 4519 2662 4574 et
2699 4520 3156 4590 consequenter
3182 4530 3396 4575 assen-

1834 4624 1976 4667 sum
1998 4606 2284 4667 babitum
2307 4623 2383 4667 ex
2414 4604 2696 4667 discursu
2722 4606 3074 4688 theologico
3101 4624 3216 4687 per
3245 4625 3396 4669 con-

1835 4699 2230 4776 sequentiam
2259 4696 2636 4771 evidentem,
2669 4705 2733 4760 et
2781 4717 2858 4760 ex
2908 4700 3226 4779 principiis
3255 4720 3390 4763 cre-

1832 4790 2002 4867 ditis,
2027 4792 2148 4866 vel,
2173 4810 2298 4853 uno
2329 4792 2590 4868 credito,
2619 4798 2682 4855 et
2704 4792 2900 4855 altero
2925 4793 3237 4869 evidente,
3265 4814 3394 4857 non

1834 4904 1972 4947 esse
2023 4903 2350 4946 assensum
2393 4884 2560 4961 fidei,
2597 4886 2710 4947 sed
2749 4886 3057 4949 inferioris
3108 4888 3388 4962 rationiS,

1837 4984 1899 5041 et
1922 4985 2382 5058 consequenter
2412 4980 2728 5059 pertinere
2757 4980 2840 5042 ad
2874 4982 3158 5045 habitum
3185 4984 3394 5064 specie

1834 5072 2216 5134 distinctum.
2249 5072 2326 5132 Et
2365 5072 2449 5132 ita
2479 5080 2744 5150 possunt
2787 5093 2900 5154 pro
2929 5074 3049 5137 hac
3085 5078 3395 5139 sententia

1834 5166 2051 5228 referri
2079 5164 2404 5255 Theologi,
2441 5166 2548 5244 qui
2591 5164 2984 5247 distinguunt
3011 5168 3294 5231 habitum
3321 5172 3397 5232 fi-

1835 5259 1939 5321 dei
2005 5260 2086 5322 ab
2137 5258 2356 5321 habitu
2395 5260 2775 5341 Theologioe,
2835 5260 3080 5321 etiamsi
3128 5270 3392 5344 uterque

1835 5354 1913 5415 sit
1940 5352 2022 5416 ad
2054 5353 2526 5415 assentiendum
2559 5372 2688 5416 non
2722 5353 2893 5426 visis,
2926 5354 3096 5433 quod
3116 5374 3396 5418 commu·

1834 5448 1998 5509 niter
2021 5450 2240 5509 tenent
2257 5448 2320 5508 in
2351 5448 2598 5528 Prolog.
2621 5446 2980 5527 Gregorius,
3004 5466 3066 5529 q.
3095 5452 3151 5523 t,
3177 5455 3294 5511 art.
3317 5455 3386 5526 43

1831 5540 2053 5621 Major,
2093 5560 2155 5621 q.
2185 5544 2262 5620 43
2289 5540 2546 5613 Ocham,
2573 5560 2635 5623 q.
2665 5544 2739 5602 3:
2769 5540 3040 5619 Gabriel,
3077 5560 3138 5621 q.
3181 5544 3250 5624 63
3284 5544 3396 5607 Ca·
