3900 6217
734 405 904 458 SECT.
939 406 1000 461 11.
1037 406 1139 469 AN,
1176 407 1258 461 m·
1289 406 1620 461 concinunt
1651 406 1979 461 GENERALE
2012 409 2127 472 SIT,
2163 408 2489 465 OPORTEAT
2522 412 2741 476 OMNES,
2776 414 2911 466 E'rc.

229 522 412 584 supra
439 505 636 582 citati,
665 512 731 568 et
753 507 1058 583 Jacohat„
1083 506 1194 570 lib.
1229 512 1290 583 5,
1329 514 1449 569 art.
1479 510 1540 582 7,
1575 518 1640 571 et
1686 509 1789 571 Al-

231 600 400 675 han„
448 619 584 680 cap.
640 603 678 661 7
729 606 794 663 et
838 603 944 676 21,
976 601 1410 681 colligiturque
1465 621 1543 665 ex
1566 602 1788 664 ordine

229 700 468 755 servato
490 696 558 755 in
577 694 870 757 omnibus
885 713 1044 776 pene
1065 695 1456 773 generalibus
1474 695 1782 759 Conciliis.

233 788 452 849 Prioris
481 788 674 867 partis
711 788 868 849 ratio
893 794 1006 863 est,
1032 788 1329 868 quoniam
1372 790 1426 849 si
1453 789 1786 851 auctoritas

231 882 510 963 Episcopi
547 882 816 945 Romani
850 900 976 944 non
1025 882 1420 957 interveniat,
1468 883 1666 945 deerit
1717 883 1786 943 in

231 974 498 1039 Concilio
545 983 758 1056 caput,
799 984 988 1057 atque
1038 977 1195 1039 adeo
1235 984 1502 1057 potestas
1546 978 1614 1039 in
1645 979 1786 1041 uni·-

229 1088 470 1135 versam
499 1071 856 1147 Ecclesiam,
891 1090 1029 1151 quae
1059 1072 1124 1133 in
1169 1074 1302 1153 ipso
1329 1074 1606 1137 maxime
1629 1075 1784 1137 resi-

231 1162 334 1225 det
371 1182 566 1225 :usus
617 1172 828 1227 autem
873 1171 938 1227 et
981 1166 1231 1230 traditio
1279 1166 1564 1231 Ecclesiae
1606 1168 1786 1231 docet

229 1258 392 1319 hanc
418 1260 806 1339 praeentiam
827 1259 1203 1323 sufficienter
1219 1260 1358 1323 ficri
1381 1280 1492 1341 per
1523 1262 1780 1342 legatos,

221 1353 388 1432 quod
443 1370 568 1432 qua
609 1353 854 1415 ratione
897 1352 1374 1431 intelligendum
1401 1354 1506 1430 sit,
1533 1361 1596 1416 et
1641 1373 1782 1435 qnae

225 1446 556 1507 difficultas
581 1446 646 1507 in
680 1463 754 1507 eo
787 1464 1108 1509 occurrere
1131 1449 1342 1529 possit,
1387 1449 1660 1511 sectione
1687 1468 1783 1511 se·-

223 1541 442 1619 quenti
470 1538 901 1619 explicabitur,
926 1546 990 1602 et
1009 1540 1214 1621 aliqua
1242 1560 1319 1605 ex
1347 1551 1522 1623 parte
1549 1541 1782 1605 dictum

220 1640 310 1697 est
339 1652 554 1713 supra,
583 1634 815 1713 disput.
847 1636 906 1703 5,
939 1640 1088 1697 sect.
1129 1639 1192 1699 7.

299 1728 362 1789 6.
411 1724 764 1791 ostenditur
805 1730 1131 1810 posterior.
1155 1763 1239 1779 -
1297 1730 1580 1793 Secunda
1636 1747 1784 1793 vero

221 1844 364 1905 pars
379 1824 738 1887 assertionis
765 1824 962 1903 liquet
989 1826 1180 1885 etiam
1215 1842 1294 1885 ex
1329 1843 1443 1885 usu
1473 1825 1782 1900 Ecclesia,

219 1919 344 1981 imo
391 1924 458 1980 et
501 1917 830 1997 cujuslibet
871 1916 1228 1997 reipublicae
1268 1918 1780 1998 generaliumque

217 2011 768 2091 congregationum
785 2034 804 2087 ;
839 2010 1092 2090 quando
1125 2011 1296 2073 enim
1324 2011 1622 2091 primates
1645 2030 1778 2073 om-

215 2124 324 2167 nes
353 2112 418 2167 et
439 2106 646 2184 capita
665 2105 998 2167 convenire
1028 2124 1154 2167 non
1182 2110 1458 2184 possunt,
1483 2106 1592 2167 alii
1638 2106 1778 2167 aliis

213 2218 354 2261 suas
381 2200 550 2261 vices
572 2198 876 2273 tribuunt,
906 2204 978 2258 ut
1013 2199 1182 2277 quod
1221 2198 1300 2259 ab
1339 2198 1440 2259 his
1461 2199 1650 2262 fuerit
1673 2200 1780 2261 de·-

212 2301 478 2365 cretnm‚
503 2294 586 2355 ab
605 2293 894 2355 omnibus
921 2292 1250 2355 definitum
1269 2311 1400 2355 esse
1429 2300 1774 2356 censeatur.

209 2390 492 2451 Tandem
519 2389 638 2450 hoc
653 2388 922 2468 postulat
939 2388 1072 2467 ipsa
1097 2388 1288 2449 veluti
1315 2388 1614 2451 naturalis
1635 2408 1780 2450 cou-

207 2483 362 2543 ditio
387 2501 606 2545 rerum
639 2482 1080 2556 humanarum,
1103 2500 1242 2560 quae
1272 2481 1394 2542 alio
1419 2481 1604 2543 modo
1623 2489 1782 2545 trac·

207 2578 326 2637 tari
349 2594 488 2637 non
524 2582 821 2655 possunt;
847 2575 1013 2637 unde
1069 2574 1390 2636 moraliter
1423 2575 1588 2635 idem
1609 2576 1780 2655 ‚judi-

205 2676 404 2743 catur,
459 2670 694 2731 multos
741 2670 996 2729 nomine
1037 2682 1100 2729 et
1153 2673 1450 2748 potestate
1494 2671 1777 2731 omnium

205 2763 570 2836 convenire,
604 2780 678 2823 ac
705 2779 922 2823 omnes
949 2762 1028 2821 ad
1067 2780 1266 2823 unum
1294 2762 1609 2823 interesse.

281 2858 344 2917 7.
392 2854 876 2929 Quoestiwnctdoe
922 2855 1154 2931 satisfit
1203 2856 1443 2935 triplici
1469 2856 1676 2935 effato·
1697 2888 1780 2902 —

215 2951 378 3012 Petes
413 2950 544 3009 hoc
581 2950 742 3015 loco.
799 2949 1102 3028 quidnam
1158 2949 1516 3028 requiratur
1567 2954 1637 3009 ut
1667 2950 1778 3028 qui

220 3044 612 3113 cummium,
635 3048 922 3107 omnium
967 3042 1221 3103 nomine
1248 3042 1606 3121 congregati
1635 3061 1776 3103 cen—

213 3142 466 3196 seantur
497 3154 728 3215 eosque
747 3138 1232 3215 repraesentent?
1251 3136 1624 3215 -Respondeo
1655 3136 1776 3214 pri-

205 3248 306 3290 mo
349 3248 486 3290 non
533 3247 666 3291 esse
701 3228 1052 3289 habendam
1087 3228 1392 3290 rationem
1448 3228 1774 3307 Episcopo-

203 3340 370 3397 mm,
431 3323 546 3401 qui
612 3323 872 3384 Summo
925 3320 1206 3383 Pontifici
1253 3339 1380 3381 non
1435 3322 1770 3399 obediunt;

199 3434 374 3493 nam,
401 3417 554 3479 lieet
603 3415 696 3477 illi
725 3416 1090 3495 simpliciter
1126 3415 1251 3477 sint
1305 3414 1588 3476 membra
1613 3433 1775 3477 verae

199 3510 518 3584 Ecclesia,
545 3514 620 3569 ut
647 3508 1064 3587 disputatione
1091 3524 1258 3568 nona
1275 3550 1296 3582 ,
1343 3507 1614 3577 sectione
1649 3509 1776 3587 pri-

201 3622 326 3681 ma,
354 3623 396 3665 a
435 3620 706 3665 numero
759 3601 1000 3663 decimo
1040 3601 1241 3676 tertio,
1275 3607 1606 3663 tractatum
1657 3607 1770 3679 est,

196 3705 482 3759 attamen
519 3694 604 3757 ob
631 3696 901 3757 schisma
941 3695 1124 3756 divisi
1170 3695 1251 3756 ab
1296 3712 1372 3755 ea
1423 3700 1600 3770 sunt3
1644 3714 1774 3757 non

195 3798 342 3852 sunt
381 3790 590 3868 igitur
638 3788 912 3851 Concilio
938 3787 1218 3867 generali
1257 3789 1610 3863 necessarii,
1657 3807 1772 3851 nec

193 3882 582 3962 regulariter
603 3882 888 3953 vocandi,
925 3882 1045 3943 nisi
1073 3882 1234 3943 forte
1285 3887 1357 3942 ut
1383 3881 1766 3960 resipiscant.

195 3976 512 4051 Secundo,
571 3975 682 4057 qui
741 3975 1022 4056 Episcopi
1081 3974 1440 4037 obedientes
1487 3975 1770 4037 Pontifici

194 4070 406 4130 vocari
425 4087 562 4130 non
591 4074 851 4149 possunt
877 4068 1202 4129 commode
1227 4067 1304 4129 de
1333 4068 1498 4129 facto
1515 4078 1771 4148 propter

189 4163 726 4243 impedimentum
779 4162 1070 4243 aliquod,
1118 4162 1220 4223 vel
1261 4161 1768 4224 convocationem

187 4257 518 4334 ignorant,
548 4256 648 4317 vel
669 4256 882 4317 venire
911 4255 1026 4335 ipsi
1057 4274 1184 4315 non
1216 4259 1494 4335 possunt,
1515 4273 1632 4317 nec
1657 4256 1770 4316 ali-

189 4367 382 4427 quem
417 4367 540 4409 suo
573 4348 826 4409 nomine
855 4348 1128 4424 mittere,
1167 4354 1460 4409 tenentur
1491 4365 1608 4408 suo
1643 4347 1774 4427 juri

189 4442 446 4517 cedere,
477 4460 554 4503 ac
573 4442 946 4515 const-ntire,
971 4448 1040 4502 ut
1067 4441 1174 4503 alii
1206 4458 1422 4503 eorum
1448 4440 1658 4501 locum
1683 4447 1774 4503 te-

136 4580 146 4587 .
185 4542 409 4610 neant,
445 4541 510 4596 et
537 4535 629 4595 ita
651 4551 754 4597 eos
781 4534 938 4596 velle
961 4533 1462 4614 proesumendum
1481 4539 1594 4595 est.
1627 4535 1772 4595 Ter·

183 4630 274 4688 tio
298 4629 354 4691 si
369 4628 582 4707 aliqui
615 4626 698 4689 ob
725 4627 1026 4689 malitium
1045 4628 1258 4689 venire
1279 4625 1398 4705 ipsi
1417 4626 1640 4703 nolint,
1661 4632 1772 4689 aut

177 4722 342 4783 alios
363 4724 650 4797 mittere,
677 4722 786 4802 qui
803 4720 1524 4800 conveniunt,proecipue
1551 4738 1626 4781 ex
1653 4722 1770 4782 Ro·

179 4818 360 4877 mani
385 4814 710 4877 Pontificis
731 4814 1128 4888 auctoritate,
1159 4813 1471 4875 declarare
1513 4819 1770 4893 possunt

175 4928 248 4969 se
267 4910 440 4971 vices
460 4908 750 4969 omnium
773 4906 1002 4985 subire,
1022 4912 1084 4969 et
1097 4906 1277 4982 alioS,
1293 4906 1404 4985 qui
1423 4906 1636 4967 venire
1661 4925 1770 4967 no-

175 5002 354 5080 lunt,
383 5002 676 5081 suffragii
701 5002 841 5080 jure
863 5018 996 5061 esse
1041 4999 1339 5079 privatos,
1365 4999 1464 5060 vel
1486 5008 1648 5061 certe
1671 5000 1766 5059 in-

177 5096 350 5157 vitos
373 5098 576 5157 etiam
623 5100 687 5155 et
725 5099 967 5154 coactos
993 5110 1138 5153 suas
1166 5094 1330 5153 vices
1357 5090 1766 5171 praesentibus

175 5190 606 5251 committere.
646 5186 816 5248 Unde
847 5185 1102 5247 tandem
1139 5162 1210 5245 fit
1238 5192 1308 5245 ut
1348 5191 1474 5245 tota
1509 5178 1642 5245 h'aec
1669 5204 1766 5246 re·-

179 5282 598 5363 praesentatio
645 5278 1018 5342 universalis
1067 5266 1324 5339 Concilii
1379 5279 1764 5358 potissimum

179 5378 466 5457 pendeat
481 5394 564 5438 ex
581 5374 700 5454 legi
707 5376 860 5435 tima
875 5374 1068 5455 ipsius
1083 5372 1518 5449 declaratione,
1535 5379 1599 5435 et
1613 5390 1767 5453 prte-

179 5472 369 5551 cipue
399 5469 678 5532 Romani
706 5468 1042 5543 Pontificis,
1073 5466 1182 5547 qui
1231 5487 1272 5527 a
1319 5467 1622 5547 principio
1669 5468 1766 5527 in-

181 5564 390 5627 tendit
417 5562 774 5625 Concilium
813 5560 1102 5643 generale
1151 5578 1570 5645 congregare:
1602 5566 1665 5623 et
1690 5578 1766 5625 eo

3308 412 3429 475 329

1868 508 2055 571 modo
2083 512 2487 589 congregatio
2520 513 2728 574 evadit
2750 512 3077 591 generalis,
3110 524 3295 595 prout
3322 536 3429 599 po-

1866 608 1987 663 test
2010 605 2370 683 commode;
2396 612 2665 687 tuncque
2688 609 2889 685 ipsum
2914 609 3256 670 Concilium
3287 630 3429 672 auc-

1867 696 2184 759 toritative
2214 698 2491 761 declarat
2520 702 2848 781 Episcopos
2876 701 2963 762 ibi
3026 710 3429 783 congregatos

1867 788 2073 851 locum
2099 793 2381 853 omnium
2406 800 2771 857 caeterorum
2804 801 3037 870 tenere,
3064 802 3249 877 atque
3271 798 3425 861 adeo

1865 884 2155 963 generale
2205 886 2549 949 Concilium
2606 888 2675 950 in
2712 887 2801 950 eis
2858 890 3236 951 sufficienter
3284 910 3428 953 con·

1863 979 2101 1041 sistere.

1945 1073 2005 1135 8.
2057 1072 2293 1149 Quarta
2318 1077 2837 1141 asserum-Dico
2860 1084 3118 1160 quarto:
3142 1080 3427 1161 quaedam

1863 1173 2013 1228 sunt
2052 1169 2322 1230 Concilia
2378 1171 2693 1249 generalia
2754 1190 2881 1235 uon
2924 1174 3305 1254 simpliciter,
3345 1172 3427 1235 ad

1862 1278 2003 1339 quae
2032 1259 2263 1323 scilicet
2300 1280 2428 1324 non
2448 1270 2751 1327 vocantur
2776 1266 3061 1349 Episcopi
3106 1267 3297 1329 totius
3325 1286 3425 1329 or-

1862 1352 1981 1427 bis,
2013 1354 2119 1415 sed
2146 1354 2463 1433 cujusdam
2490 1358 2780 1435 nationis,
2812 1360 3215 1439 praesentibus
3254 1361 3425 1441 lega-

1863 1446 1942 1509 tis
1967 1448 2233 1509 Romani
2272 1448 2607 1524 Pontificis,
2632 1456 2819 1531 atque
2844 1452 3001 1514 adeo
3050 1472 3190 1533 quae
3216 1453 3425 1533 quoad

1863 1544 2231 1619 potestatem
2256 1556 2319 1603 et
2344 1544 2779 1605 auctoritatem
2812 1545 3127 1623 generalia
3170 1552 3317 1607 sunt
3342 1546 3424 1607 ob

1863 1634 2257 1711 praesentiam
2287 1636 2622 1714 Pontificis,
2658 1636 2802 1699 licet
2846 1656 2973 1699 non
3024 1638 3225 1717 quoad
3278 1656 3425 1699 con·

1865 1725 2292 1806 vocationem3
2324 1728 2411 1789 ita
2442 1737 2614 1810 patet
2640 1748 2719 1791 ex
2754 1748 2893 1806 usu,
2920 1749 3067 1793 nam
3105 1731 3173 1792 in
3214 1732 3421 1793 Africa

1863 1819 2225 1901 hujusmodi
2286 1822 2405 1884 ruit
2442 1824 2783 1885 Concilium
2824 1824 3289 1899 Milevitanum,
3324 1823 3424 1887 cui

1862 1916 2107 1995 praefuit
2151 1918 2503 1993 AnselmuS‚
2568 1918 2865 1981 Romanae
2884 1952 2897 1965 ·
2915 1917 3073 1979 sedis
3129 1918 3370 1995 legatus
3398 1934 3417 1979 z

1860 2009 2163 2072 nonnulla
2192 2014 2379 2073 etiam
2410 2012 2684 2073 Concilia
2710 2010 3027 2085 'l'oletana‚
3060 2016 3129 2071 ut
3150 2016 3319 2090 patet
3346 2026 3424 2073 ex

1857 2104 2114 2183 epistola
2134 2106 2335 2185 prima
2350 2106 2633 2184 Gregorii
2660 2104 2741 2166 ad
2776 2106 3147 2180 Leandrum,
3172 2111 3237 2166 et
3261 2105 3423 2184 epis-

1857 2198 1967 2259 tol.
2022 2201 2105 2260 92
2153 2199 2373 2261 Leonis
2426 2200 2605 2279 Papae
2660 2200 2741 2260 ad
2794 2199 3117 2261 Turibium
3147 2218 3163 2271 3
3220 2198 3423 2259 multa

1859 2292 2011 2353 item
2042 2294 2345 2362 Romana,
2375 2312 2515 2373 quae.
2544 2293 2857 2371 generalia
2886 2293 3008 2354 dici
3052 2292 3273 2365 solent,
3298 2310 3423 2371 quo

1859 2403 2043 2445 sensu
2082 2386 2169 2445 ait
2216 2386 2499 2448 Nicolaus
2544 2387 2591 2457 1,
2636 2386 2895 2466 epistola
2940 2386 3019 2446 ad
3053 2386 3419 2447 Michaelem

1858 2478 2323 2557 imperatorem,
2364 2480 2430 2541 in
2480 2499 2625 2541 casu
2672 2480 3013 2543 Marcellini
3062 2481 3243 2560 Papae
3276 2498 3424 2541 con-

1859 2579 2189 2652 gregatum
2242 2574 2431 2637 fuisse
2476 2574 2819 2637 Concilium
2858 2575 3142 2635 omnium
3171 2574 3419 2654 Episco-

1859 2684 2105 2745 porum,
2132 2684 2272 2727 cum
2300 2674 2509 2729 tamen
2565 2674 2814 2729 centum
2860 2668 3177 2745 octoginta
3216 2667 3417 2729 solum

1858 2760 2267 2821 convenerint
2284 2778 2361 2821 ex
2385 2760 2803 2840 patriarchatu
2823 2763 3126 2837 Romano,
3146 2766 3215 2821 ut
3231 2760 3420 2822 refert

1859 2852 2101 2913 Platina
2116 2870 2135 2930 3
2176 2856 2263 2914 sic
2288 2854 2477 2916 etiam
2496 2856 2840 2917 Concilium
2874 2857 3190 2917 Nicaenum
3220 2855 3417 2917 habe-

1855 2952 1963 3007 tur
1994 2947 2265 3026 primum
2321 2949 2631 3027 generale,
2672 2956 2737 3010 et
2791 2948 3417 3027 Constantinopolita—

1857 3058 2010 3101 uum
2078 3042 2349 3121 primum
2404 3042 2629 3104 dicitur
2690 3042 3029 3105 secundum
3101 3042 3412 3121 generale,

1857 3134 2143 3212 quamvis
2177 3141 2240 3196 et
2268 3136 2433 3197 inter
2469 3153 2543 3197 ea
2576 3136 2767 3197 fuerit
2784 3135 3163 3198 celebratum
3199 3135 3417 3197 Conci·

1855 3226 2011 3287 lium
2041 3228 2416 3304 Romanum,
2446 3230 2611 3308 quod
2658 3230 2950 3309 praedicto
2996 3229 3181 3291 modo
3229 3246 3417 3307 gene·-

1855 3320 1985 3381 rale
2006 3322 2345 3382 secundum
2388 3322 2539 3401 quid
2566 3322 2931 3403 appellatur,
2960 3328 3025 3385 et
3055 3328 3201 3383 ante
3224 3323 3415 3385 Nicae·

1856 3432 2011 3474 num
2033 3414 2157 3475 alia
2184 3415 2413 3477 similia
2437 3416 2671 3477 fuerint
2692 3415 3021 3490 celebrata,
3055 3421 3125 3475 ut
3152 3415 3229 3476 de
3260 3421 3417 3477 tcm-

1855 3528 2005 3590 pore
2047 3510 2385 3572 Marcellini
2436 3512 2672 3572 dictum
2722 3517 2853 3588 est3
2902 3516 2967 3571 et
3010 3510 3087 3572 de
3136 3516 3416 3591 tempore

1855 3604 2119 3665 Cornelii
2166 3604 2355 3665 refert
2404 3604 2725 3680 Eusebius,
2779 3603 2941 3665 libro
2982 3610 3174 3679 sexto,
3214 3608 3417 3683 capite

1853 3696 2329 3777 quadragesimo
2375 3700 2581 3761 tertio.
2649 3700 2863 3779 Itaque
2910 3698 3228 3759 Nicaeuum
3294 3697 3415 3757 fuit

1853 3792 2123 3867 primum
2181 3791 2347 3853 inter
2410 3793 2725 3871 generalia
2794 3790 3174 3871 simpliciter,
3228 3796 3417 3871 prout

1851 3886 2341 3964 praecedentibus
2369 3886 2861 3948 conclusionibus
2888 3885 3191 3965 descripta
3226 3891 3373 3945 sunt
3387 3902 3409 3961 ;

1851 3981 2121 4060 exceptis
2166 3986 2377 4043 tamen
2427 3980 2715 4043 Cone-iliis
2775 3978 3235 4059 Apostolorum,
3274 3998 3414 4059 quae

1847 4081 2116 4154 quatuor
2152 4076 2339 4136 fuisse
2380 4076 2697 4151 dicuntur,
2726 4074 2851 4149 vel,
2894 4082 2967 4134 ut
3014 4074 3123 4135 alii
3168 4074 3409 4148 volunt,

1850 4170 2147 4249 quinque,
2176 4169 2459 4249 quamvis
2484 4168 2637 4230 illud
2666 4169 2831 4248 quod
2856 4169 3144 4229 Actorum
3172 4156 3413 4227 decimo

1851 4263 2071 4343 quinto
2108 4262 2393 4338 refertur,
2416 4263 2498 4321 sit
2524 4261 2831 4323 celebrius
2854 4268 2917 4323 et
2956 4261 3155 4339 magis
3182 4261 3247 4319 iu
3276 4278 3413 4321 mo-

1855 4357 2007 4417 dum
2030 4356 2283 4417 Concilii
2312 4362 2774 4435 congregatum.
2808 4355 2962 4416 Vide
2993 4353 3407 4429 Jacobatium,

1853 4448 2013 4511 libro
2042 4450 2265 4529 primo,
2308 4450 2347 4531 §
2381 4449 2511 4513 Sed
2550 4466 2730 4525 nunc,
2764 4455 2907 4523 etc„
2966 4455 3028 4509 et
3070 4446 3407 4523 Albanum,

1851 4543 1895 4605 1.
1930 4548 1960 4607 1
1998 4543 2075 4604 de
2102 4544 2413 4619 conciliis,
2442 4544 2641 4623 capite
2664 4542 2891 4622 primo.

2461 4748 2676 4800 SECTIO
2708 4748 2792 4801 ιιι.

1846 4910 1947 4975 Ad
1962 4930 2133 4993 quem
2159 4894 2381 4993 spectet
2402 4910 2732 4975 Concilium
2750 4912 3023 4996 pomula
3036 4862 3411 4995 ‘marsyas-e

1917 5007 2191 5180 24·ῃῖἰῖ
2210 5005 2321 5067 illo
2335 4996 2689 5095 presidere,
2716 5007 2958 5087 ejmque
2990 5007 3231 5071 decreta
3270 5024 3411 5071 oon-

1929 5283 1989 5341 ¹.
2026 5280 2117 5341 De
2132 5279 2345 5360 quibus
2374 5274 2645 5341 conciliis
2670 5277 2757 5340 sit
2780 5278 3151 5359 quanta-
3170 5277 3409 5355 Suppo-

1847 5391 1930 5433 uo
1958 5372 2369 5452 quaestiouem
2394 5388 2527 5431 esse
2552 5369 2629 5430 de
2657 5368 2968 5445 conciliis,
2989 5387 3129 5449 quae
3152 5387 3409 5448 congre·

1846 5471 2079 5545 gantur
2108 5465 2189 5526 ad
2242 5464 2627 5526 definiendas
2662 5480 2761 5523 res
2816 5462 2960 5525 fidei
3006 5464 3099 5523 vel
3132 5481 3405 5538 morum,

1845 5565 1955 5624 aut
2000 5558 2169 5643 leges
2200 5558 2485 5623 ferendas
2510 5574 2647 5637 qum
2681 5556 3031 5621 universam
3070 5556 3407 5621 Ecclesiam
