3900 6217
496 382 651 486 ⁴ue

1106 420 1343 475 DIsvu'r.
1380 422 1459 471 lv.
1501 422 1577 475 DE
1612 420 2056 473 miorosi'rtoeiss
2090 421 2336 477 ossssstz'rl
2370 424 2529 475 rint-:1
2563 422 2984 485 Surftctssure,
3021 424 3155 475 Ere.

534 529 719 589 etiam
752 545 885 587 esse
906 527 1225 602 credibile,
1247 546 1373 587 non
1393 527 1592 589 solum
1624 528 1967 601 evidenter,
1993 542 2098 587 ve-
2177 526 2348 589 illam
2381 544 2510 590 esse
2549 526 2955 607 sequendam,
2991 544 3130 607 quae
3177 526 3504 589 evidenter
3547 526 3758 589 credi·-

534 639 677 681 rum
734 639 849 681 nee
906 620 1093 681 etiam
1146 621 1515 699 prudentem
1566 622 1719 698 quia
1760 622 2094 699 judicium,

534 714 697 795 quod
756 713 889 775 fieri
940 714 1123 777 debet
1168 732 1241 773 ex
1284 714 1395 773 tali
1438 716 1869 790 credibilitate,
1917 713 2099 775 debet

535 827 664 869 esse
692 814 929 869 certum
960 814 1023 867 et
1070 808 1203 869 siue
1250 808 1613 883 formidine3
1646 828 1794 887 ergo
1821 810 2102 889 impossi-

535 900 659 961 bile
689 907 777 963 est
802 906 872 961 ut
898 902 1207 963 contraria
1232 900 1513 963 doctriua
1542 904 1619 961 sit
1656 903 1976 965 evidenter
2001 902 2101 963 vel

535 994 876 1076 prudenter
924 995 1254 1057 credibilis.
1310 995 1475 1057 Alias
1544 995 1682 1057 talis
1724 995 2102 1057 credibilitas

540 1087 889 1149 necessario
956 1094 1201 1165 pareret
1268 1089 1699 1157 formidinem:
1740 1092 1871 1153 imo
1911 1090 2102 1153 etiam

538 1180 783 1241 licitum
814 1186 975 1241 esset
1001 1180 1267 1257 homini,
1296 1183 1461 1243 inter
1486 1182 1593 1243 illa
1620 1184 1964 1259 credibilia,
1995 1182 2105 1245 eli—

535 1292 685 1352 gere
708 1274 869 1351 quod
899 1274 1135 1348 mallet,
1164 1276 1217 1335 si
1246 1282 1582 1355 utrumque
1612 1284 1771 1339 esset
1790 1277 2107 1339 evidenter

540 1368 1012 1441 credibile,·non
1042 1368 1241 1431 solum
1293 1368 1571 1431 absolute
1600 1376 1967 1449 spectatum,
1999 1369 2104 1433 sed

542 1464 729 1523 etiam
770 1462 1219 1539 comparative;
1252 1462 1371 1523 hoe
1420 1468 1631 1523 autem
1684 1470 1994 1541 repugnat
2043 1470 2108 1525 et

540 1555 893 1617 certitudini
952 1561 1017 1615 et
1072 1555 1441 1633 obligationi
1500 1556 1647 1617 fidei
1702 1556 2103 1633 Christianae3

542 1668 690 1711 nam
718 1650 768 1709 si
798 1648 1171 1712 sufficienter
1192 1657 1597 1727 proponatur,
1616 1660 1904 1711 tenemur
1934 1650 2108 1713 illam

544 1743 793 1805 eredere
868 1756 1012 1803 cum
1088 1742 1487 1817 certitudine,
1574 1760 1647 1803 ac
1723 1743 2108 1823 praeferendo

544 1838 729 1899 etiam
780 1835 953 1897 illam
1006 1836 1179 1897 omni
1220 1835 1519 1897 doetrinoe
1554 1837 1925 1912 eontrariae3
1959 1855 2108 1915 ergo

546 1948 787 1995 necesse
826 1935 921 1991 est
946 1928 1025 1989 ad
1073 1928 1237 1991 hanc
1286 1929 1697 1993 sufficientem
1748 1932 2111 2011 propositio-

546 2042 713 2099 nem,
746 2029 817 2083 ut
844 2023 967 2087 tale
1004 2022 1310 2101 objectum
1340 2022 1451 2085 fiat
1497 2024 1814 2086 evidenter
1852 2026 2114 2088 credibi-

546 2118 625 2190 le,
653 2136 779 2179 non
806 2118 1007 2179 solum
1050 2117 1353 2193 absolute,
1407 2118 1513 2177 sed
1562 2118 1749 2179 etiam
1798 2136 2115 2199 eompara-

545 2212 695 2274 tive.

629 2310 688 2367 7.
736 2304 1011 2369 Assertio
1056 2310 1386 2384 quarta.—
1414 2306 1668 2371 Notatio
1700 2324 1813 2385 pro
1856 2326 1925 2369 ea
1977 2325 2117 2387 pro-

551 2402 765 2463 banda.
792 2397 1197 2459 -Probatur
1216 2399 1352 2475 jam
1383 2418 1455 2461 ccc
1501 2400 1563 2460 D
1647 2400 1897 2462 Thomu.
1918 2434 2001 2447 -
2025 2401 2118 2465 Et

549 2494 908 2553 ratio·ne.—
943 2491 1034 2551 Ex
1086 2490 1311 2567 quibus
1352 2491 1574 2551 ultimo
1632 2490 1935 2554 concludo
1991 2512 2118 2555 non

550 2586 749 2645 solum
800 2583 1025 2643 debere
1062 2583 1372 2661 objectum
1424 2582 1568 2645 fidei
1612 2603 1741 2645 esse
1800 2586 2120 2648 evidenter

553 2677 869 2751 credibile,
917 2695 1133 2737 verum
1185 2678 1370 2737 etiam
1428 2678 1662 2757 requiri
1710 2680 2115 2756 evidentiam,

550 2770 715 2851 quod
748 2770 1084 2833 secundum
1114 2769 1417 2831 rationem
1444 2772 1793 2835 naturalem
1836 2773 1960 2835 tale
2003 2773 2110 2833 ob-

544 2865 783 2944 jectum
812 2864 891 2923 sit
916 2862 1319 2941 credendum,
1343 2871 1405 2923 et
1432 2864 1575 2925 talis
1598 2866 1750 2927 fides
1778 2867 1857 2927 sit
1898 2866 2112 2945 praefe-

552 2956 744 3019 reuda
784 2948 1149 3035 cuicumque
1176 2957 1455 3035 opinioni
1484 2959 1829 3021 contrarioe.
1862 2960 1958 3021 Ad
2001 2959 2118 3019 hu-

548 3050 654 3129 jus
688 3050 1037 3111 assertionis
1066 3050 1518 3128 probationem,
1542 3051 1992 3113 advertendum
2029 3058 2148 3116 est.

552 3143 684 3205 haee
706 3143 830 3206 duo
858 3161 989 3205 esse
1016 3144 1281 3219 diversa,
1299 3142 1555 3221 scilicet,
1580 3145 1812 3225 aliquid
1843 3164 1974 3207 esse
1989 3164 2118 3207 cre·

554 3235 771 3311 dibile,
820 3234 919 3297 vel
950 3236 1137 3297 etiam
1186 3254 1315 3297 esse
1364 3236 1741 3299 credendum
1774 3240 2118 3299 secundum

556 3335 787 3389 rectam
810 3329 1113 3391 rationein
1134 3351 1151 3403 3
1176 3328 1475 3391 differunt
1490 3330 1657 3391 enim
1691 3337 1984 3411 tanquam
2013 3350 2117 3411 po-

558 3422 753 3481 tentia
777 3427 837 3483 ct
885 3429 1055 3483 aetus
1082 3440 1191 3483 seu
1226 3420 1521 3500 obligatio
1548 3423 1625 3485 ad
1684 3430 1889 3487 aetum
1922 3440 1942 3501 3
1991 3442 2116 3485 non

559 3516 727 3575 enim
760 3532 1005 3595 semper
1036 3520 1322 3575 tenemur
1366 3516 1617 3577 credere
1659 3517 1960 3596 ‹luithuid
1989 3537 2117 3579 ere-

557 3608 745 3669 ‹libile
772 3615 889 3685 est,
920 3609 1075 3669 utin
1102 3608 1389 3669 humanis
1418 3616 1651 3669 constat
1672 3626 1691 3685 ;
1715 3610 2118 3673 nihilominus

558 3707 765 3763 tamen
801 3701 867 3762 iu
904 3702 1114 3763 divina
1144 3700 1262 3763 fide
1312 3702 1601 3777 dicimus,
1642 3705 1881 3783 quoties
1914 3704 2119 3783 objec-

558 3802 691 3855 tum
746 3796 1109 3874 proponitur
1156 3794 1531 3857 sufficienter
1568 3803 1637 3857 ut
1692 3797 1982 3859 credibile
2013 3797 2121 3859 tali

558 3887 705 3960 tide,
733 3894 1177 3967 consequenter
1217 3888 1407 3967 etiam
1436 3908 1563 3949 esse
1599 3890 1996 3964 credendum,
2027 3909 2120 3951 se-

560 3978 831 4041 cundum
866 3986 1095 4041 rectam
1124 3981 1467 4057 rationem,
1500 3989 1751 4063 propter
1772 3983 1939 4063 quod
1963 3983 2121 4043 dixit

558 4072 631 4132 D.
662 4072 953 4149 Thomas,
973 4074 1038 4135 in
1073 4080 1286 4153 quaest.
1318 4076 1357 4135 2
1387 4074 1572 4153 hujus
1602 4076 1893 4151 materiae,
1928 4076 2117 4155 quod,

558 4164 698 4226 licet
718 4173 1088 4247 praeceptum
1115 4166 1259 4227 fidei
1308 4168 1669 4247 simpliciter
1708 4170 1787 4227 sit
1824 4188 2120 4247 superna-

555 4260 777 4334 turale,
811 4261 955 4339 quia
984 4267 1075 4321 est
1098 4261 1174 4321 de
1206 4268 1349 4321 actu
1380 4262 1861 4342 supernaturali,
1894 4262 2123 4323 nihilo-

559 4355 787 4428 minus,
818 4354 978 4415 facta
1027 4355 1405 4417 sufficien!er
1434 4356 1854 4436 propositione
1892 4355 2116 4435 objecti

556 4449 723 4525 fidei,
758 4450 947 4527 ipsam
1006 4452 1311 4511 rationem
1367 4451 1713 4511 naturalem
1765 4452 2114 4526 ostendere,

557 4542 708 4602 talia
737 4544 1053 4605 eredibilia
1080 4564 1209 4605 esse
1228 4545 1565 4621 creclenda3
1586 4551 1645 4603 et
1672 4552 2118 4622 cousequenter

556 4634 837 4711 inferius,
871 4645 1084 4717 qui-est.
1124 4641 1219 4711 10,
1252 4638 1404 4699 dicit
1435 4637 1869 4699 infidelitatem
1900 4637 2116 4716 positi-

557 4746 725 4802 vam,
756 4728 900 4789 licet
942 4733 1319 4810 proximent
1364 4731 1723 4791 immediate
1779 4730 1859 4791 sit
1900 4737 2116 4791 contra

555 4829 931 4903 praeceptum
960 4824 1241 4883 divinum
1266 4824 1759 4903 supernaturale,
1788 4829 2024 4883 remote
2053 4830 2116 4883 et

558 4916 729 4992 quasi
764 4916 1112 4977 radicaliter
1152 4934 1281 4976 esse
1328 4918 1514 4977 ctiam
1546 4923 1757 4977 eontra
1806 4915 2114 4977 rationem

554 5008 921 5083 naturalem,
968 5009 1304 5071 dictantem
1350 5010 1725 5071 credendum
1760 5026 1888 5069 esse
1948 5008 2114 5086 quod

556 5098 713 5159 Deus
739 5099 909 5175 dicit,
950 5109 1011 5163 et
1056 5102 1430 5163 credendum
1462 5120 1595 5161 csse
1646 5102 1767 5161 clici
1794 5120 1830 5161 a
1862 5102 2010 5177 De0,
2051 5101 2112 5161 id

556 5191 717 5271 qnod
756 5196 1009 5255 nomine
1038 5201 1097 5257 et
1137 5196 1363 5255 virtute
1394 5196 1529 5275 ejus
1556 5195 1931 5255 sufficienter
1979 5212 2116 5273 pro-

558 5286 831 5365 ponitur.
866 5288 941 5349 Et
990 5288 1229 5348 ratione
1256 5288 1525 5367 amplius
1554 5288 1926 5363 declaratur,
1969 5287 2116 5366 quia

553 5376 687 5457 ipsa
715 5380 872 5441 ratio
896 5381 1196 5441 naturalis
1226 5380 1441 5457 dictat,
1475 5382 1803 5459 propositis
1832 5380 2115 5460 pluribus

558 5462 733 5533 scetis
770 5492 875 5535 seu
930 5474 1041 5535 viis
1071 5474 1149 5535 ad
1190 5472 1544 5535 felicitatem
1574 5480 1865 5535 aeternam
1903 5490 2114 5535 conse·

555 5567 888 5645 quendam,
915 5574 977 5629 et
1003 5568 1081 5629 ad
1113 5568 1439 5631 colendum
1458 5568 1649 5631 Deum
1668 5568 1879 5631 debito
1902 5566 2109 5641 modu,

2179 618 2364 683 bilior
2443 626 2730 700 apparet3
2781 621 2890 681 sed
2961 620 3211 700 quando
3263 620 3546 681 doctrina
3603 618 3763 681 fidei

2183 715 2562 777 sufficienter
2605 715 2992 793 proponitur,
3023 713 3374 775 ostenditur
3425 713 3764 775 evidenter

2182 808 2536 871 credibilior
2583 824 2972 886 quincumque
3020 813 3186 869 secta
3253 806 3344 869 illi
3395 805 3754 878 contraria3

2181 917 2332 979 ergo
2357 900 2490 979 ipsa
2519 900 2676 959 ratio
2701 898 3004 963 naturalis
3025 900 3216 963 dictat
3247 900 3420 963 illam
3449 916 3586 961 esse
3619 916 3764 959 cre-

2183 993 2473 1055 dendam.
2499 992 2950 1071 Consequentia
2987 998 3080 1055 est
3105 993 3294 1065 clara,
3331 999 3395 1055 et
3427 994 3641 1055 minor
3689 992 3762 1050 iu

2183 1086 2492 1167 prioribus
2535 1084 3033 1147 conclusionibus
3063 1085 3318 1166 probata
3369 1093 3500 1164 est3
3547 1085 3764 1163 major

2185 1186 2398 1243 autem
2425 1196 2504 1241 ex
2541 1180 2825 1241 terminis
2855 1179 3102 1239 videtur
3129 1180 3404 1255 evidens,
3421 1178 3574 1259 qnia
3594 1178 3758 1239 illud

2185 1280 2280 1335 ast
2303 1273 2678 1335 credendum
2721 1272 2886 1352 quod
2944 1274 3246 1352 majorem
3283 1273 3562 1335 veritatis
3613 1290 3762 1351 spe-

2187 1370 2343 1431 ciem
2387 1386 2512 1448 prae
2539 1386 2604 1431 se
2635 1368 2774 1443 fert,
2807 1373 2870 1429 et
2895 1368 3238 1447 mettim
3279 1368 3346 1429 in
3375 1368 3628 1445 negotio
3659 1386 3762 1427 sa-

2187 1463 2356 1537 lutis,
2395 1463 2463 1523 in
2507 1478 2630 1541 quo
2658 1476 2842 1523 omne
2885 1460 3123 1522 morale
3167 1461 3510 1542 periculum
3547 1460 3764 1523 vitan-

2187 1556 2340 1619 dum
2371 1562 2484 1617 est.

2267 1650 2330 1713 8.
2371 1651 2476 1713 Ad
2498 1652 2792 1713 rationem
2821 1648 3138 1711 dubitandi
3169 1649 3236 1711 in
3271 1666 3437 1711 num.
3467 1650 3527 1711 Ξ.
3551 1682 3636 1693 --
3655 1645 3774 1711 Aa

2184 1744 2452 1823 primam
2485 1744 3014 1818 confirmationem.
3039 1774 3125 1791 ··-·
3153 1742 3456 1821 O'jeclum
3508 1742 3773 1821 aliquod

2191 1837 2516 1915 dupliciter
2544 1838 2668 1899 dici
2707 1840 2899 1916 potest
2955 1835 3252 1898 credibile.
3275 1866 3358 1883 -
3391 1835 3576 1898 Ratio
3603 1852 3770 1914 ergo

2191 1928 2520 1991 dubitandi
2565 1930 2630 1991 in
2681 1929 2988 2010 principio
3017 1928 3214 2006 posita
3259 1927 3437 1989 facile
3463 1946 3544 1991 ex
3573 1927 3770 1989 dictis

2193 2021 2455 2085 solvitur
2476 2038 2497 2100 ;
2527 2023 2930 2103 quantumvis
2949 2022 3121 2083 enim
3146 2039 3244 2085 res
3269 2021 3351 2083 sit
3391 2027 3770 2102 supernatu-

2197 2114 2365 2189 ralis,
2393 2121 2590 2194 potest
2605 2114 2744 2175 fieri
2769 2114 3089 2175 evidenter
3109 2112 3426 2177 crelibilis
3449 2131 3558 2195 per
3578 2114 3770 2192 signa

2193 2215 2258 2269 et
2281 2209 2402 2270 alia
2431 2209 2634 2271 media
2679 2207 2959 2269 sensibus
3005 2207 3268 2287 obieeta,
3305 2208 3642 2287 adjuvante
3669 2208 3772 2269 lu·

2197 2302 2368 2363 mine
2415 2309 2478 2364 et
2514 2303 2789 2365 discursu
2837 2302 3130 2375 naturali,
3177 2302 3327 2381 quia
3379 2300 3774 2363 credibilitas

2199 2395 2484 2473 provenit
2511 2412 2588 2455 ex
2619 2395 2824 2457 medio
2867 2396 3236 2470 extrinseco,
3263 2394 3428 2473 quod
3463 2394 3776 2457 naturali·

2197 2495 2294 2551 ter
2322 2495 2518 2567 potest
2541 2488 2860 2551 evidenter
2891 2488 3206 2567 cognosci.
3236 2489 3315 2549 Et
3341 2494 3540 2567 potest
3569 2489 3778 2549 etiam

2197 2582 2414 2645 cadere
2453 2583 2520 2643 in
2555 2582 2923 2662 mysterium
2957 2583 3450 2662 supernaturale,
3485 2588 3548 2645 et
3607 2582 3779 2645 illud

2197 2678 2604 2741 denominare
2645 2677 2960 2754 credibile,
2993 2684 3066 2739 ut
3093 2677 3458 2757 explicando
3507 2696 3646 2739 rem
3685 2678 3784 2757 ip·-

2191 2790 2325 2835 sam
2356 2773 2424 2833 in
2451 2772 2854 2851 sequentibus
2881 2772 3206 2833 mai‘iit'este
3233 2771 3555 2833 constabit.
3583 2772 3780 2833 Unde

2196 2865 2398 2946 prima
2427 2864 2836 2938 confirmatio,
2869 2865 3128 2927 fundata
3149 2866 3214 2925 in
3255 2864 3780 2927 denominatione

2199 2958 2530 3033 credibilis,
2561 2958 2628 3019 in
2673 2959 2990 3037 aequivoco
3015 2958 3280 3029 laborat,
3315 2964 3386 3018 ut
3433 2958 3616 3018 facile
3675 2960 3784 3017 in-

2199 3050 2394 3129 telligi
2424 3056 2626 3131 potest
2653 3050 2872 3115 iisdem
2893 3052 3191 3131 exemplis
3208 3069 3350 3131 quse
3377 3052 3444 3113 in
3473 3050 3586 3113 illa
3614 3050 3782 3113 affe-

2197 3150 2443 3205 runtur.
2479 3144 2868 3224 intelligibile
2897 3146 3065 3207 enim
3093 3151 3155 3207 et
3201 3142 3490 3205 sensibile
3517 3142 3784 3203 duobus

2197 3236 2399 3307 modis
2421 3238 2616 3316 aoeipi
2647 3244 2923 3317 possunt,
2959 3244 3030 3297 ut
3051 3256 3130 3301 ex
3167 3237 3590 3317 Metapliysiea
3625 3254 3788 3299 ron-

2195 3334 2340 3403 stat,
2365 3328 2660 3411 disputat.
2692 3333 2796 3404 44,
2823 3338 2968 3393 sect.
3003 3334 3100 3405 Η,
3131 3348 3366 3393 anum.
3399 3330 3502 3404 64,
3533 3336 3600 3388 et
3617 3328 3780 3389 libr.

2197 3424 2237 3483 2
2271 3423 2346 3483 de
2375 3425 2570 3502 Aug„
2597 3444 2735 3504 cap.
2768 3428 2833 3499 2,
2871 3442 3046 3485 num.
3085 3426 3188 3500 Ἡ,
3219 3423 3449 3485 seilicet
3479 3422 3788 3483 {urinali-

2197 3522 2293 3575 ter
2319 3522 2382 3575 et
2407 3516 2962 3579 fundamentaliter
2979 3519 3092 3593 3‘et
3119 3516 3312 3597 priori
3336 3515 3520 3577 modo
3547 3532 3788 3575 verum

2197 3614 2290 3669 est
2317 3607 2454 3671 illas
2497 3609 3030 3671 denominationes
3053 3610 3222 3671 sumi
3265 3628 3304 3669 a
3351 3608 3632 3687 potentia
3679 3607 3792 3667 in-

2205 3702 2480 3763 tellectus
2530 3700 2628 3763 vel
2684 3722 2919 3777 sensae,
2957 3710 3262 3783 quatenus
3287 3707 3490 3783 potest
3534 3700 3790 3761 intelli-

2201 3813 2346 3873 gere
2368 3794 2460 3856 vel
2489 3797 2718 3856 sentire
2745 3795 2870 3857 tale
2899 3796 3237 3874 objectum,
3269 3795 3438 3876 quod
3457 3794 3606 3855 inde
3631 3812 3792 3873 pas-

2201 3888 2330 3949 sive
2391 3888 2829 3949 denominatur
2879 3888 3272 3967 intelligibile
3300 3888 3400 3949 vel
3439 3886 3748 3949 sensibile
3765 3908 3785 3961 ;

2203 3982 2523 4059 posteriori
2551 3988 2761 4043 autem
2815 3982 3024 4057 modo,
3055 3982 3285 4043 scilieet
3329 3981 3782 4043 fundamenta·

2201 4074 2360 4147 liter,
2379 4094 2508 4137 non
2532 4082 2622 4135 est
2649 4075 2755 4137 illa
2777 4075 3202 4137 denominatio
3225 4094 3264 4137 a
3285 4081 3588 4155 potentia,
3617 4090 3788 4133 nam

2202 4170 2408 4247 potius
2431 4170 2508 4231 ad
2545 4170 2888 4266 potentiam
2921 4168 3116 4248 ipsam
3145 4169 3536 4248 supponitur,
3569 4174 3636 4227 et
3665 4184 3790 4226 su-

2201 4263 2393 4323 mitur
2445 4262 2524 4323 ab
2575 4262 2784 4341 aliqua
2835 4262 3168 4323 intrinseca
3219 4262 3588 4341 proprietate
3647 4260 3788 4335 rei,

2199 4374 2341 4434 quoe
2372 4362 2464 4417 est
2488 4356 2709 4417 veritas
2737 4356 2806 4415 in
2843 4354 3088 4434 ohJecto
3113 4354 3516 4433 intelligibili,
3541 4358 3608 4413 et
3642 4353 3794 4413 vii·-

2197 4457 2292 4509 tus
2318 4449 2690 4509 immutandi
2717 4467 2967 4511 sensum
3017 4450 3088 4511 in
3129 4448 3427 4511 sensibili.
3455 4448 3604 4521 Qnae
3631 4448 3790 4509 elis-

2195 4544 2416 4603 tinctio
2447 4542 2612 4620 (livet
2635 4548 2700 4603 iu
2721 4542 2830 4603 lib.
2861 4545 2900 4603 2
2925 4542 3002 4603 de
3041 4542 3239 4616 Grat„
3281 4560 3416 4621 eap.
3457 4546 3551 4608 tt.
3579 4560 3782 4603 num.

2196 4639 2298 4705 25,
2333 4655 2442 4715 pro
2473 4654 2541 4697 re
2591 4635 2867 4714 subjecta
2898 4654 3022 4695 non
3053 4635 3374 4715 placuerit)
3405 4634 3542 4695 dari
3571 4635 3786 4695 etium

2197 4730 2351 4789 solet
2377 4729 2452 4787 de
2479 4728 2720 4808 objecto
2759 4728 3056 4807 possibili,
3099 4738 3164 4789 et
3201 4727 3489 4788 dedimus
3525 4728 3784 4807 dis-put-

2197 4825 2276 4883 30
2319 4822 2618 4903 Metaph„
2661 4828 2809 4883 sect.
2869 4824 2962 4897 17,
3007 4840 3186 4883 num.
3237 4822 3326 4881 10.
3379 4823 3468 4883 lta
3499 4840 3652 4899 ergo
3703 4823 3784 4883 in

2195 4916 2486 4995 praesenti
2519 4914 2846 4994 dupliciter
2887 4921 3086 4995 potest
3135 4914 3448 4994 objectum
3479 4914 3790 4977 denomi-

2197 5008 2336 5069 nari
2367 5008 2684 5083 credibile,
2723 5008 2953 5069 scilieet
2980 5007 3324 5069 formaliter
3367 5014 3432 5069 et
3459 5008 3792 5087 quodam-

2197 5102 2382 5163 modo
2447 5102 3030 5177 fundamentaliter,
3085 5120 3196 5163 scu
3259 5100 3648 5181 dispositis-⁵23
3709 5110 3790 5161 et

2195 5194 2388 5274 priori
2417 5194 2605 5256 modo
2625 5193 3020 5255 concedimus
3041 5194 3612 5257 denominationem
3659 5214 3738 5255 su
3751 5230 3788 5243 .-

2197 5287 2286 5347 mi
2335 5286 2416 5347 ab
2477 5285 2610 5365 ipsa
2649 5286 2876 5347 virtute
2929 5286 3115 5363 fidei3
3175 5288 3502 5367 posteriori
3545 5292 3784 5349 autem

2195 5378 2379 5439 modo
2425 5397 2725 5457 negamus
2752 5378 2896 5441 inde
2926 5380 3112 5455 sumi,
3135 5380 3242 5441 sed
3281 5398 3320 5441 a
3361 5380 3778 5455 testimoniiS,

2195 5479 2258 5535 et
2289 5472 2426 5533 aliis
2459 5473 2844 5550 conjecturis,
2877 5492 3016 5552 quae
3068 5480 3448 5535 concurrunt
3471 5475 3552 5537 ad
3583 5474 3780 5537 sufli-

2195 5567 2458 5628 eientem
2507 5566 2982 5647 applicationem
3031 5566 3199 5631 fidei.
3241 5569 3348 5631 Est
3393 5574 3607 5635 tamen
3655 5568 3782 5636 hic
