3900 6217
604 405 772 459 sEcT.
812 404 892 459 ΙΙΙ.
929 406 1010 457 ΑΝ
1045 406 1142 457 sn·
1176 404 1256 457 DE
1287 402 1556 457 numm:
1589 402 1864 458 nAEREsls
1897 406 2021 459 CUM
2057 404 2426 459 renuntiem
2461 402 2773 460 commin.

227 514 434 581 somn
455 508 795 593 iynorantia
835 525 1130 570 excusans
1158 506 1228 569 ab
1270 506 1484 569 naresi
1518 509 1650 581 suf·

167 613 384 695 fidenter
422 606 662 669 tonatur
696 618 803 684 per
840 600 1136 683 Episcopi
1176 603 1284 665 aut
1328 599 1652 681 Inquisito-

166 726 270 771 νυνι
301 697 751 764 instructionem.
782 728 863 741 -
885 692 1217 774 Affirmant
1255 694 1391 767 alii,
1440 692 1653 756 Cardi-

167 800 312 871 nalis,
338 791 554 855 Bao-tol.
573 834 596 864 ,
627 790 818 852 Pena.
844 822 924 836 -
945 786 1080 850 Alii
1119 794 1358 869 nepam.
1380 821 1461 834 -
1486 786 1654 848 Solet

165 899 326 953 autem
366 886 460 946 hic
507 882 716 963 quoeri,
749 880 997 962 quando
1041 880 1266 961 aliquis
1303 880 1420 941 hoc
1467 881 1651 942 modo

166 982 340 1047 erravit
377 996 476 1057 per
519 975 956 1053 ignorantiam,
997 992 1132 1053 quas
1169 973 1512 1034 admonitio
1549 973 1648 1034 vel

161 1074 422 1140 instructio
465 1068 724 1131 sufficiat
770 1075 863 1145 ut,
917 1070 992 1141 si,
1050 1086 1124 1130 ea
1167 1086 1292 1128 non
1340 1066 1646 1143 obstante,

161 1172 304 1231 homo
340 1166 398 1226 in
441 1182 548 1225 suo
588 1181 794 1224 errore
841 1161 1123 1241 persistat
1151 1206 1170 1236 ,
1221 1158 1548 1221 haereticus
1589 1166 1650 1220 et

161 1262 386 1343 pertinax
411 1276 532 1319 esse
561 1256 841 1336 incipiat.
873 1256 938 1315 In
972 1254 1089 1316 hoc
1119 1254 1462 1316 communis
1511 1272 1649 1313 sen-

161 1356 307 1417 tentia
327 1350 811 1430 jurisperitorum
847 1353 963 1422 est,
993 1349 1047 1408 si
1079 1348 1280 1409 -homo
1311 1347 1412 1408 ille
1449 1365 1487 1407 a
1537 1364 1649 1407 suo

162 1450 416 1528 Episcop0,
453 1442 548 1504 vel
599 1442 679 1503 ab
721 1440 1228 1521 Inquisitoribus,
1261 1448 1372 1501 aut
1415 1441 1502 1509 ab,
1535 1440 1648 1500 ho·

161 1538 372 1602 minibus
406 1536 594 1597 doctis
635 1554 744 1615 per
782 1554 884 1597 eos
926 1534 1252 1615 deputatos
1280 1534 1646 1609 instruatur,

163 1650 370 1695 errorem
393 1647 568 1691 suum
598 1648 730 1691 esse
754 1636 970 1690 contra
989 1626 1416 1690 definitionem
1445 1627 1650 1688 Eccle-

167 1729 256 1799 εἰπε,
289 1731 340 1784 et
368 1722 769 1784 nihilominus
796 1722 863 1783 in
908 1742 1020 1783 sua
1064 1721 1366 1784 sententia
1408 1738 1650 1800 perma-

165 1826 282 1893 neat,
304 1816 358 1877 id
385 1816 524 1877 satis
555 1834 692 1878 esse
723 1822 794 1877 ut
831 1816 1090 1895 incipiat
1134 1832 1259 1875 esse
1297 1814 1649 1887 haereticus,

160 1913 264 1990 quia
288 1910 404 1988 jam
436 1908 665 1971 resistit
710 1909 1012 1971 Ecclesiae.
1061 1908 1150 1970 lta
1191 1907 1551 1983 cardinalis,
1584 1907 1650 1968 iu

156 2006 389 2067 Clemcut.
438 2006 462 2064 i
499 2004 581 2065 de
619 2004 793 2065 Sum.
825 2003 1089 2075 Trinit.;
1125 2000 1402 2063 Bartolus
1429 2008 1490 2063 et
1519 2000 1648 2076 alii,

155 2118 270 2179 quos
302 2098 472 2159 reffert
518 2104 586 2159 et
631 2098 910 2177 sequitur
961 2098 1183 2172 Pena„
1215 2097 1281 2156 in
1332 2096 1582 2170 Direct.,
1613 2099 1642 2156 1

155 2200 272 2273 part.
301 2234 316 2267 ‚
353 2200 684 2252 comment.
714 2192 817 2265 26,
847 2190 924 2251 ad
977 2195 1189 2268 quaest.
1223 2190 1342 2263 Ω,
1380 2194 1440 2249 et-
1485 2188 1651 2250 Fari-

151 2304 274 2359 nam,
297 2284 362 2345 de
391 2284 644 2358 Haeresi,
668 2290 882 2363 quaest.
917 2284 1058 2359 169,
1089 2302 1127 2345 a
1155 2300 1328 2343 uum.
1353 2283 1449 2343 10.
1481 2280 1652 2342 Nihi-

153 2378 366 2439 lominus
400 2377 584 2438 multi
615 2376 916 2456 Theologi
943 2384 1178 2456 negant
1223 2375 1393 2437 illam
1441 2374 1653 2436 admo-

155 2472 394 2533 nitionem
429 2470 718 2551 Episcopi
761 2469 862 2531 vel
917 2470 1300 2550 Inquisitoris
1347 2467 1650 2541 sufficere,

153 2570 200 2623 ut
229 2567 292 2625 sit
325 2566 606 2645 pertinax
649 2570 713 2626 et
756 2563 1080 2627 haereticus
1108 2564 1214 2645 qui
1247 2582 1374 2624 non
1415 2563 1654 2643 acquie-

149 2658 252 2733 scit,
294 2658 384 2718 sed
434 2658 496 2717 in
549 2674 672 2718 suo
715 2674 918 2719 errore
969 2666 1340 2737 perseverat,
1385 2656 1553 2735 qnia,
1593 2661 1654 2716 et

149 2752 420 2831 Episcopus
449 2757 511 2811 et
544 2751 665 2811 alii
705 2751 1107 2829 particulares
1135 2749 1415 2811 homines
1454 2748 1652 2827 decipi

149 2852 364 2923 possunt,
392 2850 452 2905 et
489 2845 782 2925 decipere
808 2867 824 2918 ;
859 2862 1004 2923 ergo
1027 2844 1268 2905 etiamsi
1295 2841 1416 2902 illis
1441 2841 1654 2902 dicen-

155 2936 275 2996 tibus
302 2945 353 2998 et
373 2938 776 2998 monentibus
805 2937 1033 3017 aliquid
1061 2954 1190 2998 esse
1225 2933 1549 2997 definitum
1573 2934 1653 2995 ab

153 3030 378 3106 Ecclesia,
407 3031 731 3111 quispiam
771 3049 898 3091 non
938 3030 1166 3105 credat,
1197 3047 1324 3090 non
1373 3029 1489 3089 erit
1529 3028 1654 3089 11ae-

145 3123 352 3198 reticus3
390 3140 589 3201 εει-30,
635 3123 918 3202 quamvis
971 3122 1254 3199 persistat
1315 3120 1536 3199 aliquis
1586 3121 1653 3180 in

141 3232 225 3275 sua
251 3216 518 3295 opinione
546 3216 661 3277 vel
694 3233 923 3291 errore,
955 3216 1102 3295 quia
1147 3232 1274 3275 non
1309 3214 1504 3274 credit
1553 3230 1656 3273 ve·

141 3324 246 3367 rum
269 3327 382 3371 esse
407 3308 586 3389 quod
614 3309 949 3390 Episcopus
955 3352 974 3383 ,
1001 3307 1099 3368 vel
1126 3306 1283 3369 alius
1313 3306 1530 3367 similis
1563 3306 1654 3365 di-

137 3405 224 3475 cet,
249 3402 596 3479 Ecclesiam,
629 3403 883 3478 scilicet,
911 3401 1292 3463 contrarium
1320 3400 1649 3475 definiisse,

137 3510 236 3553 non
275 3496 380 3555 erit
437 3499 756 3577 pertinax,
803 3496 948 3575 quia
995 3513 1118 3557 non
1163 3500 1467 3573 repugnat
1505 3492 1656 3553 defi·

139 3586 317 3648 uitioui
363 3590 678 3665 Ecclesiae,
709 3590 814 3651 sed
844 3595 1086 3649 tantum
1132 3606 1260 3649 non
1291 3588 1488 3649 credit
1537 3586 1650 3647 illi.

139 3678 280 3741 Unde
313 3690 502 3761 potest
529 3684 674 3744 talis
701 3683 888 3744 homo
917 3680 1144 3743 habere
1172 3682 1452 3743 animum
1481 3697 1654 3760 para-

137 3778 241 3834 tum
279 3777 350 3836 ad
380 3776 768 3838 credendum
794 3774 1098 3851 Ecclesiae,
1131 3774 1182 3835 si
1223 3776 1298 3836 de
1339 3775 1502 3836 illius
1550 3777 1656 3835 de-

135 3866 368 3931 finitione
421 3870 539 3931 sibi
607 3870 973 3931 constiterit.
1025 3869 1116 3929 Ita
1155 3868 1430 3928 sentiunt
1475 3868 1650 3942 Can„

133 3958 216 4021 lib.
243 3965 308 4024 {2
337 3964 412 4025 de
455 3964 663 4040 Locis,
693 3980 830 4043 cap.
863 3965 924 4037 9,
954 3962 1029 4023 ad
1076 3960 1266 4023 finem
1294 3980 1310 4034 ;
1347 3962 1576 4037 Castm,
1605 3960 1652 4021 1.

137 4055 246 4115 ide
268 4058 446 4137 Justa·
479 4058 759 4119 hoeretic.
797 4057 1001 4137 punit,
1027 4057 1134 4117 lib.
1171 4061 1230 4132 1,
1269 4074 1403 4135 cap.
1457 4058 1555 4131 10,
1597 4058 1658 4115 et

133 4146 231 4225 alii,
260 4168 404 4230 quos
422 4150 618 4213 refert
653 4157 716 4212 et
743 4150 1020 4231 sequitur
1047 4150 1329 4224 Sancirm,
1357 4149 1520 4211 dicto
1542 4147 1651 4209 lib.

133 4243 161 4299 2
192 4242 478 4323 Decalogi,
511 4264 652 4324 cap.
685 4248 747 4321 7,
779 4262 956 4305 num.
988 4246 1089 4306 25.

199 4336 256 4395 21
322 4338 640 4402 Iudicium
670 4339 936 4401 auctoris
977 4338 1046 4401 de
1063 4342 1246 4419 parte
1291 4336 1650 4417 affimaute.

127 4460 189 4471 —
208 4430 288 4492 De
309 4436 488 4513 parte
537 4433 849 4511 myativa.
880 4464 954 4479 -
980 4434 1062 4494 In
1115 4434 1252 4509 foro
1297 4430 1476 4494 etiam
1527 4429 1658 4492 ani-

126 4535 217 4581 moe
243 4542 384 4603 pars
437 4527 834 4605 affirmativa
867 4524 1061 4589 locum
1104 4526 1310 4587 habere
1341 4529 1558 4607 potest.
1576 4554 1656 4569 --

131 4614 348 4678 Possunt
379 4626 600 4680 autem
655 4619 750 4680 hae
793 4620 1114 4680 sententiae
1162 4620 1230 4679 in
1267 4618 1658 4679 concordiam

127 4706 322 4786 reduci,
355 4711 408 4772 si
454 4713 667 4792 prima
717 4712 1056 4773 secundum
1088 4709 1656 4792 praesumptionem,

128 4802 254 4862 etin
281 4805 498 4866 ordine
548 4804 630 4865 ad
663 4804 868 4865 forum
897 4806 1180 4867 Ecclesiae
1228 4810 1290 4866 et
1316 4804 1484 4864 illius
1533 4820 1660 4882 poe·

126 4908 218 4953 nas
245 4895 674 4976 intelligatur3
709 4898 980 4959 secunda
1013 4916 1187 4973 vere,
1232 4900 1282 4957 si
1317 4896 1660 4957 secundum

126 4989 437 5066 veritatem,
468 4998 534 5051 et
569 4991 638 5051 in
667 4990 884 5051 ordine
930 4990 1008 5051 ad
1037 4990 1242 5051 forum
1271 4990 1655 5050 conscientias

126 5082 478 5161 accipiatur3
537 5082 706 5162 quod
755 5084 942 5143 etiam
997 5084 1338 5145 insinuavit
1369 5084 1560 5157 Canu,
1589 5084 1656 5142 in

126 5170 232 5233 {oco
259 5178 467 5254 citato,
503 5183 572 5238 et
600 5177 800 5256 prima
841 5176 1093 5257 quidem
1123 5194 1262 5257 pars
1287 5175 1360 5237 dc
1392 5175 1525 5236 toro
1553 5175 1658 5234 Ec-

126 5264 291 5330 elesiae
333 5278 506 5331 certa
556 5270 717 5331 mihi
745 5271 1016 5346 videtur,
1057 5277 1120 5332 et
1161 5269 1492 5332 conformis
1529 5267 1660 5347 juri

126 5366 414 5441 canonico,
465 5372 540 5425 ut
573 5370 744 5443 patet
786 5380 861 5425 ex
907 5384 1040 5444 cap.
1095 5362 1550 5435 lib-solvendam,
1583 5362 1660 5422 de

126 5452 430 5519 Haeoeticis.
465 5460 548 5519 Et
591 5458 750 5518 ratio
793 5456 969 5520 reddi
1011 5463 1232 5537 potest,
1263 5458 1408 5536 quia
1443 5456 1659 5534 negari

126 5564 226 5610 non
263 5559 460 5631 potest
499 5551 658 5633 quin
699 5550 852 5613 illud
897 5568 1090 5631 genus
1137 5551 1540 5613 contumaciae
1578 5548 1660 5613 sit

3166 402 3283 464 477

1731 524 1916 584 grave
1961 514 2296 589 peccatum,
2328 512 2390 569 et
2428 507 2711 569 Ecclesiae
2740 507 3133 588 injuriosum.
3162 510 3289 573 Un-

1731 601 1807 661 de
1838 601 1981 663 licet
2016 602 2231 663 demus
2273 620 2401 663 non
2438 602 2747 680 attingere
2780 602 3052 683 rigorem
3096 602 3288 665 haire-

1731 694 1833 770 sis,
1871 694 2276 757 nihilomiuus
2314 705 2376 757 et
2430 694 2687 773 dignum
2738 700 2829 757 est
2886 696 3289 761 ecclesiastica

1732 808 1938 871 poena,
1972 795 2032 850 et
2074 808 2374 869 magnum
2424 789 2725 849 indicium
2776 788 2855 849 ad
2910 808 3289 869 praesumeu·

1731 883 1875 943 dam
1903 882 2212 943 haeresim.
2246 882 2455 944 Altera
2500 901 2647 943 vero
2696 900 2859 962 parS,
2910 884 2985 943 de
3030 884 3289 947 veritate

1729 983 1792 1039 et
1818 977 1896 1038 de
1939 976 2075 1037 foro
2112 977 2519 1053 conscientiae,
2550 994 2678 1037 non
2710 977 2956 1039 videtur
3000 979 3155 1039 mihi
3182 978 3291 1039 ab·

1729 1070 1926 1132 solute
1958 1088 2105 1131 vera
2129 1086 2149 1147 ;
2179 1070 2557 1148 distinguere
2586 1072 2754 1133 euim
2783 1079 3023 1152 oportet
3046 1091 3125 1133 an
3158 1091 3291 1133 mo·

1729 1163 1845 1224 dus
1892 1161 2334 1225 admonitionis
2380 1164 2460 1223 sit
2512 1162 2826 1225 sufficiens
2881 1164 2955 1225 ad
3010 1163 3290 1243 obligan-

1729 1257 1901 1330 dum,
1933 1272 2004 1319 ut
2031 1274 2250 1317 verum
2297 1274 2423 1317 esse
2467 1256 2752 1318 credatur
2786 1257 2950 1337 quod
3002 1259 3290 1337 proponi-

1728 1358 1853 1429 tur,
1883 1370 2013 1412 non
2044 1352 2239 1412 solum
2273 1357 2340 1412 nt
2367 1352 2445 1412 ab
2486 1350 2843 1412 hominibus
2880 1370 2990 1412 sua
3026 1353 3291 1413 auctori-

1728 1450 1856 1505 tate
1881 1445 2139 1520 dictum,
2163 1445 2269 1506 sed
2298 1451 2367 1505 ut
2394 1444 2720 1507 definitum
2750 1444 2828 1505 ab
2856 1445 3121 1505 Ecclesia
3149 1464 3289 1507 auc-

1727 1538 1978 1601 toritate
2020 1538 2255 1610 divina,
2286 1538 2373 1598 ita
2400 1545 2469 1600 ut
2503 1543 2565 1599 et
2608 1538 2939 1599 auctoritas
2983 1537 3285 1613 Ecclesiae,

1730 1637 1793 1694 et
1842 1631 2121 1693 definitio
2164 1632 2296 1710 ejus
2328 1632 2489 1693 circa
2518 1630 2706 1692 talem
2748 1631 3069 1693 materiam
3122 1630 3290 1692 suffi-

1731 1726 1965 1786 cienter
1990 1732 2439 1806 proponantur,
2474 1730 2776 1803 tanquam
2814 1725 3132 1787 evidenter
3160 1743 3292 1786 cre-

1732 1817 1995 1893 dibiles;
2029 1818 2078 1879 si
2109 1836 2257 1898 ergo
2304 1818 2629 1879 instructio
2662 1822 2739 1895 ‘et
2784 1819 3116 1897 propositio
3165 1837 3291 1879 non

1730 1911 1917 1973 fuerit
1943 1913 2061 1973 hoc
2110 1912 2296 1973 modo
2328 1910 2661 1985 sufficiens,
2691 1917 2841 1971 tunc
2868 1911 3073 1971 loc-um
3106 1910 3291 1973 habe-

1731 2005 1824 2066 bit
1862 2006 2023 2086 quod
2069 2006 2433 2087 posteriores
2459 2014 2739 2066 auctores
2780 2005 3025 2079 docent,
3060 2022 3137 2065 ex
3184 2004 3291 2067 illo

1731 2100 2037 2180 principio
2066 2098 2339 2178 generali
2368 2116 2551 2177 supra
2580 2098 2828 2174 tradito,
2857 2098 3021 2177 quod
3056 2098 3133 2159 ad
3164 2118 3291 2160 cre-

1733 2192 2007 2254 dendum
2051 2193 2393 2253 necessaria
2440 2196 2532 2251 est
2593 2190 2901 2253 sufficiens
2958 2194 3291 2271 propositio

1732 2286 1958 2366 objecti
1994 2287 2317 2349 credibilis.
2351 2285 2440 2355 At,
2460 2303 2603 2346 vero
2636 2286 2683 2345 si
2717 2286 3057 2346 admonitio
3100 2292 3161 2347 et
3197 2286 3293 2347 in·

1733 2382 1989 2442 structio
2032 2380 2109 2441 sit
2158 2378 2275 2441 hoc
2322 2379 2507 2439 modo
2544 2377 2873 2455 sufficienS‚
2925 2381 3056 2441 sine
3104 2381 3293 2442 dubio

1734 2473 1854 2534 erit
1913 2474 2201 2553 pertinax
2268 2480 2329 2534 et
2386 2472 2710 2533 haereticus
2771 2474 2880 2553 qui
2940 2474 3233 2535 restiterit
3272 2519 3291 2549 ,

1734 2566 1977 2627 etiamsi
2007 2564 2168 2626 dicat
2218 2584 2281 2626 se
2312 2582 2437 2625 non
2485 2562 2730 2626 credere
2785 2566 2973 2627 talem
3022 2568 3293 2646 proposi-

1735 2659 2009 2734 tionemj,
2052 2658 2197 2737 quia
2242 2676 2368 2719 uon
2414 2658 2607 2717 credit
2652 2674 2780 2719 esse
2834 2658 3157 2720 definitam
3212 2658 3292 2720 ab

1735 2752 2026 2827 Ecciesia‚
2056 2752 2201 2832 quia
2240 2750 2305 2811 iu
2347 2750 2465 2813 hoc
2506 2752 2637 2831 ipso
2667 2753 2953 2831 pertinax
2994 2760 3108 2828 est,
3152 2773 3294 2815 cum

1731 2844 1886 2905 illud
1956 2846 2333 2906 sufficienter
2396 2853 2831 2924 proponatur-3
2876 2844 3027 2907 alias
3085 2846 3295 2907 nullus

1733 2944 1888 2999 esset
1925 2939 2247 2999 haereticus
2289 2940 2595 3019 pertinax,
2626 2940 2770 3017 quia
2817 2957 3031 3001 omues
3062 2947 3295 3021 negant

1733 3033 2026 3093 veritates
2055 3032 2394 3092 contrarias
2436 3032 2561 3093 suis
2608 3031 2919 3093 erroribus
2972 3051 3102 3094 esse
3148 3034 3294 3094 defl-

1733 3126 1896 3185 nitas
1925 3143 1964 3185 a
1988 3143 2137 3185 vera
2166 3123 2454 3198 Ecclesia,
2484 3122 2581 3184 vel
2605 3142 2642 3184 a
2670 3124 2963 3201 Concili0,
3000 3132 3110 3185 aut
3138 3126 3295 3187 Pon-

1733 3216 1901 3278 tifice
1949 3216 2217 3279 habente
2268 3216 2659 3278 infallibilem
2712 3218 3181 3296 auctoritatem3
3218 3217 3297 3278 si-

1734 3316 1842 3371 cut
1891 3328 2060 3389 ergo,
2108 3317 2389 3391 respectu
2420 3310 2563 3384 Dei,
2596 3309 2674 3370 ad
2722 3310 3125 3391 pertinaciam
3170 3330 3295 3372 nou

1735 3408 1827 3464 est
1854 3404 2267 3464 necessarium
2304 3410 2373 3463 ut
2402 3403 2625 3481 aliquis
2660 3403 2869 3465 credat
2898 3404 3131 3483 aliquid
3165 3422 3295 3465 esse

1735 3494 1971 3557 dictum
2014 3514 2052 3556 a
2102 3498 2245 3571 Deo,
2281 3503 2343 3557 et
2386 3495 2794 3557 nihilominus
2839 3514 2971 3557 esse
3024 3496 3249 3559 falsum
3274 3542 3291 3572 ‚

1735 3589 1840 3650 sed
1879 3590 2027 3649 satis
2068 3596 2257 3651 estut
2298 3588 2508 3650 credat
2536 3608 2662 3651 esse
2692 3588 2936 3663 falsum,
2984 3591 3146 3670 qnod
3180 3591 3298 3651 sibi

1737 3682 2109 3746 sufficienter
2136 3684 2505 3764 proponitur
2532 3690 2601 3743 ut
2632 3683 2867 3743 dictum
2911 3702 2949 3745 a
2994 3685 3115 3745 Deo
3140 3729 3160 3760 ,
3208 3684 3298 3746 ita

1736 3776 2067 3839 dicendum
2110 3784 2203 3838 cst
2226 3784 2516 3858 respectu
2554 3776 2857 3852 Ecclesiae,
2888 3794 3024 3857 quoe
3066 3778 3133 3838 in
3179 3778 3297 3839 hoc

1738 3872 1987 3950 negotio
2015 3869 2204 3931 habet
2227 3870 2425 3931 vicem
2448 3870 2579 3946 Dei,
2612 3875 2673 3931 ct
2700 3871 2962 3949 seipsam
2992 3870 3299 3931 sufficien-

1735 3964 2162 4043 ter-proponit,
2194 3970 2254 4023 et
2284 3972 2355 4025 ut
2378 3981 2589 4025 veram
2613 3962 2973 4038 Ecclesiam,
2996 3970 3057 4025 et
3084 3971 3155 4023 ut
3182 3964 3299 4025 hoc

1735 4057 1834 4118 vel
1877 4056 2031 4117 illud
2094 4057 2489 4119 definientem
2510 4073 2531 4134 3
2571 4055 2719 4136 quia
2764 4072 2913 4134 crgo
2958 4056 3299 4117 admonitio

1737 4154 1800 4209 et
1826 4150 2175 4225 instructiO,
2205 4167 2343 4229 quae
2369 4148 2447 4211 ab
2474 4150 2788 4229 Episcopis
2836 4149 2937 4210 vel
2976 4150 3300 4228 Inquisito-

1734 4240 1909 4303 ribus
1957 4243 2267 4304 ordinarie
2308 4242 2401 4316 fit,
2454 4242 2764 4303 sufficiens
2809 4248 2921 4319 est,
2968 4250 3101 4304 tum
3153 4246 3301 4323 quia

1735 4352 1967 4414 magno
2016 4337 2296 4407 consili0,
2344 4342 2405 4396 et
2465 4334 2745 4397 doctrina
2776 4335 2847 4398 fit
2870 4381 2890 4411 ,
2940 4344 3073 4397 tum
3114 4338 3301 4397 etiam

1736 4429 1885 4508 qnia
1915 4428 2228 4490 ordinarie
2276 4434 2368 4490 est
2406 4428 2481 4489 de
2526 4427 2708 4491 rebus
2747 4430 2881 4508 jam
2915 4428 3208 4504 definitis,
3238 4436 3301 4490 et

1738 4522 1804 4582 in
1859 4524 2127 4585 Ecclesia
2182 4522 2482 4585 catholica
2538 4524 2951 4584 communiter
2995 4526 3252 4603 receptis
3276 4570 3296 4599 ,

1738 4614 1878 4676 ideo
1925 4618 2130 4695 prima
2191 4616 2496 4679 sententia
2541 4622 2708 4677 recte
2757 4616 3057 4697 explicata
3111 4618 3297 4678 etiam

1738 4709 1803 4769 in
1837 4707 1970 4769 foro
2011 4709 2237 4770 animas
2264 4708 2468 4770 locum
2510 4708 2719 4770 habet.
3218 4784 3231 4801 ι

1821 4806 1921 4866 22.
1974 4801 2365 4867 Concluditur
2380 4805 2521 4885 jam
2545 4809 2755 4867 contra
2772 4804 3042 4886 primam
3072 4810 3303 4869 senten-

1741 4897 2001 4962 tiam.—
2018 4897 2281 4977 Vasquez
2302 4900 2361 4959 et
2390 4896 2665 4961 Sancltez
2692 4915 2755 4961 se
2783 4915 3068 4979 opponere
3098 4900 3303 4961 viden-

1737 4994 1858 5053 tur.
1886 5023 1970 5035 —
1997 4990 2436 5072 Eoepzicmtur.
2461 5022 2542 5037 --
2563 4996 2765 5070 Atque
2793 5010 2867 5053 ex
2908 4990 3005 5053 his
3048 5011 3185 5071 quoe
3224 4992 3302 5055 de

1735 5084 2089 5162 ignorantia
2116 5084 2411 5159 diximus,
2430 5084 2742 5163 colligitur
2764 5085 2842 5145 ad
2858 5084 3145 5146 haeresim
3176 5104 3301 5146 non

1739 5178 1884 5237 satis
1933 5194 2065 5238 esse
2116 5176 2538 5239 voluntarium
2596 5177 2854 5239 omnino
2905 5178 3299 5256 indirectum,

1739 5268 1844 5330 sed
1871 5270 2289 5331 necessarium
2332 5288 2464 5331 esse
2487 5269 2913 5331 voluntarium
2937 5269 3145 5351 aliquo
3173 5290 3301 5333 mo-

1737 5363 1817 5424 do
1845 5363 2175 5440 directum,
2194 5381 2317 5442 quo
2346 5363 2569 5443 aliquis
2598 5363 3004 5442 amplectatur
3028 5382 3300 5427 errorem

1737 5465 1955 5518 contra
1986 5457 2419 5517 auctoritatem
2458 5456 2765 5517 Ecclesiae.
2802 5456 3122 5532 Probatur,
3154 5458 3302 5539 quia

1737 5550 2159 5613 voluntarium
2214 5568 2290 5611 ex
2352 5556 2519 5611 certa
2578 5549 2867 5627 scientia,
2928 5568 3035 5611 seu
3080 5550 3301 5615 notitia
