3900 6217
505 377 625 442 306

503 487 594 547 Ex
623 485 934 549 contrario
965 487 1027 549 id
1074 487 1398 552 manifeste
1426 491 1746 571 probatur.
1777 493 1932 554 Nam
1960 491 2069 552 da-

506 585 608 642 tur
631 580 892 659 speciale
919 589 1234 662 peccatum
1263 583 1408 646 fidei
1432 585 1838 660 contrarium,
1863 591 1935 646 ut
1973 585 2069 646 in·

503 673 841 750 fidelitatis,
870 693 978 736 seu
1006 676 1277 752 haeresis,
1299 678 1376 739 de
1403 697 1526 759 quo
1553 685 1764 760 aperte
1792 677 2071 758 loquitur

501 765 844 828 Concilium
889 768 1352 846 Tridentinum,
1398 772 1666 834 sessione
1697 778 1892 848 sexta,
1921 789 2067 832 cum

503 860 656 920 dicit
691 861 878 923 fidem
927 880 1056 924 non
1111 863 1313 924 amitti
1355 881 1464 944 per
1507 883 1692 927 omne
1743 873 2066 946 peccatum

503 955 786 1030 mortale,
819 956 922 1017 sed
954 973 1066 1034 per
1083 955 1518 1019 infidelitatem
1540 958 1632 1019 illi
1655 959 2028 1020 contrariam
2042 973 2065 1036 3

503 1052 822 1125 peccatum
880 1053 1092 1108 autem
1142 1049 1405 1128 speciale
1459 1052 1756 1131 supponit
1801 1051 2067 1130 speciale

503 1145 906 1220 praeceptum,
941 1146 1012 1202 ut
1053 1147 1330 1218 constat3
1383 1142 1568 1205 datur
1609 1159 1756 1222 ergo
1805 1143 2066 1223 speciale

501 1239 882 1312 praeceptum
909 1232 1077 1295 fidei.

581 1329 643 1387 4.
693 1329 1000 1391 Probatur
1040 1329 1247 1393 deinde
1291 1331 1362 1394 de
1380 1337 1680 1414 proeoepto
1715 1333 1784 1394 in
1807 1335 2069 1397 materia

497 1421 639 1502 fidei
654 1423 1030 1503 speculativa
1052 1429 1314 1487 tantm.
1339 1457 1420 1472 -—
1437 1427 1519 1488 Ut
1541 1433 1749 1488 autem
1779 1427 1934 1488 illud
1962 1445 2065 1488 ex-

505 1515 822 1594 plicemuS,
853 1525 918 1577 et
943 1533 1022 1578 ex
1048 1519 1312 1598 propriis
1331 1519 1688 1599 probemus,
1719 1519 2066 1598 distingua-

507 1623 640 1669 mus
663 1607 974 1688 duplicem
1005 1609 1329 1672 materiam
1355 1611 1536 1673 fidei:
1567 1630 1696 1673 una
1728 1619 1825 1674 est
1851 1629 2065 1673 rerum

505 1702 945 1781 pertinentium
973 1704 1054 1765 ad
1085 1705 1304 1782 Deum,
1345 1705 1469 1768 alia
1507 1711 1600 1768 est
1633 1725 1845 1770 rerum
1871 1709 2061 1788 perti·

504 1796 784 1856 nentium
811 1795 886 1857 ad
907 1813 1110 1858 mores
1124 1813 1144 1876 ;
1171 1799 1371 1878 quoad
1403 1801 1672 1880 priorem
1687 1809 1923 1862 certum
1945 1807 2062 1878 est,

505 1897 565 1950 et
611 1895 863 1968 propter
914 1889 1086 1952 illam
1107 1937 1122 1964 ,
1175 1909 1286 1953 seu
1343 1900 1598 1976 propter
1643 1896 2064 1974 cognitionem

503 1981 694 2061 ipsius
738 1983 866 2054 Dei,
905 1982 1123 2045 datum
1153 2003 1283 2047 esse
1324 1986 1588 2067 speciale
1627 2005 1698 2048 ac
1744 1989 2065 2068 proprium

504 2080 878 2154 praeceptum
914 2075 1079 2138 fidei.
1125 2077 1304 2140 Ratio
1353 2085 1468 2154 est,
1511 2098 1699 2160 quam
1745 2081 1954 2161 tetigit
1986 2082 2059 2143 D.

503 2167 772 2232 Thomas
810 2172 870 2230 2.
895 2171 959 2246 Ξ,
991 2177 1204 2250 quaest.
1231 2174 1294 2249 2,
1325 2177 1444 2233 art.
1477 2175 1514 2232 7
1543 2179 1606 2234 et
1630 2175 1693 2248 8,
1722 2174 1870 2254 quia
1904 2175 2065 2237 Deus

505 2267 597 2322 est
624 2263 1016 2340 primarium,
1063 2279 1135 2324 ac
1180 2281 1290 2343 per
1331 2283 1396 2326 se
1421 2265 1735 2344 objectum
1779 2267 1950 2344 fidei,
1997 2271 2067 2330 in

503 2355 679 2434 cujus
701 2355 1054 2432 cognitione
1082 2357 1305 2436 majori
1333 2375 1411 2418 ex
1431 2366 1604 2438 parte
1635 2360 1905 2422 hominis
1931 2380 2069 2441 per-

501 2446 686 2509 fectio
722 2448 1023 2524 consistit,
1071 2457 1140 2510 ut
1186 2451 1344 2511 dixit
1389 2453 1741 2532 Dionysius,
1791 2455 1991 2534 capite
2030 2457 2073 2516 4

503 2540 581 2602 de
621 2541 856 2603 Divinis
881 2543 1263 2619 nominibus,
1307 2551 1370 2606 et
1417 2547 1484 2605 in
1526 2547 1742 2608 ordine
1797 2547 2069 2610 naturali

504 2635 796 2713 cognovit
839 2636 1216 2712 Aristoteles,
1249 2639 1328 2699 10
1375 2637 1757 2714 Ethicorum,
1803 2642 2005 2721 capite
2030 2645 2065 2702 7

505 2733 568 2787 et
593 2727 657 2803 8,
707 2745 940 2806 ponens
971 2747 1280 2791 summam
1323 2731 1764 2809 perfectionem
1792 2733 2065 2796 hominis

503 2821 570 2881 in
617 2821 969 2900 cognitione
1021 2825 1251 2884 mmmi
1299 2825 1472 2900 veri3
1521 2831 1590 2887 ut
1645 2828 1835 2888 etiam
1887 2827 2067 2889 divus

501 2916 770 2977 Thomas
789 2917 994 2996 attigit
1021 2917 1082 2979 2.
1109 2922 1171 2993 2,
1193 2919 1532 2998 quaestione
1555 2922 1693 2997 167,
1719 2921 1979 2983 articulo
2003 2926 2063 2998 l,

501 3008 580 3069 ad
606 3008 902 3088 primum.
934 3010 1035 3071 Sic
1063 3028 1211 3090 ergo
1231 3011 1299 3072 in
1327 3012 1544 3074 ordine
1579 3015 2061 3093 supernaturali,

502 3103 988 3180 supernaturalis
1009 3104 1282 3183 cognitio
1300 3105 1430 3181 Dei,
1451 3124 1590 3186 quae
1607 3113 1700 3168 est
1719 3125 1828 3187 per
1848 3107 2061 3184 fidem,

505 3213 614 3273 per
631 3213 697 3256 se
723 3213 795 3256 ac
821 3195 1050 3257 directe
1077 3198 1430 3278 praecipitur
1457 3207 1710 3280 propter
1733 3201 2065 3280 perfectio·

503 3305 645 3348 nem
669 3288 860 3367 ipsius
873 3288 1146 3350 hominis
1161 3305 1181 3368 3
1197 3291 1364 3352 unde
1393 3309 1518 3353 non
1531 3291 1722 3354 reiert
1738 3293 1904 3373 quod
1927 3293 2065 3355 haec

499 3378 652 3442 fides
675 3382 784 3442 Dei
823 3382 1146 3444 ordinetur
1191 3384 1270 3444 ad
1299 3401 1574 3446 amorem
1623 3387 1778 3466 ejus,
1807 3393 1871 3447 et
1898 3385 2063 3466 quod

501 3473 604 3534 ille
627 3475 933 3555 praecipue
973 3477 1356 3553 intendatur,
1389 3496 1536 3540 nam
1577 3479 1696 3540 hoc
1720 3487 1959 3560 spectat
1986 3479 2065 3540 ad

499 3564 689 3627 finem
731 3569 1142 3631 extrinsecum
1175 3571 1344 3647 fidei,
1372 3572 1479 3652 qui
1519 3577 1720 3652 potest
1766 3574 1888 3634 dici
1917 3574 2063 3634 finis

499 3661 858 3741 principalis
890 3663 1326 3744 praecipientis,
1355 3665 1560 3745 potius
1601 3684 1789 3746 quam
1829 3685 2063 3746 praece·

501 3757 614 3834 pti.
647 3757 823 3818 Unde
847 3762 940 3820 est
963 3755 1142 3819 valde
1161 3759 1679 3822 considerandum
1709 3759 1899 3840 quod,
1921 3759 2069 3821 licet

503 3848 654 3910 fides
681 3851 788 3911 Dei
811 3851 890 3912 sit
919 3851 1192 3913 medium
1221 3852 1298 3913 ad
1325 3870 1497 3932 spem
1540 3853 1638 3914 vel
1673 3853 2062 3932 charitatem,

502 3962 626 4003 non
659 3950 752 4004 est
778 3949 990 4006 tamen
1015 3963 1166 4024 pure
1199 3945 1499 4022 medium,
1537 3947 1644 4007 sed
1677 3946 1866 4010 babet
1893 3947 1959 4008 in
2004 3967 2068 4010 se

502 4034 888 4098 honestatem
941 4045 1004 4098 et
1052 4039 1514 4118 perfectionem,
1570 4045 1821 4120 propter
1876 4058 2066 4120 quam

507 4147 618 4208 per
635 4149 699 4190 se
725 4129 1070 4193 intenditur
1091 4138 1154 4192 et
1183 4132 1575 4211 praecipitur3
1605 4133 1692 4192 sic
1711 4149 1858 4212 ergo
1881 4133 2069 4195 datur

503 4223 764 4302 speciale
801 4230 1205 4305 praeceptum,
1237 4225 1403 4306 quod
1444 4227 1676 4305 optime
1719 4226 2066 4306 explicatur

505 4323 566 4377 et
589 4316 990 4380 confirmatur
1013 4336 1090 4380 ex
1117 4317 1226 4380 illo
1251 4318 1422 4380 Pauli
1441 4320 1482 4380 2
1511 4319 1646 4380 Cor.
1678 4319 1894 4382 10:121.
1923 4337 2061 4399 cap·

502 4411 808 4473 civitatem
839 4411 1174 4490 redigentes
1220 4412 1592 4475 intellectum
1615 4413 1684 4474 in
1725 4411 2065 4492 obsequium

509 4501 774 4574 Christi,
817 4523 966 4566 nam
995 4504 1140 4566 inde
1165 4503 1478 4584 colligitur
1517 4505 1772 4586 praecipi
1808 4505 1971 4566 hanc
1992 4504 2065 4565 fi-

502 4597 670 4671 dem,
691 4605 762 4656 ut
782 4597 1130 4659 intellectus
1153 4597 1499 4677 specialiter
1523 4598 1886 4674 subjiciatur
1911 4597 2061 4658 Deo.

585 4691 644 4750 5.
695 4687 976 4769 objectio.
999 4722 1081 4735 —
1111 4688 1375 4753 Βοιωτία.
1415 4721 1497 4736 -
1525 4689 1958 4766 confirmatur.
1985 4720 2066 4734 —

503 4781 698 4858 Dices,
731 4782 848 4844 hoc
877 4784 1077 4861 magis
1112 4783 1306 4844 videri
1353 4784 1664 4862 pertinere
1706 4781 1786 4841 ad
1819 4780 2067 4861 religio-

503 4892 674 4950 nem,
694 4877 872 4954 cujus
894 4876 1214 4955 proprium
1243 4881 1334 4937 est
1351 4876 1584 4936 cultum
1617 4873 1891 4954 praebere
1915 4875 2061 4935 Deo.

505 4968 930 5047 Respondetur
974 4968 1339 5048 religionem
1393 4969 1700 5050 respicere
1743 4969 1939 5028 Deum
1998 4973 2068 5030 ut

505 5079 864 5142 supremum
913 5063 1260 5138 dominum,
1307 5067 1370 5124 et
1415 5067 1484 5123 ut
1523 5061 1711 5123 habet
1751 5078 2065 5122 summam

505 5153 842 5234 quamdam
889 5154 1342 5230 excellentiam,
1377 5160 1630 5234 propter
1655 5173 1845 5234 quam
1871 5153 2067 5214 hono-

503 5246 739 5308 randus
778 5251 868 5308 oet
877 5263 899 5323 3
929 5246 1080 5308 fides
1121 5265 1268 5308 vero
1313 5247 1563 5327 respicit
1584 5248 1778 5308 Deum
1825 5251 1896 5306 ut
1937 5245 2065 5326 pri-

505 5357 674 5401 mam
701 5341 1048 5416 veritatem‚
1071 5341 1174 5400 cui
1191 5340 1490 5420 peculiari
1515 5339 1700 5401 modo
1719 5339 2064 5400 intellectus

503 5433 926 5512 subjiciendus
965 5443 1058 5494 est
1101 5439 1162 5494 et
1213 5433 1636 5512 captivandus.
1694 5431 1870 5494 Unde
1904 5431 2065 5492 sicut

505 5527 773 5590 charitas
791 5525 998 5588 diflert
1019 5545 1057 5588 a
1077 5527 1398 5606 religione,
1423 5526 1568 5607 quia
1594 5526 1842 5607 respicit
1866 5526 2062 5588 Deum

1373 389 1614 444 msrn‘r.
1647 390 1777 444 xm.
1811 391 1894 444 DE
1925 387 2263 442 PRAEOEPTO
2296 387 2645 445 luri-:alonis
2677 387 2859 444 mum.

2148 496 2220 551 ut
2247 490 2505 568 bonum,
2552 509 2683 552 non
2722 500 2793 552 nt
2848 489 3271 567 excellentem,
3306 490 3391 551 ita
3416 492 3585 554 etiam
3612 493 3675 556 fl-

2148 583 2255 645 des
2299 583 2529 660 differt,
2580 583 2727 664 quia
2772 581 3023 662 respicit
3064 583 3258 644 Deum
3284 589 3357 643 ut
3394 601 3673 651 summam

2148 676 2495 752 veritatem,
2538 677 2716 738 etita
2744 676 2995 737 exhibet
3024 675 3117 736 illi
3158 676 3519 755 peculiarem
3554 681 3675 740 sub-

2148 771 2479 852 jectionem
2528 771 2887 832 distinctam
2932 788 2973 830 a
2998 769 3169 832 cultu
3216 769 3561 849 religionis3
3604 773 3679 836 ita

2146 885 2297 944 ergo
2336 866 2413 927 de
2444 869 2587 926 actu
2630 863 2775 925 fidei
2828 881 2977 944 erga
3008 865 3197 924 Deum
3241 861 3423 924 datur
3446 868 3677 944 speciale

2146 965 2521 1039 praeceptum
2550 956 2909 1018 distinctum
2956 974 2997 1017 a
3032 964 3341 1038 praecepto
3366 959 3673 1038 religionis.

2146 1053 2423 1114 Tandem
2466 1057 2667 1130 potest
2705 1050 2872 1111 idem
2914 1049 3271 1112 confirmari
3300 1067 3377 1111 ex
3412 1069 3504 1127 eo,
3536 1057 3681 1134 quod

2148 1145 2301 1208 fides
2328 1144 2437 1208 Dei
2464 1150 2556 1207 est
2581 1161 2693 1224 per
2719 1163 2783 1206 se
2815 1143 3017 1224 primo
3056 1145 3397 1205 necessaria
3424 1145 3497 1206 ad
3522 1148 3678 1226 justi-

2146 1239 2301 1301 tiam
2324 1261 2341 1309 ς
2374 1238 2577 1300 dicere
2604 1255 2752 1300 vero
2783 1244 2983 1318 potest
3009 1236 3233 1316 aliquis
3256 1256 3334 1299 ex
3359 1237 3475 1300 hoc
3502 1241 3679 1320 capite

2146 1332 2296 1395 oriri
2316 1331 2983 1412 potiusjobligationem
3010 1330 3109 1391 vel
3124 1331 3381 1410 justitias
3396 1331 3472 1394 ad
3484 1331 3679 1411 Deum,

2144 1425 2245 1488 vel
2270 1425 2585 1487 charitatis
2610 1425 2797 1486 etiam
2824 1425 2905 1486 ad
2934 1425 3156 1500 Deum,
3184 1423 3287 1485 vel
3313 1423 3390 1485 ad
3414 1425 3679 1506 seipsum3

2145 1537 2295 1580 nam
2336 1518 2437 1580 his
2466 1517 2663 1579 titulis
2694 1518 2966 1578 maxime
3004 1521 3253 1578 tenetur
3278 1515 3465 1578 homo
3488 1537 3682 1598 procu·

2146 1631 2289 1675 rare
2316 1612 2646 1692 justitiam,
2688 1629 2797 1672 sen
2822 1616 3217 1690 peccatorum
3258 1612 3677 1674 remissionem.

2146 1708 2585 1768 Verumtamen
2633 1704 2753 1776 hoc
2780 1703 2968 1764 habet
3015 1704 3222 1766 locum
3262 1703 3680 1768 considerando

2144 1799 2355 1876 fidem,
2398 1803 2644 1861 tantum
2673 1803 2743 1858 ut
2771 1795 3047 1859 medium
3065 1811 3086 1873 3
3142 1802 3379 1872 tamen,
3412 1800 3549 1877 quia
3574 1799 3685 1878 ipsa

2143 1895 2233 1954 ita
2290 1900 2382 1954 est
2426 1889 2771 1956 necessaria
2810 1889 2889 1951 ad
2930 1888 3083 1950 alios
3124 1896 3299 1951 actus
3328 1891 3598 1968 justitiae,
3628 1897 3687 1953 ut

2144 1987 2225 2047 sit
2250 1987 2437 2048 etiam
2484 1985 2679 2048 veluti
2708 2001 2851 2065 pars
2886 1982 3175 2063 quaedam
3218 1983 3410 2062 ipsius
3431 1983 3681 2062 justitiae,

2145 2097 2251 2140 seu
2272 2079 2583 2140 inchoatio
2602 2090 2664 2140 et
2681 2077 3157 2138 fundamentum
3186 2075 3347 2156 ejus,
3372 2077 3505 2136 ideo
3522 2077 3684 2140 etiam

2145 2173 2276 2252 ipsa
2304 2191 2415 2252 per
2436 2190 2525 2248 se,
2557 2178 2622 2233 et
2638 2178 2889 2251 propter
2920 2189 2986 2231 se
3014 2169 3330 2249 propriam
3360 2169 3534 2231 affert
3554 2189 3687 2250 prae·

2148 2265 2311 2345 cepti
2330 2263 2797 2343 obligationem,
2818 2270 2882 2323 et
2910 2265 3179 2323 maxime
3208 2269 3400 2342 prout
3422 2262 3497 2323 ad
3521 2263 3688 2324 Deum

2152 2357 2653 2438 cognoscendum
2684 2355 3093 2430 terminatur;
3123 2355 3210 2416 sic
3242 2355 3495 2416 enimin
3512 2373 3578 2416 ea
3597 2373 3689 2415 suo

2152 2455 2336 2517 modo
2368 2454 2647 2516 consistit
2667 2452 2857 2530 hujus
2884 2451 3023 2510 vitae
3046 2448 3414 2528 participata
3435 2448 3689 2524 felicitas,

2142 2549 2324 2628 juxta
2340 2547 2533 2609 illud:
2559 2546 2717 2609 H'oec
2740 2550 2831 2608 est
2849 2543 2979 2607 vita
2994 2547 3247 2616 oetwua,
3270 2548 3341 2606 ut
3364 2561 3426 2606 co
3430 2547 3692 2626 quosaam

2149 2649 2205 2704 te
2224 2641 2417 2704 solum
2443 2657 2651 2704 verum
2666 2639 2859 2702 Deum
2874 2661 2903 2712 ,·
2925 2637 3003 2698 de
3030 2636 3152 2697 hac
3179 2653 3333 2716 ergo
3356 2643 3522 2716 parte
3550 2635 3695 2696 nulla

2146 2738 2345 2814 potest
2370 2751 2499 2796 esse
2524 2732 2685 2794 ratio
2711 2727 3060 2792 dubitandi.

2225 2828 2285 2886 6.
2332 2826 2709 2906 Praeceptum
2740 2826 2847 2887 hoo
2876 2823 3014 2903 fidei
3058 2824 3245 2886 etiam
3284 2823 3367 2886 ad
3398 2821 3685 2885 materiam

2144 2921 2434 2986 moralem
2482 2919 2720 2984 extendi
2766 2918 3084 3000 probatur.
3116 2949 3198 2964 —
3226 2918 3315 2978 De
3336 2915 3525 2978 altera
3558 2931 3685 2974 vero

2148 3028 2344 3095 parte,
2378 3020 2557 3092 prout
2592 3011 2743 3073 fides
2790 3012 2953 3073 circa
2997 3029 3203 3072 mores
3252 3016 3545 3082 versatur,
3592 3008 3687 3067 ali·

2146 3109 2257 3188 qui
2305 3112 2559 3187 putant,
2616 3105 2903 3184 quamvis
2954 3105 3377 3165 necessarium
3418 3103 3493 3162 sit
3542 3101 3681 3162 hanc

2146 3209 2385 3280 partem
2432 3199 2707 3260 materiae
2748 3196 2893 3259 fidei
2920 3213 3296 3274 cognoscere
3333 3201 3395 3258 et
3432 3193 3679 3267 credere,

2138 3295 2321 3372 juxta
2346 3291 2606 3354 dicenda
2632 3291 2701 3351 in
2738 3290 3112 3352 sectionibus
3150 3287 3565 3368 sequentibus,
3604 3287 3682 3345 ni-

2144 3385 2485 3448 hilominus
2512 3382 2941 3446 necessitatem
2963 3381 3136 3443 illam
3154 3399 3289 3443 non
3308 3380 3451 3442 oriri
3477 3397 3549 3440 ex
3572 3393 3684 3456 spe-

2144 3479 2284 3542 ciali
2309 3485 2610 3560 praecepto
2628 3477 2798 3552 fidei,
2820 3477 2927 3538 sed
2954 3494 3030 3536 ex
3047 3475 3183 3536 aliis
3210 3474 3547 3555 praeceptis,
3566 3487 3683 3550 qua·

2144 3591 2257 3636 nos
2300 3571 2581 3651 obligant
2619 3571 2697 3631 ad
2727 3570 2983 3631 honeste
3021 3569 3389 3642 vivendum,
3422 3566 3559 3646 quia
3593 3563 3683 3623 illa

2146 3671 2592 3746 consequenter
2624 3662 2905 3742 obligant
2922 3662 2999 3723 ad
3022 3660 3473 3741 procurandam
3492 3656 3680 3736 cogni-

2148 3760 2383 3823 tionem
2434 3757 2847 3819 necessariam
2905 3755 2983 3814 ad
3028 3753 3290 3815 honeste
3334 3750 3677 3814 vivendum:

2146 3853 2313 3934 qnod
2340 3870 2469 3913 non
2496 3856 2589 3912 est
2628 3847 3058 3928 improbabile,
3108 3855 3170 3908 et
3212 3847 3283 3907 in
3314 3846 3450 3908 aliis
3474 3841 3680 3904 casibus

2149 3943 2622 4026 particularibus
2646 3941 2893 4020 aliquid
2926 3939 3127 4000 simile
3172 3957 3291 4000 nos
3346 3944 3549 4018 postea
3589 3933 3679 3993 ad·

2148 4040 2486 4101 mittemuS.
2520 4033 2932 4097 Nihilominus
2960 4039 3197 4107 tamen,
3254 4027 3557 4110 loquendo
3592 4043 3678 4104 ge-

2146 4131 2413 4194 neratim
2430 4130 2507 4191 de
2528 4129 2645 4190 hac
2662 4126 3064 4205 obligatione,
3088 4125 3381 4186 existimo
3400 4119 3679 4202 pertinere

2145 4227 2227 4288 ad
2257 4221 2515 4304 speciale
2548 4225 2928 4300 praeceptum
2970 4217 3141 4292 fidei,
3186 4236 3261 4278 ac
3290 4213 3540 4296 proinde
3578 4211 3677 4271 hu-

2138 4317 2407 4398 jusmodi
2437 4318 2815 4394 proeceptnm
2848 4310 3099 4372 extendi
3120 4308 3200 4371 ad
3226 4309 3543 4372 materiam
3566 4321 3677 4364 mo-

2142 4412 2338 4474 ralem
2360 4407 2528 4469 fidei.
2562 4404 2741 4467 Ratio
2770 4409 2883 4480 est,
2906 4403 3055 4484 quia
3077 4399 3389 4483 imprimis
3410 4399 3548 4460 fides
3568 4411 3676 4456 nou

2146 4509 2425 4566 versatur
2446 4501 2611 4561 circa
2644 4499 2807 4560 banc
2832 4498 3161 4558 materiam
3198 4495 3463 4575 practico
3492 4487 3671 4552 modo.

2146 4597 2209 4657 id
2240 4602 2353 4670 est,
2384 4589 2773 4673 imperando,
2804 4607 2915 4652 seu
2940 4589 3229 4650 dictando
3257 4589 3325 4648 in
3354 4580 3673 4667 particulari

2146 4687 2297 4767 quid
2335 4685 2415 4747 sit
2457 4683 2791 4763 agendum,
2834 4683 3001 4762 quod
3028 4681 3299 4760 pertinet
3330 4679 3409 4741 ad
3438 4674 3673 4760 pruden-

2144 4781 2323 4854 tiam,
2358 4777 2463 4840 sed
2490 4776 2745 4856 attingit
2766 4774 2938 4836 illam
2965 4775 3291 4836 materiam
3329 4765 3673 4851 speculativo

2146 4873 2355 4947 mod0,
2386 4867 2813 4951 cognoscendo
2848 4868 3171 4928 veritatem
3199 4867 3447 4927 illorum
3474 4857 3673 4941 prinei·

2146 4967 2391 5045 piorum
2419 4961 2773 5025 moralium.
2798 4959 3032 5024 Deinde
3050 4958 3409 5039 hujusmodi
3430 4951 3673 5032 cognitio

2146 5067 2236 5119 est
2271 5074 2383 5138 per
2410 5073 2476 5117 se
2512 5053 2854 5116 necessaria
2904 5053 2985 5113 ad
3026 5052 3459 5132 perfectionem
3503 5049 3673 5108 status

2146 5153 2415 5214 hominis
2449 5149 2800 5223 Christiani,
2857 5153 2927 5210 ut
2956 5147 3343 5208 Christianus
3374 5149 3485 5218 est,
3510 5137 3673 5200 nimi·

2146 5264 2311 5321 rum,
2345 5251 2413 5305 ut
2442 5250 2520 5303 sit
2545 5243 2825 5322 proxime
2855 5249 3059 5320 aptuS,
3101 5245 3164 5300 et
3189 5238 3348 5300 bene
3369 5235 3670 5298 instructus

2143 5339 2224 5399 ad
2252 5338 2583 5400 christiane
2620 5333 2977 5398 vivendum.
3034 5332 3130 5394 Ad
3168 5332 3286 5394 hoc
3310 5335 3513 5391 autem
3553 5324 3669 5383 sine

2145 5430 2334 5494 dubio
2360 5435 2606 5491 tenetur
2646 5428 2835 5488 homo
2884 5445 2963 5488 ex
3004 5426 3215 5504 aliquo
3258 5425 3563 5504 praecepto,
3614 5423 3667 5473 et

2146 5542 2273 5586 non
2292 5523 2551 5602 alicujus
2568 5519 2821 5582 alterius
2844 5518 3089 5582 virtutis
3110 5514 3485 5598 particularis
3496 5533 3515 5588 ς
3537 5523 3665 5588 ergo
