3900 6217
740 395 909 451 ssscT.
944 399 1011 451 ln
1067 397 1149 449 Ar<
1180 394 1570 447 cnmsTuNAE
1600 394 1765 447 Fwsst
1799 394 2112 445 anTffluA
2143 395 2286 447 sim·
2317 394 2686 457 munimen,
2723 394 2858 446 Ew.

172 500 461 561 maxime
494 520 716 563 verum
744 507 837 563 est
867 502 947 562 de
972 501 1095 563 illis
1120 500 1347 561 futuris
1374 516 1511 578 quas
1540 516 1617 559 cx
1648 498 1757 559 Dei

174 592 509 655 voluntate
542 600 611 655 et
636 593 1089 673 omnipotentia
1126 594 1397 675 pendent
1408 608 1428 670 ;
1464 610 1635 666 nam,
1669 591 1754 651 si-

174 694 273 749 eut
308 689 407 747 ait
440 688 677 749 Paulus
708 710 724 749 ε
758 690 1016 753 Mentem
1050 688 1313 751 hominis·
1356 704 1521 749 nemo
1566 686 1753 761 novit,

172 784 295 843 nisi
314 782 599 860 spiritus
622 783 923 853 homini&
958 781 1157 843 multo
1202 782 1407 841 minus
1430 784 1622 859 potest
1645 778 1757 840 ali·-

172 875 309 953 quis
334 892 727 953 cognoscere
762 874 1145 937 voluntatem
1174 874 1303 948 Dei,
1341 874 1621 935 nondum
1648 892 1758 951 per

172 966 475 1029 effectum
520 967 927 1045 declaratam,
959 967 1077 1029 nisi
1118 967 1383 1047 Spiritus
1422 966 1550 1027 Dei.
1601 966 1759 1027 Hinc

172 1077 317 1138 ergo
344 1059 547 1139 ptane
572 1060 969 1123 concluditur
992 1060 1145 1123 tales
1172 1060 1547 1141 prophetias,
1576 1060 1627 1120 si
1651 1078 1758 1120 ve·-

172 1172 253 1214 rss
276 1162 460 1228 sunt,
506 1172 549 1215 a
590 1156 815 1235 spiritu
850 1155 957 1217 Dei
996 1173 1149 1231 esse,
1181 1162 1243 1216 et
1284 1154 1455 1215 illius
1484 1154 1755 1215 testimo·

172 1248 347 1307 nium
404 1249 739 1311 continere
762 1265 783 1325 ;
822 1249 1108 1329 quamvis
1146 1255 1356 1311 autem
1406 1247 1753 1329 prophetia,

170 1341 319 1401 duzn
350 1358 489 1403 non
546 1349 644 1405 ὧι
692 1342 977 1423 impleta,
1020 1359 1147 1403 non
1194 1344 1387 1422 possit
1435 1340 1757 1403 evidenter

170 1435 467 1513 cognosci
492 1452 583 1495 an
608 1454 755 1497 vers
776 1436 881 1511 sit,
910 1436 1055 1497 licet
1076 1436 1267 1515 possit
1292 1434 1415 1497 fide
1440 1435 1634 1511 credi,
1664 1440 1757 1495 at·

168 1535 413 1603 tamen,
438 1534 779 1609 postquam
798 1529 1044 1591 videtur
1070 1529 1347 1609 impleta,
1378 1528 1525 1589 satis
1546 1536 1757 1609 aperte

170 1628 413 1683 constat
452 1621 655 1683 fuisse
682 1624 1087 1685 veram.C-um
1122 1640 1271 1701 ergo
1306 1623 1504 1684 multa
1530 1628 1757 1701 myste-

172 1716 257 1777 ria
284 1714 445 1777 fidei
472 1716 781 1795 praedicta
802 1716 931 1777 sint
949 1736 989 1777 a
1014 1716 1355 1796 ProphetiS,
1389 1717 1577 1777 ctiam
1612 1732 1757 1777 cum

178 1809 671 1889 particularibus
700 1810 1203 1884 circumstantiis,
1234 1812 1406 1891 prius
1430 1828 1623 1889 quam
1650 1809 1759 1871 fie-

178 1910 329 1978 rent,
364 1909 437 1964 et
460 1922 645 1965 nunc
672 1910 1011 1969 cernantur
1026 1903 1303 1984 impleta,
1335 1904 1641 1983 optimum
1669 1907 1761 1963 est

178 2004 635 2077 argumentum
693 1998 970 2061 veritatis
1013 1997 1159 2059 fidei
1208 2014 1349 2077 quse
1396 1996 1547 2059 talia
1587 1996 1763 2057 docet

180 2092 477 2171 mysteria
498 2138 523 2167 ,
584 2090 1013 2153 credibilitatis
1053 2096 1263 2153 autem
1322 2090 1623 2151 indicium
1672 2096 1763 2151 est

180 2185 754 2247 evidentissimum.
786 2186 894 2247 His
922 2185 1191 2265 denique
1224 2184 1483 2263 adjungi
1508 2188 1765 2263 possunt

182 2281 465 2342 Doctores
526 2278 863 2355 Ecclesiae,
914 2279 1023 2359 qui
1072 2279 1265 2341 etiam
1312 2286 1459 2339 sunt
1504 2278 1763 2339 maximi

183 2380 355 2435 testes
384 2372 687 2437 veritatis
714 2372 857 2434 fidei
880 2418 903 2451 ,
930 2378 993 2433 et
1023 2372 1288 2433 multum
1318 2371 1649 2433 conferunt
1682 2370 1761 2432 ad

182 2466 671 2529 eredibilitntem
716 2468 877 2545 ejus,
910 2472 1048 2527 tum
1097 2472 1353 2547 propter
1396 2465 1763 2527 excellentia

184 2562 459 2640 ingenia,
520 2568 594 2623 et
626 2579 945 2623 summam
984 2560 1355 2640 sapientiam
1394 2578 1533 2639 quae
1572 2560 1641 2621 in
1674 2560 1763 2621 eis

186 2655 433 2729 relus-et,
488 2662 637 2717 tum
692 2659 947 2734 propter
1002 2670 1297 2731 magnam
1341 2653 1756 2728 sanctitatem,

190 2758 305 2811 tum
346 2755 628 2830 propter
675 2765 891 2809 eorum
944 2747 1412 2809 multitudinem
1460 2763 1479 2807 ε
1524 2746 1763 2807 accedit

198 2860 425 2922 quicque
464 2842 671 2921 (quod
724 2842 1109 2921 Augustinus
1140 2840 1323 2917 dixit)
1364 2857 1681 2903 consensus
1708 2842 1763 2900 et

208 2936 503 2997 sanando
536 2935 933 3015 populorum,
956 2934 1123 3013 quod
1150 2954 1260 3013 per
1288 2952 1351 2995 se
1374 2950 1499 2993 non
1526 2932 1763 2994 suffire-

212 3036 309 3103 ret,
326 3030 437 3091 nisi
456 3030 529 3089 in
556 3030 661 3089 his
685 3028 929 3109 populis
948 3035 1150 3091 esseut
1172 3028 1481 3108 sapientes
1502 3032 1565 3087 et
1584 3026 1763 3106 probi

206 3130 485 3201 pastores,
516 3123 648 3184 nisi
686 3126 877 3183 etiam
914 3122 983 3183 in
1011 3121 1231 3182 iisdem
1266 3120 1509 3201 populis
1536 3137 1763 3199 magna

198 3217 479 3277 sanctitas
528 3234 617 3277 cx
660 3216 727 3277 vi
762 3214 905 3275 tulis
944 3214 1241 3277 doctriuae
1279 3214 1760 3294 conspiceretur,

194 3310 631 3371 universaliter
654 3309 911 3389 quidem
929 3310 995 3369 in
1016 3308 1416 3389 professione,
1447 3314 1513 3369 et
1534 3324 1763 3387 magna

195 3406 375 3467 etiam
410 3421 493 3467 ex
524 3410 706 3483 parte
732 3404 800 3465 in
842 3404 969 3463 vita
994 3409 1058 3463 et
1086 3402 1471 3463 executione.

262 3500 325 3559 8.
380 3496 775 3561 Min-aculam
821 3498 987 3576 quid,
1026 3497 1095 3557 de
1132 3514 1247 3575 quo
1284 3498 1465 3557 etiam
1516 3494 1561 3555 Ζ.
1614 3498 1655 3556 4
1694 3494 1765 3558 do

194 3592 477 3671 Aspelic,
510 3608 565 3653 c.
624 3593 729 3664 19,
770 3608 810 3652 a
854 3608 1023 3653 num.
1078 3592 1137 3651 3.
1167 3622 1250 3637 -—
1277 3589 1555 3651 Tertium
1590 3590 1763 3669 prin-

198 3684 389 3765 cipale
414 3685 730 3746 motivum
758 3684 1029 3745 sumitur
1050 3700 1127 3743 ex
1172 3682 1357 3743 variis
1400 3682 1599 3743 modis
1622 3682 1763 3762 qui-

198 3778 305 3839 bus
340 3780 509 3839 Deus
542 3778 999 3858 particulariter
1037 3776 1412 3855 subscripsit,
1456 3782 1518 3837 ct
1554 3781 1765 3837 aucto-

198 3874 449 3935 ritatem
486 3871 759 3952 praebuit
784 3870 1152 3932 testimoniis
1195 3870 1519 3931 homiuum
1548 3869 1767 3948 praedi·

202 3970 477 4029 cantium
506 3967 677 4028 hanc
706 3965 917 4040 fidem,
957 3966 1027 4025 iu
1072 3980 1197 4043 quo
1238 3964 1454 4025 ordine
1494 3963 1765 4043 primum

202 4059 399 4122 lotum
442 4066 665 4121 tenent
694 4057 1015 4119 miracula.
1056 4059 1161 4118 Est
1192 4058 1363 4118 enim
1398 4055 1769 4117 miraculum

202 4158 427 4235 pignus
456 4152 774 4234 quoddam
812 4151 1279 4231 omnipotenti&
1332 4150 1461 4225 Dei,
1503 4157 1575 4211 ut
1612 4150 1773 4211 dixit

200 4248 701 4327 chrysostomus,
734 4244 953 4305 homil.
988 4247 1063 4305 ¹4
1106 4245 1173 4305 in
1221 4244 1469 4318 nauh„
1504 4244 1653 4323 quia
1680 4247 1771 4303 est

200 4342 523 4421 proprium
560 4358 721 4419 opus
756 4338 914 4416 ejus,
935 4338 1116 4417 juxta
1154 4336 1305 4397 illud
1344 4336 1564 4399 Psalm.
1602 4338 1719 4399 136
1750 4352 1767 4396 :

206 4436 313 4509 Qui
354 4435 523 4513 facit
564 4432 871 4495 mirabilia
924 4450 1143 4515 magea
1194 4432 1376 4494 solus.
1417 4431 1599 4493 Ratio
1651 4437 1765 4505 ost,

204 4532 341 4607 quia
380 4530 465 4589 de
504 4529 746 4589 ratione
790 4526 1073 4587 miraculi
1114 4532 1225 4595 est,
1274 4541 1345 4585 ut
1373 4525 1453 4585 sit
1480 4542 1635 4605 opus
1662 4544 1769 4587 ex-

202 4624 685 4685 tram-dinarium
714 4627 777 4683 et
802 4638 1013 4681 rarum
1042 4626 1265 4699 pioetcr
1288 4619 1491 4697 legem
1516 4619 1763 4679 ordina-

204 4718 353 4777 riam
384 4718 523 4790 Dei,
566 4722 631 4775 et
674 4732 861 4794 supra
909 4730 1158 4775 omnem
1211 4713 1501 4773 virtutem
1554 4730 1765 4773 causa·

204 4828 339 4871 rum
380 4808 805 4883 nutrix-alium,
842 4813 915 4867 ut
951 4806 1221 4867 sumitur
1262 4824 1341 4868 ex
1386 4807 1459 4867 D.
1503 4802 1761 4879 Thomu,

214 4907 237 4962 l
270 4924 359 4983 p.‚
384 4909 609 4984 quaest.
654 4902 793 4977 105,
839 4906 957 4963 art.
1004 4902 1039 4959 7
1064 4905 1127 4961 et
1152 4900 1217 4975 8,
1260 4904 1323 4961 et
1362 4898 1472 4960 lib.
1510 4900 1549 4961 3
1584 4898 1761 4959 Cont.

214 5006 405 5073 gent„
430 5016 571 5077 enp.
602 4998 758 5069 1013
788 5001 851 5055 et
876 5012 953 5055 ex
986 4994 1358 5072 Augustino,
1388 4992 1435 5054 l.
1470 4995 1505 5053 3
1536 4992 1611 5053 de
1638 4994 1769 5053 Tri-

218 5093 423 5166 nitate,
472 5109 609 5170 cap.
650 5092 691 5151 4
716 5094 781 5150 et
810 5089 872 5162 5,
908 5091 975 5147 et
1005 5085 1115 5147 lib.
1142 5087 1223 5147 26
1250 5091 1415 5147 cont.
1444 5086 1767 5155 Faustum,

222 5202 345 5262 cap.
396 5185 433 5245 3
470 5192 537 5245 ct
574 5180 994 5263 sequentibus,
1038 5187 1102 5241 et
1140 5180 1183 5242 1.
1220 5180 1261 5241 6
1298 5178 1376 5241 de
1418 5180 1636 5241 Genus.
1688 5180 1767 5239 ad

222 5274 359 5351 liu„
382 5296 512 5357 cap.
538 5278 639 5338 13.
668 5276 827 5337 Hinc
854 5292 1003 5351 ergo
1026 5273 1409 5336 concluditur
1433 5272 1603 5333 illam
1626 5272 1767 5333 doc-

228 5370 459 5439 trinam,
492 5389 633 5450 quae
682 5367 993 5430 miraculis
1042 5366 1405 5429 confirmata
1458 5371 1577 5441 est,
1630 5372 1767 5427 tsn-

231 5481 395 5538 quam
419 5484 459 5525 a
484 5464 630 5525 1)Εο
650 5463 819 5524 dicta
842 5468 909 5523 ct
938 5460 1234 5537 invelata,
1268 5459 1453 5541 plane
1480 5478 1611 5519 esse
1640 5477 1769 5519 crc-

232 5554 487 5637 dibilem,
528 5565 831 5639 tanquam
874 5570 1091 5635 verani
1137 5564 1201 5631 et
1242 5572 1285 5630 a
1330 5554 1455 5627 Deo
1498 5552 1767 5637 dictam3

1838 518 2014 577 nam,
2045 504 2118 559 ut
2144 498 2522 579 Augustinus
2539 499 2717 574 dixit,
2741 500 2927 581 Epist.
2950 504 3053 579 49,
3077 506 3292 582 quaest.
3325 501 3364 561 6
3385 521 3400 561 :

1840 594 2006 655 Deus
2057 593 2444 654 mirabilibus
2493 594 2766 673 operibus
2809 594 3101 675 loquitur,
3158 600 3222 655 et
3263 594 3404 655 ideo

1836 704 1978 766 quae
2021 704 2132 765 per
2173 684 2484 745 mirabilia
2529 703 2716 764 opera
2761 686 3234 761 confirmantur,
3275 704 3406 747 cre·-

1836 778 2053 840 dibilia
2085 778 2270 853 fiunt,
2295 784 2591 856 tanquam
2633 798 2670 840 a
2709 780 2832 839 Deo
2868 779 3051 840 dicta.
3091 781 3264 855 Quod
3297 800 3408 841 au-

1838 880 1965 936 tem
2009 873 2292 934 doctrina
2337 871 2479 932 fidei
2535 878 2758 933 nostrae
2803 873 3158 951 hujusmodi
3211 875 3404 935 mira-

1836 968 1994 1031 culis
2039 965 2400 1027 confirmata
2427 964 2526 1039 sit,
2579 966 2970 1027 notissimum
3011 972 3126 1027 est.
3173 968 3400 1045 Primo,

1836 1082 1915 1124 ex
1965 1062 2280 1123 miraculis
2331 1060 2560 1123 Christi
2611 1061 2878 1138 Domini,
2933 1080 3071 1141 quae
3123 1062 3201 1123 ad
3260 1078 3406 1122 ron-

1834 1154 2206 1217 firmandam
2256 1154 2600 1215 doctrinam
2648 1172 2826 1215 snam
2857 1160 3146 1234 operatus
3187 1160 3299 1229 cst,
3335 1160 3404 1215 ιιι

1836 1248 2242 1327 Evangelistoe
2289 1248 2592 1323 referunt,
2641 1250 2774 1327 qui,
2828 1248 2970 1309 licet
3001 1266 3128 1309 nou
3175 1248 3406 1310 faciant

1836 1342 2237 1416 evidentiam,
2269 1347 2342 1403 ut
2370 1343 2698 1423 scriptores
2723 1342 3038 1418 canonici,
3083 1344 3231 1423 quia
3277 1344 3406 1406 sola

1836 1434 1958 1497 fide
1991 1435 2299 1497 credimus
2327 1454 2430 1497 eos
2460 1437 2528 1495 in
2555 1436 2880 1496 scribendo
2907 1452 3112 1498 errare
3140 1454 3266 1497 non
3295 1454 3404 1519 po-

1838 1530 2051 1606 tuisse,
2073 1546 2152 1590 ex
2175 1529 2434 1608 Spiritus
2455 1528 2664 1590 Sancti
2687 1529 3022 1590 directione
3047 1549 3061 1603 3
3089 1530 3408 1591 nibilomi-

1838 1642 1984 1699 uuS,
2025 1625 2212 1684 etiam
2243 1624 2517 1685 humano
2562 1624 2744 1684 modo
2793 1624 3127 1704 loquendO,
3165 1624 3406 1685 faciunt

1844 1722 2076 1778 certam
2123 1715 2334 1794 fidem,
2390 1718 2554 1797 quod
2599 1734 2744 1780 vera
2779 1719 3170 1779 narraverint
3189 1764 3210 1794 ,
3259 1718 3407 1797 quia

1842 1810 2218 1891 scripserunt
2241 1812 2460 1872 iisdem
2505 1812 2634 1873 fere
2680 1809 3062 1891 temporibus
3081 1856 3098 1885 ,
3133 1818 3196 1871 et
3239 1808 3405 1891 apud

1842 1904 1984 1967 illos
2011 1904 2236 1985 quibus
2265 1905 2542 1967 Christus
2575 1905 2872 1965 Dominus
2915 1904 3303 1985 proedicavit3
3345 1910 3408 1965 et

1843 2017 2048 2079 neque
2075 2000 2188 2079 ipsi
2229 1999 2431 2060 Judaei
2473 1999 2608 2061 ausi
2656 2008 2800 2061 suut
2833 2014 2936 2059 eos
2975 1996 3258 2059 falsitatis
3311 2014 3409 2059 ar-

1842 2108 2034 2171 guere
2051 2108 2070 2169 3
2107 2092 2260 2172 quin
2291 2093 2499 2173 potius
2529 2092 2804 2173 Joseph„
2832 2091 2942 2153 lib.
2979 2092 3049 2152 16
3076 2092 3404 2172 Antiquit.,

1843 2186 2238 2265 generaliter
2261 2204 2338 2247 ea
2391 2184 2742 2261 confirmat,
2783 2185 2996 2246 dicens
3035 2184 3114 2246 de
3165 2186 3407 2246 Chri-tto

1845 2281 2156 2341 Domino:
2191 2280 2348 2343 Fuit
2387 2281 2486 2342 vir
2530 2280 2792 2359 sapiens,
2847 2286 2902 2342 et
2945 2296 3185 2358 operum
3229 2282 3409 2359 plane

1844 2373 2224 2435 mirabilium
2261 2374 2530 2453 effector,
2567 2374 2986 2453 hominumque
3024 2374 3130 2454 qm·
3161 2374 3410 2436 libenter

1842 2468 2072 2529 animis
2109 2468 2424 2531 veritatem
2451 2468 2732 2547 amplecti
2769 2468 3002 2545 vellent,
3035 2470 3328 2546 ’καθίεται-
3355 2472 3412 2529 et

1840 2562 2068 2625 doctor.
2115 2560 2344 2621 Deinde
2385 2578 2494 2641 per
2521 2560 2844 2642 Apostolos
2871 2579 3000 2623 non
3027 2563 3273 2623 minora
3309 2559 3410 2621 vel

1844 2654 2052 2737 potius
2093 2654 2330 2734 majora
2367 2672 2557 2733 opera
2599 2652 2763 2715 facta
2805 2662 2950 2715 sunt
2995 2654 3076 2717 ad
3125 2654 3410 2715 eamdem

1844 2749 2169 2809 veritatem
2200 2747 2713 2823 confirmandam,
2741 2754 2812 2808 ut
2843 2749 3104 2829 ipsemet
3131 2746 3406 2809 Christus

1844 2843 2142 2903 Dominus
2171 2845 2560 2922 promiserat,
2593 2848 2654 2903 et
2682 2842 2752 2903 in
2778 2842 2997 2903 iisdem
3025 2842 3200 2902 libris
3229 2858 3412 2902 cano-

1844 2938 2002 2998 nicis
2039 2956 2116 2998 cx
2149 2945 2326 3017 parte
2373 2943 2684 2997 narratur.
2719 2934 2912 2999 Multa
2943 2936 3210 3016 denique
3239 2936 3404 2997 simi·

1844 3027 1925 3089 lin
1960 3048 2070 3109 per
2089 3030 2346 3092 Sanctos
2373 3046 2516 3089 suos
2539 3036 2750 3109 postea
2773 3036 3060 3109 operatus
3090 3036 3184 3090 cst
3206 3027 3411 3089 Domi-

1843 3140 1962 3183 nus
1995 3123 2076 3184 acl
2109 3122 2400 3183 eumdem
2431 3124 2643 3199 linem,
2679 3123 2840 3183 utin
2883 3122 3168 3183 Historiis
3207 3121 3410 3183 Eccle-

1844 3215 2103 3275 siasticis
2150 3222 2212 3276 et
2255 3215 2542 3276 Historiis
2579 3216 2658 3276 de
2701 3216 3069 3277 Sanctorum
3097 3214 3240 3275 vitis
3269 3230 3405 3294 pas·

1844 3308 1960 3369 sim
2001 3314 2309 3383 narratur,
2337 3314 2398 3368 et
2435 3309 2646 3387 attigit
2675 3309 3082 3387 Augustinus,
3132 3306 3178 3367 l.
3219 3310 3298 3368 10
3329 3306 3408 3366 de

1842 3398 2048 3476 civit„
2081 3418 2138 3462 c.
2171 3402 2231 3478 8,
2265 3401 2398 3462 etl.
2423 3402 2526 3477 22,
2567 3420 2700 3481 cap.
2736 3406 2797 3478 8,
2833 3402 2896 3477 9,
2937 3406 3000 3462 et
3038 3418 3197 3481 seq„
3229 3406 3292 3461 et
3323 3400 3409 3460 vi-

1842 3492 1974 3555 deri
2003 3502 2200 3575 potest
2220 3495 2543 3571 Eusebius,
2571 3495 2614 3556 l.
2641 3498 2682 3555 4
2706 3495 2886 3571 Hist„
2917 3512 2974 3555 c.
3005 3497 3044 3556 δ
3072 3494 3285 3557 etalii.

1922 3591 1986 3650 0.
2021 3589 2321 3668 objicitur
2343 3589 2542 3667 primo
2573 3590 2846 3669 potuisse
2873 3606 2994 3651 esse
3017 3588 3190 3666 salsa
3223 3588 3415 3649 mira·

1844 3686 2002 3749 cula.
2032 3716 2116 3731 -
2149 3683 2432 3745 Diluitur
2461 3700 2532 3743 σω
2557 3682 2804 3745 indiciis
2829 3682 2958 3743 veri
2993 3682 3300 3743 miraculi.
3329 3714 3414 3729 -·-

1844 3779 2186 3858 Aumcstz'ni
2209 3782 2630 3857 aryumentum
2657 3778 2740 3838 cd
2760 3776 2935 3838 idem.
2970 3808 3053 3823 --·
3080 3774 3436 3837 Difficultas.

1847 3890 1996 3934 vcro
2023 3872 2088 3931 in
2113 3870 2231 3931 hoc
2259 3876 2489 3949 puncto
2519 3876 2630 3945 est,
2661 3869 2836 3949 quia,
2867 3869 3014 3931 licet
3044 3870 3258 3948 negari
3287 3886 3412 3929 nou

1848 3966 2040 4046 possit
2085 3964 2194 4025 illa
2238 3964 2417 4043 signa
2459 3962 2620 4025 facta
2667 3980 2797 4024 csse
2841 3962 3044 4043 quoad
3091 3964 3412 4023 externum

1850 4059 2114 4139 speciem
2153 4064 2217 4118 et
2245 4057 2698 4137 apparentiam,
2744 4066 2954 4117 tamen
2985 4073 3110 4116 non
3155 4062 3246 4115 cst
3287 4057 3416 4117 evi-

1851 4152 2004 4214 dens
2023 4151 2210 4212 fuissc
2243 4151 2544 4211 miracula
2577 4166 2762 4225 vera3
2797 4166 2956 4228 soepe
2985 4149 3154 4209 enim
3185 4147 3415 4208 virtute

1850 4245 2150 4307 doemonis
2185 4244 2345 4305 fiunt
2383 4244 2610 4304 similia
2645 4242 2950 4323 prodigia,
2981 4258 3120 4320 quai
3149 4240 3254 4300 vix
3281 4256 3414 4318 pos·

1850 4344 1998 4400 sunt
2020 4339 2296 4399 humano
2320 4336 2510 4397 modo
2533 4336 2798 4396 discerni
2821 4352 2860 4395 a
2883 4336 3047 4395 veris
3075 4331 3410 4406 miraculis,

1848 4438 1921 4491 ut
1948 4434 2188 4491 constat
2217 4446 2294 4490 ex
2333 4430 2432 4490 his
2480 4446 2620 4508 qum
2665 4427 3082 4508 operabantur
3123 4425 3294 4504 magi
3343 4426 3411 4485 iu

1846 4524 2141 4603 AEgypto,
2175 4523 2366 4583 Exodi
2398 4526 2470 4599 73
2518 4523 2668 4582 item
2694 4539 2770 4583 ex
2805 4521 2904 4582 his
2940 4538 3102 4601 quae,
3149 4524 3218 4579 ut
3255 4520 3293 4578 3
3323 4536 3412 4598 p.,

1845 4622 1998 4677 tom.
2045 4619 2106 4692 2,
2149 4617 2309 4697 disp.
2361 4618 2464 4692 54,
2498 4621 2648 4676 sect.
2695 4618 2757 4690 A,
2803 4614 2958 4689 dixi,
3008 4613 3418 4674 Antichristus

1846 4709 2226 4789 operabitur,
2279 4728 2418 4789 quae
2455 4709 2604 4769 talia
2635 4714 2842 4783 eruut,
2877 4713 2946 4767 ut
2995 4707 3076 4783 (si
3129 4706 3272 4784 fiori
3315 4722 3418 4783 po·

1849 4804 1985 4879 test)
2011 4815 2122 4880 per
2149 4820 2218 4865 ea
2245 4804 2610 4865 inducantur
2629 4805 2696 4863 in
2725 4818 2984 4863 errorem
3011 4802 3196 4862 etiam
3223 4798 3414 4868 electi,

1850 4899 1921 4956 ιιι
1948 4895 2174 4955 dicitur
2201 4895 2419 4955 Matth.
2453 4896 2554 4970 24,
2589 4900 2652 4955 et
2695 4894 3008 4971 colligitur
3051 4910 3128 4953 ex
3163 4890 3413 4971 Apocal.

1854 4990 1951 5050 13.
1991 4990 2142 5051 Item
2186 4988 2456 5051 haeretici
2487 4988 2800 5049 interdum
2833 4986 3202 5066 profitentur
3227 5002 3290 5046 se
3325 4984 3418 5045 fa—

1850 5100 1988 5143 cere
2013 5082 2336 5155 miracula,
2363 5089 2426 5143 et
2453 5082 2620 5141 idem
2649 5082 2726 5141 de
2755 5079 3044 5158 gentibus
3063 5078 3253 5139 refert
3271 5080 3419 5137 Ter-

1848 5176 2168 5251 tullianuS,
2195 5176 2259 5236 in
2285 5174 2576 5255 Apolog.,
2609 5192 2746 5253 cup.
2771 5174 2852 5235 2⁸2
2877 5178 2938 5233 et
2961 5174 3072 5249 233
3099 5176 3160 5231 et
3184 5170 3420 5247 Augus-

1849 5272 2042 5347 tinus,
2080 5270 2188 5331 lib.
2231 5270 2308 5331 10
2333 5270 2410 5331 de
2437 5268 2646 5343 Civit„
2684 5286 2820 5347 cap.
2865 5269 2922 5326 ll
2948 5281 2968 5343 3
3003 5272 3065 5325 et
3093 5263 3416 5339 Eusebius,

1849 5365 1958 5425 lib.
2007 5367 2048 5425 Δ·
2091 5370 2154 5423 ct
2199 5366 2238 5425 5
2265 5363 2492 5425 Histor.
2527 5360 2942 5423 Nihilominus
2977 5366 3190 5420 tamen
3229 5356 3420 5419 iidem

1852 5459 2063 5519 Patres
2093 5457 2313 5517 dorent
2339 5456 2723 5534 distinguere
2745 5454 2896 5515 falsa
2927 5452 3227 5513 miracula
3256 5472 3294 5512 a
3321 5470 3426 5513 ve·

1850 5552 1936 5624 ris
1950 5568 1974 5638 3
2007 5558 2069 5617 ct
2092 5551 2160 5618 in
2187 5548 2506 5617 miraculis
2523 5546 3039 5611 confirmantibus
3068 5546 3256 5609 fidem
3285 5564 3424 5609 nos-
