<?xml version="1.0" encoding="UTF-8"?>
<!DOCTYPE html PUBLIC "-//W3C//DTD XHTML 1.0 Transitional//EN"
    "http://www.w3.org/TR/xhtml1/DTD/xhtml1-transitional.dtd">
<html xmlns="http://www.w3.org/1999/xhtml" xml:lang="en" lang="en">
 <head>
  <title>
</title>
<meta http-equiv="Content-Type" content="text/html;charset=utf-8" />
  <meta name='ocr-system' content='tesseract 3.04.00' />
  <meta name='ocr-capabilities' content='ocr_page ocr_carea ocr_par ocr_line ocrx_word'/>
</head>
<body>
  <div class='ocr_page' id='page_1' title='image "./rpfranciscisuar00duvagoog_0811.png"; bbox 0 0 3900 6217; ppageno 0'>
   <div class='ocr_carea' id='block_1_1' title="bbox 1526 442 1978 497">
    <p class='ocr_par' dir='ltr' id='par_1_1' title="bbox 1526 442 1978 497">
     <span class='ocr_line' id='line_1_1' title="bbox 1526 442 1978 497; baseline -0.002 0"><span class='ocrx_word' id='word_1_1' title='bbox 1526 444 1715 497; x_wconf 74' lang='lat' dir='ltr'><strong>trtbssx</strong></span> <span class='ocrx_word' id='word_1_2' title='bbox 1746 442 1978 496; x_wconf 69' lang='lat' dir='ltr'><strong>RERUM.</strong></span> 
     </span>
    </p>
   </div>
   <div class='ocr_carea' id='block_1_2' title="bbox 518 560 1345 613">
    <p class='ocr_par' dir='ltr' id='par_1_2' title="bbox 518 560 1345 613">
     <span class='ocr_line' id='line_1_2' title="bbox 518 560 1345 613; baseline -0.011 -7"><span class='ocrx_word' id='word_1_3' title='bbox 518 564 815 606; x_wconf 65' lang='grc' dir='ltr'><strong>ΡΙΛΙὩΙΕΑΊΊΟ</strong></span> <span class='ocrx_word' id='word_1_4' title='bbox 838 564 989 613; x_wconf 64' lang='grc'><strong>11021,</strong></span> <span class='ocrx_word' id='word_1_5' title='bbox 1014 560 1345 600; x_wconf 64' lang='lat' dir='ltr'><strong>asplenon.</strong></span> 
     </span>
    </p>
   </div>
   <div class='ocr_carea' id='block_1_3' title="bbox 152 666 1725 2945">
    <p class='ocr_par' dir='ltr' id='par_1_3' title="bbox 164 666 1708 825">
     <span class='ocr_line' id='line_1_3' title="bbox 164 666 1708 746; baseline -0.014 -6"><span class='ocrx_word' id='word_1_6' title='bbox 164 694 206 741; x_wconf 90' lang='grc'><strong>1.</strong></span> <span class='ocrx_word' id='word_1_7' title='bbox 238 688 323 737; x_wconf 86' lang='lat' dir='ltr'><strong>Jus</strong></span> <span class='ocrx_word' id='word_1_8' title='bbox 350 688 402 735; x_wconf 90' lang='lat' dir='ltr'><strong>et</strong></span> <span class='ocrx_word' id='word_1_9' title='bbox 422 683 651 746; x_wconf 87' lang='lat' dir='ltr'><strong>potestas</strong></span> <span class='ocrx_word' id='word_1_10' title='bbox 672 675 741 729; x_wconf 90' lang='lat' dir='ltr'><strong>ad</strong></span> <span class='ocrx_word' id='word_1_11' title='bbox 766 673 1185 741; x_wconf 74' lang='lat' dir='ltr'><strong>praedicandum,</strong></span> <span class='ocrx_word' id='word_1_12' title='bbox 1210 669 1339 737; x_wconf 90' lang='lat' dir='ltr'><strong>quid</strong></span> <span class='ocrx_word' id='word_1_13' title='bbox 1368 666 1455 729; x_wconf 89' lang='lat' dir='ltr'><strong>sit,</strong></span> <span class='ocrx_word' id='word_1_14' title='bbox 1481 674 1629 721; x_wconf 87' lang='lat' dir='ltr'><strong>tract.</strong></span> <span class='ocrx_word' id='word_1_15' title='bbox 1657 671 1708 727; x_wconf 95' lang='grc'><strong>1,</strong></span> 
     </span>
     <span class='ocr_line' id='line_1_4' title="bbox 221 754 843 825; baseline -0.019 -12"><span class='ocrx_word' id='word_1_16' title='bbox 221 762 350 825; x_wconf 89' lang='lat' dir='ltr'><strong>disp.</strong></span> <span class='ocrx_word' id='word_1_17' title='bbox 382 762 463 819; x_wconf 90' lang='grc'><strong>18,</strong></span> <span class='ocrx_word' id='word_1_18' title='bbox 485 760 611 809; x_wconf 84' lang='lat' dir='ltr'><strong>sect.</strong></span> <span class='ocrx_word' id='word_1_19' title='bbox 644 758 691 816; x_wconf 92' lang='grc'><strong>1,</strong></span> <span class='ocrx_word' id='word_1_20' title='bbox 716 765 769 805; x_wconf 90' lang='grc' dir='ltr'><strong>ιι.</strong></span> <span class='ocrx_word' id='word_1_21' title='bbox 796 754 843 801; x_wconf 97' lang='grc'><strong>1.</strong></span> 
     </span>
    </p>

    <p class='ocr_par' dir='ltr' id='par_1_4' title="bbox 162 820 1710 1047">
     <span class='ocr_line' id='line_1_5' title="bbox 162 820 1707 895; baseline -0.012 -4"><span class='ocrx_word' id='word_1_22' title='bbox 162 846 203 891; x_wconf 79' lang='lat'><strong>2.</strong></span> <span class='ocrx_word' id='word_1_23' title='bbox 233 840 461 889; x_wconf 77' lang='lat' dir='ltr'><strong>Potestas</strong></span> <span class='ocrx_word' id='word_1_24' title='bbox 489 832 555 885; x_wconf 86' lang='lat' dir='ltr'><strong>ad</strong></span> <span class='ocrx_word' id='word_1_25' title='bbox 590 824 991 895; x_wconf 66' lang='lat' dir='ltr'><strong>praedicandum</strong></span> <span class='ocrx_word' id='word_1_26' title='bbox 1034 824 1233 890; x_wconf 90' lang='lat' dir='ltr'><strong>ubique</strong></span> <span class='ocrx_word' id='word_1_27' title='bbox 1268 820 1611 889; x_wconf 81' lang='lat' dir='ltr'><strong>Evangelium</strong></span> <span class='ocrx_word' id='word_1_28' title='bbox 1648 820 1707 873; x_wconf 90' lang='lat' dir='ltr'><strong>in</strong></span> 
     </span>
     <span class='ocr_line' id='line_1_6' title="bbox 217 899 1710 969; baseline -0.013 -3"><span class='ocrx_word' id='word_1_29' title='bbox 217 910 443 965; x_wconf 75' lang='lat' dir='ltr'><strong>Ecclesia</strong></span> <span class='ocrx_word' id='word_1_30' title='bbox 466 906 657 969; x_wconf 81' lang='lat' dir='ltr'><strong>existit,</strong></span> <span class='ocrx_word' id='word_1_31' title='bbox 687 914 857 967; x_wconf 89' lang='lat' dir='ltr'><strong>eaque</strong></span> <span class='ocrx_word' id='word_1_32' title='bbox 886 912 997 953; x_wconf 89' lang='lat' dir='ltr'><strong>nou</strong></span> <span class='ocrx_word' id='word_1_33' title='bbox 1020 899 1248 967; x_wconf 84' lang='lat' dir='ltr'><strong>simplex</strong></span> <span class='ocrx_word' id='word_1_34' title='bbox 1274 904 1481 951; x_wconf 88' lang='lat' dir='ltr'><strong>tantum</strong></span> <span class='ocrx_word' id='word_1_35' title='bbox 1506 902 1560 951; x_wconf 90' lang='lat' dir='ltr'><strong>et</strong></span> <span class='ocrx_word' id='word_1_36' title='bbox 1580 908 1710 962; x_wconf 89' lang='lat' dir='ltr'><strong>per-</strong></span> 
     </span>
     <span class='ocr_line' id='line_1_7' title="bbox 221 984 816 1047; baseline -0.017 -7"><span class='ocrx_word' id='word_1_37' title='bbox 221 986 449 1047; x_wconf 73' lang='lat' dir='ltr'><strong>missiva,</strong></span> <span class='ocrx_word' id='word_1_38' title='bbox 483 995 537 1035; x_wconf 88' lang='lat' dir='ltr'><strong>n.</strong></span> <span class='ocrx_word' id='word_1_39' title='bbox 565 986 614 1045; x_wconf 97' lang='grc'><strong>1,</strong></span> <span class='ocrx_word' id='word_1_40' title='bbox 637 985 667 1030; x_wconf 75' lang='lat'><em>2</em></span> <span class='ocrx_word' id='word_1_41' title='bbox 696 986 749 1033; x_wconf 88' lang='lat' dir='ltr'><strong>et</strong></span> <span class='ocrx_word' id='word_1_42' title='bbox 768 984 816 1031; x_wconf 83' lang='grc'><strong>8.</strong></span> 
     </span>
    </p>

    <p class='ocr_par' dir='ltr' id='par_1_5' title="bbox 214 1046 1709 1203">
     <span class='ocr_line' id='line_1_8' title="bbox 216 1046 1709 1122; baseline -0.012 -5"><span class='ocrx_word' id='word_1_43' title='bbox 216 1064 423 1117; x_wconf 80' lang='lat' dir='ltr'><strong>Necnon</strong></span> <span class='ocrx_word' id='word_1_44' title='bbox 454 1060 543 1122; x_wconf 81' lang='lat' dir='ltr'><strong>jus</strong></span> <span class='ocrx_word' id='word_1_45' title='bbox 571 1053 775 1108; x_wconf 88' lang='lat' dir='ltr'><strong>tutandi</strong></span> <span class='ocrx_word' id='word_1_46' title='bbox 810 1050 1205 1119; x_wconf 78' lang='lat' dir='ltr'><strong>praedicatores,</strong></span> <span class='ocrx_word' id='word_1_47' title='bbox 1240 1058 1295 1105; x_wconf 89' lang='lat' dir='ltr'><strong>et</strong></span> <span class='ocrx_word' id='word_1_48' title='bbox 1320 1046 1575 1115; x_wconf 87' lang='lat' dir='ltr'><strong>puniendi</strong></span> <span class='ocrx_word' id='word_1_49' title='bbox 1609 1058 1709 1101; x_wconf 85' lang='lat' dir='ltr'><strong>eos</strong></span> 
     </span>
     <span class='ocr_line' id='line_1_9' title="bbox 214 1125 1265 1203; baseline -0.012 -13"><span class='ocrx_word' id='word_1_50' title='bbox 214 1138 302 1203; x_wconf 89' lang='lat' dir='ltr'><strong>qui</strong></span> <span class='ocrx_word' id='word_1_51' title='bbox 333 1131 762 1201; x_wconf 79' lang='lat' dir='ltr'><strong>praedicationem</strong></span> <span class='ocrx_word' id='word_1_52' title='bbox 790 1125 1105 1193; x_wconf 89' lang='lat' dir='ltr'><strong>impediunt,</strong></span> <span class='ocrx_word' id='word_1_53' title='bbox 1130 1139 1184 1178; x_wconf 89' lang='lat' dir='ltr'><strong>n.</strong></span> <span class='ocrx_word' id='word_1_54' title='bbox 1218 1130 1265 1177; x_wconf 96' lang='grc'><strong>4.</strong></span> 
     </span>
    </p>

    <p class='ocr_par' dir='ltr' id='par_1_6' title="bbox 158 1196 1707 1503">
     <span class='ocr_line' id='line_1_10' title="bbox 158 1196 1707 1273; baseline -0.011 -6"><span class='ocrx_word' id='word_1_55' title='bbox 158 1222 201 1267; x_wconf 86' lang='grc'><strong>8.</strong></span> <span class='ocrx_word' id='word_1_56' title='bbox 236 1214 465 1265; x_wconf 86' lang='lat' dir='ltr'><strong>Potestas</strong></span> <span class='ocrx_word' id='word_1_57' title='bbox 488 1205 726 1273; x_wconf 85' lang='lat' dir='ltr'><strong>proxima</strong></span> <span class='ocrx_word' id='word_1_58' title='bbox 766 1201 1089 1269; x_wconf 85' lang='lat' dir='ltr'><strong>praedicaudi</strong></span> <span class='ocrx_word' id='word_1_59' title='bbox 1138 1198 1297 1253; x_wconf 84' lang='lat' dir='ltr'><strong>tidem</strong></span> <span class='ocrx_word' id='word_1_60' title='bbox 1344 1204 1426 1252; x_wconf 91' lang='lat' dir='ltr'><strong>est</strong></span> <span class='ocrx_word' id='word_1_61' title='bbox 1472 1196 1540 1251; x_wconf 88' lang='lat' dir='ltr'><strong>de</strong></span> <span class='ocrx_word' id='word_1_62' title='bbox 1585 1198 1707 1262; x_wconf 81' lang='lat' dir='ltr'><strong>jure</strong></span> 
     </span>
     <span class='ocr_line' id='line_1_11' title="bbox 212 1272 1707 1345; baseline -0.014 -2"><span class='ocrx_word' id='word_1_63' title='bbox 212 1284 511 1345; x_wconf 86' lang='lat' dir='ltr'><strong>ordinario,</strong></span> <span class='ocrx_word' id='word_1_64' title='bbox 546 1288 601 1335; x_wconf 90' lang='lat' dir='ltr'><strong>et</strong></span> <span class='ocrx_word' id='word_1_65' title='bbox 636 1279 931 1345; x_wconf 74' lang='lat' dir='ltr'><strong>respective</strong></span> <span class='ocrx_word' id='word_1_66' title='bbox 974 1277 1029 1329; x_wconf 89' lang='lat' dir='ltr'><strong>in</strong></span> <span class='ocrx_word' id='word_1_67' title='bbox 1084 1274 1389 1341; x_wconf 80' lang='lat' dir='ltr'><strong>pastoribus</strong></span> <span class='ocrx_word' id='word_1_68' title='bbox 1435 1272 1707 1333; x_wconf 76' lang='lat' dir='ltr'><strong>Ecclesiae,</strong></span> 
     </span>
     <span class='ocr_line' id='line_1_12' title="bbox 214 1348 1707 1424; baseline -0.011 -9"><span class='ocrx_word' id='word_1_69' title='bbox 214 1370 336 1415; x_wconf 89' lang='lat' dir='ltr'><strong>sect.</strong></span> <span class='ocrx_word' id='word_1_70' title='bbox 362 1366 409 1424; x_wconf 93' lang='grc'><strong>1,</strong></span> <span class='ocrx_word' id='word_1_71' title='bbox 431 1373 486 1412; x_wconf 92' lang='lat' dir='ltr'><strong>n.</strong></span> <span class='ocrx_word' id='word_1_72' title='bbox 504 1364 568 1420; x_wconf 64' lang='grc' dir='ltr'><strong>ὅς</strong></span> <span class='ocrx_word' id='word_1_73' title='bbox 604 1370 700 1423; x_wconf 90' lang='lat' dir='ltr'><strong>per</strong></span> <span class='ocrx_word' id='word_1_74' title='bbox 717 1352 1109 1420; x_wconf 77' lang='lat' dir='ltr'><strong>delegationem</strong></span> <span class='ocrx_word' id='word_1_75' title='bbox 1138 1358 1317 1405; x_wconf 90' lang='lat' dir='ltr'><strong>autem</strong></span> <span class='ocrx_word' id='word_1_76' title='bbox 1342 1350 1397 1403; x_wconf 90' lang='lat' dir='ltr'><strong>in</strong></span> <span class='ocrx_word' id='word_1_77' title='bbox 1422 1348 1507 1401; x_wconf 88' lang='lat' dir='ltr'><strong>bis</strong></span> <span class='ocrx_word' id='word_1_78' title='bbox 1529 1348 1707 1401; x_wconf 87' lang='lat' dir='ltr'><strong>solum</strong></span> 
     </span>
     <span class='ocr_line' id='line_1_13' title="bbox 213 1428 1033 1503; baseline -0.01 -14"><span class='ocrx_word' id='word_1_79' title='bbox 213 1438 297 1503; x_wconf 89' lang='lat' dir='ltr'><strong>qui</strong></span> <span class='ocrx_word' id='word_1_80' title='bbox 322 1436 553 1500; x_wconf 74' lang='lat' dir='ltr'><strong>legitime</strong></span> <span class='ocrx_word' id='word_1_81' title='bbox 582 1434 879 1493; x_wconf 88' lang='lat' dir='ltr'><strong>mittuntur,</strong></span> <span class='ocrx_word' id='word_1_82' title='bbox 902 1428 1033 1481; x_wconf 83' lang='lat' dir='ltr'><strong>ibid.</strong></span> 
     </span>
    </p>

    <p class='ocr_par' dir='ltr' id='par_1_7' title="bbox 156 1499 1711 1717">
     <span class='ocr_line' id='line_1_14' title="bbox 156 1499 1711 1575; baseline -0.01 -8"><span class='ocrx_word' id='word_1_83' title='bbox 156 1520 197 1567; x_wconf 89' lang='grc'><strong>4.</strong></span> <span class='ocrx_word' id='word_1_84' title='bbox 236 1512 519 1565; x_wconf 82' lang='lat' dir='ltr'><strong>Proedicare</strong></span> <span class='ocrx_word' id='word_1_85' title='bbox 541 1507 787 1575; x_wconf 88' lang='lat' dir='ltr'><strong>privatim</strong></span> <span class='ocrx_word' id='word_1_86' title='bbox 824 1506 1149 1572; x_wconf 83' lang='lat' dir='ltr'><strong>quicumque</strong></span> <span class='ocrx_word' id='word_1_87' title='bbox 1192 1502 1363 1557; x_wconf 84' lang='lat' dir='ltr'><strong>fidelis</strong></span> <span class='ocrx_word' id='word_1_88' title='bbox 1384 1499 1711 1554; x_wconf 86' lang='lat' dir='ltr'><strong>sufficienter</strong></span> 
     </span>
     <span class='ocr_line' id='line_1_15' title="bbox 210 1574 1711 1653; baseline -0.011 -10"><span class='ocrx_word' id='word_1_89' title='bbox 210 1588 443 1643; x_wconf 83' lang='lat' dir='ltr'><strong>eruditus</strong></span> <span class='ocrx_word' id='word_1_90' title='bbox 478 1590 676 1653; x_wconf 84' lang='lat' dir='ltr'><strong>potest,</strong></span> <span class='ocrx_word' id='word_1_91' title='bbox 704 1584 813 1638; x_wconf 92' lang='lat' dir='ltr'><strong>imo</strong></span> <span class='ocrx_word' id='word_1_92' title='bbox 837 1592 1224 1647; x_wconf 86' lang='lat' dir='ltr'><strong>nonnunquam</strong></span> <span class='ocrx_word' id='word_1_93' title='bbox 1250 1584 1475 1639; x_wconf 88' lang='lat' dir='ltr'><strong>tenetur,</strong></span> <span class='ocrx_word' id='word_1_94' title='bbox 1516 1574 1711 1629; x_wconf 86' lang='lat' dir='ltr'><strong>eodem</strong></span> 
     </span>
     <span class='ocr_line' id='line_1_16' title="bbox 218 1672 347 1717; baseline -0.016 0"><span class='ocrx_word' id='word_1_95' title='bbox 218 1681 267 1717; x_wconf 89' lang='lat' dir='ltr'><strong>n.</strong></span> <span class='ocrx_word' id='word_1_96' title='bbox 303 1672 347 1717; x_wconf 77' lang='lat'><strong>5.</strong></span> 
     </span>
    </p>

    <p class='ocr_par' dir='ltr' id='par_1_8' title="bbox 155 1728 1711 1963">
     <span class='ocr_line' id='line_1_17' title="bbox 155 1728 1711 1810; baseline -0.011 -12"><span class='ocrx_word' id='word_1_97' title='bbox 155 1754 197 1798; x_wconf 82' lang='lat'><strong>5.</strong></span> <span class='ocrx_word' id='word_1_98' title='bbox 231 1746 483 1810; x_wconf 86' lang='lat' dir='ltr'><strong>Suprema</strong></span> <span class='ocrx_word' id='word_1_99' title='bbox 504 1747 557 1794; x_wconf 90' lang='lat' dir='ltr'><strong>et</strong></span> <span class='ocrx_word' id='word_1_100' title='bbox 585 1739 827 1792; x_wconf 87' lang='lat' dir='ltr'><strong>absoluta</strong></span> <span class='ocrx_word' id='word_1_101' title='bbox 850 1740 1085 1805; x_wconf 89' lang='lat' dir='ltr'><strong>potestas</strong></span> <span class='ocrx_word' id='word_1_102' title='bbox 1120 1730 1363 1786; x_wconf 88' lang='lat' dir='ltr'><strong>mittendi</strong></span> <span class='ocrx_word' id='word_1_103' title='bbox 1393 1728 1711 1795; x_wconf 77' lang='lat' dir='ltr'><strong>praedicato-</strong></span> 
     </span>
     <span class='ocr_line' id='line_1_18' title="bbox 211 1804 1710 1875; baseline -0.009 -4"><span class='ocrx_word' id='word_1_104' title='bbox 211 1821 368 1873; x_wconf 85' lang='lat' dir='ltr'><strong>resin</strong></span> <span class='ocrx_word' id='word_1_105' title='bbox 396 1819 523 1873; x_wconf 84' lang='lat' dir='ltr'><strong>soto</strong></span> <span class='ocrx_word' id='word_1_106' title='bbox 543 1816 797 1872; x_wconf 87' lang='lat' dir='ltr'><strong>Pontitice</strong></span> <span class='ocrx_word' id='word_1_107' title='bbox 818 1813 1033 1873; x_wconf 75' lang='lat' dir='ltr'><strong>residet,</strong></span> <span class='ocrx_word' id='word_1_108' title='bbox 1062 1826 1115 1865; x_wconf 91' lang='lat' dir='ltr'><strong>n.</strong></span> <span class='ocrx_word' id='word_1_109' title='bbox 1146 1815 1192 1873; x_wconf 69' lang='grc' dir='ltr'><strong>ὃς</strong></span> <span class='ocrx_word' id='word_1_110' title='bbox 1224 1810 1346 1861; x_wconf 89' lang='lat' dir='ltr'><strong>item</strong></span> <span class='ocrx_word' id='word_1_111' title='bbox 1376 1808 1465 1875; x_wconf 82' lang='lat' dir='ltr'><strong>jus</strong></span> <span class='ocrx_word' id='word_1_112' title='bbox 1504 1804 1710 1858; x_wconf 90' lang='lat' dir='ltr'><strong>tutandi</strong></span> 
     </span>
     <span class='ocr_line' id='line_1_19' title="bbox 209 1886 1549 1963; baseline -0.012 -13"><span class='ocrx_word' id='word_1_113' title='bbox 209 1897 585 1963; x_wconf 76' lang='lat' dir='ltr'><strong>praedicatores</strong></span> <span class='ocrx_word' id='word_1_114' title='bbox 608 1907 705 1959; x_wconf 86' lang='lat' dir='ltr'><strong>per</strong></span> <span class='ocrx_word' id='word_1_115' title='bbox 730 1892 929 1945; x_wconf 88' lang='lat' dir='ltr'><strong>bellum</strong></span> <span class='ocrx_word' id='word_1_116' title='bbox 968 1897 1019 1942; x_wconf 92' lang='lat' dir='ltr'><strong>et</strong></span> <span class='ocrx_word' id='word_1_117' title='bbox 1041 1887 1394 1946; x_wconf 82' lang='lat' dir='ltr'><strong>coactionem,</strong></span> <span class='ocrx_word' id='word_1_118' title='bbox 1422 1896 1477 1936; x_wconf 95' lang='grc' dir='ltr'><strong>ιι.</strong></span> <span class='ocrx_word' id='word_1_119' title='bbox 1504 1886 1549 1934; x_wconf 88' lang='grc'><strong>7.</strong></span> 
     </span>
    </p>

    <p class='ocr_par' dir='ltr' id='par_1_9' title="bbox 152 1958 1712 2265">
     <span class='ocr_line' id='line_1_20' title="bbox 152 1958 1712 2025; baseline -0.009 -1"><span class='ocrx_word' id='word_1_120' title='bbox 152 1980 195 2025; x_wconf 83' lang='lat'><strong>6.</strong></span> <span class='ocrx_word' id='word_1_121' title='bbox 230 1976 398 2025; x_wconf 88' lang='lat' dir='ltr'><strong>Potest</strong></span> <span class='ocrx_word' id='word_1_122' title='bbox 422 1972 679 2021; x_wconf 88' lang='lat' dir='ltr'><strong>Summus</strong></span> <span class='ocrx_word' id='word_1_123' title='bbox 701 1967 936 2021; x_wconf 82' lang='lat' dir='ltr'><strong>Pontifex</strong></span> <span class='ocrx_word' id='word_1_124' title='bbox 960 1967 1063 2017; x_wconf 87' lang='lat' dir='ltr'><strong>hoc</strong></span> <span class='ocrx_word' id='word_1_125' title='bbox 1100 1964 1181 2025; x_wconf 80' lang='lat' dir='ltr'><strong>ius</strong></span> <span class='ocrx_word' id='word_1_126' title='bbox 1222 1958 1541 2015; x_wconf 86' lang='lat' dir='ltr'><strong>defendendi</strong></span> <span class='ocrx_word' id='word_1_127' title='bbox 1569 1970 1712 2025; x_wconf 83' lang='lat' dir='ltr'><strong>prae-</strong></span> 
     </span>
     <span class='ocr_line' id='line_1_21' title="bbox 207 2035 1712 2109; baseline -0.012 -8"><span class='ocrx_word' id='word_1_128' title='bbox 207 2048 465 2101; x_wconf 85' lang='lat' dir='ltr'><strong>dicatores</strong></span> <span class='ocrx_word' id='word_1_129' title='bbox 515 2045 729 2109; x_wconf 72' lang='lat' dir='ltr'><strong>regibus</strong></span> <span class='ocrx_word' id='word_1_130' title='bbox 757 2042 1089 2095; x_wconf 76' lang='lat' dir='ltr'><strong>committere</strong></span> <span class='ocrx_word' id='word_1_131' title='bbox 1114 2079 1129 2104; x_wconf 90' lang='lat'><strong>,</strong></span> <span class='ocrx_word' id='word_1_132' title='bbox 1153 2040 1263 2091; x_wconf 89' lang='lat' dir='ltr'><strong>imo</strong></span> <span class='ocrx_word' id='word_1_133' title='bbox 1283 2045 1335 2091; x_wconf 87' lang='lat' dir='ltr'><strong>et</strong></span> <span class='ocrx_word' id='word_1_134' title='bbox 1360 2048 1487 2088; x_wconf 90' lang='lat' dir='ltr'><strong>suas</strong></span> <span class='ocrx_word' id='word_1_135' title='bbox 1515 2035 1712 2096; x_wconf 89' lang='lat' dir='ltr'><strong>cuique</strong></span> 
     </span>
     <span class='ocr_line' id='line_1_22' title="bbox 210 2108 1711 2189; baseline -0.012 -13"><span class='ocrx_word' id='word_1_136' title='bbox 210 2122 511 2189; x_wconf 86' lang='lat' dir='ltr'><strong>provincias</strong></span> <span class='ocrx_word' id='word_1_137' title='bbox 533 2118 801 2173; x_wconf 88' lang='lat' dir='ltr'><strong>destinare</strong></span> <span class='ocrx_word' id='word_1_138' title='bbox 836 2117 905 2170; x_wconf 90' lang='lat' dir='ltr'><strong>ad</strong></span> <span class='ocrx_word' id='word_1_139' title='bbox 934 2129 1069 2182; x_wconf 82' lang='lat' dir='ltr'><strong>quas</strong></span> <span class='ocrx_word' id='word_1_140' title='bbox 1092 2112 1470 2181; x_wconf 78' lang='lat' dir='ltr'><strong>praedicatores</strong></span> <span class='ocrx_word' id='word_1_141' title='bbox 1501 2108 1711 2161; x_wconf 90' lang='lat' dir='ltr'><strong>mittere</strong></span> 
     </span>
     <span class='ocr_line' id='line_1_23' title="bbox 212 2195 901 2265; baseline -0.009 -16"><span class='ocrx_word' id='word_1_142' title='bbox 212 2206 521 2265; x_wconf 84' lang='lat' dir='ltr'><strong>procurent,</strong></span> <span class='ocrx_word' id='word_1_143' title='bbox 552 2195 741 2249; x_wconf 89' lang='lat' dir='ltr'><strong>eodem</strong></span> <span class='ocrx_word' id='word_1_144' title='bbox 774 2207 825 2245; x_wconf 92' lang='lat' dir='ltr'><strong>n.</strong></span> <span class='ocrx_word' id='word_1_145' title='bbox 853 2198 901 2244; x_wconf 82' lang='grc'><strong>’1.</strong></span> 
     </span>
    </p>

    <p class='ocr_par' dir='ltr' id='par_1_10' title="bbox 156 2265 1715 2560">
     <span class='ocr_line' id='line_1_24' title="bbox 156 2265 1715 2329; baseline -0.011 -4"><span class='ocrx_word' id='word_1_146' title='bbox 156 2282 197 2327; x_wconf 82' lang='lat'><strong>7.</strong></span> <span class='ocrx_word' id='word_1_147' title='bbox 232 2274 640 2325; x_wconf 85' lang='lat' dir='ltr'><strong>Praedicatorum</strong></span> <span class='ocrx_word' id='word_1_148' title='bbox 666 2269 785 2321; x_wconf 84' lang='lat' dir='ltr'><strong>fidei</strong></span> <span class='ocrx_word' id='word_1_149' title='bbox 810 2266 1177 2321; x_wconf 81' lang='lat' dir='ltr'><strong>defensionem</strong></span> <span class='ocrx_word' id='word_1_150' title='bbox 1204 2276 1299 2329; x_wconf 91' lang='lat' dir='ltr'><strong>per</strong></span> <span class='ocrx_word' id='word_1_151' title='bbox 1316 2265 1573 2315; x_wconf 83' lang='lat' dir='ltr'><strong>armatam</strong></span> <span class='ocrx_word' id='word_1_152' title='bbox 1605 2270 1715 2311; x_wconf 88' lang='lat' dir='ltr'><strong>ma·</strong></span> 
     </span>
     <span class='ocr_line' id='line_1_25' title="bbox 215 2332 1712 2408; baseline -0.011 -7"><span class='ocrx_word' id='word_1_153' title='bbox 215 2362 335 2401; x_wconf 89' lang='lat' dir='ltr'><strong>num</strong></span> <span class='ocrx_word' id='word_1_154' title='bbox 352 2348 538 2407; x_wconf 86' lang='lat' dir='ltr'><strong>licere,</strong></span> <span class='ocrx_word' id='word_1_155' title='bbox 556 2348 714 2399; x_wconf 89' lang='lat' dir='ltr'><strong>etiam</strong></span> <span class='ocrx_word' id='word_1_156' title='bbox 737 2350 1021 2408; x_wconf 85' lang='lat' dir='ltr'><strong>antequam</strong></span> <span class='ocrx_word' id='word_1_157' title='bbox 1039 2341 1107 2393; x_wconf 89' lang='lat' dir='ltr'><strong>ab</strong></span> <span class='ocrx_word' id='word_1_158' title='bbox 1132 2338 1439 2392; x_wconf 79' lang='lat' dir='ltr'><strong>infidelibus</strong></span> <span class='ocrx_word' id='word_1_159' title='bbox 1462 2332 1712 2401; x_wconf 84' lang='lat' dir='ltr'><strong>injuriam</strong></span> 
     </span>
     <span class='ocr_line' id='line_1_26' title="bbox 216 2411 1709 2491; baseline -0.01 -15"><span class='ocrx_word' id='word_1_160' title='bbox 216 2426 505 2491; x_wconf 83' lang='lat' dir='ltr'><strong>patiantur,</strong></span> <span class='ocrx_word' id='word_1_161' title='bbox 522 2420 739 2487; x_wconf 88' lang='lat' dir='ltr'><strong>quidam</strong></span> <span class='ocrx_word' id='word_1_162' title='bbox 769 2418 973 2481; x_wconf 86' lang='lat' dir='ltr'><strong>volunt,</strong></span> <span class='ocrx_word' id='word_1_163' title='bbox 1018 2416 1167 2477; x_wconf 81' lang='lat' dir='ltr'><strong>ibid..</strong></span> <span class='ocrx_word' id='word_1_164' title='bbox 1219 2418 1357 2477; x_wconf 85' lang='lat' dir='ltr'><strong>n.8;</strong></span> <span class='ocrx_word' id='word_1_165' title='bbox 1403 2411 1709 2478; x_wconf 89' lang='lat' dir='ltr'><strong>oppositum</strong></span> 
     </span>
     <span class='ocr_line' id='line_1_27' title="bbox 212 2500 577 2560; baseline -0.011 -8"><span class='ocrx_word' id='word_1_166' title='bbox 212 2500 401 2560; x_wconf 70' lang='lat' dir='ltr'><strong>veriuS,</strong></span> <span class='ocrx_word' id='word_1_167' title='bbox 437 2513 499 2551; x_wconf 86' lang='lat' dir='ltr'><strong>n.</strong></span> <span class='ocrx_word' id='word_1_168' title='bbox 530 2504 577 2549; x_wconf 81' lang='grc'><strong>8.</strong></span> 
     </span>
    </p>

    <p class='ocr_par' dir='ltr' id='par_1_11' title="bbox 162 2561 1715 2789">
     <span class='ocr_line' id='line_1_28' title="bbox 162 2561 1715 2640; baseline -0.01 -13"><span class='ocrx_word' id='word_1_169' title='bbox 162 2584 204 2629; x_wconf 86' lang='grc'><strong>8.</strong></span> <span class='ocrx_word' id='word_1_170' title='bbox 242 2575 517 2637; x_wconf 75' lang='lat' dir='ltr'><strong>Quomodo</strong></span> <span class='ocrx_word' id='word_1_171' title='bbox 550 2586 609 2625; x_wconf 82' lang='lat' dir='ltr'><strong>se</strong></span> <span class='ocrx_word' id='word_1_172' title='bbox 642 2584 829 2640; x_wconf 89' lang='lat' dir='ltr'><strong>gerere</strong></span> <span class='ocrx_word' id='word_1_173' title='bbox 866 2570 1095 2623; x_wconf 89' lang='lat' dir='ltr'><strong>debeant</strong></span> <span class='ocrx_word' id='word_1_174' title='bbox 1123 2564 1401 2619; x_wconf 83' lang='lat' dir='ltr'><strong>christiani</strong></span> <span class='ocrx_word' id='word_1_175' title='bbox 1442 2561 1715 2627; x_wconf 79' lang='lat' dir='ltr'><strong>principes</strong></span> 
     </span>
     <span class='ocr_line' id='line_1_29' title="bbox 212 2637 1711 2713; baseline -0.013 -6"><span class='ocrx_word' id='word_1_176' title='bbox 212 2666 329 2707; x_wconf 90' lang='lat' dir='ltr'><strong>cum</strong></span> <span class='ocrx_word' id='word_1_177' title='bbox 372 2650 689 2703; x_wconf 78' lang='lat' dir='ltr'><strong>infidelibus</strong></span> <span class='ocrx_word' id='word_1_178' title='bbox 732 2654 787 2702; x_wconf 92' lang='lat' dir='ltr'><strong>ut</strong></span> <span class='ocrx_word' id='word_1_179' title='bbox 828 2640 1336 2713; x_wconf 84' lang='lat' dir='ltr'><strong>praedicationittdei</strong></span> <span class='ocrx_word' id='word_1_180' title='bbox 1361 2639 1540 2692; x_wconf 90' lang='lat' dir='ltr'><strong>locum</strong></span> <span class='ocrx_word' id='word_1_181' title='bbox 1563 2637 1711 2699; x_wconf 90' lang='lat' dir='ltr'><strong>dent,</strong></span> 
     </span>
     <span class='ocr_line' id='line_1_30' title="bbox 214 2728 559 2789; baseline -0.009 -10"><span class='ocrx_word' id='word_1_182' title='bbox 214 2728 357 2789; x_wconf 64' lang='lat' dir='ltr'><strong>ibid„</strong></span> <span class='ocrx_word' id='word_1_183' title='bbox 380 2741 433 2779; x_wconf 90' lang='lat' dir='ltr'><strong>n.</strong></span> <span class='ocrx_word' id='word_1_184' title='bbox 483 2732 559 2777; x_wconf 81' lang='lat'><strong>1⁰.</strong></span> 
     </span>
    </p>

    <p class='ocr_par' dir='ltr' id='par_1_12' title="bbox 162 2794 1725 2945">
     <span class='ocr_line' id='line_1_31' title="bbox 162 2794 1720 2871; baseline -0.01 -14"><span class='ocrx_word' id='word_1_185' title='bbox 162 2812 203 2857; x_wconf 81' lang='grc'><strong>9.</strong></span> <span class='ocrx_word' id='word_1_186' title='bbox 226 2806 299 2857; x_wconf 77' lang='lat' dir='ltr'><strong>Ad</strong></span> <span class='ocrx_word' id='word_1_187' title='bbox 326 2801 762 2871; x_wconf 73' lang='lat' dir='ltr'><strong>praedicationem</strong></span> <span class='ocrx_word' id='word_1_188' title='bbox 791 2799 913 2851; x_wconf 85' lang='lat' dir='ltr'><strong>fidei</strong></span> <span class='ocrx_word' id='word_1_189' title='bbox 938 2794 1280 2853; x_wconf 86' lang='lat' dir='ltr'><strong>audiendam,</strong></span> <span class='ocrx_word' id='word_1_190' title='bbox 1312 2806 1380 2845; x_wconf 91' lang='lat' dir='ltr'><strong>an</strong></span> <span class='ocrx_word' id='word_1_191' title='bbox 1407 2795 1460 2843; x_wconf 90' lang='lat' dir='ltr'><strong>et</strong></span> <span class='ocrx_word' id='word_1_192' title='bbox 1483 2800 1720 2856; x_wconf 89' lang='lat' dir='ltr'><strong>quomo-</strong></span> 
     </span>
     <span class='ocr_line' id='line_1_32' title="bbox 220 2867 1725 2945; baseline -0.013 -12"><span class='ocrx_word' id='word_1_193' title='bbox 220 2880 287 2933; x_wconf 85' lang='lat' dir='ltr'><strong>do</strong></span> <span class='ocrx_word' id='word_1_194' title='bbox 334 2877 593 2945; x_wconf 86' lang='lat' dir='ltr'><strong>compelli</strong></span> <span class='ocrx_word' id='word_1_195' title='bbox 630 2881 856 2943; x_wconf 84' lang='lat' dir='ltr'><strong>possunt</strong></span> <span class='ocrx_word' id='word_1_196' title='bbox 897 2870 1159 2932; x_wconf 83' lang='lat' dir='ltr'><strong>infideles,</strong></span> <span class='ocrx_word' id='word_1_197' title='bbox 1207 2867 1330 2922; x_wconf 88' lang='lat' dir='ltr'><strong>vide</strong></span> <span class='ocrx_word' id='word_1_198' title='bbox 1380 2880 1639 2927; x_wconf 62' lang='lat' dir='ltr'><strong>turtureus,</strong></span> <span class='ocrx_word' id='word_1_199' title='bbox 1688 2875 1725 2915; x_wconf 85' lang='lat' dir='ltr'><strong>a</strong></span> 
     </span>
    </p>
   </div>
   <div class='ocr_carea' id='block_1_4' title="bbox 218 2959 1072 3063">
    <p class='ocr_par' dir='ltr' id='par_1_13' title="bbox 218 2959 1072 3063">
     <span class='ocr_line' id='line_1_33' title="bbox 218 2959 1072 3063; baseline -0.004 1"><span class='ocrx_word' id='word_1_200' title='bbox 218 2968 267 3006; x_wconf 51' lang='lat' dir='ltr'><strong>n·</strong></span> <span class='ocrx_word' id='word_1_201' title='bbox 290 2959 337 3007; x_wconf 59' lang='grc' dir='ltr'><strong>Ἰ.</strong></span> <span class='ocrx_word' id='word_1_202' title='bbox 801 3022 1072 3063; x_wconf 60' lang='lat' dir='ltr'><strong>nstantia.</strong></span> 
     </span>
    </p>
   </div>
   <div class='ocr_carea' id='block_1_5' title="bbox 154 3117 1723 4399">
    <p class='ocr_par' dir='ltr' id='par_1_14' title="bbox 160 3117 1723 3337">
     <span class='ocr_line' id='line_1_34' title="bbox 160 3117 1723 3194; baseline -0.013 -7"><span class='ocrx_word' id='word_1_203' title='bbox 160 3141 201 3187; x_wconf 84' lang='grc'><strong>1.</strong></span> <span class='ocrx_word' id='word_1_204' title='bbox 234 3132 489 3185; x_wconf 83' lang='lat' dir='ltr'><strong>Praelatos</strong></span> <span class='ocrx_word' id='word_1_205' title='bbox 504 3128 679 3183; x_wconf 88' lang='lat' dir='ltr'><strong>solnm</strong></span> <span class='ocrx_word' id='word_1_206' title='bbox 706 3126 932 3194; x_wconf 84' lang='lat' dir='ltr'><strong>obligari</strong></span> <span class='ocrx_word' id='word_1_207' title='bbox 956 3130 1219 3190; x_wconf 79' lang='lat' dir='ltr'><strong>praecepto</strong></span> <span class='ocrx_word' id='word_1_208' title='bbox 1234 3118 1583 3175; x_wconf 85' lang='lat' dir='ltr'><strong>correctionis</strong></span> <span class='ocrx_word' id='word_1_209' title='bbox 1606 3117 1723 3168; x_wconf 88' lang='lat' dir='ltr'><strong>fra-</strong></span> 
     </span>
     <span class='ocr_line' id='line_1_35' title="bbox 220 3194 1717 3266; baseline -0.011 -4"><span class='ocrx_word' id='word_1_210' title='bbox 220 3216 375 3262; x_wconf 80' lang='lat' dir='ltr'><strong>ternae</strong></span> <span class='ocrx_word' id='word_1_211' title='bbox 397 3212 461 3260; x_wconf 78' lang='lat' dir='ltr'><strong>et</strong></span> <span class='ocrx_word' id='word_1_212' title='bbox 484 3206 674 3259; x_wconf 85' lang='lat' dir='ltr'><strong>falsum</strong></span> <span class='ocrx_word' id='word_1_213' title='bbox 701 3210 783 3256; x_wconf 91' lang='lat' dir='ltr'><strong>est</strong></span> <span class='ocrx_word' id='word_1_214' title='bbox 802 3208 855 3256; x_wconf 91' lang='lat' dir='ltr'><strong>et</strong></span> <span class='ocrx_word' id='word_1_215' title='bbox 874 3199 1249 3266; x_wconf 86' lang='lat' dir='ltr'><strong>improbabile,</strong></span> <span class='ocrx_word' id='word_1_216' title='bbox 1270 3202 1419 3250; x_wconf 87' lang='lat' dir='ltr'><strong>tract.</strong></span> <span class='ocrx_word' id='word_1_217' title='bbox 1434 3198 1483 3259; x_wconf 84' lang='grc'><strong>8,</strong></span> <span class='ocrx_word' id='word_1_218' title='bbox 1507 3194 1647 3257; x_wconf 84' lang='lat' dir='ltr'><strong>disp.</strong></span> <span class='ocrx_word' id='word_1_219' title='bbox 1667 3198 1717 3252; x_wconf 92' lang='grc'><strong>8,</strong></span> 
     </span>
     <span class='ocr_line' id='line_1_36' title="bbox 217 3284 727 3337; baseline -0.016 0"><span class='ocrx_word' id='word_1_220' title='bbox 217 3290 339 3337; x_wconf 89' lang='lat' dir='ltr'><strong>sect.</strong></span> <span class='ocrx_word' id='word_1_221' title='bbox 366 3287 411 3334; x_wconf 94' lang='grc'><strong>4.</strong></span> <span class='ocrx_word' id='word_1_222' title='bbox 459 3295 511 3334; x_wconf 90' lang='grc' dir='ltr'><strong>ιι.</strong></span> <span class='ocrx_word' id='word_1_223' title='bbox 538 3286 568 3331; x_wconf 78' lang='lat'><em>2</em></span> <span class='ocrx_word' id='word_1_224' title='bbox 594 3286 643 3332; x_wconf 89' lang='lat' dir='ltr'><strong>et</strong></span> <span class='ocrx_word' id='word_1_225' title='bbox 680 3284 727 3329; x_wconf 86' lang='grc'><strong>8.</strong></span> 
     </span>
    </p>

    <p class='ocr_par' dir='ltr' id='par_1_15' title="bbox 156 3342 1716 3500">
     <span class='ocr_line' id='line_1_37' title="bbox 156 3342 1716 3423; baseline -0.011 -11"><span class='ocrx_word' id='word_1_226' title='bbox 156 3366 199 3411; x_wconf 75' lang='lat' dir='ltr'><strong>s.</strong></span> <span class='ocrx_word' id='word_1_227' title='bbox 232 3358 437 3411; x_wconf 73' lang='lat' dir='ltr'><strong>Praelati</strong></span> <span class='ocrx_word' id='word_1_228' title='bbox 472 3356 645 3423; x_wconf 82' lang='lat' dir='ltr'><strong>magis</strong></span> <span class='ocrx_word' id='word_1_229' title='bbox 668 3352 971 3420; x_wconf 86' lang='lat' dir='ltr'><strong>obligantur</strong></span> <span class='ocrx_word' id='word_1_230' title='bbox 1004 3351 1109 3405; x_wconf 82' lang='lat' dir='ltr'><strong>boc</strong></span> <span class='ocrx_word' id='word_1_231' title='bbox 1136 3352 1403 3416; x_wconf 82' lang='lat' dir='ltr'><strong>praecepto</strong></span> <span class='ocrx_word' id='word_1_232' title='bbox 1434 3358 1595 3412; x_wconf 89' lang='lat' dir='ltr'><strong>quam</strong></span> <span class='ocrx_word' id='word_1_233' title='bbox 1626 3342 1716 3397; x_wconf 86' lang='lat' dir='ltr'><strong>alii</strong></span> 
     </span>
     <span class='ocr_line' id='line_1_38' title="bbox 216 3432 931 3500; baseline -0.014 -13"><span class='ocrx_word' id='word_1_234' title='bbox 216 3447 319 3487; x_wconf 90' lang='lat' dir='ltr'><strong>non</strong></span> <span class='ocrx_word' id='word_1_235' title='bbox 348 3432 577 3500; x_wconf 81' lang='lat' dir='ltr'><strong>praelati,</strong></span> <span class='ocrx_word' id='word_1_236' title='bbox 604 3444 658 3481; x_wconf 91' lang='lat' dir='ltr'><strong>n.</strong></span> <span class='ocrx_word' id='word_1_237' title='bbox 684 3434 730 3481; x_wconf 95' lang='grc'><strong>4.</strong></span> <span class='ocrx_word' id='word_1_238' title='bbox 922 3493 931 3500; x_wconf 38' lang='lat'><strong>·</strong></span> 
     </span>
    </p>

    <p class='ocr_par' dir='ltr' id='par_1_16' title="bbox 156 3494 1717 3645">
     <span class='ocr_line' id='line_1_39' title="bbox 156 3494 1717 3568; baseline -0.011 -6"><span class='ocrx_word' id='word_1_239' title='bbox 156 3518 197 3562; x_wconf 80' lang='grc'><strong>3.</strong></span> <span class='ocrx_word' id='word_1_240' title='bbox 218 3510 475 3561; x_wconf 68' lang='lat' dir='ltr'><strong>Pnelatus</strong></span> <span class='ocrx_word' id='word_1_241' title='bbox 498 3508 751 3560; x_wconf 88' lang='lat' dir='ltr'><strong>omittens</strong></span> <span class='ocrx_word' id='word_1_242' title='bbox 784 3502 1051 3568; x_wconf 73' lang='lat' dir='ltr'><strong>corrigere</strong></span> <span class='ocrx_word' id='word_1_243' title='bbox 1074 3499 1367 3555; x_wconf 89' lang='lat' dir='ltr'><strong>subditum,</strong></span> <span class='ocrx_word' id='word_1_244' title='bbox 1392 3510 1515 3549; x_wconf 89' lang='lat' dir='ltr'><strong>cum</strong></span> <span class='ocrx_word' id='word_1_245' title='bbox 1537 3509 1599 3549; x_wconf 83' lang='lat' dir='ltr'><strong>ex</strong></span> <span class='ocrx_word' id='word_1_246' title='bbox 1632 3494 1717 3547; x_wconf 81' lang='lat' dir='ltr'><strong>ot·-</strong></span> 
     </span>
     <span class='ocr_line' id='line_1_40' title="bbox 214 3575 1715 3645; baseline -0.01 -9"><span class='ocrx_word' id='word_1_247' title='bbox 214 3585 331 3638; x_wconf 84' lang='lat' dir='ltr'><strong>ficio</strong></span> <span class='ocrx_word' id='word_1_248' title='bbox 364 3588 601 3643; x_wconf 81' lang='lat' dir='ltr'><strong>tenetur,</strong></span> <span class='ocrx_word' id='word_1_249' title='bbox 628 3594 699 3633; x_wconf 87' lang='lat' dir='ltr'><strong>an</strong></span> <span class='ocrx_word' id='word_1_250' title='bbox 736 3579 930 3645; x_wconf 85' lang='lat' dir='ltr'><strong>duplex</strong></span> <span class='ocrx_word' id='word_1_251' title='bbox 968 3576 1210 3629; x_wconf 87' lang='lat' dir='ltr'><strong>admittat</strong></span> <span class='ocrx_word' id='word_1_252' title='bbox 1243 3580 1519 3639; x_wconf 89' lang='lat' dir='ltr'><strong>peccatum</strong></span> <span class='ocrx_word' id='word_1_253' title='bbox 1542 3610 1554 3633; x_wconf 96' lang='lat'><strong>,</strong></span> <span class='ocrx_word' id='word_1_254' title='bbox 1580 3584 1629 3621; x_wconf 91' lang='lat' dir='ltr'><strong>n.</strong></span> <span class='ocrx_word' id='word_1_255' title='bbox 1668 3575 1715 3621; x_wconf 74' lang='lat'><strong>⁵.</strong></span> 
     </span>
    </p>

    <p class='ocr_par' dir='ltr' id='par_1_17' title="bbox 158 3648 1720 3802">
     <span class='ocr_line' id='line_1_41' title="bbox 158 3648 1720 3723; baseline -0.009 -11"><span class='ocrx_word' id='word_1_256' title='bbox 158 3666 200 3715; x_wconf 90' lang='grc'><strong>4.</strong></span> <span class='ocrx_word' id='word_1_257' title='bbox 234 3662 491 3713; x_wconf 79' lang='lat' dir='ltr'><strong>Praelatus</strong></span> <span class='ocrx_word' id='word_1_258' title='bbox 516 3656 803 3723; x_wconf 88' lang='lat' dir='ltr'><strong>aliquando</strong></span> <span class='ocrx_word' id='word_1_259' title='bbox 825 3663 957 3708; x_wconf 87' lang='lat' dir='ltr'><strong>esta</strong></span> <span class='ocrx_word' id='word_1_260' title='bbox 989 3652 1207 3705; x_wconf 81' lang='lat' dir='ltr'><strong>subdito</strong></span> <span class='ocrx_word' id='word_1_261' title='bbox 1248 3648 1619 3716; x_wconf 80' lang='lat' dir='ltr'><strong>corrigendus,</strong></span> <span class='ocrx_word' id='word_1_262' title='bbox 1664 3652 1720 3699; x_wconf 87' lang='lat' dir='ltr'><strong>et</strong></span> 
     </span>
     <span class='ocr_line' id='line_1_42' title="bbox 211 3729 1440 3802; baseline -0.011 -13"><span class='ocrx_word' id='word_1_263' title='bbox 211 3738 461 3802; x_wconf 80' lang='lat' dir='ltr'><strong>qualiter,</strong></span> <span class='ocrx_word' id='word_1_264' title='bbox 493 3734 680 3788; x_wconf 89' lang='lat' dir='ltr'><strong>eadem</strong></span> <span class='ocrx_word' id='word_1_265' title='bbox 708 3732 847 3796; x_wconf 90' lang='lat' dir='ltr'><strong>disp.</strong></span> <span class='ocrx_word' id='word_1_266' title='bbox 872 3736 919 3788; x_wconf 92' lang='grc'><strong>8,</strong></span> <span class='ocrx_word' id='word_1_267' title='bbox 946 3734 1075 3781; x_wconf 88' lang='lat' dir='ltr'><strong>sect.</strong></span> <span class='ocrx_word' id='word_1_268' title='bbox 1103 3734 1153 3785; x_wconf 79' lang='lat'><strong>5,</strong></span> <span class='ocrx_word' id='word_1_269' title='bbox 1183 3739 1236 3778; x_wconf 92' lang='lat' dir='ltr'><strong>n.</strong></span> <span class='ocrx_word' id='word_1_270' title='bbox 1262 3731 1289 3778; x_wconf 84' lang='lat'><strong>1</strong></span> <span class='ocrx_word' id='word_1_271' title='bbox 1313 3732 1366 3777; x_wconf 90' lang='lat' dir='ltr'><strong>et</strong></span> <span class='ocrx_word' id='word_1_272' title='bbox 1390 3729 1440 3776; x_wconf 75' lang='lat'><strong>2.</strong></span> 
     </span>
    </p>

    <p class='ocr_par' dir='ltr' id='par_1_18' title="bbox 156 3796 1717 4023">
     <span class='ocr_line' id='line_1_43' title="bbox 156 3796 1715 3875; baseline -0.011 -10"><span class='ocrx_word' id='word_1_273' title='bbox 156 3820 197 3865; x_wconf 74' lang='grc'><strong>5.</strong></span> <span class='ocrx_word' id='word_1_274' title='bbox 232 3810 445 3864; x_wconf 83' lang='lat' dir='ltr'><strong>Praelati</strong></span> <span class='ocrx_word' id='word_1_275' title='bbox 472 3822 539 3861; x_wconf 89' lang='lat' dir='ltr'><strong>an</strong></span> <span class='ocrx_word' id='word_1_276' title='bbox 568 3809 777 3875; x_wconf 82' lang='lat' dir='ltr'><strong>possint</strong></span> <span class='ocrx_word' id='word_1_277' title='bbox 804 3806 1045 3871; x_wconf 83' lang='lat' dir='ltr'><strong>obligare</strong></span> <span class='ocrx_word' id='word_1_278' title='bbox 1081 3810 1137 3856; x_wconf 87' lang='lat' dir='ltr'><strong>ut</strong></span> <span class='ocrx_word' id='word_1_279' title='bbox 1157 3801 1259 3854; x_wconf 90' lang='lat' dir='ltr'><strong>sibi</strong></span> <span class='ocrx_word' id='word_1_280' title='bbox 1283 3798 1588 3851; x_wconf 85' lang='lat' dir='ltr'><strong>immediate</strong></span> <span class='ocrx_word' id='word_1_281' title='bbox 1617 3796 1715 3849; x_wconf 90' lang='lat' dir='ltr'><strong>de-</strong></span> 
     </span>
     <span class='ocr_line' id='line_1_44' title="bbox 214 3876 1717 3949; baseline -0.012 -9"><span class='ocrx_word' id='word_1_282' title='bbox 214 3888 457 3940; x_wconf 86' lang='lat' dir='ltr'><strong>ferantur</strong></span> <span class='ocrx_word' id='word_1_283' title='bbox 494 3891 707 3949; x_wconf 86' lang='lat' dir='ltr'><strong>peccata</strong></span> <span class='ocrx_word' id='word_1_284' title='bbox 738 3880 1097 3937; x_wconf 77' lang='lat' dir='ltr'><strong>subditorum,</strong></span> <span class='ocrx_word' id='word_1_285' title='bbox 1128 3876 1248 3930; x_wconf 87' lang='lat' dir='ltr'><strong>vide</strong></span> <span class='ocrx_word' id='word_1_286' title='bbox 1287 3888 1557 3929; x_wconf 67' lang='lat' dir='ltr'><strong>cosnec-rto</strong></span> <span class='ocrx_word' id='word_1_287' title='bbox 1590 3886 1717 3925; x_wconf 72' lang='lat' dir='ltr'><strong>ru-</strong></span> 
     </span>
     <span class='ocr_line' id='line_1_45' title="bbox 212 3964 748 4023; baseline -0.009 -8"><span class='ocrx_word' id='word_1_288' title='bbox 212 3980 385 4023; x_wconf 76' lang='lat' dir='ltr'><strong>·rztuut,</strong></span> <span class='ocrx_word' id='word_1_289' title='bbox 420 3976 475 4012; x_wconf 90' lang='lat' dir='ltr'><strong>n.</strong></span> <span class='ocrx_word' id='word_1_290' title='bbox 500 3966 561 4011; x_wconf 74' lang='lat'><strong>29</strong></span> <span class='ocrx_word' id='word_1_291' title='bbox 590 3966 643 4012; x_wconf 86' lang='lat' dir='ltr'><strong>et</strong></span> <span class='ocrx_word' id='word_1_292' title='bbox 667 3964 748 4010; x_wconf 82' lang='grc'><strong>80.</strong></span> 
     </span>
    </p>

    <p class='ocr_par' dir='ltr' id='par_1_19' title="bbox 154 4024 1723 4175">
     <span class='ocr_line' id='line_1_46' title="bbox 154 4024 1723 4100; baseline -0.009 -9"><span class='ocrx_word' id='word_1_293' title='bbox 154 4046 198 4093; x_wconf 79' lang='grc'><strong>8.</strong></span> <span class='ocrx_word' id='word_1_294' title='bbox 234 4040 493 4091; x_wconf 77' lang='lat' dir='ltr'><strong>Praelatus</strong></span> <span class='ocrx_word' id='word_1_295' title='bbox 518 4050 585 4088; x_wconf 90' lang='lat' dir='ltr'><strong>an</strong></span> <span class='ocrx_word' id='word_1_296' title='bbox 607 4034 773 4100; x_wconf 86' lang='lat' dir='ltr'><strong>possit</strong></span> <span class='ocrx_word' id='word_1_297' title='bbox 797 4030 1040 4085; x_wconf 86' lang='lat' dir='ltr'><strong>adbiberi</strong></span> <span class='ocrx_word' id='word_1_298' title='bbox 1062 4034 1121 4083; x_wconf 89' lang='lat' dir='ltr'><strong>ut</strong></span> <span class='ocrx_word' id='word_1_299' title='bbox 1142 4028 1290 4081; x_wconf 86' lang='lat' dir='ltr'><strong>testis</strong></span> <span class='ocrx_word' id='word_1_300' title='bbox 1312 4027 1365 4077; x_wconf 91' lang='lat' dir='ltr'><strong>in</strong></span> <span class='ocrx_word' id='word_1_301' title='bbox 1386 4024 1723 4079; x_wconf 84' lang='lat' dir='ltr'><strong>correctione</strong></span> 
     </span>
     <span class='ocr_line' id='line_1_47' title="bbox 216 4114 881 4175; baseline -0.009 -10"><span class='ocrx_word' id='word_1_302' title='bbox 216 4116 468 4175; x_wconf 81' lang='lat' dir='ltr'><strong>fraterna,</strong></span> <span class='ocrx_word' id='word_1_303' title='bbox 498 4118 625 4164; x_wconf 89' lang='lat' dir='ltr'><strong>sect.</strong></span> <span class='ocrx_word' id='word_1_304' title='bbox 654 4114 705 4172; x_wconf 76' lang='lat'><strong>6,</strong></span> <span class='ocrx_word' id='word_1_305' title='bbox 724 4122 779 4161; x_wconf 91' lang='lat' dir='ltr'><strong>n.</strong></span> <span class='ocrx_word' id='word_1_306' title='bbox 805 4114 881 4159; x_wconf 73' lang='lat'><strong>15.</strong></span> 
     </span>
    </p>

    <p class='ocr_par' dir='ltr' id='par_1_20' title="bbox 155 4174 1723 4320">
     <span class='ocr_line' id='line_1_48' title="bbox 155 4174 1723 4251; baseline -0.011 -9"><span class='ocrx_word' id='word_1_307' title='bbox 155 4196 200 4242; x_wconf 80' lang='grc'><strong>6.</strong></span> <span class='ocrx_word' id='word_1_308' title='bbox 237 4190 492 4242; x_wconf 80' lang='lat' dir='ltr'><strong>Praelatus</strong></span> <span class='ocrx_word' id='word_1_309' title='bbox 512 4184 783 4251; x_wconf 86' lang='lat' dir='ltr'><strong>quomodo</strong></span> <span class='ocrx_word' id='word_1_310' title='bbox 816 4196 875 4235; x_wconf 83' lang='lat' dir='ltr'><strong>se</strong></span> <span class='ocrx_word' id='word_1_311' title='bbox 894 4192 1079 4248; x_wconf 79' lang='lat' dir='ltr'><strong>gerere</strong></span> <span class='ocrx_word' id='word_1_312' title='bbox 1110 4179 1321 4241; x_wconf 88' lang='lat' dir='ltr'><strong>debeat,</strong></span> <span class='ocrx_word' id='word_1_313' title='bbox 1344 4176 1387 4231; x_wconf 89' lang='lat' dir='ltr'><strong>si</strong></span> <span class='ocrx_word' id='word_1_314' title='bbox 1412 4175 1459 4229; x_wconf 90' lang='lat' dir='ltr'><strong>ei</strong></span> <span class='ocrx_word' id='word_1_315' title='bbox 1498 4175 1589 4227; x_wconf 83' lang='lat' dir='ltr'><strong>fiat</strong></span> <span class='ocrx_word' id='word_1_316' title='bbox 1614 4174 1723 4227; x_wconf 89' lang='lat' dir='ltr'><strong>im-</strong></span> 
     </span>
     <span class='ocr_line' id='line_1_49' title="bbox 222 4260 897 4320; baseline -0.009 -5"><span class='ocrx_word' id='word_1_317' title='bbox 222 4264 457 4316; x_wconf 66' lang='lat' dir='ltr'><strong>mediata</strong></span> <span class='ocrx_word' id='word_1_318' title='bbox 487 4260 704 4320; x_wconf 86' lang='lat' dir='ltr'><strong>delatio,</strong></span> <span class='ocrx_word' id='word_1_319' title='bbox 724 4272 779 4310; x_wconf 90' lang='grc' dir='ltr'><strong>ιι.</strong></span> <span class='ocrx_word' id='word_1_320' title='bbox 817 4263 897 4310; x_wconf 85' lang='grc'><strong>18.</strong></span> 
     </span>
    </p>

    <p class='ocr_par' dir='ltr' id='par_1_21' title="bbox 158 4335 931 4399">
     <span class='ocr_line' id='line_1_50' title="bbox 158 4335 931 4399; baseline -0.008 -8"><span class='ocrx_word' id='word_1_321' title='bbox 158 4344 201 4391; x_wconf 91' lang='grc'><strong>8.</strong></span> <span class='ocrx_word' id='word_1_322' title='bbox 231 4340 477 4399; x_wconf 73' lang='lat' dir='ltr'><strong>PaetatuS,</strong></span> <span class='ocrx_word' id='word_1_323' title='bbox 514 4335 635 4391; x_wconf 77' lang='lat' dir='ltr'><strong>vide</strong></span> <span class='ocrx_word' id='word_1_324' title='bbox 657 4348 931 4387; x_wconf 61' lang='lat' dir='ltr'><strong>spiscopus.</strong></span> 
     </span>
    </p>
   </div>
   <div class='ocr_carea' id='block_1_6' title="bbox 776 4461 1103 4501">
    <p class='ocr_par' dir='ltr' id='par_1_22' title="bbox 776 4461 1103 4501">
     <span class='ocr_line' id='line_1_51' title="bbox 776 4461 1103 4501; baseline -0.006 0"><span class='ocrx_word' id='word_1_325' title='bbox 776 4461 1103 4501; x_wconf 72' lang='lat' dir='ltr'><strong>rnAEsuut’Tto.</strong></span> 
     </span>
    </p>
   </div>
   <div class='ocr_carea' id='block_1_7' title="bbox 158 4549 1725 5682">
    <p class='ocr_par' dir='ltr' id='par_1_23' title="bbox 160 4549 1723 4699">
     <span class='ocr_line' id='line_1_52' title="bbox 160 4549 1723 4626; baseline -0.008 -12"><span class='ocrx_word' id='word_1_326' title='bbox 160 4568 205 4614; x_wconf 88' lang='grc'><strong>1.</strong></span> <span class='ocrx_word' id='word_1_327' title='bbox 246 4559 611 4626; x_wconf 65' lang='lat' dir='ltr'><strong>Praesumptio,</strong></span> <span class='ocrx_word' id='word_1_328' title='bbox 641 4572 705 4610; x_wconf 84' lang='lat' dir='ltr'><strong>ex</strong></span> <span class='ocrx_word' id='word_1_329' title='bbox 729 4563 877 4623; x_wconf 86' lang='lat' dir='ltr'><strong>parte</strong></span> <span class='ocrx_word' id='word_1_330' title='bbox 902 4555 1207 4608; x_wconf 83' lang='lat' dir='ltr'><strong>intellectus</strong></span> <span class='ocrx_word' id='word_1_331' title='bbox 1228 4559 1279 4606; x_wconf 91' lang='lat' dir='ltr'><strong>et</strong></span> <span class='ocrx_word' id='word_1_332' title='bbox 1309 4549 1613 4609; x_wconf 84' lang='lat' dir='ltr'><strong>voluntatis.</strong></span> <span class='ocrx_word' id='word_1_333' title='bbox 1636 4562 1723 4601; x_wconf 89' lang='lat' dir='ltr'><strong>va-</strong></span> 
     </span>
     <span class='ocr_line' id='line_1_53' title="bbox 220 4629 1718 4699; baseline -0.007 -11"><span class='ocrx_word' id='word_1_334' title='bbox 220 4638 297 4689; x_wconf 83' lang='lat' dir='ltr'><strong>ria</strong></span> <span class='ocrx_word' id='word_1_335' title='bbox 327 4638 489 4689; x_wconf 84' lang='lat' dir='ltr'><strong>babet</strong></span> <span class='ocrx_word' id='word_1_336' title='bbox 513 4634 826 4699; x_wconf 78' lang='lat' dir='ltr'><strong>significata.</strong></span> <span class='ocrx_word' id='word_1_337' title='bbox 862 4639 1012 4683; x_wconf 87' lang='lat' dir='ltr'><strong>tract.</strong></span> <span class='ocrx_word' id='word_1_338' title='bbox 1037 4636 1089 4691; x_wconf 79' lang='lat'><strong>2,</strong></span> <span class='ocrx_word' id='word_1_339' title='bbox 1110 4629 1250 4694; x_wconf 88' lang='lat' dir='ltr'><strong>disp.</strong></span> <span class='ocrx_word' id='word_1_340' title='bbox 1280 4634 1327 4690; x_wconf 74' lang='lat'><strong>2,</strong></span> <span class='ocrx_word' id='word_1_341' title='bbox 1355 4633 1481 4679; x_wconf 87' lang='lat' dir='ltr'><strong>sect.</strong></span> <span class='ocrx_word' id='word_1_342' title='bbox 1512 4631 1561 4685; x_wconf 86' lang='grc'><strong>8,</strong></span> <span class='ocrx_word' id='word_1_343' title='bbox 1586 4640 1637 4677; x_wconf 87' lang='grc' dir='ltr'><strong>ιι.</strong></span> <span class='ocrx_word' id='word_1_344' title='bbox 1670 4629 1718 4677; x_wconf 91' lang='grc'><strong>1.</strong></span> 
     </span>
    </p>

    <p class='ocr_par' dir='ltr' id='par_1_24' title="bbox 170 4700 1720 4928">
     <span class='ocr_line' id='line_1_54' title="bbox 170 4700 1719 4775; baseline -0.007 -11"><span class='ocrx_word' id='word_1_345' title='bbox 170 4720 215 4764; x_wconf 74' lang='lat'><strong>2.</strong></span> <span class='ocrx_word' id='word_1_346' title='bbox 255 4712 623 4775; x_wconf 71' lang='lat' dir='ltr'><strong>Praesumptio,</strong></span> <span class='ocrx_word' id='word_1_347' title='bbox 652 4713 813 4774; x_wconf 87' lang='lat' dir='ltr'><strong>prout</strong></span> <span class='ocrx_word' id='word_1_348' title='bbox 833 4708 899 4759; x_wconf 89' lang='lat' dir='ltr'><strong>ad</strong></span> <span class='ocrx_word' id='word_1_349' title='bbox 925 4708 1250 4759; x_wconf 83' lang='lat' dir='ltr'><strong>voluntatem</strong></span> <span class='ocrx_word' id='word_1_350' title='bbox 1278 4710 1499 4767; x_wconf 88' lang='lat' dir='ltr'><strong>spectat,</strong></span> <span class='ocrx_word' id='word_1_351' title='bbox 1532 4702 1587 4753; x_wconf 89' lang='lat' dir='ltr'><strong>in</strong></span> <span class='ocrx_word' id='word_1_352' title='bbox 1620 4700 1719 4753; x_wconf 90' lang='lat' dir='ltr'><strong>bo-</strong></span> 
     </span>
     <span class='ocr_line' id='line_1_55' title="bbox 220 4778 1720 4851; baseline -0.007 -10"><span class='ocrx_word' id='word_1_353' title='bbox 220 4802 345 4841; x_wconf 90' lang='lat' dir='ltr'><strong>nam</strong></span> <span class='ocrx_word' id='word_1_354' title='bbox 378 4786 669 4851; x_wconf 87' lang='lat' dir='ltr'><strong>aliquando</strong></span> <span class='ocrx_word' id='word_1_355' title='bbox 706 4792 927 4851; x_wconf 88' lang='lat' dir='ltr'><strong>partem.</strong></span> <span class='ocrx_word' id='word_1_356' title='bbox 960 4783 1012 4834; x_wconf 89' lang='lat' dir='ltr'><strong>in</strong></span> <span class='ocrx_word' id='word_1_357' title='bbox 1046 4782 1241 4835; x_wconf 86' lang='lat' dir='ltr'><strong>malam</strong></span> <span class='ocrx_word' id='word_1_358' title='bbox 1270 4778 1601 4845; x_wconf 88' lang='lat' dir='ltr'><strong>frequentius</strong></span> <span class='ocrx_word' id='word_1_359' title='bbox 1629 4790 1720 4830; x_wconf 89' lang='lat' dir='ltr'><strong>ac-</strong></span> 
     </span>
     <span class='ocr_line' id='line_1_56' title="bbox 218 4861 773 4928; baseline -0.009 -12"><span class='ocrx_word' id='word_1_360' title='bbox 218 4863 433 4928; x_wconf 87' lang='lat' dir='ltr'><strong>cipitur,</strong></span> <span class='ocrx_word' id='word_1_361' title='bbox 462 4861 613 4924; x_wconf 67' lang='lat' dir='ltr'><strong>ibid„</strong></span> <span class='ocrx_word' id='word_1_362' title='bbox 641 4874 693 4911; x_wconf 91' lang='lat' dir='ltr'><strong>n.</strong></span> <span class='ocrx_word' id='word_1_363' title='bbox 728 4864 773 4911; x_wconf 92' lang='lat' dir='ltr'><strong>·l.</strong></span> 
     </span>
    </p>

    <p class='ocr_par' dir='ltr' id='par_1_25' title="bbox 158 4928 1721 5076">
     <span class='ocr_line' id='line_1_57' title="bbox 158 4928 1721 5002; baseline -0.007 -13"><span class='ocrx_word' id='word_1_364' title='bbox 158 4944 206 4990; x_wconf 87' lang='grc'><strong>8.</strong></span> <span class='ocrx_word' id='word_1_365' title='bbox 246 4936 685 5002; x_wconf 87' lang='lat' dir='ltr'><strong>Praesumptionis</strong></span> <span class='ocrx_word' id='word_1_366' title='bbox 714 4934 898 4987; x_wconf 82' lang='lat' dir='ltr'><strong>vitium</strong></span> <span class='ocrx_word' id='word_1_367' title='bbox 922 4940 1001 4987; x_wconf 85' lang='lat' dir='ltr'><strong>est</strong></span> <span class='ocrx_word' id='word_1_368' title='bbox 1022 4932 1201 4987; x_wconf 87' lang='lat' dir='ltr'><strong>virtuti</strong></span> <span class='ocrx_word' id='word_1_369' title='bbox 1226 4930 1340 4997; x_wconf 89' lang='lat' dir='ltr'><strong>spei</strong></span> <span class='ocrx_word' id='word_1_370' title='bbox 1374 4928 1721 4990; x_wconf 88' lang='lat' dir='ltr'><strong>contrarium,</strong></span> 
     </span>
     <span class='ocr_line' id='line_1_58' title="bbox 222 5014 546 5076; baseline -0.009 -10"><span class='ocrx_word' id='word_1_371' title='bbox 222 5014 377 5076; x_wconf 81' lang='lat' dir='ltr'><strong>ibid..</strong></span> <span class='ocrx_word' id='word_1_372' title='bbox 410 5026 464 5064; x_wconf 91' lang='lat' dir='ltr'><strong>n.</strong></span> <span class='ocrx_word' id='word_1_373' title='bbox 496 5019 546 5064; x_wconf 79' lang='lat'><strong>2.</strong></span> 
     </span>
    </p>

    <p class='ocr_par' dir='ltr' id='par_1_26' title="bbox 158 5081 1725 5154">
     <span class='ocr_line' id='line_1_59' title="bbox 158 5081 1725 5154; baseline -0.007 -12"><span class='ocrx_word' id='word_1_374' title='bbox 158 5096 203 5143; x_wconf 89' lang='grc'><strong>4.</strong></span> <span class='ocrx_word' id='word_1_375' title='bbox 239 5088 590 5154; x_wconf 75' lang='lat' dir='ltr'><strong>Praesumptio</strong></span> <span class='ocrx_word' id='word_1_376' title='bbox 619 5094 808 5141; x_wconf 88' lang='lat' dir='ltr'><strong>contra</strong></span> <span class='ocrx_word' id='word_1_377' title='bbox 836 5099 987 5152; x_wconf 87' lang='lat' dir='ltr'><strong>spem</strong></span> <span class='ocrx_word' id='word_1_378' title='bbox 1034 5086 1272 5151; x_wconf 90' lang='lat' dir='ltr'><strong>quinque</strong></span> <span class='ocrx_word' id='word_1_379' title='bbox 1300 5082 1476 5136; x_wconf 89' lang='lat' dir='ltr'><strong>modis</strong></span> <span class='ocrx_word' id='word_1_380' title='bbox 1508 5081 1725 5135; x_wconf 88' lang='lat' dir='ltr'><strong>coutin-</strong></span> 
     </span>
    </p>

    <p class='ocr_par' dir='ltr' id='par_1_27' title="bbox 259 5164 478 5221">
     <span class='ocr_line' id='line_1_60' title="bbox 259 5164 478 5221; baseline -0.005 -4"><span class='ocrx_word' id='word_1_381' title='bbox 259 5165 313 5221; x_wconf 88' lang='lat' dir='ltr'><strong>it.</strong></span> <span class='ocrx_word' id='word_1_382' title='bbox 348 5164 478 5216; x_wconf 90' lang='lat' dir='ltr'><strong>ibid.</strong></span> 
     </span>
    </p>

    <p class='ocr_par' dir='ltr' id='par_1_28' title="bbox 159 5180 1723 5381">
     <span class='ocr_line' id='line_1_61' title="bbox 159 5180 1723 5305; baseline -0.007 -12"><span class='ocrx_word' id='word_1_383' title='bbox 159 5180 595 5305; x_wconf 64' lang='lat' dir='ltr'><strong>sgPraesnmptio</strong></span> <span class='ocrx_word' id='word_1_384' title='bbox 624 5237 850 5291; x_wconf 86' lang='lat' dir='ltr'><strong>mortale</strong></span> <span class='ocrx_word' id='word_1_385' title='bbox 885 5244 1158 5303; x_wconf 69' lang='lat' dir='ltr'><strong>peccatum</strong></span> <span class='ocrx_word' id='word_1_386' title='bbox 1188 5240 1350 5289; x_wconf 81' lang='lat' dir='ltr'><strong>estex</strong></span> <span class='ocrx_word' id='word_1_387' title='bbox 1386 5246 1485 5287; x_wconf 91' lang='lat' dir='ltr'><strong>suo</strong></span> <span class='ocrx_word' id='word_1_388' title='bbox 1524 5244 1723 5299; x_wconf 85' lang='lat' dir='ltr'><strong>genere</strong></span> 
     </span>
     <span class='ocr_line' id='line_1_62' title="bbox 221 5315 782 5381; baseline -0.007 -13"><span class='ocrx_word' id='word_1_389' title='bbox 221 5315 622 5381; x_wconf 85' lang='lat' dir='ltr'><strong>gravissimum,</strong></span> <span class='ocrx_word' id='word_1_390' title='bbox 650 5327 703 5366; x_wconf 92' lang='lat' dir='ltr'><strong>n.</strong></span> <span class='ocrx_word' id='word_1_391' title='bbox 736 5318 782 5365; x_wconf 79' lang='lat'><strong>8.</strong></span> 
     </span>
    </p>

    <p class='ocr_par' dir='ltr' id='par_1_29' title="bbox 158 5384 1725 5527">
     <span class='ocr_line' id='line_1_63' title="bbox 158 5384 1725 5456; baseline -0.006 -13"><span class='ocrx_word' id='word_1_392' title='bbox 158 5399 207 5449; x_wconf 79' lang='grc'><strong>8.</strong></span> <span class='ocrx_word' id='word_1_393' title='bbox 242 5391 593 5456; x_wconf 87' lang='lat' dir='ltr'><strong>Praesumptio</strong></span> <span class='ocrx_word' id='word_1_394' title='bbox 620 5390 911 5443; x_wconf 87' lang='lat' dir='ltr'><strong>formaliter</strong></span> <span class='ocrx_word' id='word_1_395' title='bbox 932 5393 983 5441; x_wconf 89' lang='lat' dir='ltr'><strong>et</strong></span> <span class='ocrx_word' id='word_1_396' title='bbox 1000 5400 1250 5455; x_wconf 83' lang='lat' dir='ltr'><strong>expresse</strong></span> <span class='ocrx_word' id='word_1_397' title='bbox 1270 5387 1353 5440; x_wconf 82' lang='lat' dir='ltr'><strong>vix</strong></span> <span class='ocrx_word' id='word_1_398' title='bbox 1375 5384 1725 5439; x_wconf 87' lang='lat' dir='ltr'><strong>committitur</strong></span> 
     </span>
     <span class='ocr_line' id='line_1_64' title="bbox 224 5463 864 5527; baseline -0.006 -8"><span class='ocrx_word' id='word_1_399' title='bbox 224 5468 345 5519; x_wconf 84' lang='lat' dir='ltr'><strong>sine</strong></span> <span class='ocrx_word' id='word_1_400' title='bbox 379 5466 706 5527; x_wconf 79' lang='lat' dir='ltr'><strong>infidelitate,</strong></span> <span class='ocrx_word' id='word_1_401' title='bbox 738 5463 864 5515; x_wconf 90' lang='lat' dir='ltr'><strong>ibid.</strong></span> 
     </span>
    </p>

    <p class='ocr_par' dir='ltr' id='par_1_30' title="bbox 160 5537 1723 5607">
     <span class='ocr_line' id='line_1_65' title="bbox 160 5537 1723 5607; baseline -0.008 -8"><span class='ocrx_word' id='word_1_402' title='bbox 160 5548 189 5599; x_wconf 83' lang='lat'><strong>‘1</strong></span> <span class='ocrx_word' id='word_1_403' title='bbox 248 5541 597 5607; x_wconf 72' lang='lat' dir='ltr'><strong>Prrrsumptio</strong></span> <span class='ocrx_word' id='word_1_404' title='bbox 614 5546 693 5593; x_wconf 78' lang='lat' dir='ltr'><strong>est</strong></span> <span class='ocrx_word' id='word_1_405' title='bbox 716 5540 874 5592; x_wconf 88' lang='lat' dir='ltr'><strong>etiam</strong></span> <span class='ocrx_word' id='word_1_406' title='bbox 900 5538 1167 5592; x_wconf 85' lang='lat' dir='ltr'><strong>contraria</strong></span> <span class='ocrx_word' id='word_1_407' title='bbox 1200 5537 1440 5590; x_wconf 85' lang='lat' dir='ltr'><strong>charitati</strong></span> <span class='ocrx_word' id='word_1_408' title='bbox 1472 5543 1521 5587; x_wconf 89' lang='lat' dir='ltr'><strong>et</strong></span> <span class='ocrx_word' id='word_1_409' title='bbox 1546 5537 1723 5589; x_wconf 86' lang='lat' dir='ltr'><strong>timori</strong></span> 
     </span>
    </p>

    <p class='ocr_par' dir='ltr' id='par_1_31' title="bbox 164 5612 1722 5682">
     <span class='ocr_line' id='line_1_66' title="bbox 164 5612 1722 5682; baseline -0.01 -4"><span class='ocrx_word' id='word_1_410' title='bbox 164 5628 173 5639; x_wconf 91' lang='grc'><em>·</em></span> <span class='ocrx_word' id='word_1_411' title='bbox 226 5617 397 5682; x_wconf 78' lang='lat' dir='ltr'><strong>filiali,</strong></span> <span class='ocrx_word' id='word_1_412' title='bbox 421 5630 529 5673; x_wconf 87' lang='lat' dir='ltr'><strong>non</strong></span> <span class='ocrx_word' id='word_1_413' title='bbox 556 5616 866 5679; x_wconf 81' lang='lat' dir='ltr'><strong>formaliter,</strong></span> <span class='ocrx_word' id='word_1_414' title='bbox 900 5614 999 5671; x_wconf 84' lang='lat' dir='ltr'><strong>sed</strong></span> <span class='ocrx_word' id='word_1_415' title='bbox 1032 5626 1094 5669; x_wconf 79' lang='lat' dir='ltr'><strong>ex</strong></span> <span class='ocrx_word' id='word_1_416' title='bbox 1124 5620 1273 5681; x_wconf 84' lang='lat' dir='ltr'><strong>parte</strong></span> <span class='ocrx_word' id='word_1_417' title='bbox 1303 5613 1551 5676; x_wconf 77' lang='lat' dir='ltr'><strong>materiae,</strong></span> <span class='ocrx_word' id='word_1_418' title='bbox 1592 5612 1722 5665; x_wconf 86' lang='lat' dir='ltr'><strong>ibid.</strong></span> 
     </span>
    </p>
   </div>
   <div class='ocr_carea' id='block_1_8' title="bbox 3241 400 3362 500">
    <p class='ocr_par' dir='ltr' id='par_1_32' title="bbox 3241 400 3362 500">
     <span class='ocr_line' id='line_1_67' title="bbox 3241 400 3362 500; baseline 0 -1"><span class='ocrx_word' id='word_1_419' title='bbox 3241 400 3362 500; x_wconf 69' lang='lat' dir='ltr'><strong>vos</strong></span> 
     </span>
    </p>
   </div>
   <div class='ocr_carea' id='block_1_9' title="bbox 1794 510 3364 686">
    <p class='ocr_par' dir='ltr' id='par_1_33' title="bbox 1794 510 3364 686">
     <span class='ocr_line' id='line_1_68' title="bbox 1794 510 3364 609; baseline 0.003 -16"><span class='ocrx_word' id='word_1_420' title='bbox 1794 548 1841 595; x_wconf 86' lang='lat'><strong>8.</strong></span> <span class='ocrx_word' id='word_1_421' title='bbox 1878 541 2228 607; x_wconf 64' lang='lat' dir='ltr'><strong>Praesumptio</strong></span> <span class='ocrx_word' id='word_1_422' title='bbox 2243 542 2834 608; x_wconf 87' lang='lat' dir='ltr'><strong>quomodocorrumpat</strong></span> <span class='ocrx_word' id='word_1_423' title='bbox 2854 510 3093 609; x_wconf 86' lang='lat' dir='ltr'><strong>spem,n.</strong></span> <span class='ocrx_word' id='word_1_424' title='bbox 3119 543 3364 607; x_wconf 49' lang='lat' dir='ltr'><strong>noritur</strong></span> 
     </span>
     <span class='ocr_line' id='line_1_69' title="bbox 1857 618 2816 686; baseline 0 -15"><span class='ocrx_word' id='word_1_425' title='bbox 1857 630 1921 672; x_wconf 79' lang='lat' dir='ltr'><strong>ex</strong></span> <span class='ocrx_word' id='word_1_426' title='bbox 1944 618 2196 685; x_wconf 86' lang='lat' dir='ltr'><strong>superbia</strong></span> <span class='ocrx_word' id='word_1_427' title='bbox 2223 624 2278 671; x_wconf 86' lang='lat' dir='ltr'><strong>et</strong></span> <span class='ocrx_word' id='word_1_428' title='bbox 2301 631 2442 673; x_wconf 78' lang='lat' dir='ltr'><strong>vana</strong></span> <span class='ocrx_word' id='word_1_429' title='bbox 2473 618 2659 686; x_wconf 88' lang='lat' dir='ltr'><strong>gloria,</strong></span> <span class='ocrx_word' id='word_1_430' title='bbox 2689 618 2816 671; x_wconf 87' lang='lat' dir='ltr'><strong>ibid.</strong></span> 
     </span>
    </p>
   </div>
   <div class='ocr_carea' id='block_1_10' title="bbox 2372 747 2774 798">
    <p class='ocr_par' dir='ltr' id='par_1_34' title="bbox 2372 747 2774 798">
     <span class='ocr_line' id='line_1_70' title="bbox 2372 747 2774 798; baseline -0.002 -11"><span class='ocrx_word' id='word_1_431' title='bbox 2372 748 2619 798; x_wconf 65' lang='lat' dir='ltr'><strong>Pittacus,</strong></span> <span class='ocrx_word' id='word_1_432' title='bbox 2663 747 2774 787; x_wconf 82' lang='lat' dir='ltr'><strong>ttttx.</strong></span> 
     </span>
    </p>
   </div>
   <div class='ocr_carea' id='block_1_11' title="bbox 1792 844 3374 3637">
    <p class='ocr_par' dir='ltr' id='par_1_35' title="bbox 1795 844 3364 1139">
     <span class='ocr_line' id='line_1_71' title="bbox 1795 844 3358 912; baseline -0.001 -12"><span class='ocrx_word' id='word_1_433' title='bbox 1795 852 1849 900; x_wconf 95' lang='grc'><strong>1.</strong></span> <span class='ocrx_word' id='word_1_434' title='bbox 1886 845 2162 912; x_wconf 79' lang='lat' dir='ltr'><strong>Principes</strong></span> <span class='ocrx_word' id='word_1_435' title='bbox 2182 844 2427 898; x_wconf 86' lang='lat' dir='ltr'><strong>infideles</strong></span> <span class='ocrx_word' id='word_1_436' title='bbox 2457 856 2566 897; x_wconf 90' lang='lat' dir='ltr'><strong>non</strong></span> <span class='ocrx_word' id='word_1_437' title='bbox 2598 851 2824 910; x_wconf 87' lang='lat' dir='ltr'><strong>possunt</strong></span> <span class='ocrx_word' id='word_1_438' title='bbox 2851 858 2947 911; x_wconf 90' lang='lat' dir='ltr'><strong>per</strong></span> <span class='ocrx_word' id='word_1_439' title='bbox 2976 858 3036 898; x_wconf 90' lang='lat' dir='ltr'><strong>se</strong></span> <span class='ocrx_word' id='word_1_440' title='bbox 3063 845 3264 899; x_wconf 85' lang='lat' dir='ltr'><strong>directe</strong></span> <span class='ocrx_word' id='word_1_441' title='bbox 3289 846 3358 899; x_wconf 88' lang='lat' dir='ltr'><strong>ab</strong></span> 
     </span>
     <span class='ocr_line' id='line_1_72' title="bbox 1862 922 3358 990; baseline -0.001 -13"><span class='ocrx_word' id='word_1_442' title='bbox 1862 922 2098 977; x_wconf 83' lang='lat' dir='ltr'><strong>Ecclesia</strong></span> <span class='ocrx_word' id='word_1_443' title='bbox 2118 923 2316 990; x_wconf 84' lang='lat' dir='ltr'><strong>privari</strong></span> <span class='ocrx_word' id='word_1_444' title='bbox 2355 922 2727 987; x_wconf 79' lang='lat' dir='ltr'><strong>jurisdictione</strong></span> <span class='ocrx_word' id='word_1_445' title='bbox 2769 923 2822 974; x_wconf 90' lang='lat' dir='ltr'><strong>in</strong></span> <span class='ocrx_word' id='word_1_446' title='bbox 2856 922 3101 976; x_wconf 87' lang='lat' dir='ltr'><strong>subditos</strong></span> <span class='ocrx_word' id='word_1_447' title='bbox 3153 923 3358 987; x_wconf 83' lang='lat' dir='ltr'><strong>fideles,</strong></span> 
     </span>
     <span class='ocr_line' id='line_1_73' title="bbox 1858 998 3364 1065; baseline 0.001 -14"><span class='ocrx_word' id='word_1_448' title='bbox 1858 1006 2009 1053; x_wconf 82' lang='lat' dir='ltr'><strong>tract.</strong></span> <span class='ocrx_word' id='word_1_449' title='bbox 2044 1003 2093 1061; x_wconf 93' lang='grc'><strong>1,</strong></span> <span class='ocrx_word' id='word_1_450' title='bbox 2119 998 2257 1065; x_wconf 90' lang='lat' dir='ltr'><strong>disp.</strong></span> <span class='ocrx_word' id='word_1_451' title='bbox 2287 1002 2365 1063; x_wconf 92' lang='grc'><strong>11,</strong></span> <span class='ocrx_word' id='word_1_452' title='bbox 2403 1006 2531 1051; x_wconf 88' lang='lat' dir='ltr'><strong>sect.</strong></span> <span class='ocrx_word' id='word_1_453' title='bbox 2575 1003 2622 1061; x_wconf 77' lang='grc'><strong>5,</strong></span> <span class='ocrx_word' id='word_1_454' title='bbox 2667 1011 2700 1051; x_wconf 91' lang='lat' dir='ltr'><strong>a</strong></span> <span class='ocrx_word' id='word_1_455' title='bbox 2743 1012 2798 1051; x_wconf 91' lang='grc' dir='ltr'><strong>ιι.</strong></span> <span class='ocrx_word' id='word_1_456' title='bbox 2825 1003 2885 1063; x_wconf 84' lang='grc'><strong>8;</strong></span> <span class='ocrx_word' id='word_1_457' title='bbox 2917 1005 3142 1065; x_wconf 89' lang='lat' dir='ltr'><strong>possunt</strong></span> <span class='ocrx_word' id='word_1_458' title='bbox 3182 1004 3364 1053; x_wconf 88' lang='lat' dir='ltr'><strong>tamen</strong></span> 
     </span>
     <span class='ocr_line' id='line_1_74' title="bbox 1858 1075 2300 1139; baseline -0.002 -11"><span class='ocrx_word' id='word_1_459' title='bbox 1858 1075 2137 1139; x_wconf 80' lang='lat' dir='ltr'><strong>indirecte,</strong></span> <span class='ocrx_word' id='word_1_460' title='bbox 2166 1087 2218 1127; x_wconf 90' lang='lat' dir='ltr'><strong>n.</strong></span> <span class='ocrx_word' id='word_1_461' title='bbox 2253 1080 2300 1127; x_wconf 79' lang='grc'><strong>8.</strong></span> 
     </span>
    </p>

    <p class='ocr_par' dir='ltr' id='par_1_36' title="bbox 1860 1151 3361 1218">
     <span class='ocr_line' id='line_1_75' title="bbox 1860 1151 3361 1218; baseline 0 -13"><span class='ocrx_word' id='word_1_462' title='bbox 1860 1152 2030 1205; x_wconf 82' lang='lat' dir='ltr'><strong>Etiam</strong></span> <span class='ocrx_word' id='word_1_463' title='bbox 2047 1152 2117 1205; x_wconf 89' lang='lat' dir='ltr'><strong>ob</strong></span> <span class='ocrx_word' id='word_1_464' title='bbox 2139 1151 2314 1205; x_wconf 88' lang='lat' dir='ltr'><strong>solum</strong></span> <span class='ocrx_word' id='word_1_465' title='bbox 2337 1151 2544 1205; x_wconf 86' lang='lat' dir='ltr'><strong>morale</strong></span> <span class='ocrx_word' id='word_1_466' title='bbox 2563 1151 2858 1218; x_wconf 86' lang='lat' dir='ltr'><strong>periculum</strong></span> <span class='ocrx_word' id='word_1_467' title='bbox 2885 1152 3214 1217; x_wconf 83' lang='lat' dir='ltr'><strong>nocumenti,</strong></span> <span class='ocrx_word' id='word_1_468' title='bbox 3234 1164 3290 1206; x_wconf 93' lang='lat' dir='ltr'><strong>n.</strong></span> <span class='ocrx_word' id='word_1_469' title='bbox 3314 1158 3361 1205; x_wconf 93' lang='grc'><strong>8.</strong></span> 
     </span>
    </p>

    <p class='ocr_par' dir='ltr' id='par_1_37' title="bbox 1792 1227 3369 1434">
     <span class='ocr_line' id='line_1_76' title="bbox 1792 1227 3369 1297; baseline 0.001 -16"><span class='ocrx_word' id='word_1_470' title='bbox 1792 1236 1844 1281; x_wconf 74' lang='lat'><strong>2.</strong></span> <span class='ocrx_word' id='word_1_471' title='bbox 1882 1232 2120 1284; x_wconf 85' lang='lat' dir='ltr'><strong>Potestas</strong></span> <span class='ocrx_word' id='word_1_472' title='bbox 2149 1228 2458 1296; x_wconf 87' lang='lat' dir='ltr'><strong>deponendi</strong></span> <span class='ocrx_word' id='word_1_473' title='bbox 2489 1229 2590 1283; x_wconf 88' lang='lat' dir='ltr'><strong>hos</strong></span> <span class='ocrx_word' id='word_1_474' title='bbox 2620 1227 2890 1295; x_wconf 88' lang='lat' dir='ltr'><strong>principes</strong></span> <span class='ocrx_word' id='word_1_475' title='bbox 2928 1228 3188 1297; x_wconf 81' lang='lat' dir='ltr'><strong>infideles,</strong></span> <span class='ocrx_word' id='word_1_476' title='bbox 3225 1241 3369 1293; x_wconf 85' lang='lat' dir='ltr'><strong>quo-</strong></span> 
     </span>
     <span class='ocr_line' id='line_1_77' title="bbox 1858 1302 3366 1371; baseline -0.001 -12"><span class='ocrx_word' id='word_1_477' title='bbox 1858 1306 2023 1361; x_wconf 91' lang='lat' dir='ltr'><strong>modo</strong></span> <span class='ocrx_word' id='word_1_478' title='bbox 2063 1306 2116 1359; x_wconf 90' lang='lat' dir='ltr'><strong>in</strong></span> <span class='ocrx_word' id='word_1_479' title='bbox 2157 1304 2440 1369; x_wconf 79' lang='lat' dir='ltr'><strong>Pontifice,</strong></span> <span class='ocrx_word' id='word_1_480' title='bbox 2484 1312 2576 1359; x_wconf 92' lang='lat' dir='ltr'><strong>aut</strong></span> <span class='ocrx_word' id='word_1_481' title='bbox 2621 1304 2732 1371; x_wconf 76' lang='lat' dir='ltr'><strong>regi</strong></span> <span class='ocrx_word' id='word_1_482' title='bbox 2775 1302 3068 1358; x_wconf 84' lang='lat' dir='ltr'><strong>christiano</strong></span> <span class='ocrx_word' id='word_1_483' title='bbox 3117 1304 3366 1368; x_wconf 87' lang='lat' dir='ltr'><strong>resideat,</strong></span> 
     </span>
     <span class='ocr_line' id='line_1_78' title="bbox 1861 1378 2580 1434; baseline 0 -1"><span class='ocrx_word' id='word_1_484' title='bbox 1861 1394 1915 1434; x_wconf 88' lang='grc' dir='ltr'><strong>ιι.</strong></span> <span class='ocrx_word' id='word_1_485' title='bbox 1950 1387 1998 1433; x_wconf 82' lang='grc'><strong>9.</strong></span> <span class='ocrx_word' id='word_1_486' title='bbox 2569 1378 2580 1399; x_wconf 78' lang='lat'><em>⁶</em></span> 
     </span>
    </p>

    <p class='ocr_par' dir='ltr' id='par_1_38' title="bbox 1798 1454 3370 1659">
     <span class='ocr_line' id='line_1_79' title="bbox 1798 1454 3370 1522; baseline -0.001 -14"><span class='ocrx_word' id='word_1_487' title='bbox 1798 1462 1846 1509; x_wconf 85' lang='grc'><strong>8.</strong></span> <span class='ocrx_word' id='word_1_488' title='bbox 1883 1458 2137 1521; x_wconf 84' lang='lat' dir='ltr'><strong>Princeps</strong></span> <span class='ocrx_word' id='word_1_489' title='bbox 2187 1456 2438 1518; x_wconf 85' lang='lat' dir='ltr'><strong>infidelis,</strong></span> <span class='ocrx_word' id='word_1_490' title='bbox 2470 1457 2514 1509; x_wconf 89' lang='lat' dir='ltr'><strong>si</strong></span> <span class='ocrx_word' id='word_1_491' title='bbox 2561 1455 2818 1522; x_wconf 87' lang='lat' dir='ltr'><strong>impediat</strong></span> <span class='ocrx_word' id='word_1_492' title='bbox 2845 1454 3280 1520; x_wconf 84' lang='lat' dir='ltr'><strong>praedicationem</strong></span> <span class='ocrx_word' id='word_1_493' title='bbox 3307 1454 3370 1507; x_wconf 83' lang='lat' dir='ltr'><strong>ss-</strong></span> 
     </span>
     <span class='ocr_line' id='line_1_80' title="bbox 1862 1532 3368 1599; baseline -0.001 -14"><span class='ocrx_word' id='word_1_494' title='bbox 1862 1533 1970 1591; x_wconf 87' lang='lat' dir='ltr'><strong>dei.</strong></span> <span class='ocrx_word' id='word_1_495' title='bbox 2001 1544 2069 1585; x_wconf 88' lang='lat' dir='ltr'><strong>an</strong></span> <span class='ocrx_word' id='word_1_496' title='bbox 2105 1533 2273 1599; x_wconf 90' lang='lat' dir='ltr'><strong>possit</strong></span> <span class='ocrx_word' id='word_1_497' title='bbox 2297 1532 2366 1585; x_wconf 90' lang='lat' dir='ltr'><strong>ad</strong></span> <span class='ocrx_word' id='word_1_498' title='bbox 2393 1532 2446 1587; x_wconf 88' lang='lat' dir='ltr'><strong>id</strong></span> <span class='ocrx_word' id='word_1_499' title='bbox 2470 1532 2608 1599; x_wconf 82' lang='lat' dir='ltr'><strong>cogi,</strong></span> <span class='ocrx_word' id='word_1_500' title='bbox 2633 1538 2766 1585; x_wconf 87' lang='lat' dir='ltr'><strong>tract</strong></span> <span class='ocrx_word' id='word_1_501' title='bbox 2815 1536 2862 1595; x_wconf 92' lang='grc'><strong>1,</strong></span> <span class='ocrx_word' id='word_1_502' title='bbox 2887 1532 3027 1598; x_wconf 84' lang='lat' dir='ltr'><strong>disp.</strong></span> <span class='ocrx_word' id='word_1_503' title='bbox 3055 1534 3134 1593; x_wconf 90' lang='grc'><strong>18,</strong></span> <span class='ocrx_word' id='word_1_504' title='bbox 3161 1537 3290 1584; x_wconf 89' lang='lat' dir='ltr'><strong>sect.</strong></span> <span class='ocrx_word' id='word_1_505' title='bbox 3316 1534 3368 1593; x_wconf 75' lang='lat'><strong>2,</strong></span> 
     </span>
     <span class='ocr_line' id='line_1_81' title="bbox 1868 1612 2006 1659; baseline -0.014 0"><span class='ocrx_word' id='word_1_506' title='bbox 1868 1620 1921 1659; x_wconf 89' lang='lat' dir='ltr'><strong>n.</strong></span> <span class='ocrx_word' id='word_1_507' title='bbox 1957 1612 2006 1658; x_wconf 89' lang='grc'><strong>8.</strong></span> 
     </span>
    </p>

    <p class='ocr_par' dir='ltr' id='par_1_39' title="bbox 1798 1682 3372 1900">
     <span class='ocr_line' id='line_1_82' title="bbox 1798 1682 3372 1749; baseline 0.001 -16"><span class='ocrx_word' id='word_1_508' title='bbox 1798 1686 1846 1735; x_wconf 87' lang='grc'><strong>4.</strong></span> <span class='ocrx_word' id='word_1_509' title='bbox 1882 1683 1961 1734; x_wconf 79' lang='lat' dir='ltr'><strong>Ad</strong></span> <span class='ocrx_word' id='word_1_510' title='bbox 1991 1682 2264 1749; x_wconf 86' lang='lat' dir='ltr'><strong>principes</strong></span> <span class='ocrx_word' id='word_1_511' title='bbox 2293 1684 2579 1737; x_wconf 63' lang='lat' dir='ltr'><strong>saeculares</strong></span> <span class='ocrx_word' id='word_1_512' title='bbox 2606 1682 2837 1749; x_wconf 83' lang='lat' dir='ltr'><strong>qualiter</strong></span> <span class='ocrx_word' id='word_1_513' title='bbox 2861 1683 3184 1737; x_wconf 87' lang='lat' dir='ltr'><strong>secundario</strong></span> <span class='ocrx_word' id='word_1_514' title='bbox 3219 1692 3372 1749; x_wconf 88' lang='lat' dir='ltr'><strong>spec-</strong></span> 
     </span>
     <span class='ocr_line' id='line_1_83' title="bbox 1859 1758 3368 1826; baseline -0.001 -15"><span class='ocrx_word' id='word_1_515' title='bbox 1859 1764 1933 1811; x_wconf 89' lang='lat' dir='ltr'><strong>tet</strong></span> <span class='ocrx_word' id='word_1_516' title='bbox 1962 1758 2154 1824; x_wconf 88' lang='lat' dir='ltr'><strong>punire</strong></span> <span class='ocrx_word' id='word_1_517' title='bbox 2181 1758 2462 1812; x_wconf 84' lang='lat' dir='ltr'><strong>baereticos</strong></span> <span class='ocrx_word' id='word_1_518' title='bbox 2493 1760 2668 1826; x_wconf 87' lang='lat' dir='ltr'><strong>poenis</strong></span> <span class='ocrx_word' id='word_1_519' title='bbox 2693 1760 3094 1825; x_wconf 86' lang='lat' dir='ltr'><strong>temporalibus,</strong></span> <span class='ocrx_word' id='word_1_520' title='bbox 3130 1764 3279 1811; x_wconf 87' lang='lat' dir='ltr'><strong>tract.</strong></span> <span class='ocrx_word' id='word_1_521' title='bbox 3318 1762 3368 1820; x_wconf 89' lang='grc'><strong>1,</strong></span> 
     </span>
     <span class='ocr_line' id='line_1_84' title="bbox 1863 1834 3369 1900; baseline 0.001 -15"><span class='ocrx_word' id='word_1_522' title='bbox 1863 1834 2003 1900; x_wconf 89' lang='lat' dir='ltr'><strong>disp.</strong></span> <span class='ocrx_word' id='word_1_523' title='bbox 2029 1838 2109 1890; x_wconf 77' lang='lat'><strong>20.</strong></span> <span class='ocrx_word' id='word_1_524' title='bbox 2133 1840 2260 1887; x_wconf 89' lang='lat' dir='ltr'><strong>sect.</strong></span> <span class='ocrx_word' id='word_1_525' title='bbox 2295 1840 2342 1894; x_wconf 84' lang='grc'><strong>8,</strong></span> <span class='ocrx_word' id='word_1_526' title='bbox 2371 1846 2403 1886; x_wconf 92' lang='lat' dir='ltr'><strong>a</strong></span> <span class='ocrx_word' id='word_1_527' title='bbox 2433 1848 2484 1886; x_wconf 89' lang='lat' dir='ltr'><strong>n.</strong></span> <span class='ocrx_word' id='word_1_528' title='bbox 2511 1838 2593 1897; x_wconf 76' lang='lat'><strong>21,</strong></span> <span class='ocrx_word' id='word_1_529' title='bbox 2627 1842 2681 1887; x_wconf 92' lang='lat' dir='ltr'><strong>et</strong></span> <span class='ocrx_word' id='word_1_530' title='bbox 2711 1834 2852 1900; x_wconf 89' lang='lat' dir='ltr'><strong>disp.</strong></span> <span class='ocrx_word' id='word_1_531' title='bbox 2887 1839 2969 1895; x_wconf 74' lang='lat'><strong>23,</strong></span> <span class='ocrx_word' id='word_1_532' title='bbox 2999 1841 3125 1888; x_wconf 84' lang='lat' dir='ltr'><strong>sect.</strong></span> <span class='ocrx_word' id='word_1_533' title='bbox 3157 1839 3204 1899; x_wconf 89' lang='grc'><strong>1,</strong></span> <span class='ocrx_word' id='word_1_534' title='bbox 3229 1846 3286 1887; x_wconf 85' lang='grc' dir='ltr'><strong>ιι.</strong></span> <span class='ocrx_word' id='word_1_535' title='bbox 3317 1838 3369 1886; x_wconf 79' lang='grc'><strong>’1.</strong></span> 
     </span>
    </p>

    <p class='ocr_par' dir='ltr' id='par_1_40' title="bbox 1800 1908 3374 2277">
     <span class='ocr_line' id='line_1_85' title="bbox 1800 1908 3372 1976; baseline -0.001 -16"><span class='ocrx_word' id='word_1_536' title='bbox 1800 1913 1849 1961; x_wconf 74' lang='grc'><strong>8.</strong></span> <span class='ocrx_word' id='word_1_537' title='bbox 1886 1908 2161 1975; x_wconf 89' lang='lat' dir='ltr'><strong>Principes</strong></span> <span class='ocrx_word' id='word_1_538' title='bbox 2189 1909 2472 1962; x_wconf 83' lang='lat' dir='ltr'><strong>saeculares</strong></span> <span class='ocrx_word' id='word_1_539' title='bbox 2501 1910 2847 1975; x_wconf 87' lang='lat' dir='ltr'><strong>quantumvis</strong></span> <span class='ocrx_word' id='word_1_540' title='bbox 2875 1910 3113 1976; x_wconf 88' lang='lat' dir='ltr'><strong>supremi</strong></span> <span class='ocrx_word' id='word_1_541' title='bbox 3145 1914 3372 1975; x_wconf 88' lang='lat' dir='ltr'><strong>possunt</strong></span> 
     </span>
     <span class='ocr_line' id='line_1_86' title="bbox 1862 1984 3374 2050; baseline 0.001 -13"><span class='ocrx_word' id='word_1_542' title='bbox 1862 1984 1935 2038; x_wconf 89' lang='lat' dir='ltr'><strong>ob</strong></span> <span class='ocrx_word' id='word_1_543' title='bbox 1967 1985 2212 2037; x_wconf 83' lang='lat' dir='ltr'><strong>baeresim</strong></span> <span class='ocrx_word' id='word_1_544' title='bbox 2257 1985 2326 2037; x_wconf 89' lang='lat' dir='ltr'><strong>ab</strong></span> <span class='ocrx_word' id='word_1_545' title='bbox 2351 1985 2583 2039; x_wconf 79' lang='lat' dir='ltr'><strong>Ecclesia</strong></span> <span class='ocrx_word' id='word_1_546' title='bbox 2613 1986 2788 2050; x_wconf 87' lang='lat' dir='ltr'><strong>puniri</strong></span> <span class='ocrx_word' id='word_1_547' title='bbox 2833 1998 2995 2050; x_wconf 85' lang='lat' dir='ltr'><strong>poena</strong></span> <span class='ocrx_word' id='word_1_548' title='bbox 3025 1984 3374 2039; x_wconf 85' lang='lat' dir='ltr'><strong>confiscatio-</strong></span> 
     </span>
     <span class='ocr_line' id='line_1_87' title="bbox 1862 2060 3180 2127; baseline 0.002 -16"><span class='ocrx_word' id='word_1_549' title='bbox 1862 2060 1951 2111; x_wconf 86' lang='lat' dir='ltr'><strong>nis</strong></span> <span class='ocrx_word' id='word_1_550' title='bbox 1980 2060 2268 2123; x_wconf 90' lang='lat' dir='ltr'><strong>bonorum,</strong></span> <span class='ocrx_word' id='word_1_551' title='bbox 2301 2066 2450 2113; x_wconf 85' lang='lat' dir='ltr'><strong>tract.</strong></span> <span class='ocrx_word' id='word_1_552' title='bbox 2475 2066 2523 2121; x_wconf 91' lang='grc'><strong>1,</strong></span> <span class='ocrx_word' id='word_1_553' title='bbox 2549 2060 2688 2127; x_wconf 89' lang='lat' dir='ltr'><strong>disp.</strong></span> <span class='ocrx_word' id='word_1_554' title='bbox 2714 2064 2794 2121; x_wconf 75' lang='lat'><strong>22,</strong></span> <span class='ocrx_word' id='word_1_555' title='bbox 2815 2068 2946 2114; x_wconf 90' lang='lat' dir='ltr'><strong>sect.</strong></span> <span class='ocrx_word' id='word_1_556' title='bbox 2976 2066 3022 2125; x_wconf 79' lang='grc'><strong>8,</strong></span> <span class='ocrx_word' id='word_1_557' title='bbox 3051 2076 3106 2113; x_wconf 84' lang='grc' dir='ltr'><strong>ιι.</strong></span> <span class='ocrx_word' id='word_1_558' title='bbox 3131 2064 3180 2113; x_wconf 75' lang='lat'><strong>2.</strong></span> 
     </span>
     <span class='ocr_line' id='line_1_88' title="bbox 1864 2134 3372 2204; baseline 0.003 -19"><span class='ocrx_word' id='word_1_559' title='bbox 1864 2136 1979 2187; x_wconf 86' lang='lat' dir='ltr'><strong>imo</strong></span> <span class='ocrx_word' id='word_1_560' title='bbox 2011 2134 2080 2188; x_wconf 89' lang='lat' dir='ltr'><strong>de</strong></span> <span class='ocrx_word' id='word_1_561' title='bbox 2111 2136 2247 2188; x_wconf 88' lang='lat' dir='ltr'><strong>facto</strong></span> <span class='ocrx_word' id='word_1_562' title='bbox 2281 2136 2818 2201; x_wconf 80' lang='lat' dir='ltr'><strong>comprehenduntur</strong></span> <span class='ocrx_word' id='word_1_563' title='bbox 2847 2137 2952 2189; x_wconf 90' lang='lat' dir='ltr'><strong>sub</strong></span> <span class='ocrx_word' id='word_1_564' title='bbox 2973 2137 3179 2204; x_wconf 86' lang='lat' dir='ltr'><strong>legibus</strong></span> <span class='ocrx_word' id='word_1_565' title='bbox 3205 2138 3372 2189; x_wconf 81' lang='lat' dir='ltr'><strong>cano‘-</strong></span> 
     </span>
     <span class='ocr_line' id='line_1_89' title="bbox 1862 2210 3044 2277; baseline 0.002 -15"><span class='ocrx_word' id='word_1_566' title='bbox 1862 2210 2020 2271; x_wconf 79' lang='lat' dir='ltr'><strong>niciS,</strong></span> <span class='ocrx_word' id='word_1_567' title='bbox 2054 2211 2195 2265; x_wconf 86' lang='lat' dir='ltr'><strong>banc</strong></span> <span class='ocrx_word' id='word_1_568' title='bbox 2224 2223 2441 2277; x_wconf 64' lang='lat' dir='ltr'><strong>iioenam</strong></span> <span class='ocrx_word' id='word_1_569' title='bbox 2473 2211 2894 2276; x_wconf 88' lang='lat' dir='ltr'><strong>imponentibus,</strong></span> <span class='ocrx_word' id='word_1_570' title='bbox 2920 2225 2974 2265; x_wconf 90' lang='lat' dir='ltr'><strong>n.</strong></span> <span class='ocrx_word' id='word_1_571' title='bbox 2998 2218 3044 2264; x_wconf 96' lang='grc'><strong>8.</strong></span> 
     </span>
    </p>

    <p class='ocr_par' dir='ltr' id='par_1_41' title="bbox 1796 2288 3374 2797">
     <span class='ocr_line' id='line_1_90' title="bbox 1796 2288 3372 2363; baseline 0.002 -25"><span class='ocrx_word' id='word_1_572' title='bbox 1796 2292 1845 2340; x_wconf 79' lang='lat' dir='ltr'><strong>ti.</strong></span> <span class='ocrx_word' id='word_1_573' title='bbox 1882 2288 2142 2363; x_wconf 76' lang='lat' dir='ltr'><strong>Princeps</strong></span> <span class='ocrx_word' id='word_1_574' title='bbox 2171 2288 2454 2341; x_wconf 78' lang='lat' dir='ltr'><strong>baereticus</strong></span> <span class='ocrx_word' id='word_1_575' title='bbox 2477 2300 2544 2341; x_wconf 93' lang='lat' dir='ltr'><strong>eo</strong></span> <span class='ocrx_word' id='word_1_576' title='bbox 2573 2288 2694 2353; x_wconf 88' lang='lat' dir='ltr'><strong>ipso</strong></span> <span class='ocrx_word' id='word_1_577' title='bbox 2728 2288 2968 2353; x_wconf 87' lang='lat' dir='ltr'><strong>privatur</strong></span> <span class='ocrx_word' id='word_1_578' title='bbox 2993 2302 3098 2341; x_wconf 89' lang='lat' dir='ltr'><strong>usu</strong></span> <span class='ocrx_word' id='word_1_579' title='bbox 3116 2288 3372 2354; x_wconf 86' lang='lat' dir='ltr'><strong>jurisdic-</strong></span> 
     </span>
     <span class='ocr_line' id='line_1_91' title="bbox 1860 2361 3372 2429; baseline 0.003 -16"><span class='ocrx_word' id='word_1_580' title='bbox 1860 2361 2026 2415; x_wconf 86' lang='lat' dir='ltr'><strong>tionis</strong></span> <span class='ocrx_word' id='word_1_581' title='bbox 2051 2363 2226 2429; x_wconf 80' lang='lat' dir='ltr'><strong>regiae,</strong></span> <span class='ocrx_word' id='word_1_582' title='bbox 2254 2363 2416 2428; x_wconf 88' lang='lat' dir='ltr'><strong>idque</strong></span> <span class='ocrx_word' id='word_1_583' title='bbox 2443 2376 2507 2415; x_wconf 87' lang='lat' dir='ltr'><strong>ex</strong></span> <span class='ocrx_word' id='word_1_584' title='bbox 2534 2362 2584 2415; x_wconf 89' lang='lat' dir='ltr'><strong>vi</strong></span> <span class='ocrx_word' id='word_1_585' title='bbox 2611 2362 2781 2415; x_wconf 89' lang='lat' dir='ltr'><strong>solius</strong></span> <span class='ocrx_word' id='word_1_586' title='bbox 2801 2364 3372 2418; x_wconf 86' lang='lat' dir='ltr'><strong>excommunicationis</strong></span> 
     </span>
     <span class='ocr_line' id='line_1_92' title="bbox 1863 2438 3372 2505; baseline 0.001 -16"><span class='ocrx_word' id='word_1_587' title='bbox 1863 2448 2108 2502; x_wconf 75' lang='lat' dir='ltr'><strong>annexae,</strong></span> <span class='ocrx_word' id='word_1_588' title='bbox 2139 2444 2267 2491; x_wconf 83' lang='lat' dir='ltr'><strong>sect..</strong></span> <span class='ocrx_word' id='word_1_589' title='bbox 2302 2443 2348 2500; x_wconf 82' lang='grc'><strong>6,</strong></span> <span class='ocrx_word' id='word_1_590' title='bbox 2377 2451 2432 2490; x_wconf 92' lang='grc' dir='ltr'><strong>ιι.</strong></span> <span class='ocrx_word' id='word_1_591' title='bbox 2461 2443 2518 2497; x_wconf 78' lang='grc'><strong>6;</strong></span> <span class='ocrx_word' id='word_1_592' title='bbox 2551 2443 2727 2504; x_wconf 89' lang='lat' dir='ltr'><strong>potest</strong></span> <span class='ocrx_word' id='word_1_593' title='bbox 2753 2438 2913 2491; x_wconf 88' lang='lat' dir='ltr'><strong>etiam</strong></span> <span class='ocrx_word' id='word_1_594' title='bbox 2950 2452 3047 2505; x_wconf 89' lang='lat' dir='ltr'><strong>per</strong></span> <span class='ocrx_word' id='word_1_595' title='bbox 3083 2439 3372 2493; x_wconf 85' lang='lat' dir='ltr'><strong>Ecclesiam</strong></span> 
     </span>
     <span class='ocr_line' id='line_1_93' title="bbox 1864 2513 3373 2581; baseline 0.001 -16"><span class='ocrx_word' id='word_1_596' title='bbox 1864 2513 2062 2578; x_wconf 84' lang='lat' dir='ltr'><strong>privari</strong></span> <span class='ocrx_word' id='word_1_597' title='bbox 2089 2526 2274 2581; x_wconf 85' lang='lat' dir='ltr'><strong>regno.</strong></span> <span class='ocrx_word' id='word_1_598' title='bbox 2303 2521 2408 2566; x_wconf 86' lang='lat' dir='ltr'><strong>tam</strong></span> <span class='ocrx_word' id='word_1_599' title='bbox 2437 2513 2618 2579; x_wconf 84' lang='lat' dir='ltr'><strong>quoad</strong></span> <span class='ocrx_word' id='word_1_600' title='bbox 2639 2514 2938 2568; x_wconf 87' lang='lat' dir='ltr'><strong>dominium</strong></span> <span class='ocrx_word' id='word_1_601' title='bbox 2961 2514 3373 2579; x_wconf 87' lang='lat' dir='ltr'><strong>jurisdictionis,</strong></span> 
     </span>
     <span class='ocr_line' id='line_1_94' title="bbox 1862 2588 3374 2655; baseline 0 -14"><span class='ocrx_word' id='word_1_602' title='bbox 1862 2602 2026 2654; x_wconf 90' lang='lat' dir='ltr'><strong>quam</strong></span> <span class='ocrx_word' id='word_1_603' title='bbox 2073 2589 2251 2655; x_wconf 89' lang='lat' dir='ltr'><strong>quoad</strong></span> <span class='ocrx_word' id='word_1_604' title='bbox 2298 2589 2597 2641; x_wconf 89' lang='lat' dir='ltr'><strong>dominium</strong></span> <span class='ocrx_word' id='word_1_605' title='bbox 2645 2588 3020 2655; x_wconf 89' lang='lat' dir='ltr'><strong>temporalium</strong></span> <span class='ocrx_word' id='word_1_606' title='bbox 3073 2591 3374 2655; x_wconf 84' lang='lat' dir='ltr'><strong>bonorum,</strong></span> 
     </span>
     <span class='ocr_line' id='line_1_95' title="bbox 1866 2664 3374 2731; baseline 0.001 -15"><span class='ocrx_word' id='word_1_607' title='bbox 1866 2678 1920 2716; x_wconf 92' lang='grc' dir='ltr'><strong>ιι.</strong></span> <span class='ocrx_word' id='word_1_608' title='bbox 1954 2670 2014 2729; x_wconf 72' lang='lat'><strong>73</strong></span> <span class='ocrx_word' id='word_1_609' title='bbox 2047 2677 2157 2718; x_wconf 91' lang='lat' dir='ltr'><strong>non</strong></span> <span class='ocrx_word' id='word_1_610' title='bbox 2186 2664 2406 2730; x_wconf 88' lang='lat' dir='ltr'><strong>quidem</strong></span> <span class='ocrx_word' id='word_1_611' title='bbox 2443 2666 2562 2730; x_wconf 89' lang='lat' dir='ltr'><strong>ipso</strong></span> <span class='ocrx_word' id='word_1_612' title='bbox 2596 2665 2746 2731; x_wconf 87' lang='lat' dir='ltr'><strong>jure,</strong></span> <span class='ocrx_word' id='word_1_613' title='bbox 2794 2665 2888 2718; x_wconf 88' lang='lat' dir='ltr'><strong>sed</strong></span> <span class='ocrx_word' id='word_1_614' title='bbox 2921 2678 3020 2731; x_wconf 85' lang='lat' dir='ltr'><strong>per</strong></span> <span class='ocrx_word' id='word_1_615' title='bbox 3051 2666 3374 2719; x_wconf 85' lang='lat' dir='ltr'><strong>sententiam</strong></span> 
     </span>
     <span class='ocr_line' id='line_1_96' title="bbox 1866 2739 2554 2797; baseline -0.001 -4"><span class='ocrx_word' id='word_1_616' title='bbox 1866 2739 2386 2797; x_wconf 82' lang='lat' dir='ltr'><strong>condemnatoriam,</strong></span> <span class='ocrx_word' id='word_1_617' title='bbox 2423 2740 2554 2792; x_wconf 88' lang='lat' dir='ltr'><strong>ibid.</strong></span> 
     </span>
    </p>

    <p class='ocr_par' dir='ltr' id='par_1_42' title="bbox 1804 2816 3374 2955">
     <span class='ocr_line' id='line_1_97' title="bbox 1804 2816 3374 2883; baseline 0.005 -18"><span class='ocrx_word' id='word_1_618' title='bbox 1804 2820 1849 2869; x_wconf 81' lang='grc'><strong>7.</strong></span> <span class='ocrx_word' id='word_1_619' title='bbox 1888 2816 2144 2883; x_wconf 84' lang='lat' dir='ltr'><strong>Princeps</strong></span> <span class='ocrx_word' id='word_1_620' title='bbox 2195 2816 2493 2870; x_wconf 87' lang='lat' dir='ltr'><strong>catholicus</strong></span> <span class='ocrx_word' id='word_1_621' title='bbox 2540 2816 2814 2883; x_wconf 89' lang='lat' dir='ltr'><strong>quomodo</strong></span> <span class='ocrx_word' id='word_1_622' title='bbox 2861 2817 2932 2869; x_wconf 86' lang='lat' dir='ltr'><strong>sit</strong></span> <span class='ocrx_word' id='word_1_623' title='bbox 2983 2816 3101 2871; x_wconf 92' lang='lat' dir='ltr'><strong>loco</strong></span> <span class='ocrx_word' id='word_1_624' title='bbox 3137 2818 3374 2873; x_wconf 75' lang='lat' dir='ltr'><strong>haeretici</strong></span> 
     </span>
     <span class='ocr_line' id='line_1_98' title="bbox 1866 2892 2578 2955; baseline 0.001 -10"><span class='ocrx_word' id='word_1_625' title='bbox 1866 2892 2289 2955; x_wconf 76' lang='lat' dir='ltr'><strong>substituenduS,</strong></span> <span class='ocrx_word' id='word_1_626' title='bbox 2318 2907 2372 2945; x_wconf 90' lang='lat' dir='ltr'><strong>n.</strong></span> <span class='ocrx_word' id='word_1_627' title='bbox 2406 2897 2434 2944; x_wconf 89' lang='grc'>8</span> <span class='ocrx_word' id='word_1_628' title='bbox 2459 2898 2510 2945; x_wconf 86' lang='lat' dir='ltr'><strong>et</strong></span> <span class='ocrx_word' id='word_1_629' title='bbox 2531 2897 2578 2946; x_wconf 83' lang='grc'><strong>9.</strong></span> 
     </span>
    </p>

    <p class='ocr_par' dir='ltr' id='par_1_43' title="bbox 1806 2967 3372 3258">
     <span class='ocr_line' id='line_1_99' title="bbox 1806 2967 3372 3034; baseline 0.002 -16"><span class='ocrx_word' id='word_1_630' title='bbox 1806 2972 1851 3019; x_wconf 92' lang='grc'><strong>8.</strong></span> <span class='ocrx_word' id='word_1_631' title='bbox 1890 2967 2162 3034; x_wconf 86' lang='lat' dir='ltr'><strong>Principes</strong></span> <span class='ocrx_word' id='word_1_632' title='bbox 2191 2968 2466 3020; x_wconf 88' lang='lat' dir='ltr'><strong>christiani</strong></span> <span class='ocrx_word' id='word_1_633' title='bbox 2499 2968 2804 3021; x_wconf 86' lang='lat' dir='ltr'><strong>subduntur</strong></span> <span class='ocrx_word' id='word_1_634' title='bbox 2841 2968 3084 3021; x_wconf 84' lang='lat' dir='ltr'><strong>Pontifici</strong></span> <span class='ocrx_word' id='word_1_635' title='bbox 3119 2968 3277 3023; x_wconf 90' lang='lat' dir='ltr'><strong>etiam</strong></span> <span class='ocrx_word' id='word_1_636' title='bbox 3319 2970 3372 3021; x_wconf 90' lang='lat' dir='ltr'><strong>in</strong></span> 
     </span>
     <span class='ocr_line' id='line_1_100' title="bbox 1869 3042 3369 3108; baseline 0.002 -16"><span class='ocrx_word' id='word_1_637' title='bbox 1869 3042 2254 3107; x_wconf 85' lang='lat' dir='ltr'><strong>temporalibus</strong></span> <span class='ocrx_word' id='word_1_638' title='bbox 2287 3043 2466 3108; x_wconf 89' lang='lat' dir='ltr'><strong>quoad</strong></span> <span class='ocrx_word' id='word_1_639' title='bbox 2499 3050 2814 3107; x_wconf 82' lang='lat' dir='ltr'><strong>potestatem</strong></span> <span class='ocrx_word' id='word_1_640' title='bbox 2854 3043 3188 3105; x_wconf 85' lang='lat' dir='ltr'><strong>indirectam,</strong></span> <span class='ocrx_word' id='word_1_641' title='bbox 3217 3050 3369 3096; x_wconf 85' lang='lat' dir='ltr'><strong>tract.</strong></span> 
     </span>
     <span class='ocr_line' id='line_1_101' title="bbox 1868 3116 3370 3184; baseline 0.003 -17"><span class='ocrx_word' id='word_1_642' title='bbox 1868 3122 1915 3177; x_wconf 83' lang='lat'><strong>1,</strong></span> <span class='ocrx_word' id='word_1_643' title='bbox 1943 3116 2084 3181; x_wconf 88' lang='lat' dir='ltr'><strong>disp.</strong></span> <span class='ocrx_word' id='word_1_644' title='bbox 2121 3122 2204 3181; x_wconf 74' lang='lat'><strong>2⁰,</strong></span> <span class='ocrx_word' id='word_1_645' title='bbox 2245 3126 2374 3171; x_wconf 88' lang='lat' dir='ltr'><strong>sect.</strong></span> <span class='ocrx_word' id='word_1_646' title='bbox 2426 3122 2472 3178; x_wconf 93' lang='grc'><strong>8,</strong></span> <span class='ocrx_word' id='word_1_647' title='bbox 2501 3131 2534 3169; x_wconf 90' lang='lat' dir='ltr'><strong>a</strong></span> <span class='ocrx_word' id='word_1_648' title='bbox 2567 3132 2622 3169; x_wconf 92' lang='grc' dir='ltr'><strong>ιι.</strong></span> <span class='ocrx_word' id='word_1_649' title='bbox 2660 3123 2748 3177; x_wconf 77' lang='lat'><strong>21;</strong></span> <span class='ocrx_word' id='word_1_650' title='bbox 2779 3126 2830 3170; x_wconf 89' lang='lat' dir='ltr'><strong>et</strong></span> <span class='ocrx_word' id='word_1_651' title='bbox 2863 3118 3005 3184; x_wconf 87' lang='lat' dir='ltr'><strong>disp.</strong></span> <span class='ocrx_word' id='word_1_652' title='bbox 3039 3124 3120 3176; x_wconf 75' lang='lat'><strong>22,</strong></span> <span class='ocrx_word' id='word_1_653' title='bbox 3156 3126 3285 3171; x_wconf 90' lang='lat' dir='ltr'><strong>sect.</strong></span> <span class='ocrx_word' id='word_1_654' title='bbox 3322 3124 3370 3181; x_wconf 80' lang='lat'><strong>6,</strong></span> 
     </span>
     <span class='ocr_line' id='line_1_102' title="bbox 1866 3193 3140 3258; baseline 0.002 -16"><span class='ocrx_word' id='word_1_655' title='bbox 1866 3204 1921 3243; x_wconf 92' lang='lat' dir='ltr'><strong>n.</strong></span> <span class='ocrx_word' id='word_1_656' title='bbox 1959 3197 1989 3242; x_wconf 74' lang='lat'>2</span> <span class='ocrx_word' id='word_1_657' title='bbox 2017 3199 2068 3243; x_wconf 88' lang='lat' dir='ltr'><strong>et</strong></span> <span class='ocrx_word' id='word_1_658' title='bbox 2094 3196 2147 3242; x_wconf 85' lang='lat'><strong>7:</strong></span> <span class='ocrx_word' id='word_1_659' title='bbox 2181 3198 2233 3245; x_wconf 91' lang='lat' dir='ltr'><strong>et</strong></span> <span class='ocrx_word' id='word_1_660' title='bbox 2266 3200 2416 3245; x_wconf 89' lang='lat' dir='ltr'><strong>tract.</strong></span> <span class='ocrx_word' id='word_1_661' title='bbox 2443 3198 2491 3255; x_wconf 86' lang='grc'><strong>8,</strong></span> <span class='ocrx_word' id='word_1_662' title='bbox 2519 3193 2656 3258; x_wconf 91' lang='lat' dir='ltr'><strong>disp.</strong></span> <span class='ocrx_word' id='word_1_663' title='bbox 2683 3198 2764 3255; x_wconf 86' lang='grc'><strong>18,</strong></span> <span class='ocrx_word' id='word_1_664' title='bbox 2789 3201 2918 3246; x_wconf 88' lang='lat' dir='ltr'><strong>sect.</strong></span> <span class='ocrx_word' id='word_1_665' title='bbox 2939 3200 2987 3253; x_wconf 78' lang='lat'><strong>2,</strong></span> <span class='ocrx_word' id='word_1_666' title='bbox 3015 3208 3070 3246; x_wconf 88' lang='lat' dir='ltr'><strong>n.</strong></span> <span class='ocrx_word' id='word_1_667' title='bbox 3091 3199 3140 3245; x_wconf 74' lang='grc'><strong>5.</strong></span> 
     </span>
    </p>

    <p class='ocr_par' dir='ltr' id='par_1_44' title="bbox 1803 3267 3368 3397">
     <span class='ocr_line' id='line_1_103' title="bbox 1803 3267 3368 3335; baseline 0.003 -18"><span class='ocrx_word' id='word_1_668' title='bbox 1803 3272 1851 3318; x_wconf 76' lang='grc'><strong>9.</strong></span> <span class='ocrx_word' id='word_1_669' title='bbox 1890 3267 2163 3332; x_wconf 89' lang='lat' dir='ltr'><strong>Principes</strong></span> <span class='ocrx_word' id='word_1_670' title='bbox 2187 3268 2277 3333; x_wconf 90' lang='lat' dir='ltr'><strong>qui</strong></span> <span class='ocrx_word' id='word_1_671' title='bbox 2309 3275 2362 3321; x_wconf 90' lang='lat' dir='ltr'><strong>et</strong></span> <span class='ocrx_word' id='word_1_672' title='bbox 2389 3268 2618 3334; x_wconf 89' lang='lat' dir='ltr'><strong>qualiter</strong></span> <span class='ocrx_word' id='word_1_673' title='bbox 2647 3268 2856 3335; x_wconf 90' lang='lat' dir='ltr'><strong>possint</strong></span> <span class='ocrx_word' id='word_1_674' title='bbox 2883 3268 3082 3322; x_wconf 86' lang='lat' dir='ltr'><strong>bellum</strong></span> <span class='ocrx_word' id='word_1_675' title='bbox 3115 3267 3368 3333; x_wconf 88' lang='lat' dir='ltr'><strong>indicere,</strong></span> 
     </span>
     <span class='ocr_line' id='line_1_104' title="bbox 1866 3343 2225 3397; baseline 0.003 -2"><span class='ocrx_word' id='word_1_676' title='bbox 1866 3343 1988 3396; x_wconf 82' lang='lat' dir='ltr'><strong>vide</strong></span> <span class='ocrx_word' id='word_1_677' title='bbox 2017 3360 2225 3397; x_wconf 77' lang='grc' dir='ltr'>ιιειιυιι.</span> 
     </span>
    </p>

    <p class='ocr_par' dir='ltr' id='par_1_45' title="bbox 1802 3418 3373 3637">
     <span class='ocr_line' id='line_1_105' title="bbox 1802 3418 3372 3486; baseline 0.003 -17"><span class='ocrx_word' id='word_1_678' title='bbox 1802 3422 1883 3469; x_wconf 79' lang='grc' dir='ltr'><strong>1ο.</strong></span> <span class='ocrx_word' id='word_1_679' title='bbox 1922 3418 2256 3484; x_wconf 86' lang='lat' dir='ltr'><strong>Principibus</strong></span> <span class='ocrx_word' id='word_1_680' title='bbox 2285 3419 2594 3473; x_wconf 84' lang='lat' dir='ltr'><strong>christianis</strong></span> <span class='ocrx_word' id='word_1_681' title='bbox 2624 3426 2798 3486; x_wconf 89' lang='lat' dir='ltr'><strong>potest</strong></span> <span class='ocrx_word' id='word_1_682' title='bbox 2822 3420 3062 3474; x_wconf 80' lang='lat' dir='ltr'><strong>Pontifex</strong></span> <span class='ocrx_word' id='word_1_683' title='bbox 3080 3419 3372 3474; x_wconf 85' lang='lat' dir='ltr'><strong>distribue-</strong></span> 
     </span>
     <span class='ocr_line' id='line_1_106' title="bbox 1866 3493 3373 3560; baseline 0.002 -16"><span class='ocrx_word' id='word_1_684' title='bbox 1866 3505 1926 3545; x_wconf 89' lang='lat' dir='ltr'><strong>re</strong></span> <span class='ocrx_word' id='word_1_685' title='bbox 1961 3493 2254 3546; x_wconf 82' lang='lat' dir='ltr'><strong>infidelium</strong></span> <span class='ocrx_word' id='word_1_686' title='bbox 2287 3506 2453 3560; x_wconf 89' lang='lat' dir='ltr'><strong>regna</strong></span> <span class='ocrx_word' id='word_1_687' title='bbox 2483 3502 2542 3547; x_wconf 91' lang='lat' dir='ltr'><strong>ut</strong></span> <span class='ocrx_word' id='word_1_688' title='bbox 2575 3497 2642 3548; x_wconf 88' lang='lat' dir='ltr'><strong>ad</strong></span> <span class='ocrx_word' id='word_1_689' title='bbox 2673 3508 2766 3549; x_wconf 89' lang='lat' dir='ltr'><strong>eos</strong></span> <span class='ocrx_word' id='word_1_690' title='bbox 2794 3502 2908 3549; x_wconf 89' lang='lat' dir='ltr'><strong>tuto</strong></span> <span class='ocrx_word' id='word_1_691' title='bbox 2951 3498 3162 3549; x_wconf 88' lang='lat' dir='ltr'><strong>mittant</strong></span> <span class='ocrx_word' id='word_1_692' title='bbox 3196 3498 3373 3548; x_wconf 87' lang='lat' dir='ltr'><strong>Evan-</strong></span> 
     </span>
     <span class='ocr_line' id='line_1_107' title="bbox 1866 3568 3368 3637; baseline 0.003 -18"><span class='ocrx_word' id='word_1_693' title='bbox 1866 3568 1987 3635; x_wconf 87' lang='lat' dir='ltr'><strong>gelii</strong></span> <span class='ocrx_word' id='word_1_694' title='bbox 2019 3568 2414 3633; x_wconf 60' lang='lat' dir='ltr'><strong>praedicatores,</strong></span> <span class='ocrx_word' id='word_1_695' title='bbox 2447 3577 2596 3623; x_wconf 85' lang='lat' dir='ltr'><strong>tract.</strong></span> <span class='ocrx_word' id='word_1_696' title='bbox 2629 3576 2678 3629; x_wconf 89' lang='grc'><strong>1,</strong></span> <span class='ocrx_word' id='word_1_697' title='bbox 2703 3572 2845 3637; x_wconf 88' lang='lat' dir='ltr'><strong>disp.</strong></span> <span class='ocrx_word' id='word_1_698' title='bbox 2885 3575 2964 3634; x_wconf 91' lang='grc'><strong>18,</strong></span> <span class='ocrx_word' id='word_1_699' title='bbox 3005 3579 3134 3625; x_wconf 89' lang='lat' dir='ltr'><strong>sect.</strong></span> <span class='ocrx_word' id='word_1_700' title='bbox 3161 3576 3208 3634; x_wconf 85' lang='lat' dir='ltr'><strong>t,</strong></span> <span class='ocrx_word' id='word_1_701' title='bbox 3235 3585 3289 3623; x_wconf 92' lang='lat' dir='ltr'><strong>n.</strong></span> <span class='ocrx_word' id='word_1_702' title='bbox 3321 3576 3368 3624; x_wconf 81' lang='lat'><strong>7.</strong></span> 
     </span>
    </p>
   </div>
   <div class='ocr_carea' id='block_1_12' title="bbox 2456 3700 2725 3739">
    <p class='ocr_par' dir='ltr' id='par_1_46' title="bbox 2456 3700 2725 3739">
     <span class='ocr_line' id='line_1_108' title="bbox 2456 3700 2725 3739; baseline 0.004 -2"><span class='ocrx_word' id='word_1_703' title='bbox 2456 3700 2582 3739; x_wconf 74' lang='grc' dir='ltr'><strong>ΡΙΟΙ</strong></span> <span class='ocrx_word' id='word_1_704' title='bbox 2589 3700 2725 3739; x_wconf 73' lang='grc'><strong>13810.</strong></span> 
     </span>
    </p>
   </div>
   <div class='ocr_carea' id='block_1_13' title="bbox 1865 3798 3372 3941">
    <p class='ocr_par' dir='ltr' id='par_1_47' title="bbox 1865 3798 3372 3941">
     <span class='ocr_line' id='line_1_109' title="bbox 1865 3798 3372 3865; baseline 0 -14"><span class='ocrx_word' id='word_1_705' title='bbox 1865 3798 2135 3851; x_wconf 85' lang='lat' dir='ltr'><strong>Promissa</strong></span> <span class='ocrx_word' id='word_1_706' title='bbox 2163 3810 2271 3851; x_wconf 91' lang='lat' dir='ltr'><strong>non</strong></span> <span class='ocrx_word' id='word_1_707' title='bbox 2319 3798 2541 3865; x_wconf 88' lang='lat' dir='ltr'><strong>implere</strong></span> <span class='ocrx_word' id='word_1_708' title='bbox 2585 3800 2724 3852; x_wconf 88' lang='lat' dir='ltr'><strong>Dens</strong></span> <span class='ocrx_word' id='word_1_709' title='bbox 2766 3800 2834 3853; x_wconf 90' lang='lat' dir='ltr'><strong>de</strong></span> <span class='ocrx_word' id='word_1_710' title='bbox 2863 3798 3106 3853; x_wconf 85' lang='lat' dir='ltr'><strong>absoluta</strong></span> <span class='ocrx_word' id='word_1_711' title='bbox 3134 3798 3372 3865; x_wconf 90' lang='lat' dir='ltr'><strong>potentia</strong></span> 
     </span>
     <span class='ocr_line' id='line_1_110' title="bbox 1867 3874 3144 3941; baseline -0.002 -14"><span class='ocrx_word' id='word_1_712' title='bbox 1867 3888 1977 3928; x_wconf 91' lang='lat' dir='ltr'><strong>non</strong></span> <span class='ocrx_word' id='word_1_713' title='bbox 2005 3880 2196 3941; x_wconf 89' lang='lat' dir='ltr'><strong>potest,</strong></span> <span class='ocrx_word' id='word_1_714' title='bbox 2227 3881 2378 3927; x_wconf 88' lang='lat' dir='ltr'><strong>tract.</strong></span> <span class='ocrx_word' id='word_1_715' title='bbox 2410 3880 2456 3937; x_wconf 84' lang='lat'><strong>1,</strong></span> <span class='ocrx_word' id='word_1_716' title='bbox 2484 3874 2624 3940; x_wconf 91' lang='lat' dir='ltr'><strong>disp.</strong></span> <span class='ocrx_word' id='word_1_717' title='bbox 2657 3880 2704 3936; x_wconf 92' lang='grc'><strong>8,</strong></span> <span class='ocrx_word' id='word_1_718' title='bbox 2737 3881 2867 3927; x_wconf 90' lang='lat' dir='ltr'><strong>sect.</strong></span> <span class='ocrx_word' id='word_1_719' title='bbox 2901 3880 2949 3939; x_wconf 77' lang='lat'><strong>5,</strong></span> <span class='ocrx_word' id='word_1_720' title='bbox 2986 3889 3040 3927; x_wconf 88' lang='grc' dir='ltr'><strong>ιι.</strong></span> <span class='ocrx_word' id='word_1_721' title='bbox 3066 3880 3144 3926; x_wconf 84' lang='grc' dir='ltr'><strong>1ο.</strong></span> 
     </span>
    </p>
   </div>
   <div class='ocr_carea' id='block_1_14' title="bbox 2288 4005 2880 4055">
    <p class='ocr_par' dir='ltr' id='par_1_48' title="bbox 2288 4005 2880 4055">
     <span class='ocr_line' id='line_1_111' title="bbox 2288 4005 2880 4055; baseline 0.005 -12"><span class='ocrx_word' id='word_1_722' title='bbox 2288 4006 2537 4044; x_wconf 69' lang='lat' dir='ltr'><strong>norun</strong></span> <span class='ocrx_word' id='word_1_723' title='bbox 2545 4032 2558 4055; x_wconf 84' lang='lat'><strong>,</strong></span> <span class='ocrx_word' id='word_1_724' title='bbox 2590 4005 2746 4045; x_wconf 67' lang='lat' dir='ltr'><strong>nora</strong></span> <span class='ocrx_word' id='word_1_725' title='bbox 2753 4006 2856 4043; x_wconf 72' lang='lat' dir='ltr'><strong>sm</strong></span> <span class='ocrx_word' id='word_1_726' title='bbox 2865 4031 2880 4046; x_wconf 83' lang='grc'><strong>.</strong></span> 
     </span>
    </p>
   </div>
   <div class='ocr_carea' id='block_1_15' title="bbox 1803 4102 3376 5678">
    <p class='ocr_par' dir='ltr' id='par_1_49' title="bbox 1804 4102 3373 4245">
     <span class='ocr_line' id='line_1_112' title="bbox 1804 4102 3373 4170; baseline 0.003 -17"><span class='ocrx_word' id='word_1_727' title='bbox 1804 4104 1851 4155; x_wconf 89' lang='grc'><strong>1.</strong></span> <span class='ocrx_word' id='word_1_728' title='bbox 1888 4102 2186 4167; x_wconf 80' lang='lat' dir='ltr'><strong>Prophetioe</strong></span> <span class='ocrx_word' id='word_1_729' title='bbox 2211 4110 2426 4169; x_wconf 78' lang='lat' dir='ltr'><strong>etymon</strong></span> <span class='ocrx_word' id='word_1_730' title='bbox 2461 4105 2732 4170; x_wconf 87' lang='lat' dir='ltr'><strong>quodnam</strong></span> <span class='ocrx_word' id='word_1_731' title='bbox 2760 4105 2834 4157; x_wconf 86' lang='lat' dir='ltr'><strong>sit</strong></span> <span class='ocrx_word' id='word_1_732' title='bbox 2858 4110 2912 4157; x_wconf 87' lang='lat' dir='ltr'><strong>et</strong></span> <span class='ocrx_word' id='word_1_733' title='bbox 2947 4117 3108 4169; x_wconf 90' lang='lat' dir='ltr'><strong>quam</strong></span> <span class='ocrx_word' id='word_1_734' title='bbox 3136 4104 3238 4157; x_wconf 82' lang='lat' dir='ltr'><strong>late</strong></span> <span class='ocrx_word' id='word_1_735' title='bbox 3276 4116 3373 4169; x_wconf 84' lang='lat' dir='ltr'><strong>pa-</strong></span> 
     </span>
     <span class='ocr_line' id='line_1_113' title="bbox 1866 4180 2858 4245; baseline 0.003 -16"><span class='ocrx_word' id='word_1_736' title='bbox 1866 4184 1991 4241; x_wconf 88' lang='lat' dir='ltr'><strong>teat,</strong></span> <span class='ocrx_word' id='word_1_737' title='bbox 2015 4184 2165 4232; x_wconf 88' lang='lat' dir='ltr'><strong>tract.</strong></span> <span class='ocrx_word' id='word_1_738' title='bbox 2188 4185 2236 4239; x_wconf 83' lang='lat'><strong>1,</strong></span> <span class='ocrx_word' id='word_1_739' title='bbox 2259 4180 2400 4245; x_wconf 88' lang='lat' dir='ltr'><strong>disp.</strong></span> <span class='ocrx_word' id='word_1_740' title='bbox 2423 4187 2470 4241; x_wconf 93' lang='grc'><strong>8,</strong></span> <span class='ocrx_word' id='word_1_741' title='bbox 2496 4187 2624 4233; x_wconf 90' lang='lat' dir='ltr'><strong>sect.</strong></span> <span class='ocrx_word' id='word_1_742' title='bbox 2653 4186 2700 4243; x_wconf 81' lang='grc'><strong>8,</strong></span> <span class='ocrx_word' id='word_1_743' title='bbox 2733 4194 2790 4233; x_wconf 91' lang='grc' dir='ltr'><strong>ιι.</strong></span> <span class='ocrx_word' id='word_1_744' title='bbox 2811 4186 2858 4232; x_wconf 92' lang='grc'><strong>1.</strong></span> 
     </span>
    </p>

    <p class='ocr_par' dir='ltr' id='par_1_50' title="bbox 1803 4255 3366 4394">
     <span class='ocr_line' id='line_1_114' title="bbox 1803 4255 3366 4323; baseline 0.001 -18"><span class='ocrx_word' id='word_1_745' title='bbox 1803 4258 1853 4306; x_wconf 73' lang='lat'><strong>2.</strong></span> <span class='ocrx_word' id='word_1_746' title='bbox 1890 4255 2188 4319; x_wconf 83' lang='lat' dir='ltr'><strong>Prophetiae</strong></span> <span class='ocrx_word' id='word_1_747' title='bbox 2221 4256 2498 4322; x_wconf 84' lang='lat' dir='ltr'><strong>multiplex</strong></span> <span class='ocrx_word' id='word_1_748' title='bbox 2528 4268 2659 4309; x_wconf 87' lang='lat' dir='ltr'><strong>usus</strong></span> <span class='ocrx_word' id='word_1_749' title='bbox 2707 4256 3026 4323; x_wconf 88' lang='lat' dir='ltr'><strong>proponitur</strong></span> <span class='ocrx_word' id='word_1_750' title='bbox 3051 4260 3106 4309; x_wconf 90' lang='lat' dir='ltr'><strong>et</strong></span> <span class='ocrx_word' id='word_1_751' title='bbox 3138 4255 3366 4321; x_wconf 84' lang='lat' dir='ltr'><strong>explica-</strong></span> 
     </span>
     <span class='ocr_line' id='line_1_115' title="bbox 1867 4331 2476 4394; baseline 0 -11"><span class='ocrx_word' id='word_1_752' title='bbox 1867 4338 1972 4389; x_wconf 87' lang='lat' dir='ltr'><strong>tur,</strong></span> <span class='ocrx_word' id='word_1_753' title='bbox 2005 4331 2100 4391; x_wconf 90' lang='lat' dir='ltr'><strong>ib.,</strong></span> <span class='ocrx_word' id='word_1_754' title='bbox 2129 4332 2250 4394; x_wconf 89' lang='lat' dir='ltr'><strong>late,</strong></span> <span class='ocrx_word' id='word_1_755' title='bbox 2283 4344 2315 4384; x_wconf 89' lang='lat' dir='ltr'><strong>a</strong></span> <span class='ocrx_word' id='word_1_756' title='bbox 2345 4346 2398 4383; x_wconf 91' lang='grc' dir='ltr'><strong>ιι.</strong></span> <span class='ocrx_word' id='word_1_757' title='bbox 2431 4336 2476 4383; x_wconf 76' lang='lat'><strong>2.</strong></span> 
     </span>
    </p>

    <p class='ocr_par' dir='ltr' id='par_1_51' title="bbox 1809 4404 3368 4547">
     <span class='ocr_line' id='line_1_116' title="bbox 1809 4404 3368 4472; baseline 0.002 -17"><span class='ocrx_word' id='word_1_758' title='bbox 1809 4411 1855 4459; x_wconf 77' lang='lat' dir='ltr'><strong>a.</strong></span> <span class='ocrx_word' id='word_1_759' title='bbox 1895 4408 2190 4472; x_wconf 82' lang='lat' dir='ltr'><strong>Prophetiae</strong></span> <span class='ocrx_word' id='word_1_760' title='bbox 2223 4408 2490 4472; x_wconf 82' lang='lat' dir='ltr'><strong>objectum</strong></span> <span class='ocrx_word' id='word_1_761' title='bbox 2525 4407 2750 4461; x_wconf 86' lang='lat' dir='ltr'><strong>formale</strong></span> <span class='ocrx_word' id='word_1_762' title='bbox 2788 4413 2870 4461; x_wconf 89' lang='lat' dir='ltr'><strong>est</strong></span> <span class='ocrx_word' id='word_1_763' title='bbox 2913 4404 3098 4461; x_wconf 88' lang='lat' dir='ltr'><strong>divina</strong></span> <span class='ocrx_word' id='word_1_764' title='bbox 3138 4407 3368 4460; x_wconf 88' lang='lat' dir='ltr'><strong>auctori-</strong></span> 
     </span>
     <span class='ocr_line' id='line_1_117' title="bbox 1872 4483 2606 4547; baseline 0.003 -14"><span class='ocrx_word' id='word_1_765' title='bbox 1872 4490 1951 4535; x_wconf 89' lang='lat' dir='ltr'><strong>tas</strong></span> <span class='ocrx_word' id='word_1_766' title='bbox 1982 4483 2289 4544; x_wconf 78' lang='lat' dir='ltr'><strong>testificanS,</strong></span> <span class='ocrx_word' id='word_1_767' title='bbox 2317 4483 2412 4547; x_wconf 90' lang='lat' dir='ltr'><strong>ib.,</strong></span> <span class='ocrx_word' id='word_1_768' title='bbox 2437 4496 2492 4535; x_wconf 91' lang='lat' dir='ltr'><strong>n.</strong></span> <span class='ocrx_word' id='word_1_769' title='bbox 2527 4488 2606 4535; x_wconf 79' lang='grc' dir='ltr'><strong>1ο.</strong></span> 
     </span>
    </p>

    <p class='ocr_par' dir='ltr' id='par_1_52' title="bbox 1868 4556 3373 4695">
     <span class='ocr_line' id='line_1_118' title="bbox 1869 4556 3373 4624; baseline 0.001 -15"><span class='ocrx_word' id='word_1_770' title='bbox 1869 4556 2140 4621; x_wconf 84' lang='lat' dir='ltr'><strong>Obiectum</strong></span> <span class='ocrx_word' id='word_1_771' title='bbox 2174 4558 2448 4611; x_wconf 88' lang='lat' dir='ltr'><strong>materiale</strong></span> <span class='ocrx_word' id='word_1_772' title='bbox 2476 4563 2558 4610; x_wconf 88' lang='lat' dir='ltr'><strong>est</strong></span> <span class='ocrx_word' id='word_1_773' title='bbox 2590 4556 2844 4624; x_wconf 88' lang='lat' dir='ltr'><strong>quicquid</strong></span> <span class='ocrx_word' id='word_1_774' title='bbox 2881 4557 2982 4610; x_wconf 91' lang='lat' dir='ltr'><strong>sub</strong></span> <span class='ocrx_word' id='word_1_775' title='bbox 3009 4556 3248 4609; x_wconf 85' lang='lat' dir='ltr'><strong>divinam</strong></span> <span class='ocrx_word' id='word_1_776' title='bbox 3283 4571 3373 4611; x_wconf 89' lang='lat' dir='ltr'><strong>re-</strong></span> 
     </span>
     <span class='ocr_line' id='line_1_119' title="bbox 1868 4634 2621 4695; baseline 0.001 -10"><span class='ocrx_word' id='word_1_777' title='bbox 1868 4634 2190 4687; x_wconf 79' lang='lat' dir='ltr'><strong>velationem</strong></span> <span class='ocrx_word' id='word_1_778' title='bbox 2225 4634 2382 4695; x_wconf 88' lang='lat' dir='ltr'><strong>cadit‚</strong></span> <span class='ocrx_word' id='word_1_779' title='bbox 2411 4647 2442 4687; x_wconf 91' lang='lat' dir='ltr'><strong>a</strong></span> <span class='ocrx_word' id='word_1_780' title='bbox 2465 4647 2520 4685; x_wconf 92' lang='grc' dir='ltr'><strong>ιι.</strong></span> <span class='ocrx_word' id='word_1_781' title='bbox 2543 4639 2621 4686; x_wconf 87' lang='grc'><strong>18.</strong></span> 
     </span>
    </p>

    <p class='ocr_par' dir='ltr' id='par_1_53' title="bbox 1805 4709 3376 4927">
     <span class='ocr_line' id='line_1_120' title="bbox 1805 4709 3369 4776; baseline -0.001 -14"><span class='ocrx_word' id='word_1_782' title='bbox 1805 4715 1850 4762; x_wconf 98' lang='grc'><strong>4.</strong></span> <span class='ocrx_word' id='word_1_783' title='bbox 1890 4711 2184 4775; x_wconf 82' lang='lat' dir='ltr'><strong>Prophetiae</strong></span> <span class='ocrx_word' id='word_1_784' title='bbox 2205 4718 2354 4764; x_wconf 87' lang='lat' dir='ltr'><strong>actus</strong></span> <span class='ocrx_word' id='word_1_785' title='bbox 2379 4716 2460 4762; x_wconf 89' lang='lat' dir='ltr'><strong>est</strong></span> <span class='ocrx_word' id='word_1_786' title='bbox 2483 4710 2904 4776; x_wconf 90' lang='lat' dir='ltr'><strong>supernaturalis</strong></span> <span class='ocrx_word' id='word_1_787' title='bbox 2929 4710 3163 4775; x_wconf 86' lang='lat' dir='ltr'><strong>cognitio</strong></span> <span class='ocrx_word' id='word_1_788' title='bbox 3195 4709 3246 4761; x_wconf 90' lang='lat' dir='ltr'><strong>in</strong></span> <span class='ocrx_word' id='word_1_789' title='bbox 3281 4710 3369 4762; x_wconf 88' lang='lat' dir='ltr'><strong>di-</strong></span> 
     </span>
     <span class='ocr_line' id='line_1_121' title="bbox 1866 4784 3370 4851; baseline 0.002 -16"><span class='ocrx_word' id='word_1_790' title='bbox 1866 4784 1992 4836; x_wconf 88' lang='lat' dir='ltr'><strong>vina</strong></span> <span class='ocrx_word' id='word_1_791' title='bbox 2016 4784 2339 4838; x_wconf 84' lang='lat' dir='ltr'><strong>revelatione</strong></span> <span class='ocrx_word' id='word_1_792' title='bbox 2365 4785 2604 4847; x_wconf 87' lang='lat' dir='ltr'><strong>fundata,</strong></span> <span class='ocrx_word' id='word_1_793' title='bbox 2629 4800 2660 4838; x_wconf 87' lang='lat' dir='ltr'><strong>a</strong></span> <span class='ocrx_word' id='word_1_794' title='bbox 2681 4798 2787 4851; x_wconf 91' lang='lat' dir='ltr'><strong>qua</strong></span> <span class='ocrx_word' id='word_1_795' title='bbox 2814 4785 3010 4838; x_wconf 89' lang='lat' dir='ltr'><strong>locutio</strong></span> <span class='ocrx_word' id='word_1_796' title='bbox 3033 4785 3114 4837; x_wconf 92' lang='lat' dir='ltr'><strong>vel</strong></span> <span class='ocrx_word' id='word_1_797' title='bbox 3145 4785 3370 4849; x_wconf 85' lang='lat' dir='ltr'><strong>praedic-</strong></span> 
     </span>
     <span class='ocr_line' id='line_1_122' title="bbox 1870 4856 3376 4927; baseline 0.003 -17"><span class='ocrx_word' id='word_1_798' title='bbox 1870 4860 1943 4912; x_wconf 93' lang='lat' dir='ltr'><strong>tio</strong></span> <span class='ocrx_word' id='word_1_799' title='bbox 1969 4860 2281 4925; x_wconf 81' lang='lat' dir='ltr'><strong>prophetica</strong></span> <span class='ocrx_word' id='word_1_800' title='bbox 2303 4861 2491 4925; x_wconf 88' lang='lat' dir='ltr'><strong>oritur,</strong></span> <span class='ocrx_word' id='word_1_801' title='bbox 2516 4862 2702 4914; x_wconf 89' lang='lat' dir='ltr'><strong>eadem</strong></span> <span class='ocrx_word' id='word_1_802' title='bbox 2729 4860 2927 4927; x_wconf 84' lang='lat' dir='ltr'><strong>disput.</strong></span> <span class='ocrx_word' id='word_1_803' title='bbox 2953 4864 3003 4923; x_wconf 86' lang='lat'><strong>8,</strong></span> <span class='ocrx_word' id='word_1_804' title='bbox 3025 4867 3153 4913; x_wconf 90' lang='lat' dir='ltr'><strong>sect.</strong></span> <span class='ocrx_word' id='word_1_805' title='bbox 3173 4864 3220 4914; x_wconf 95' lang='grc'><strong>4.</strong></span> <span class='ocrx_word' id='word_1_806' title='bbox 3242 4875 3294 4913; x_wconf 92' lang='grc' dir='ltr'><strong>ιι.</strong></span> <span class='ocrx_word' id='word_1_807' title='bbox 3321 4856 3376 4915; x_wconf 79' lang='grc'><strong>1.”</strong></span> 
     </span>
    </p>

    <p class='ocr_par' dir='ltr' id='par_1_54' title="bbox 1809 4936 3372 5226">
     <span class='ocr_line' id='line_1_123' title="bbox 1809 4936 3370 5001; baseline 0.002 -15"><span class='ocrx_word' id='word_1_808' title='bbox 1809 4939 1853 4987; x_wconf 78' lang='grc'><strong>5.</strong></span> <span class='ocrx_word' id='word_1_809' title='bbox 1892 4936 2191 5000; x_wconf 84' lang='lat' dir='ltr'><strong>Prophetiae</strong></span> <span class='ocrx_word' id='word_1_810' title='bbox 2223 4944 2372 4991; x_wconf 85' lang='lat' dir='ltr'><strong>actus</strong></span> <span class='ocrx_word' id='word_1_811' title='bbox 2401 4944 2482 4990; x_wconf 88' lang='lat' dir='ltr'><strong>est</strong></span> <span class='ocrx_word' id='word_1_812' title='bbox 2509 4939 2738 4993; x_wconf 91' lang='lat' dir='ltr'><strong>omnino</strong></span> <span class='ocrx_word' id='word_1_813' title='bbox 2771 4944 2949 4991; x_wconf 89' lang='lat' dir='ltr'><strong>certus</strong></span> <span class='ocrx_word' id='word_1_814' title='bbox 2978 4944 3031 4989; x_wconf 90' lang='lat' dir='ltr'><strong>et</strong></span> <span class='ocrx_word' id='word_1_815' title='bbox 3053 4936 3370 5001; x_wconf 84' lang='lat' dir='ltr'><strong>infallibilis,</strong></span> 
     </span>
     <span class='ocr_line' id='line_1_124' title="bbox 1872 5009 2119 5071; baseline 0.008 -11"><span class='ocrx_word' id='word_1_816' title='bbox 1872 5009 1966 5071; x_wconf 81' lang='lat' dir='ltr'><strong>ib..</strong></span> <span class='ocrx_word' id='word_1_817' title='bbox 1993 5023 2045 5062; x_wconf 92' lang='grc' dir='ltr'><strong>ιι.</strong></span> <span class='ocrx_word' id='word_1_818' title='bbox 2071 5016 2119 5062; x_wconf 87' lang='grc'><strong>8.</strong></span> 
     </span>
     <span class='ocr_line' id='line_1_125' title="bbox 1870 5085 3372 5152; baseline 0.001 -14"><span class='ocrx_word' id='word_1_819' title='bbox 1870 5085 2132 5139; x_wconf 83' lang='lat' dir='ltr'><strong>certificat</strong></span> <span class='ocrx_word' id='word_1_820' title='bbox 2170 5088 2488 5152; x_wconf 86' lang='lat' dir='ltr'><strong>prophetam</strong></span> <span class='ocrx_word' id='word_1_821' title='bbox 2519 5100 2627 5141; x_wconf 91' lang='lat' dir='ltr'><strong>non</strong></span> <span class='ocrx_word' id='word_1_822' title='bbox 2663 5087 2836 5140; x_wconf 88' lang='lat' dir='ltr'><strong>solum</strong></span> <span class='ocrx_word' id='word_1_823' title='bbox 2880 5087 2948 5140; x_wconf 90' lang='lat' dir='ltr'><strong>de</strong></span> <span class='ocrx_word' id='word_1_824' title='bbox 2984 5087 3243 5149; x_wconf 87' lang='lat' dir='ltr'><strong>revelata,</strong></span> <span class='ocrx_word' id='word_1_825' title='bbox 3274 5086 3372 5140; x_wconf 91' lang='lat' dir='ltr'><strong>sed</strong></span> 
     </span>
     <span class='ocr_line' id='line_1_126' title="bbox 1870 5160 2830 5226; baseline 0.005 -14"><span class='ocrx_word' id='word_1_826' title='bbox 1870 5160 1938 5212; x_wconf 91' lang='lat' dir='ltr'><strong>de</strong></span> <span class='ocrx_word' id='word_1_827' title='bbox 1969 5162 2156 5226; x_wconf 89' lang='lat' dir='ltr'><strong>spiritu</strong></span> <span class='ocrx_word' id='word_1_828' title='bbox 2185 5162 2343 5214; x_wconf 87' lang='lat' dir='ltr'><strong>etiam</strong></span> <span class='ocrx_word' id='word_1_829' title='bbox 2377 5163 2666 5225; x_wconf 83' lang='lat' dir='ltr'><strong>revelante,</strong></span> <span class='ocrx_word' id='word_1_830' title='bbox 2703 5177 2757 5215; x_wconf 92' lang='lat' dir='ltr'><strong>n.</strong></span> <span class='ocrx_word' id='word_1_831' title='bbox 2783 5168 2830 5217; x_wconf 81' lang='grc'><strong>4.</strong></span> 
     </span>
    </p>

    <p class='ocr_par' dir='ltr' id='par_1_55' title="bbox 1806 5237 3374 5378">
     <span class='ocr_line' id='line_1_127' title="bbox 1806 5237 3374 5305; baseline 0.003 -18"><span class='ocrx_word' id='word_1_832' title='bbox 1806 5241 1853 5291; x_wconf 80' lang='grc'><strong>6.</strong></span> <span class='ocrx_word' id='word_1_833' title='bbox 1890 5238 2003 5291; x_wconf 82' lang='grc' dir='ltr'>Νοιι</span> <span class='ocrx_word' id='word_1_834' title='bbox 2027 5237 2206 5291; x_wconf 88' lang='lat' dir='ltr'><strong>omnis</strong></span> <span class='ocrx_word' id='word_1_835' title='bbox 2233 5238 2466 5304; x_wconf 86' lang='lat' dir='ltr'><strong>cognitio</strong></span> <span class='ocrx_word' id='word_1_836' title='bbox 2496 5239 2565 5291; x_wconf 89' lang='lat' dir='ltr'><strong>ab</strong></span> <span class='ocrx_word' id='word_1_837' title='bbox 2587 5238 2782 5305; x_wconf 87' lang='lat' dir='ltr'><strong>Spiritu</strong></span> <span class='ocrx_word' id='word_1_838' title='bbox 2813 5240 3005 5293; x_wconf 90' lang='lat' dir='ltr'><strong>Sancto</strong></span> <span class='ocrx_word' id='word_1_839' title='bbox 3028 5246 3108 5291; x_wconf 90' lang='lat' dir='ltr'><strong>est</strong></span> <span class='ocrx_word' id='word_1_840' title='bbox 3135 5240 3374 5304; x_wconf 76' lang='lat' dir='ltr'><strong>proplie-</strong></span> 
     </span>
     <span class='ocr_line' id='line_1_128' title="bbox 1868 5313 3366 5378; baseline 0.005 -16"><span class='ocrx_word' id='word_1_841' title='bbox 1868 5316 1990 5373; x_wconf 83' lang='lat' dir='ltr'><strong>tica,</strong></span> <span class='ocrx_word' id='word_1_842' title='bbox 2017 5318 2109 5365; x_wconf 88' lang='lat' dir='ltr'><strong>aut</strong></span> <span class='ocrx_word' id='word_1_843' title='bbox 2128 5313 2196 5364; x_wconf 89' lang='lat' dir='ltr'><strong>de</strong></span> <span class='ocrx_word' id='word_1_844' title='bbox 2216 5313 2415 5378; x_wconf 85' lang='lat' dir='ltr'><strong>Spiritu</strong></span> <span class='ocrx_word' id='word_1_845' title='bbox 2438 5314 2630 5367; x_wconf 85' lang='lat' dir='ltr'><strong>Sancto</strong></span> <span class='ocrx_word' id='word_1_846' title='bbox 2655 5315 2924 5371; x_wconf 83' lang='lat' dir='ltr'><strong>revelante</strong></span> <span class='ocrx_word' id='word_1_847' title='bbox 2945 5315 3216 5376; x_wconf 82' lang='lat' dir='ltr'><strong>certificat,</strong></span> <span class='ocrx_word' id='word_1_848' title='bbox 3243 5328 3297 5367; x_wconf 89' lang='lat' dir='ltr'><strong>n.</strong></span> <span class='ocrx_word' id='word_1_849' title='bbox 3321 5321 3366 5369; x_wconf 83' lang='lat'><strong>5.</strong></span> 
     </span>
    </p>

    <p class='ocr_par' dir='ltr' id='par_1_56' title="bbox 1806 5388 3375 5524">
     <span class='ocr_line' id='line_1_129' title="bbox 1806 5388 3375 5455; baseline 0.001 -15"><span class='ocrx_word' id='word_1_850' title='bbox 1806 5394 1853 5442; x_wconf 88' lang='lat'><strong>7.</strong></span> <span class='ocrx_word' id='word_1_851' title='bbox 1892 5390 2174 5453; x_wconf 78' lang='lat' dir='ltr'><strong>Prophetia</strong></span> <span class='ocrx_word' id='word_1_852' title='bbox 2213 5390 2318 5441; x_wconf 90' lang='lat' dir='ltr'><strong>alia</strong></span> <span class='ocrx_word' id='word_1_853' title='bbox 2351 5388 2669 5455; x_wconf 85' lang='lat' dir='ltr'><strong>simpliciter</strong></span> <span class='ocrx_word' id='word_1_854' title='bbox 2711 5390 2972 5453; x_wconf 79' lang='lat' dir='ltr'><strong>absoluta,</strong></span> <span class='ocrx_word' id='word_1_855' title='bbox 3009 5391 3114 5443; x_wconf 88' lang='lat' dir='ltr'><strong>alia</strong></span> <span class='ocrx_word' id='word_1_856' title='bbox 3144 5392 3375 5443; x_wconf 89' lang='lat' dir='ltr'><strong>commi-</strong></span> 
     </span>
     <span class='ocr_line' id='line_1_130' title="bbox 1868 5463 2695 5524; baseline 0 -7"><span class='ocrx_word' id='word_1_857' title='bbox 1868 5464 2094 5523; x_wconf 84' lang='lat' dir='ltr'><strong>natoria,</strong></span> <span class='ocrx_word' id='word_1_858' title='bbox 2119 5463 2306 5517; x_wconf 88' lang='lat' dir='ltr'><strong>eadem</strong></span> <span class='ocrx_word' id='word_1_859' title='bbox 2339 5470 2468 5517; x_wconf 87' lang='lat' dir='ltr'><strong>sect.</strong></span> <span class='ocrx_word' id='word_1_860' title='bbox 2494 5467 2542 5524; x_wconf 91' lang='grc'><strong>4,</strong></span> <span class='ocrx_word' id='word_1_861' title='bbox 2566 5479 2621 5517; x_wconf 87' lang='grc' dir='ltr'><strong>ιι.</strong></span> <span class='ocrx_word' id='word_1_862' title='bbox 2648 5471 2695 5517; x_wconf 89' lang='lat'><strong>8.</strong></span> 
     </span>
    </p>

    <p class='ocr_par' dir='ltr' id='par_1_57' title="bbox 1868 5537 3375 5678">
     <span class='ocr_line' id='line_1_131' title="bbox 1868 5537 3375 5607; baseline 0.001 -16"><span class='ocrx_word' id='word_1_863' title='bbox 1868 5537 2123 5591; x_wconf 77' lang='lat' dir='ltr'><strong>Absoluta</strong></span> <span class='ocrx_word' id='word_1_864' title='bbox 2151 5552 2186 5594; x_wconf 90' lang='lat' dir='ltr'><strong>a</strong></span> <span class='ocrx_word' id='word_1_865' title='bbox 2218 5541 2628 5594; x_wconf 89' lang='lat' dir='ltr'><strong>comminatoria</strong></span> <span class='ocrx_word' id='word_1_866' title='bbox 2663 5540 2938 5607; x_wconf 82' lang='lat' dir='ltr'><strong>quomodo</strong></span> <span class='ocrx_word' id='word_1_867' title='bbox 2963 5542 3032 5593; x_wconf 90' lang='lat' dir='ltr'><strong>sit</strong></span> <span class='ocrx_word' id='word_1_868' title='bbox 3060 5541 3375 5595; x_wconf 86' lang='lat' dir='ltr'><strong>discernen-</strong></span> 
     </span>
     <span class='ocr_line' id='line_1_132' title="bbox 1868 5614 2119 5678; baseline 0 -10"><span class='ocrx_word' id='word_1_869' title='bbox 1868 5614 1955 5678; x_wconf 87' lang='lat' dir='ltr'><strong>da,</strong></span> <span class='ocrx_word' id='word_1_870' title='bbox 1984 5627 2040 5668; x_wconf 90' lang='lat' dir='ltr'><strong>n.</strong></span> <span class='ocrx_word' id='word_1_871' title='bbox 2071 5618 2119 5668; x_wconf 84' lang='grc'><strong>9.</strong></span> 
     </span>
    </p>
   </div>
  </div>
 </body>
</html>
