3900 6217
540 353 660 416 588

541 477 669 522 non
697 458 896 521 solum
931 459 1169 539 privata
1210 481 1470 542 persona
1513 465 1602 526 sic
1635 466 1989 547 recipiendo
2035 465 2104 528 in

539 555 796 616 domum
815 571 990 615 suam
1017 552 1084 614 in
1103 553 1222 616 hoc
1252 555 1488 619 crimen
1506 559 1760 636 incidat,
1779 560 1884 620 sed
1912 560 2103 621 etiam

541 646 920 730 gubernator
943 647 1298 727 recipiendo
1325 649 1392 710 in
1423 651 1694 728 civitate,
1718 659 1782 714 et
1813 653 2105 734 princeps

539 738 897 819 recipiendo
937 740 1002 802 in
1053 759 1247 820 regno
1276 760 1424 820 suo,
1473 749 1536 804 et
1580 743 1669 805 sic
1699 745 1774 808 de
1823 745 1985 822 aliis,
2036 747 2103 808 in

539 832 764 914 quibus
818 833 1105 895 omnibus
1161 837 1541 900 conveniunt
1590 844 1867 900 auctores
1919 858 2107 920 supra

540 926 827 1005 allegati3
861 933 926 988 et
955 945 1032 989 ex
1068 929 1440 1010 proprietate
1468 930 1664 1008 verbi,
1693 937 1754 993 et
1781 931 2107 996 identitate

540 1019 800 1082 rationis
828 1025 972 1080 sunt
1003 1019 1352 1082 manifesta.

623 1113 682 1173 5.
730 1113 822 1175 De
861 1113 1045 1178 tertia
1083 1131 1240 1188 voce,
1285 1115 1654 1181 defensores.
1704 1151 1788 1166 —-
1821 1119 2099 1198 Defensio

535 1223 830 1288 por-som.
853 1239 938 1254 —
959 1208 1238 1282 Defensio
1267 1212 1572 1274 doctrinae.
1599 1246 1681 1260 —-
1707 1215 1860 1276 Cum
1883 1214 2101 1276 eadem

537 1298 937 1379 proportione
985 1303 1416 1381 explicandum
1444 1311 1536 1366 est
1574 1304 1867 1368 delictum
1902 1308 2104 1384 delen-

536 1393 734 1464 son'e,·
763 1410 913 1453 nam
940 1411 1052 1473 per
1079 1413 1276 1456 unum
1323 1397 1514 1458 etiam
1553 1405 1760 1461 actum
1799 1401 2105 1462 committi

541 1490 758 1563 potest,
803 1491 866 1546 et
905 1485 994 1546 ita
1041 1486 1208 1548 idem
1261 1495 1353 1550 est
1396 1491 1662 1564 &semor
1689 1493 1854 1573 quod
1891 1493 2104 1556 defen·

537 1577 726 1656 dens3
757 1597 887 1640 non
915 1586 1007 1642 est
1031 1581 1203 1642 enim
1247 1601 1492 1646 necesse
1521 1591 1590 1646 ut
1629 1587 1805 1666 quasi
1843 1607 1920 1650 ex
1960 1607 2103 1650 con-

539 1671 866 1734 suetudine
921 1679 984 1734 et
1039 1673 1239 1736 officio
1289 1675 1353 1736 id
1394 1675 1602 1755 faciat,
1660 1680 1766 1742 sed
1815 1681 1961 1742 satis
2010 1687 2105 1746 est

537 1764 703 1846 quod
731 1765 1091 1830 hoeretieum
1127 1767 1435 1833 defendat.
1485 1773 1738 1852 Oportet
1779 1779 1991 1837 autem
2032 1782 2105 1838 ut

539 1855 814 1918 defensio
846 1858 1152 1921 redundet
1187 1861 1255 1922 in
1307 1861 1638 1926 haeresim:
1673 1865 1901 1947 duplex
1931 1867 2105 1930 enim

539 1967 671 2012 esse
701 1956 899 2030 potest
946 1951 1079 2013 haec
1132 1953 1407 2016 defensio
1437 1959 1531 2035 (ut
1569 1965 1790 2019 notant
1819 1959 2101 2022 Doctores

540 2043 721 2106 relati
753 2062 792 2104 a
825 2045 1164 2123 Farinacio‚
1203 2049 1391 2109 citata
1417 2051 1754 2129 quoestione
1785 2055 1925 2130 182,
1984 2073 2100 2115 nu·

539 2155 710 2199 mero
754 2138 856 2220 63)
888 2186 909 2216 ,
939 2157 1068 2201 una
1115 2159 1412 2221 personae,
1461 2143 1584 2204 alia
1633 2144 1945 2208 doctrinas.
2006 2147 2103 2210 Ad

537 2233 831 2310 priorem,
853 2250 981 2294 non
1004 2237 1147 2295 satis
1176 2241 1266 2296 est
1287 2237 1864 2318 quomodocumque
1891 2239 2102 2304 defen-

539 2323 684 2386 dere
723 2343 1084 2405 personam3
1117 2347 1261 2389 nam
1298 2328 1349 2389 si
1399 2329 1784 2409 defendatur,
1816 2352 1899 2395 ne
1939 2333 2100 2396 occi-

540 2416 722 2478 datur
757 2417 838 2479 ab
860 2420 1090 2499 injuste
1113 2419 1470 2497 invadente,
1505 2423 1602 2485 vel
1630 2443 1708 2486 ne
1739 2425 2036 2506 spolietur
2063 2445 2102 2487 a

537 2509 814 2587 latrone,
869 2531 996 2573 non
1049 2514 1404 2575 incurretur
1453 2513 1572 2577 hoc
1617 2517 1890 2594 crimen,
1952 2519 2101 2599 quia

538 2601 690 2665 illud
720 2623 844 2666 non
875 2611 968 2667 est
989 2605 1318 2669 defendere
1346 2608 1726 2686 haereticum,
1759 2611 1866 2672 sed
1893 2613 2099 2691 proxi-

539 2713 736 2758 mum.
777 2699 953 2761 Tunc
982 2717 1131 2778 ergo
1183 2699 1546 2763 defendetur
1597 2702 1918 2766 haereticus
1960 2723 2101 2785 pro·

537 2789 694 2870 prie,
721 2792 773 2851 si
803 2794 990 2854 armis
1017 2792 1385 2855 defendatur
1413 2811 1490 2855 ne
1530 2813 1568 2854 a
1600 2795 1898 2857 ministris
1917 2797 2103 2876 justi-

537 2883 640 2944 tiae
667 2883 966 2964 capiatur,
1002 2885 1098 2948 vel
1125 2887 1175 2948 si
1223 2885 1288 2948 in
1325 2887 1556 2966 judicio
1599 2889 1854 2968 juvetur
1899 2897 2103 2970 patro-

539 2975 725 3053 cinio,
757 2979 1004 3058 quando
1049 2987 1286 3042 constat
1316 2983 1519 3062 ipsum
1555 3001 1688 3045 esse
1716 2984 2101 3060 haereticum,

539 3070 638 3132 vel
665 3071 853 3133 etiam
886 3073 937 3134 si
965 3075 1422 3152 intercessione,
1453 3075 1551 3138 vel
1583 3079 1963 3153 muneribus,
1996 3085 2105 3140 aut

539 3163 662 3225 alio
711 3166 900 3227 simili
939 3167 1120 3230 modo
1148 3165 1532 3232 defendatur.
1568 3171 1776 3232 Altera
1824 3190 1972 3234 vero
1998 3173 2103 3234 de-

537 3255 736 3318 fensio
781 3258 1078 3321 doctrinoe
1121 3262 1320 3341 magis
1374 3263 1602 3327 directe
1651 3271 1713 3325 et
1754 3283 1863 3345 per
1901 3284 1966 3327 se
2008 3273 2105 3328 est

538 3349 816 3412 defensio
843 3353 1144 3429 hoeretici,
1177 3361 1248 3416 ut
1273 3355 1596 3418 haereticus
1619 3362 1731 3418 est.
1774 3357 1870 3420 Fit
1892 3367 2103 3421 autem

538 3444 674 3507 haec
699 3445 976 3510 defensio
1015 3447 1113 3509 vcl
1140 3446 1450 3512 laudando
1487 3449 1855 3524 doctrinam,
1890 3456 2103 3533 utique

537 3539 606 3599 in
633 3539 994 3618 particulari
1043 3541 1216 3602 illam
1266 3562 1403 3624 quse
1448 3549 1538 3605 est
1586 3546 1894 3606 contraria
1921 3545 2063 3608 fidei
2078 3563 2101 3625 3

539 3649 686 3693 nam
716 3635 766 3693 si
794 3633 1005 3696 laudet
1029 3635 1166 3715 quis
1189 3636 1626 3715 eruditionem,
1659 3638 2099 3720 eloquentiam,

539 3726 638 3786 vel
667 3727 988 3806 ingenium
1021 3729 1325 3805 haeretici,
1357 3737 1506 3794 tuuc
1534 3751 1660 3793 non
1688 3733 1804 3794 erit
1854 3736 2103 3816 proprie

541 3817 848 3897 defensor,
879 3823 1161 3902 quamvis
1191 3823 1412 3885 timere
1440 3823 1660 3888 debeat
1691 3845 1770 3888 ne
1797 3828 1878 3888 sit
1901 3828 2104 3890 fautor

541 3909 641 3992 (ut
664 3912 750 3972 sic
777 3912 1028 3992 dicam).
1061 3916 1256 3993 Magis
1298 3923 1507 3978 autem
1537 3917 1609 3978 fit
1648 3917 1782 3981 haec
1825 3919 2102 3981 defensio

539 4003 912 4085 disputando
939 4025 1051 4086 pro
1091 4007 1402 4086 haeretico,
1437 4009 1534 4072 vel
1580 4011 1659 4072 ad
1695 4012 2105 4090 objectionem

539 4106 753 4161 contra
817 4097 995 4161 illum
1063 4102 1510 4181 respondendo.
1565 4105 1773 4184 Neque
1839 4105 2107 4168 obstabit

539 4193 704 4272 quod
755 4191 886 4255 haec
931 4193 1087 4255 fiant
1136 4195 1347 4256 animo
1383 4195 1713 4274 haeretic03
1769 4216 1918 4259 nam
1957 4204 2107 4260 tunc

541 4284 684 4347 licet
724 4286 832 4348 ille
871 4286 986 4347 sub
1031 4305 1159 4348 una
1204 4290 1444 4350 ratione
1475 4289 1556 4350 sit
1608 4290 1955 4366 hoereticus,
1990 4291 2105 4352 sub

541 4377 666 4440 alia
686 4378 805 4440 erit
845 4379 1036 4440 etiam
1060 4379 1338 4442 haeretici
1361 4381 1648 4444 defensor
1659 4398 1682 4459 3
1709 4401 1742 4444 e
1769 4385 2102 4460 contrario,

540 4473 826 4552 quamvis
852 4472 913 4533 id
943 4491 1071 4535 nou
1098 4473 1290 4536 faciat
1323 4475 1536 4536 animo
1555 4473 1867 4551 haeretico,
1895 4494 2006 4537 seu
2029 4493 2105 4538 ex

544 4565 790 4626 interna
817 4565 1057 4641 haeresi,
1089 4573 1151 4627 et
1185 4567 1332 4637 ideo.
1363 4585 1488 4628 non
1515 4569 1595 4629 sit
1639 4568 1883 4649 proprie
1915 4569 2107 4628 haere-

540 4659 723 4734 ticus,
772 4659 1180 4720 nihilominus
1218 4678 1348 4722 esse
1397 4661 1622 4740 poterit
1671 4661 1949 4722 haeretici
2002 4661 2106 4722 de-

539 4751 766 4828 fensor,
795 4754 942 4834 quia
970 4753 1046 4815 ad
1075 4754 1191 4814 hoc
1215 4771 1341 4815 non
1370 4761 1463 4815 est
1491 4757 1831 4816 necessaria
1855 4755 2107 4818 haeresis

539 4847 808 4910 interna.
853 4849 943 4910 Ex
994 4848 1218 4929 quibus
1265 4846 1518 4909 tandem
1565 4848 1830 4929 intelligi
1879 4855 2101 4930 potest,

541 4941 706 5022 quod
744 4959 930 5022 supra
971 4943 1125 5018 dixi,
1170 4941 1304 5002 haec
1330 4942 1454 5003 duo
1496 4943 1866 5022 comparari,
1901 4949 1974 5003 ut
2006 4961 2105 5004 su-

538 5035 748 5113 perius
775 5041 838 5097 et
879 5035 1138 5098 inferius
1175 5052 1193 5097 ε
1237 5053 1382 5096 nam
1411 5034 1614 5096 omnis
1644 5041 1986 5116 receptator
2010 5053 2106 5098 re-

541 5145 688 5189 vera
710 5135 803 5189 est
828 5127 1136 5205 defensor,
1157 5128 1304 5208 quia
1323 5127 1590 5207 hospitio
1615 5127 1890 5190 defendit
1913 5129 2105 5189 liaere-

543 5221 759 5298 ticum,
791 5239 872 5284 ne
898 5223 1202 5302 capiatur,
1236 5221 1406 5284 verbi
1463 5221 1698 5300 gratia3
1725 5239 1760 5282 e
1790 5221 2101 5306 contrario

541 5331 690 5378 vero
717 5333 846 5376 non
875 5315 1078 5377 omnis
1103 5315 1390 5376 defensor
1421 5323 1513 5375 est
1539 5319 1910 5393 receptator,
1954 5313 2105 5394 quia

540 5407 818 5470 defensio
842 5407 1054 5468 multis
1079 5408 1218 5469 aliis
1239 5407 1440 5469 modis
1462 5405 1600 5468 fieri
1621 5413 1842 5488 potest.

623 5503 684 5562 6.
727 5501 820 5566 Do
848 5508 1071 5584 quarta
1097 5519 1254 5578 voce,
1284 5500 1574 5563 fautores.
1608 5533 1691 5548 -
1718 5498 1924 5566 Fauor
1948 5518 2105 5568 oom-

1062 361 1298 416 msPtJT.
1335 361 1508 418 xxw.
1545 365 1629 418 An
1663 364 1822 429 Quos
1853 365 2313 452 ExTENnAN‘run
2348 369 2555 422 POENAE
2586 366 3063 428 affini-:uconum
3100 366 3235 420 mc.

2183 467 2491 534 mittendo.
2514 503 2596 518 -
2612 467 2816 532 Fauor
2860 467 3200 532 omittendo.
3217 501 3293 514 «-
3308 467 3579 534 Fatela-is
3608 493 3702 536 au-

2182 569 2311 628 tem
2352 582 2585 628 nomen
2630 561 2982 643 generalius
3010 567 3139 640 est,
3177 567 3243 625 et
3287 563 3565 642 prodicta
3598 567 3705 632 duo

2182 657 2681 739 comprehendit;
2722 673 2877 718 nam
2928 656 3039 737 qui
3084 655 3305 736 recipit
3343 662 3406 716 et
3442 657 3703 736 defendit,

2185 753 2332 814 satis
2356 751 2543 814 favet.
2574 752 2735 814 Sunt
2760 756 2969 811 autem
2996 749 3181 810 multi
3208 748 3316 810 alii
3342 749 3504 812 modi
3528 751 3709 816 faven-

2187 845 2251 906 di
2280 843 2615 920 haereticis,
2642 849 2707 906 et
2729 841 2991 922 quilibet
3015 859 3233 902 eorum
3256 841 3481 904 sufficit
3500 845 3573 904 ad
3594 846 3709 908 fau·

2185 945 2383 1002 torem
2428 937 2955 1012 constituendum,
2993 935 3333 996 dummodo
3362 935 3529 998 favor
3567 957 3707 1018 prae-

2188 1038 2384 1094 stetur
2408 1049 2549 1093 cum
2584 1030 2792 1110 aliqua
2828 1029 3199 1090 habitudine
3228 1028 3308 1090 ad
3336 1029 3625 1107 haeresim,
3651 1042 3709 1096 ut

2182 1125 2249 1188 in
2290 1125 2429 1187 aliis
2468 1125 2843 1206 explicatum
2872 1132 2989 1186 est.
3030 1123 3391 1186 Generatim
3416 1129 3607 1186 autem
3633 1126 3711 1188 lo-

2182 1217 2451 1297 quend0,
2478 1216 2605 1279 duo
2634 1223 2778 1278 sunt
2806 1215 2979 1278 modi
3006 1215 3259 1278 favendi
3286 1213 3587 1293 haeretico,
3616 1222 3711 1281 sei-

2182 1311 2347 1386 licet,
2402 1309 2867 1380 committend0‚
2912 1315 2975 1370 et
3014 1307 3257 1388 aliquid
3298 1307 3595 1386 faciendo,
3629 1311 3707 1374 vel

2182 1404 2527 1467 omittendo
2553 1401 2785 1484 aliquid
2814 1402 3035 1464 facere.
3068 1401 3245 1463 Prior
3276 1400 3491 1464 modus
3524 1402 3709 1466 tacim-

2184 1515 2286 1558 me
2314 1494 2654 1577 explicatur
2666 1518 2685 1572 ;
2716 1501 3043 1576 praestatur
3074 1495 3247 1556 enim
3276 1493 3449 1556 favor
3475 1494 3564 1554 vel
3588 1513 3707 1558 con·

2182 1591 2345 1667 silio,
2375 1590 2474 1652 vel
2504 1587 2883 1665 testimonio,
2910 1594 2973 1650 et
3001 1587 3141 1650 aliis
3178 1586 3485 1648 similibus
3510 1589 3699 1666 verbis,

2182 1683 2279 1748 vel
2307 1683 2517 1760 rebus,
2556 1691 2629 1744 ut
2654 1681 2953 1764 pecuniis,
2992 1682 3207 1756 armis,
3250 1686 3409 1752 etc.;
3444 1681 3701 1763 quidquid

2184 1778 2349 1840 enim
2392 1776 2621 1843 horum
2662 1775 2773 1836 fiat
2826 1775 2907 1836 ad
2956 1773 3295 1836 favendum
3341 1772 3614 1836 hoeretico
3648 1776 3703 1837 in

2183 1889 2294 1930 suo
2322 1888 2552 1946 errore,
2578 1867 2678 1930 vel
2702 1867 2782 1930 ad
2810 1865 3273 1930 defendendum
3301 1865 3501 1948 ipsum
3525 1867 3596 1928 ab
3614 1869 3702 1928 Ec·

2182 1963 2381 2026 clesiae
2438 1962 2839 2036 correctione,
2895 1967 2991 2022 est
3028 1960 3345 2040 positivus,
3380 1959 3567 2036 favor,
3616 1961 3701 2040 qui

2184 2055 2389 2136 (quod
2437 2053 2785 2118 notandum
2834 2053 2960 2135 est)
3008 2055 3199 2114 etiam
3252 2053 3333 2114 ad
3386 2052 3703 2115 haereticum

2179 2150 2307 2230 jam
2350 2149 2712 2212 defunctum
2762 2146 2861 2209 vel
2892 2145 3299 2210 emendatum
3348 2145 3581 2208 extendi
3623 2165 3703 2226 po-

2180 2248 2330 2318 test3
2384 2241 2578 2322 priori
2622 2240 2791 2304 enim
2832 2241 3017 2302 modo
3064 2246 3158 2302 est
3196 2239 3405 2300 fautor
3448 2238 3703 2314 heretici,

2180 2335 2294 2416 qui
2339 2335 2603 2399 scienter
2651 2333 2867 2415 sepelit
2918 2333 3095 2394 illum
3136 2332 3209 2394 in
3256 2331 3391 2394 loco
3436 2350 3613 2408 sacro,
3648 2339 3703 2392 ut

2178 2428 2594 2490 communiter
2632 2428 2855 2490 docent
2888 2427 3207 2502 Doctores,
3256 2442 3411 2506 quos
3454 2424 3624 2486 refert
3654 2431 3703 2486 et

2180 2522 2458 2602 sequitur
2482 2520 2759 2596 Ugoliu„
2790 2519 2867 2580 de
2902 2519 3157 2582 Censur.
3209 2519 3387 2598 Papoe
3416 2525 3699 2592 reservat„

2178 2633 2311 2694 cap.
2343 2617 2400 2690 1,
2429 2613 2466 2694 ἓ
2493 2611 2810 2688 Fautores,
2834 2629 3009 2674 num.
3033 2612 3107 2672 18
3126 2633 3143 2684 ;
3164 2611 3471 2684 Farinae„
3504 2609 3573 2670 de
3588 2611 3701 2670 11ae-

2182 2707 2325 2782 resi,
2355 2711 2571 2787 quaest.
2608 2708 2746 2781 ⁴92,
2777 2723 2814 2766 a
2842 2722 3019 2765 num.
3060 2703 3160 2764 38.
3207 2702 3525 2764 Posteriori
3552 2703 3699 2762 modo

2183 2800 2302 2862 erit
2330 2799 2559 2875 fautor,
2589 2799 2700 2879 qui
2745 2797 2914 2860 favet
2944 2795 3187 2858 homini
3214 2797 3349 2876 jam
3388 2795 3703 2856 reconcilia-

2182 2900 2272 2970 to,
2302 2913 2383 2955 ne
2416 2899 2662 2975 propter
2685 2893 2970 2954 haeresim
2992 2907 3179 2970 quam
3214 2889 3385 2968 prius
3410 2888 3697 2964 commisit,

2181 2987 2344 3065 juste
2382 2988 2697 3066 puniatur,
2731 2987 2879 3065 quia
2906 2991 3057 3045 tunc
3090 3001 3311 3044 revera
3336 2981 3497 3044 favet
3526 2981 3609 3041 illi
3650 2986 3705 3042 nt

2183 3076 2495 3154 haeretico,
2545 3084 2613 3140 ut
2654 3078 2819 3140 idem
2860 3085 3074 3138 auctor
3113 3081 3311 3151 notat,
3362 3081 3423 3138 et
3466 3073 3704 3153 sequitur

2182 3171 2384 3234 Sanci.
2413 3190 2622 3253 supra.
2646 3170 2941 3234 Omissive
2958 3177 3174 3232 autem
3202 3173 3478 3230 censetur
3502 3167 3697 3242 favere,

2182 3265 2291 3344 qui
2326 3263 2561 3328 omittit
2585 3265 2788 3328 facere
2814 3265 2985 3345 quod
3012 3270 3283 3337 tenetur,
3316 3268 3387 3323 ut
3417 3260 3699 3324 liaereticus

2183 3359 2502 3440 puniatur,
2534 3359 2633 3422 vel
2658 3358 2737 3422 ab
2765 3375 2969 3420 errore
2995 3364 3209 3420 cesset.
3244 3359 3335 3418 lta
3365 3356 3568 3418 docent
3592 3372 3699 3414 om-

2184 3469 2316 3527 nes,
2345 3451 2529 3531 juxta
2578 3457 2763 3531 caput
2808 3453 3047 3522 Error,
3094 3451 3174 3512 83
3221 3448 3619 3522 distinctione,
3650 3451 3701 3506 et

2184 3551 2370 3626 caput
2402 3544 2521 3618 Qui
2545 3545 2722 3617 alios,
2752 3544 2829 3604 de
2854 3543 3193 3606 Haeretici&
3227 3542 3339 3604 Bic
3369 3547 3563 3602 autem
3593 3556 3696 3600 mo-

2184 3637 2300 3698 dus
2326 3637 2572 3698 favendi
2608 3636 2897 3716 supponit
2924 3634 3371 3714 obligationem
3412 3629 3691 3712 puniendi,

2184 3729 2280 3791 vel
2308 3729 2598 3805 similem,
2643 3729 2794 3810 quia
2846 3745 2970 3789 non
3031 3734 3122 3789 est
3172 3726 3423 3788 omissio
3466 3722 3695 3795 moralis,

2184 3823 2304 3884 nisi
2332 3823 2407 3883 de
2436 3822 2533 3884 his
2572 3841 2710 3902 quae
2742 3822 2943 3882 facere
2974 3826 3285 3882 tenemur.
3317 3820 3440 3882 Iino
3467 3831 3693 3878 necessa-

2186 3915 2279 3976 ria
2306 3921 2398 3978 est
2426 3915 2721 3993 obligatio
2750 3931 2889 3994 quae
2920 3913 3128 3993 aliquo
3155 3911 3340 3974 modo
3363 3910 3437 3972 sit
3458 3908 3689 3992 justitiae,

2187 4026 2295 4068 seu
2332 4027 2408 4070 ex
2442 4007 2641 4068 officio
2678 4005 3056 4088 impediendi
3098 4004 3200 4068 vel
3244 4002 3489 4066 tollendi
3531 4001 3690 4062 hoere-

2186 4120 2318 4177 ses;
2367 4103 2537 4162 etsie
2566 4102 2683 4162 erit
2711 4099 2919 4161 fautor
2944 4101 3148 4162 omnis
3178 4099 3453 4160 minister
3478 4092 3687 4173 Inquisi-

2187 4195 2373 4255 tionis
2406 4193 2699 4256 omittens
2754 4192 3104 4272 cooperari,
3137 4198 3325 4272 prout
3367 4193 3605 4258 tenetur,
3628 4200 3689 4242 ne

2184 4287 2514 4349 haereticus
2558 4287 2855 4366 puniatur
2893 4285 2993 4346 vel
3024 4285 3337 4366 capiatur;
3382 4284 3519 4344 item
3536 4277 3687 4357 judex

2186 4379 2496 4442 saecularis
2538 4398 2665 4440 non
2708 4379 2968 4458 puniens
3005 4377 3367 4440 haereticum
3400 4371 3507 4434 sibi
3541 4368 3688 4430 tradi-

2186 4480 2359 4550 tum,
2402 4479 2464 4535 et
2508 4474 2681 4535 testis
2718 4492 2843 4533 non
2891 4473 3207 4552 deponens
3249 4477 3455 4534 contra
3490 4463 3687 4528 hiel-eti-

2186 4585 2352 4644 cum,
2382 4585 2525 4628 cum
2554 4567 2719 4646 juste
2749 4569 3170 4642 interrogatur
3184 4580 3205 4642 3
3236 4572 3300 4626 et
3322 4560 3557 4644 quilibet
3587 4571 3687 4614 non

2186 4659 2602 4736 denuntians,
2658 4676 2799 4718 cum
2854 4657 3113 4736 jubetur
3166 4663 3231 4718 et
3277 4653 3579 4730 obligatur.
3620 4647 3684 4704 De

2186 4752 2408 4832 quibus
2436 4751 2723 4814 omnibus
2744 4749 2940 4812 videri
2971 4755 3227 4831 possunt
3248 4753 3509 4810 auctores
3538 4754 3685 4818 supra

2188 4846 2381 4920 citati,
2428 4851 2488 4906 et
2530 4843 2871 4925 praesertim
2905 4843 3211 4924 Zanquin,
3259 4840 3445 4920 capite
3472 4835 3677 4915 quinto;

2187 4948 2250 5004 et
2278 4941 2509 5016 Penne,
2558 4939 2831 5001 secunda
2856 4942 3054 5018 parte,
3084 4939 3471 4998 commentar.
3501 4933 3553 5001 2,
3573 4931 3623 4986 et
3650 4925 3680 4984 3

2186 5039 2383 5116 parte,
2413 5038 2743 5094 comment.
2761 5032 2870 5104 783
2897 5028 3202 5106 Fax-inae„
3222 5029 3376 5090 dicta
3394 5021 3681 5117 quaestione

2189 5129 2327 5201 182,
2354 5145 2393 5188 a
2415 5144 2675 5187 numero
2701 5126 2799 5188 15.

2267 5223 2329 5282 7.
2372 5221 2636 5283 Dubium
2656 5219 2949 5299 primm,
2984 5237 3067 5283 an
3093 5217 3270 5300 culpa
3291 5207 3676 5316 (automni-lact·

2180 5315 2361 5379 retici
2390 5315 2665 5396 requirat
2692 5301 2925 5377 intendi
2947 5317 3240 5390 savorem,
3263 5327 3338 5374 aa
3362 5305 3499 5370 satis
3522 5303 3593 5364 stt
3614 5295 3678 5357 zl-

2185 5409 2309 5472 lum
2334 5407 2681 5488 presidet-i.
2705 5438 2787 5452 —-
2812 5405 2941 5467 Duo
2969 5423 3116 5467 vero
3143 5405 3301 5466 circa
3340 5401 3440 5462 hos
3474 5408 3669 5462 omnes,

2188 5519 2341 5582 quos
2368 5499 2684 5563 fautorum
2722 5498 2976 5561 nomine
3020 5491 3571 5580 comprehendimus,
3592 5499 3671 5542 su·
