3900 6217
597 334 716 393 732

597 438 803 514 debet,
841 444 912 498 ut
947 435 1000 497 si
1039 441 1307 498 tentaret
1333 442 1526 498 totam
1555 438 1884 500 Ecclesiam
1911 457 2157 500 excom-

1751 335 1988 389 mSPU‘r.
2023 337 2131 389 ΧΠ.
2171 335 2249 388 DE*
2282 335 2642 390 senissima.

2238 440 2491 503 solliciti
2525 457 2764 502 servare
2798 439 3095 502 unitatem
3145 435 3397 520 spiritus
3438 441 3509 502 in
3554 443 3749 508 vinculo

598 534 936 606 municare,
977 536 1086 592 aut
1129 531 1179 590 si
1229 531 1414 593 vellet
1466 549 1681 592 omnes
1723 533 2158 593 ecclesiasticas
2230 535 2427 611 pacis,
2465 541 2608 608 etc„
2638 539 2699 595 et
2734 537 2759 593 1
2798 533 2933 592 Cor.
2967 533 3043 592 12
3080 550 3092 590 :
3140 531 3287 593 Non
3311 533 3390 594 sit
3429 533 3673 597 schisma
3704 540 3751 599 in

599 625 997 686 caeremonias
1065 622 1398 702 apostolica
1467 625 1800 685 traditione
1881 625 2157 685 firmatas

597 724 899 791 evertere,
932 717 1094 796 quod
1125 718 1364 777 notavit
1386 717 1733 796 CaJetanus,
1765 720 1824 778 ἓ.
1853 719 1915 791 2,
1941 735 2003 796 q.
2038 719 2116 780 39
2133 733 2153 793 3

598 818 659 872 et
702 813 1086 871 Turi-eorem.
1137 809 1344 884 latiuS,
1399 810 1440 869 l.
1493 812 1564 884 4,
1607 829 1661 870 c.
1721 814 1818 871 11.
1874 811 1970 870 An
2012 827 2161 870 vero

597 902 968 964 schismatici
995 921 1121 962 non
1151 902 1421 962 haeretici
1447 903 1692 963 dicendi
1730 905 1853 963 sint
1880 903 2163 964 membra

598 998 918 1072 Ecclesiae‚
964 1015 1076 1057 suo
1119 997 1254 1058 loco
1287 997 1520 1057 dictum
1571 1005 1680 1060 est.
1722 997 1906 1074 (Vide
1949 1004 2162 1058 aucto-

597 1109 755 1167 rem,
787 1097 866 1151 tr.
899 1091 974 1151 de
1006 1091 1178 1167 Fide,
1211 1091 1371 1170 disp.
1403 1095 1465 1167 9,
1496 1097 1642 1152 sect.
1677 1096 1736 1166 1,
1764 1112 1801 1153 a
1830 1112 1895 1153 n.
1930 1094 2075 1170 13.)

677 1189 736 1246 3.
783 1183 1090 1266 Ανρτιίιτιν
1131 1203 1243 1264 pro
1286 1192 1468 1266 parte
1511 1188 1792 1266 myctica
1829 1189 2057 1268 primo.
2082 1223 2159 1232 —

603 1279 826 1344 Contra
875 1281 956 1341 D.
1006 1280 1248 1342 Thomoe
1285 1281 1726 1360 responsionem
1753 1282 2049 1346 instatur.
2080 1315 2161 1328 —

595 1371 901 1454 Arquicur
958 1375 1228 1435 secundo.
1260 1406 1342 1419 --
1364 1373 1724 1452 Replicatur
1775 1379 1985 1436 contra
2038 1393 2162 1437 res-

589 1483 850 1547 ponsum
897 1464 1456 1544 Occidunt—hm
1488 1467 1682 1545 igitur
1729 1468 1816 1526 sic
1859 1466 2163 1546 explicato

597 1559 942 1631 schismate,
991 1564 1227 1618 constat
1267 1577 1378 1639 per
1419 1577 1482 1620 se
1527 1577 1654 1620 esse
1696 1560 1846 1639 quid
1897 1561 2158 1634 malum,

597 1656 658 1712 et
708 1670 745 1711 a
791 1653 916 1711 Deo
966 1651 1384 1730 prohibitum;
1441 1658 1716 1730 superest
1753 1670 2156 1732 exponamuS,

595 1761 781 1824 quam
813 1743 1112 1803 malitiam
1139 1742 1385 1820 habeat,
1407 1751 1567 1806 etan
1591 1744 1916 1822 specialem
1945 1751 2161 1805 contra

597 1837 980 1897 charitatem.
1011 1838 1190 1898 Ratio
1217 1837 1545 1898 dubitandi
1570 1844 1687 1911 est,
1713 1839 1997 1917 quiahoc
2018 1857 2159 1918 pec-

595 1937 826 2000 catum,
879 1929 929 1988 si
975 1930 1054 1989 sit
1109 1947 1220 2008 per
1259 1929 1704 1991 dissensionem
1744 1949 1780 1991 a
1825 1932 2047 2010 capite,
2088 1932 2158 1993 fit

595 2041 709 2104 per
735 2021 1215 2082 inobedientiam
1236 2044 1252 2097 3
1292 2022 1342 2082 sl
1378 2041 1486 2101 per
1525 2023 1890 2084 divisionem
1939 2043 1979 2084 a
2026 2043 2156 2085 cor-

593 2133 766 2197 pore,
790 2115 861 2175 fit
888 2115 987 2176 vel
1015 2133 1123 2194 per
1148 2115 1468 2193 injuriam,
1501 2115 1596 2175 vel
1637 2135 1744 2194 per
1775 2117 2157 2196 superstitio-

596 2228 735 2270 sum
761 2209 997 2269 cultum
1024 2208 1340 2287 religionis
1353 2231 1371 2283 3
1403 2226 1551 2287 ergo
1575 2209 1709 2270 hoec
1735 2209 1974 2269 malitia
1998 2227 2155 2270 sem-

595 2320 706 2383 per
731 2303 852 2362 erit
877 2306 1092 2361 contra
1114 2301 1553 2376 obedientiam,
1577 2300 1676 2362 vel
1697 2301 1848 2361 alias
1871 2303 2150 2377 virtutes,

594 2416 720 2459 non
762 2396 1105 2478 specialiter
1141 2402 1354 2457 contra
1385 2397 1771 2457 charitatem.
1813 2397 1934 2456 Nec
1984 2399 2156 2457 satis-

593 2491 740 2552 facit
764 2490 925 2570 quod
963 2491 1033 2550 D.
1059 2489 1326 2550 Thomas
1353 2490 1701 2568 respondet,
1733 2487 1999 2550 schisma
2026 2509 2154 2551 non

595 2601 723 2646 esse
774 2601 1228 2663 quamcumque
1287 2583 1807 2659 inobedientiam,
1861 2583 1967 2643 sed
2010 2601 2153 2643 cum

593 2677 1014 2749 contumacia3
1063 2694 1208 2736 nam
1253 2677 1370 2736 hoc
1419 2694 1542 2736 non
1593 2678 1792 2736 variat
1821 2678 1887 2736 in
1932 2677 2153 2737 eadem

593 2771 853 2844 malitia,
885 2771 990 2831 sed
1029 2771 1286 2831 fortasse
1311 2776 1498 2849 auget
1531 2769 1596 2829 in
1622 2769 1837 2831 eadem
1867 2771 2055 2850 speie,
2084 2777 2153 2830 ut

591 2871 760 2945 patet
799 2865 866 2923 in
907 2881 979 2924 eo
1011 2862 1116 2942 qui
1157 2862 1499 2922 formaliter
1539 2880 1666 2923 non
1715 2863 1850 2923 vult
1875 2863 2145 2924 obedire.

591 2959 745 3018 Item
796 2957 944 3036 quia
984 2957 1050 3016 in
1079 2955 1616 3016 excommunicato
1661 2961 1753 3016 est
1792 2957 2151 3016 inobedien-

589 3052 676 3111 tia
704 3069 843 3112 cum
882 3039 1292 3123 contumacia,
1326 3053 1388 3108 et
1429 3053 1639 3109 tamen
1686 3066 1812 3108 non
1839 3055 1932 3109 est
1960 3049 2151 3109 schis-

589 3146 872 3206 maticus.
927 3143 1206 3220 Augetur
1264 3143 1534 3201 secundo
1583 3141 1908 3202 difficultas
1932 3187 1951 3216 ,
2001 3144 2151 3221 quia

587 3244 787 3318 potest
821 3238 960 3316 quis
982 3253 1108 3296 non
1133 3253 1264 3295 esse
1289 3235 1588 3296 charitate
1618 3236 1983 3314 conjunctus
2006 3255 2148 3297 cum

590 3332 726 3391 aliis
749 3329 1027 3390 Ecclesiae
1069 3327 1385 3403 membris,
1427 3333 1491 3388 et
1525 3346 1651 3388 non
1689 3347 1816 3389 esse
1857 3329 2154 3390 schisma-

586 3429 780 3497 ticus;
827 3439 976 3501 ergo
1021 3421 1285 3482 schisma
1327 3439 1454 3480 non
1489 3422 1825 3500 opponitur
1859 3423 2151 3500 conjunc·

591 3517 745 3577 tioni
787 3533 974 3595 quam
1004 3513 1188 3575 efficit
1217 3514 1486 3574 charitas
1503 3533 1523 3593 3
1554 3532 1702 3594 ergo
1731 3533 1858 3574 non
1891 3521 1983 3575 est
2008 3531 2148 3594 pec-

589 3615 794 3670 catum
841 3607 1101 3687 speciale
1146 3607 1497 3686 oppositum
1543 3607 1849 3668 charitati.
1874 3607 2147 3687 Respon-

585 3703 691 3763 det
739 3701 1064 3780 Cajetanus
1101 3717 1230 3760 esse
1277 3699 1564 3760 effectum
1615 3700 1928 3760 charitatis
1975 3700 2147 3760 illam

585 3793 1124 3873 conjunctionem3
1151 3798 1364 3853 tamen
1412 3809 1583 3872 posse
1634 3811 1762 3854 esse
1813 3793 2147 3854 informem

586 3887 948 3967 aliquand03
978 3886 1085 3947 sed
1103 3885 1220 3947 hoc
1247 3884 1436 3947 habet
1463 3887 1668 3946 locum
1691 3888 1760 3947 in
1788 3887 2009 3948 effectu
2032 3887 2149 3948 im·

585 3987 798 4061 perato
834 3997 872 4041 a
908 3979 1229 4054 charitate,
1274 3985 1344 4040 ut
1375 3986 1493 4055 est,
1531 3979 1705 4042 verbi
1737 3983 1960 4060 gratia,
1993 3982 2149 4043 elee-

581 4091 872 4154 mosyna,
915 4073 982 4134 in
1019 4091 1144 4153 qua
1186 4073 1512 4151 Cajetanus
1553 4074 1732 4153 ponit
1761 4073 2139 4154 exemplum,

583 4185 713 4228 non
739 4185 886 4229 vero
921 4167 988 4227 in
1016 4165 1254 4240 elicit03
1288 4183 1436 4244 ergo
1479 4166 1582 4226 hic
1611 4166 1862 4228 effectus
1903 4183 2029 4227 non
2056 4172 2147 4226 est

583 4261 847 4336 elicitus,
895 4277 1007 4320 nec
1062 4259 1338 4320 tormalis
1367 4257 1704 4335 chax-initis,
1754 4259 1860 4321 sed
1890 4259 2145 4320 alterius

581 4354 828 4414 virtutis
844 4367 866 4429 ;
898 4359 1085 4432 atque
1111 4351 1268 4413 adeo
1315 4350 1580 4412 schisma
1625 4351 1983 4412 immediate
2023 4352 2145 4412 ori-

583 4453 689 4507 tur
731 4452 949 4507 contra
981 4445 1179 4520 illam,
1223 4449 1286 4505 et
1331 4463 1457 4504 non
1505 4450 1718 4504 eontra
1751 4443 2139 4506 charitatem.

583 4539 1047 4601 Advertendum
1071 4543 1164 4598 est
1197 4537 1525 4617 dupliciter
1548 4554 1723 4616 posse
1758 4537 2029 4618 aliquem
2056 4537 2145 4597 sa-

584 4651 721 4694 cere
765 4632 1055 4693 schisma.
1089 4632 1224 4693 Uno
1253 4631 1438 4692 modo
1485 4631 1715 4692 directe
1765 4631 2145 4691 intendendo

584 4725 952 4786 divisionem
1002 4723 1322 4802 Ecclesiae3
1367 4725 1634 4785 secundo
1657 4769 1674 4799 ,
1722 4723 1922 4784 solum
1970 4723 2144 4802 quasi

584 4818 908 4894 indirecte,
940 4816 1336 4892 intendendo,
1392 4817 1564 4878 verbi
1596 4817 1816 4896 gratia,
1858 4816 2143 4876 domina-

584 4919 738 4987 tum,
783 4916 1164 4990 potestatem,
1191 4916 1254 4970 et
1279 4909 1526 4972 similia.

664 5006 722 5065 4.
768 5003 988 5066 Prima
1016 5003 1314 5067 conclusio
1347 5005 1415 5064 dc
1445 5005 1770 5068 schismate
1793 5005 2019 5067 directe
2046 5004 2142 5065 in-

585 5102 769 5162 tente.
789 5129 871 5144 —
913 5098 1060 5158 Dico
1101 5097 1305 5177 primo
1337 5117 1351 5157 ε
1387 5097 1438 5156 si
1479 5097 1744 5157 schisma
1784 5098 1864 5157 sit
1915 5116 2027 5177 per
2076 5115 2141 5158 se

582 5191 811 5252 directe
865 5191 1214 5268 intentum,
1285 5196 1378 5251 est
1429 5199 1746 5270 peccatum
1799 5192 2142 5270 specialiter

581 5283 870 5345 charitati
887 5283 1286 5344 contrarium.
1312 5283 1404 5342 lta
1423 5283 1604 5343 divus
1621 5283 1911 5358 Thomas,
1927 5291 2142 5363 quaest.

586 5378 683 5448 39,
717 5383 835 5437 art.
871 5382 930 5450 1,
959 5385 1020 5438 et
1049 5377 1320 5437 sumitur
1356 5393 1430 5438 ex
1484 5376 1692 5451 Paulo,
1726 5376 1802 5435 ad
1852 5377 2145 5456 Ephesios

581 5475 804 5548 quarto
843 5485 860 5530 τ
895 5469 1344 5551 Supponunt„
1383 5469 1637 5532 invicem
1681 5485 1757 5533 etc
1818 5471 2139 5548 charitate,

2238 641 2497 706 corpore,
2530 633 2672 701 etc„
2704 625 2865 686 etad
2900 624 3128 685 Coloss.
3160 626 3199 684 2
3236 641 3253 683 ε
3286 626 3557 703 Inflatus
3580 645 3751 693 sensus

2245 717 2449 781 carnis
2482 737 2630 794 suoe,
2656 723 2715 782 et
2752 735 2870 779 non
2900 724 3102 780 tenens
3138 723 3340 797 caput,
3370 735 3447 778 ea.-
3472 737 3579 798 quo
3604 725 3752 784 tolum

2246 829 2487 893 corpus,
2514 831 2625 892 per
2666 830 2854 874 nexus
2900 817 2955 874 et
2990 810 3435 890 conjunctiones
3480 813 3751 877 stcbmmis-

2243 908 2498 980 tratum‚
2526 911 2586 968 et
2610 909 3042 979 constructum,
3076 905 3289 966 crescit
3327 903 3390 964 in
3418 915 3753 986 auymentum

2240 997 2393 1070 ,Βαζ-
2420 1004 2485 1059 et
2520 1017 2597 1058 ex
2638 999 3009 1078 Augustin,
3039 995 3199 1056 libro
3242 997 3319 1058 de
3348 997 3497 1057 Fide
3524 1003 3584 1057 et
3625 1015 3755 1076 sym·

2240 1091 2423 1165 bole,
2482 1093 2684 1170 capite
2732 1091 2969 1151 decimo
3012 1111 3029 1148 z
3081 1089 3523 1161 Schismatici‚
3568 1091 3749 1169 inquit,

2242 1180 2697 1246 discissionibus
2763 1183 2993 1264 iniquis
3058 1201 3097 1244 a
3148 1186 3429 1258 fraterna
3504 1183 3755 1250 charitate

2242 1277 2581 1352 dissiliunt,
2614 1282 2728 1337 etc.
2764 1277 2943 1336 Ratio
2990 1282 3102 1350 est,
3132 1293 3277 1334 nam
3322 1275 3447 1336 tale
3484 1285 3755 1354 peccatum

2243 1376 2335 1430 est
2358 1369 2585 1430 directe
2616 1376 2830 1430 contra
2856 1369 3239 1429 honestatem
3270 1368 3605 1428 charitatis.
3634 1371 3753 1430 Nam

2242 1461 2387 1522 licet
2440 1463 2547 1524 illa
2620 1463 2907 1523 voluntas
2950 1463 3138 1541 possit
3182 1479 3255 1521 ex
3318 1461 3511 1520 variis
3552 1464 3753 1522 motivis

2240 1555 2593 1635 procedere,
2640 1561 2709 1615 ut
2760 1574 2837 1616 ex
2887 1555 3145 1629 invidia,
3198 1554 3296 1616 vel
3358 1554 3538 1628 odio,
3584 1561 3753 1614 tamen

2242 1648 2360 1708 hoc
2408 1655 2499 1708 est
2549 1655 2783 1710 remote
2824 1656 2889 1709 et
2936 1650 3308 1726 extrinsece3
3360 1651 3635 1726 proxime
3676 1667 3753 1708 ve-

2238 1759 2310 1801 ro
2366 1749 2428 1803 et
2463 1743 2791 1803 intrinsece
2846 1742 3034 1818 habet
3090 1742 3391 1802 malitiam
3422 1741 3753 1800 contrariam

2238 1835 2351 1896 fini
2392 1843 2454 1898 et
2504 1837 2751 1898 effectui
2802 1837 3150 1910 charitatis;
3201 1835 3367 1915 quod
3420 1835 3509 1894 ita
3573 1835 3754 1894 confir-

2238 1949 2343 1991 mo
2387 1937 2449 1991 et
2500 1931 2760 2010 explico,
2806 1949 2951 1992 nam
2993 1934 3199 1991 unitas
3248 1929 3534 1990 Ecclesiae
3579 1945 3754 1988 revera

2238 2029 2332 2084 est
2357 2025 2506 2102 quid
2548 2024 3037 2104 supernaturale,
3082 2041 3207 2084 uon
3262 2029 3510 2082 tantum
3556 2021 3625 2081 ad
3656 2041 3756 2082 cre-

2238 2117 2536 2194 dendum,
2568 2117 2674 2178 sed
2700 2119 2888 2180 etiam
2915 2119 2994 2178 ad
3043 2117 3409 2191 amandum,
3442 2121 3506 2176 et
3540 2116 3755 2175 efficat-i-

2236 2217 2353 2285 ter,
2384 2212 2549 2290 quod
2591 2211 2658 2271 in
2704 2229 2803 2271 me
2844 2217 2957 2285 est,
3006 2209 3401 2285 faciendum3
3432 2209 3592 2270 unde
3631 2209 3755 2268 velle

2234 2303 2527 2384 perfecte,
2558 2310 2621 2364 et
2640 2303 2970 2364 efficaciter
2994 2310 3203 2364 tenere
3223 2302 3557 2382 perfectam
3588 2300 3755 2360 Eccle-

2236 2400 2341 2457 siae
2372 2399 2701 2472 unitatem,
2722 2403 2784 2457 et
2811 2415 2937 2457 esse
2966 2413 3108 2457 cum
3148 2415 3221 2458 ea
3262 2398 3677 2474 conjunctum,
3704 2403 3753 2453 ut

2236 2488 2587 2550 membrum
2626 2507 2769 2549 cum
2816 2507 3065 2569 corpore
3096 2508 3227 2566 suo,
3266 2495 3443 2550 aetus
3471 2495 3561 2548 est
3584 2505 3755 2566 super·

2236 2584 2559 2656 naturalis,
2587 2584 2638 2642 si
2661 2582 2731 2642 fit
2756 2590 2823 2642 ut
2857 2589 3118 2662 oportet,
3148 2589 3208 2643 et
3246 2582 3595 2656 eharitatis;
3624 2580 3752 2640 unde

2235 2676 2311 2736 ad
2341 2676 2563 2756 Ephes.
2606 2679 2646 2736 4
2674 2676 2971 2736 tribuitur
2990 2675 3246 2754 Spiritui
3287 2675 3556 2735 Sancto:
3595 2672 3752 2736 Solii-

2234 2770 2343 2831 citi
2370 2787 2613 2834 servare
2640 2770 2931 2832 unitatem
2950 2769 3207 2848 spiritus
3230 2769 3297 2828 in
3330 2767 3570 2830 vinculo
3586 2766 3749 2846 pacis,-

2232 2862 2341 2922 ubi
2378 2862 2587 2922 Glossa
2611 2888 2633 2922 .·
2664 2863 2749 2924 Id
2798 2868 2905 2934 cst,
2960 2863 3255 2925 unitatem
3300 2861 3746 2931 ecclesiasticam,

2232 2973 2417 3036 quam
2462 2960 2671 3018 causat
2719 2953 3007 3036 Spiritus
3034 2954 3327 3017 Sanctus.
3366 2952 3537 3013 Unde
3572 2950 3749 3011 Paulus

2233 3048 2441 3108 subdit
2474 3063 2489 3107 ε
2535 3049 2733 3112 Unum
2759 3065 2994 3126 corpus,
3026 3065 3185 3109 unus
3206 3044 3503 3127 spiritus;
3534 3051 3590 3104 et
3618 3044 3749 3102 idem

2232 3141 2541 3220 colligitur
2568 3159 2645 3201 ex
2676 3144 2701 3200 1
2755 3140 2834 3200 ad
2872 3139 3145 3200 Corinth.
3191 3141 3288 3200 12.
3322 3139 3555 3199 Verum
3582 3141 3661 3197 est
3688 3135 3749 3195 si·

2232 3236 2443 3295 milem
2472 3233 2855 3294 voluntatem
2880 3251 3055 3313 posse
3085 3233 3208 3294 alia
3226 3232 3469 3292 ratione
3486 3231 3749 3309 pertinere

2232 3328 2309 3388 ad
2354 3327 2504 3387 alias
2530 3328 2812 3404 virtuteS,
2838 3341 2909 3386 ut
2934 3325 3091 3387 velle
3132 3333 3343 3386 tenere
3378 3325 3665 3384 unitatem
3692 3320 3749 3380 fi-

2231 3419 2331 3481 dei
2356 3439 2493 3480 cum
2525 3419 2813 3480 omnibus
2837 3418 3120 3480 Ecclesiae
3140 3415 3458 3492 membriS,
3484 3417 3559 3477 ad
3598 3415 3747 3476 sidem

2228 3521 2459 3593 spectat
2476 3536 2495 3590 3
2520 3515 2675 3574 velle
2712 3531 2840 3574 esse
2892 3513 3289 3590 conjunctum
3340 3529 3485 3571 cum
3532 3511 3747 3570 Summo

2231 3609 2550 3683 pontifice,
2576 3615 2874 3687 tanquam
2916 3606 3231 3666 subditum
3277 3622 3424 3666 cum
3450 3603 3743 3683 superiore,

2228 3708 2324 3763 est
2340 3702 2583 3762 virtutis
2601 3700 2967 3762 obedientiae
2984 3721 3001 3774 ;
3033 3698 3189 3759 velle
3204 3705 3418 3759 autem
3432 3694 3685 3759 absolute
3700 3698 3747 3752 et

2229 3795 2589 3874 simpliciter
2632 3810 2875 3854 servare
2926 3790 3409 3854 ecclesiasticam
3457 3806 3671 3870 pacem,
3696 3792 3746 3846 et

2230 3887 2611 3967 spiritualem
2666 3885 3091 3948 membrorum
3136 3883 3647 3963 conjunctionem,
3672 3885 3745 3939 est

2224 3983 2559 4042 intrinsece
2616 3997 2842 4042 munus
2890 3979 3207 4041 charitatis
3270 3993 3285 4038 z
3340 3977 3491 4058 quia
3538 3973 3744 4037 virtutis

2229 4075 2517 4136 amicitiae
2545 4080 2637 4134 est
2678 4073 2838 4134 velle
2878 4089 3237 4134 conservare
3277 4068 3743 4131 communicatio-

2227 4187 2372 4230 nem
2428 4173 2490 4230 et
2518 4168 3017 4247 conjunctionem
3048 4165 3323 4228 debitam
3350 4183 3489 4225 cum
3518 4161 3738 4229 amicis;

2224 4262 2495 4323 charitas
2514 4267 2723 4322 autem
2758 4265 2848 4321 est
2870 4259 3143 4320 amicitia
3168 4257 3519 4339 spiritualis.
3548 4257 3627 4316 Ex
3644 4267 3742 4331 quo

2220 4355 2477 4415 tandem
2502 4353 2575 4414 fit
2594 4353 2960 4415 charitatem
2986 4353 3182 4432 ipsam
3240 4367 3352 4431 per
3400 4367 3465 4410 se
3500 4347 3737 4425 obligare

2225 4447 2301 4508 ad
2354 4465 2494 4508 eam
2534 4447 2916 4508 voluntatem
2964 4449 3026 4505 et
3066 4444 3587 4523 conjunctionem,
3622 4439 3741 4518 qaia

2226 4558 2353 4601 non
2386 4541 2587 4601 solum
2616 4545 2708 4600 est
2744 4540 2928 4613 bona,
2962 4537 3067 4598 sed
3102 4537 3371 4614 maxime
3414 4531 3737 4604 necessaria,

2226 4634 2402 4712 cujus
2449 4633 2827 4694 contrarium
2875 4631 3149 4692 maxima
3180 4627 3567 4689 incommoda
3592 4623 3741 4685 affert

2223 4726 2503 4787 Ecclesiae
2528 4747 2545 4801 3
2578 4742 2724 4804 ergo
2749 4723 2927 4798 velle,
2952 4723 3258 4802 praecipue
3284 4722 3529 4792 directe,
3560 4717 3739 4777 tollere

2223 4818 2303 4879 ab
2330 4819 2600 4879 Ecclesia
2627 4820 2810 4878 istam
2838 4815 3337 4894 conjunctionem
3361 4819 3425 4873 et
3446 4811 3737 4879 unitatem,

2224 4921 2315 4973 est
2342 4913 2572 4972 directe
2596 4917 2812 4972 contra
2855 4909 3237 4989 charitatem.

2303 5007 2361 5066 5.
2399 5004 2709 5079 Schmun,
2728 5003 2825 5066 vd
2847 5004 2915 5065 in
2937 5005 3167 5083 affectu
3188 5005 3445 5073 tantum,
3476 4996 3563 5060 cel
3582 4996 3736 5056 etiam

2220 5099 2289 5161 in
2314 5099 2549 5179 effectu.
2580 5131 2660 5144 --
2690 5098 2805 5159 Sed
2857 5095 3306 5158 advertendum
3352 5098 3443 5154 est
3491 5087 3731 5157 ulterius,

2227 5189 2554 5270 dupliciter
2580 5207 2757 5270 posse
2781 5190 3050 5269 aliquem
3075 5186 3231 5248 velle
3269 5186 3425 5247 hane
3452 5185 3631 5263 ipsam
3654 5177 3736 5236 di-

2228 5284 2553 5358 visionem,
2608 5281 2708 5344 vel
2760 5282 2933 5361 quasi
2974 5280 3274 5354 affective,
3308 5284 3547 5338 tantum
3592 5271 3733 5332 illam

2224 5376 2654 5451 desiderando,
2694 5376 2789 5436 vel
2824 5374 3124 5448 effective,
3150 5373 3351 5452 reipsa
3388 5362 3729 5446 exequendo.

2222 5469 2352 5530 Hoc
2378 5468 2715 5530 secundum
2748 5469 2881 5529 sine
2912 5465 3100 5528 dubio
3126 5471 3219 5526 est
3270 5464 3433 5545 quod
3456 5455 3733 5523 constituit
