3900 6217
457 237 574 297 522

457 343 524 402 in
555 341 803 416 Direct.,
849 342 886 403 3
932 350 1122 422 part.,
1151 360 1328 407 num.
1358 346 1438 408 68
1454 362 1476 423 3
1515 352 1722 407 noster
1747 347 2021 424 Aldrete,

455 434 564 495 lib.
596 438 621 493 1
653 436 728 495 de
754 434 1064 513 Religiosa
1091 436 1418 517 disciplina
1446 438 1700 514 tuenda,
1733 459 1865 519 cap.
1895 442 1934 499 4
1960 445 2023 500 et

458 530 538 593 50
556 544 576 606 ;
620 531 998 605 FarinaciuS‚
1031 536 1210 593 tract.
1256 532 1334 594 de
1363 534 1617 607 Haere8.,
1669 542 1885 614 quaest.
1915 537 2018 610 85,

455 620 494 701 ξ
515 624 574 693 5,
601 640 638 683 a
666 639 838 681 num.
878 622 981 697 64,
1013 642 1086 683 ex
1116 625 1341 703 quibus
1379 627 1670 689 omnibus
1706 628 1794 689 ita
1821 633 2023 707 potest

457 711 718 775 describi
740 713 1051 791 judicialis
1099 718 1486 779 denuntiatio
1513 766 1530 793 ‚
1587 737 1728 800 quae
1779 720 1858 780 ad
1907 738 2021 781 nos

457 807 746 887 pertinet,
782 807 1032 885 scilicet,
1079 811 1297 874 delatio
1327 812 1606 877 criminis
1649 814 1816 895 apud
1845 813 2021 893 judi-

457 918 580 963 cem
610 906 1048 981 competentem,
1077 908 1148 967 ut
1181 922 1254 967 ese
1278 924 1520 969 munere
1549 926 1657 971 suo
1687 908 1772 969 ad
1793 908 2024 971 vindic·

457 998 583 1057 tam
605 993 812 1057 delicti
833 998 1141 1075 procedat.

533 1088 595 1146 ⁴.
639 1086 817 1150 Certa
848 1090 1196 1170 suppositio,
1227 1094 1734 1158 denuntiationem
1778 1096 2027 1158 hoeresis

457 1179 766 1245 honestam
805 1198 952 1245 esse.
986 1216 1068 1231 -
1093 1184 1356 1248 Dubium
1389 1205 1472 1251 au
1516 1187 1602 1249 eit
1635 1187 2017 1268 oblipatoria.

453 1302 536 1319 -
563 1273 647 1335 De
689 1272 804 1335 hac
848 1274 1043 1353 igitur
1099 1277 1569 1342 denuntiatione
1613 1280 1692 1341 ad
1730 1281 2021 1342 haeresim

454 1365 778 1445 applicata,
813 1369 1285 1447 supponendum
1311 1378 1402 1433 est
1426 1372 1504 1435 de
1531 1392 1596 1434 se
1626 1372 1864 1435 licitam
1890 1390 2022 1435 esse

453 1466 516 1521 et
534 1458 878 1521 honestam.
913 1461 1234 1540 Probatur,
1263 1464 1410 1543 quia
1443 1484 1519 1527 ex
1550 1466 1790 1545 objecto
1813 1468 2021 1545 proxi-

456 1569 562 1613 mo
587 1570 714 1613 non
746 1552 934 1615 habet
968 1555 1160 1618 ullam
1192 1558 1518 1633 malitiam,
1551 1560 1698 1638 quia
1727 1560 2021 1620 manifes-

451 1650 586 1707 tare
611 1646 904 1707 delictum
934 1648 1144 1710 fratris
1183 1651 1511 1729 superiori,
1557 1671 1668 1732 per
1695 1671 1759 1713 se
1785 1651 2021 1715 malum

454 1758 582 1803 non
611 1747 721 1817 est,
751 1742 897 1821 quia
931 1762 1132 1823 neque
1175 1751 1268 1807 est
1293 1753 1510 1807 contra
1529 1747 1862 1825 jiistitiam,
1909 1766 2019 1809 ne-

451 1852 570 1913 que
605 1841 816 1896 contra
850 1836 1236 1913 charitatem,
1277 1847 1348 1899 ut
1385 1858 1494 1919 per
1529 1859 1593 1901 se
1621 1840 1858 1901 clarum
1898 1848 2011 1903 est.

450 1926 716 1989 Aliunde
744 1946 892 1991 vero
919 1929 1060 1991 talis
1089 1930 1476 1993 denuntiatio
1503 1938 1704 2011 potest
1727 1950 1855 1994 esse
1885 1934 2016 1994 val-

449 2020 526 2083 de
545 2022 735 2098 utilis,
767 2022 866 2085 vel
897 2024 1086 2085 etiam
1114 2026 1453 2087 necessaria
1473 2026 1552 2087 ad
1579 2026 1814 2087 bonnm
1843 2046 2018 2087 com-

448 2134 662 2190 mune,
687 2116 786 2179 vel
805 2118 1221 2182 defensionem
1241 2121 1668 2197 innocentum,
1691 2121 1790 2183 vel
1819 2122 2015 2184 alium

450 2208 716 2271 similem
751 2209 941 2271 finem
957 2226 979 2287 3
1011 2228 1158 2290 ergo
1189 2214 1306 2273 erit
1351 2221 1500 2275 tunc
1533 2215 1694 2275 actio
1730 2213 2014 2291 honesta,

449 2302 666 2365 saltem
695 2320 772 2365 ex
799 2303 950 2375 fine;
977 2309 1039 2365 et
1055 2310 1256 2384 potest
1279 2304 1417 2367 fieri
1439 2324 1580 2368 cum
1607 2306 1814 2367 debito
1831 2306 2017 2367 modo

449 2401 514 2457 et
533 2396 1033 2473 circumstantiis,
1053 2403 1124 2458 ut
1145 2416 1256 2478 per
1271 2416 1334 2461 se
1353 2406 1625 2477 constat3
1650 2416 1798 2478 ergo
1813 2401 2017 2461 maxi-

448 2506 550 2550 me
579 2489 644 2549 iu
667 2488 926 2551 crimine
952 2489 1206 2553 haeresis
1235 2491 1374 2552 talis
1401 2493 1562 2553 actio
1581 2492 1843 2555 honesta
1869 2493 2013 2567 erit,

447 2582 595 2661 quia
631 2582 976 2644 remedium
1005 2590 1219 2645 contra
1255 2585 1494 2647 crimen
1533 2585 1784 2646 haeresis
1821 2586 2016 2645 maxi·

447 2693 550 2737 me
577 2676 906 2737 honestum
945 2683 1066 2739 est:
1109 2676 1436 2739 difficultas
1457 2697 1604 2739 vero
1627 2684 1741 2754 est,
1774 2696 1855 2739 an
1877 2678 2018 2749 haec

447 2769 833 2831 denuntiatio
861 2768 976 2831 suh
1015 2768 1458 2849 obligationem
1491 2770 1694 2847 cadat,
1717 2777 1781 2832 et
1821 2790 2019 2851 quan-

447 2860 551 2933 do,
574 2880 646 2923 ac
668 2863 999 2941 quomodo.
1027 2864 1144 2923 Pro
1172 2863 1268 2942 cuj
1280 2882 1350 2924 us
1373 2864 1780 2943 explicatione
1801 2863 2020 2924 distin-

448 2954 767 3033 guendum
803 2960 893 3015 est
919 2955 1083 3015 inter
1118 2955 1432 3033 publicum
1463 2963 1526 3017 et
1553 2956 1864 3017 occultum
1887 2955 2020 3017 hae-

445 3046 599 3107 resis
630 3046 889 3122 crimen,
937 3064 1076 3127 quae
1115 3048 1241 3108 duo
1273 3049 1444 3111 varie
1471 3049 1772 3127 distingui
1811 3055 1875 3110 et
1913 3067 2021 3109 ex·

447 3138 661 3216 plicari
695 3138 894 3199 solent
932 3155 970 3200 a
999 3139 1399 3219 jurisperitis,
1431 3147 1504 3201 ut
1544 3142 1754 3202 videre
1781 3141 1924 3203 licet
1950 3144 2017 3204 in

447 3231 861 3303 Turrem-em„
887 3233 955 3293 in
985 3233 1148 3299 dicto
1190 3252 1325 3314 cap.
1370 3232 1454 3299 Si
1468 3236 1833 3317 peccaverit,
1863 3240 1926 3311 2,
1954 3255 2017 3316 q.

449 3328 509 3400 1,
540 3343 718 3387 num.
747 3328 862 3404 233
890 3327 1205 3402 Furinae„
1229 3335 1448 3409 quaest.
1485 3332 1584 3404 85,
1619 3329 1656 3409 ᾖ
1680 3331 1742 3403 6,
1769 3347 1808 3389 a
1835 3349 2015 3391 num.

449 3420 550 3495 74,
581 3423 644 3479 et
669 3418 808 3479 aliis
832 3437 986 3498 quos
1017 3420 1248 3481 ibidem
1291 3419 1550 3500 allegat3
1602 3439 1771 3482 nunc
1807 3429 2020 3484 autem

446 3511 730 3573 hoeresim
755 3512 1062 3573 occultam
1090 3511 1357 3592 appello,
1381 3530 1572 3592 quam
1595 3513 1758 3574 solus
1779 3514 1882 3575 ille
1905 3533 2017 3575 no·

445 3604 559 3678 vit,
589 3604 699 3683 qui
735 3604 1102 3667 denuntiare
1138 3605 1310 3667 illam
1343 3612 1573 3685 potest3
1627 3624 1881 3667 omnem
1907 3625 2018 3668 au·

445 3702 576 3758 tem
614 3696 802 3759 aliam
831 3698 1112 3778 pluribus
1149 3704 1383 3773 notam,
1426 3699 1670 3760 etiamsi
1711 3698 1835 3759 duo
1882 3706 2015 3760 tan-

444 3796 582 3851 tum
599 3790 768 3851 illius
786 3792 1074 3853 notitiam
1092 3791 1386 3867 habeant,
1409 3792 1723 3871 publicam
1747 3791 2009 3872 appello.

525 3884 585 3945 5.
629 3883 856 3947 Prima
897 3886 1154 3947 assertio
1197 3885 1266 3945 iu
1315 3884 1420 3945 hoe
1457 3885 1652 3947 dubio.
1690 3914 1772 3929 -—
1807 3884 2015 3944 Primo

445 3992 594 4053 ergo
642 3981 881 4036 certum
919 3982 1032 4051 est,
1067 3974 1644 4054 quomodocumque
1697 3981 2017 4055 peccatum

443 4068 692 4130 haeresis
725 4068 1046 4148 publicum
1081 4070 1184 4144 sit,
1210 4086 1450 4145 omnes,
1490 4068 1600 4147 qui
1626 4068 1910 4129 notitiam
1940 4068 2016 4127 il-

444 4160 568 4223 lius
592 4161 945 4237 habuerint,
976 4162 1181 4223 teneri
1203 4178 1279 4220 ex
1301 4162 1576 4239 rigoroso
1601 4166 1904 4239 praecepto
1932 4159 2013 4220 ad

443 4254 938 4317 denuntiandam
981 4270 1310 4333 personam
1335 4270 1473 4332 quoe
1504 4252 1654 4313 illud
1682 4252 2007 4313 commisit.

445 4346 588 4410 Haec
637 4346 888 4407 assertio
930 4348 1196 4408 sumitur
1243 4364 1319 4407 ex
1361 4347 1432 4407 D.
1478 4346 1718 4406 Thoma
1757 4348 1816 4407 2.
1853 4346 1914 4405 2.
1945 4363 2007 4423 q.

445 4440 549 4513 68,
580 4445 698 4501 art.
731 4444 793 4515 1,
819 4440 926 4501 ubi
962 4440 1040 4500 de
1075 4440 1467 4501 accusatione
1502 4438 1805 4516 loquitur3
1838 4437 1944 4497 sed
1974 4456 2012 4498 a

443 4534 688 4597 fortiori
721 4551 936 4593 verum
977 4532 1166 4594 habet
1195 4533 1328 4611 ejus
1356 4530 1636 4592 doctrina
1673 4530 1740 4589 in
1770 4530 2012 4590 ‹tenun-

443 4626 726 4701 tiatione,
766 4628 941 4704 cujus
971 4626 1266 4705 obligatio
1309 4624 1557 4685 suavior
1597 4629 1689 4684 est
1715 4630 1777 4685 et
1806 4624 2013 4683 minus

445 4736 704 4793 onerosa
741 4737 756 4790 ;
823 4724 1236 4799 praeterquam
1286 4716 1451 4797 quod
1498 4717 1688 4777 Divus
1747 4715 2015 4776 Thomas

445 4828 769 4889 nunquam
797 4811 946 4871 satis
976 4810 1258 4871 distinxit
1289 4809 1824 4870 denuntiationem
1850 4806 2017 4886 judi-

445 4904 667 4966 cialem
709 4903 789 4965 ab
831 4906 1252 4977 accusatione,
1291 4903 1398 4964 sed
1451 4900 1568 4962 sub
1605 4900 1822 4961 eadem
1865 4916 2015 4959 voce

446 5003 782 5076 utramque
803 4996 1296 5075 comprehendit,
1328 4995 1492 5075 quod
1515 5013 1640 5055 non
1677 4992 1854 5052 estin
1877 5010 2016 5068 iure

446 5090 842 5163 inusitatum,
873 5096 944 5149 ut
978 5095 1150 5169 patet
1171 5108 1248 5149 ex
1273 5107 1409 5167 cap.
1441 5089 1504 5159 2,
1549 5084 1624 5147 de
1666 5083 2011 5157 Haereticis‚

447 5182 516 5241 in
537 5182 578 5243 6
597 5203 614 5256 3
645 5186 855 5243 tamen
881 5182 948 5241 in
983 5187 1201 5261 quaest.
1237 5182 1336 5257 70,
1368 5187 1482 5240 art.
1515 5183 1574 5253 i,
1599 5178 1674 5239 ad
1717 5179 1781 5249 Ξ,
1807 5176 1885 5237 de
1909 5175 2016 5237 de·

447 5274 844 5335 nuntiatione
868 5274 1175 5352 loquitur:
1223 5292 1352 5335 non
1381 5272 1653 5333 declarat
1687 5276 1895 5333 autem
1930 5286 2012 5329 an

449 5366 738 5457 loquatur
755 5368 833 5428 de
849 5366 1133 5455 judiciali
1159 5365 1256 5431 vel
1281 5364 1676 5454 evangelica3
1705 5367 1905 5451 potest
1919 5366 2009 5427 ta·

921 240 1158 296 msl‘ur.
1195 243 1304 297 XX.
1337 244 1420 297 DE
1446 244 1736 299 naitanus
1769 246 2083 300 EccmzstAE
2112 245 2361 301 CONTRA
2392 246 2687 303 BAERESES
2718 248 2803 301 m·
2832 246 3213 302 amnuens,

2103 366 2250 411 men
2296 350 2559 429 intelligi
2593 350 2671 411 de
2713 355 2979 429 utraque
3020 368 3161 412 cum
3208 350 3527 431 partitione
3550 374 3631 419 ac-

2101 445 2425 505 commoda
2454 446 2637 524 juxta
2673 444 2949 505 materiae
2980 446 3411 524 capacitatem.
3446 448 3507 508 ln
3536 449 3633 511 hac

2102 538 2291 598 etiam
2330 537 2667 598 assertione
2709 538 3088 597 conveniunt
3123 555 3345 597 omnes
3387 546 3635 605 auctores

2102 632 2310 691 statim
2328 629 2663 709 allegandi,
2684 637 2746 691 et
2760 648 2796 689 a
2810 629 3053 690 fortiori
3068 629 3432 709 probabitur
3446 650 3513 691 ex
3526 652 3635 695 om-

2101 722 2287 784 nibus
2318 723 2615 785 dicendis.
2660 724 2833 785 Nunc
2860 722 3167 785 sufficiens
3188 723 3354 783 ratio
3380 730 3492 799 est,
3514 726 3639 804 quia

2100 822 2421 897 peccatum
2470 816 2725 876 haeresis
2773 821 2866 876 est
2916 816 3361 894 gravissimum
3398 823 3459 875 et
3490 819 3639 881 valde

2100 910 2417 983 nocivum,
2450 917 2513 970 et
2534 926 2609 969 eo
2642 910 2779 989 ipso
2804 908 2967 989 quod
2992 908 3198 987 aliquo
3228 908 3419 971 modo
3440 915 3526 971 est
3546 928 3641 991 pu·

2104 1002 2359 1073 blicum,
2407 1006 2605 1081 potest
2642 1020 2865 1063 nocere
2904 1020 3033 1063 non
3078 1008 3332 1063 tantum
3374 1004 3643 1081 peccanti,

2103 1095 2209 1157 sed
2231 1096 2421 1156 etiam
2450 1094 2621 1170 aliis3
2654 1114 2803 1175 ergo
2841 1101 3081 1175 oportet
3109 1096 3361 1175 utrique
3394 1095 3546 1155 malo
3568 1114 3647 1159 re·

2104 1190 2381 1250 medium
2420 1189 2742 1251 adhibere:
2791 1189 2868 1251 ad
2913 1188 3085 1249 hune
3114 1194 3331 1249 autem
3360 1186 3539 1248 finem
3562 1190 3649 1250 de-

2102 1282 2412 1344 nuntiatio
2438 1290 2589 1345 tunc
2622 1289 2712 1345 est
2741 1281 3094 1355 utilissima,
3128 1291 3191 1341 et
3218 1279 3535 1340 moraliter
3556 1298 3649 1343 ne·

2101 1376 2361 1436 cessaria
2378 1396 2397 1451 ;
2442 1394 2589 1456 ergo
2630 1376 2795 1437 cadit
2823 1374 2937 1435 sub
2961 1380 3349 1455 praeceptum
3388 1391 3510 1435 non
3530 1382 3646 1434 tan·

2100 1472 2237 1527 tum
2268 1468 2770 1543 ecclesiasticum,
2801 1468 2969 1548 quod
3002 1465 3400 1527 manifestius
3424 1472 3532 1537 est,
3558 1466 3647 1527 sed

2104 1560 2293 1621 etiam
2356 1562 2643 1623 divinum
2708 1569 2770 1623 et
2821 1560 3105 1621 naturale
3167 1578 3244 1621 ex
3296 1558 3647 1637 obligatione

2104 1654 2443 1729 charitatis,
2471 1662 2543 1715 ut
2595 1654 2759 1715 sumi
2790 1659 2997 1735 potest
3020 1670 3100 1713 ex
3127 1670 3265 1731 cap.
3300 1655 3341 1712 2
3370 1651 3449 1713 de
3474 1650 3652 1713 Haerc-

2099 1750 2260 1823 ticis,
2291 1754 2353 1809 et
2380 1765 2515 1827 cap.
2550 1748 2951 1828 Quapropter,
2978 1747 3043 1821 2,
3083 1751 3305 1824 quaest.
3340 1747 3405 1821 7,
3434 1751 3494 1805 et
3532 1762 3645 1823 cap.

2097 1842 2183 1904 Id
2206 1839 2539 1916 nonnullis,
2570 1840 2647 1901 de
2672 1839 2907 1901 Judaeis
2939 1845 2999 1900 et
3026 1838 3411 1909 Saracenis„
3448 1836 3550 1896 ubi
3572 1838 3649 1897 di-

2098 1935 2263 1995 citur
2282 1939 2499 1994 contra
2520 1932 2727 1994 hostes
2758 1932 3060 2014 publicos„
3104 1940 3177 1993 ut
3212 1941 3367 1992 sunt
3402 1930 3649 1993 haeretici

2098 2046 2338 2102 omneS,
2386 2026 2646 2105 vigilare
2683 2026 2907 2087 debere
2926 2042 2947 2103 ;
2988 2031 3053 2087 et
3094 2024 3235 2103 lege
3276 2026 3651 2095 Manichacus,

2096 2139 2149 2183 c.
2178 2120 2254 2183 de
2280 2120 2613 2194 Haereticis,
2651 2126 2715 2179 et
2756 2138 2834 2180 ex
2865 2120 2911 2181 l.
2954 2122 3018 2195 2,
3046 2118 3194 2179 Cod.
3220 2118 3307 2179 de
3348 2116 3651 2198 Apostatis,

2097 2213 2208 2275 ubi
2253 2214 2415 2276 ratio
2446 2212 2725 2288 affertur,
2766 2213 2917 2292 quia
2958 2212 3125 2294 quod
3163 2218 3389 2273 contra
3429 2211 3651 2289 religio-

2097 2326 2241 2369 nem
2269 2306 2698 2381 committitur,
2732 2306 2799 2366 in
2818 2307 3103 2367 omnium
3124 2306 3329 2367 fertur
3358 2306 3649 2384 injuriam.

2096 2402 2373 2481 Denique
2409 2403 2476 2461 in
2506 2402 2767 2461 crimine
2799 2400 2957 2461 lmsae
2994 2399 3343 2478 majestatis
3366 2398 3653 2475 humanis,

2096 2512 2312 2555 omnes
2342 2499 2635 2554 tenentur
2662 2493 2906 2574 publice
2935 2493 3415 2572 delinquentem
3442 2491 3653 2552 denun-

2095 2586 2275 2659 tiare,
2306 2584 2403 2646 vel
2430 2585 2637 2665 potius
2668 2604 2978 2660 accusare,
3010 2584 3063 2647 si
3104 2586 3527 2646 necessarium
3553 2585 3652 2658 sit3

2098 2697 2247 2756 ergo
2274 2676 2471 2738 multo
2501 2678 2699 2756 magis
2727 2678 2794 2739 in
2836 2678 3099 2739 crimine
3135 2677 3303 2739 laesae
3344 2676 3655 2755 majestatis

2101 2770 2351 2845 divinae,
2376 2769 2543 2849 quod
2571 2789 2681 2849 per
2708 2771 2993 2833 haeresim
3020 2770 3473 2845 committitur,
3502 2771 3657 2837 iuxta

2101 2881 2238 2942 cap.
2282 2862 2616 2945 Verqentis,
2661 2862 2737 2923 de
2760 2862 3093 2923 Haereticis.
3132 2862 3341 2941 Atque
3372 2862 3469 2923 hae
3492 2862 3657 2921 ratio-

2098 2974 2209 3016 nes
2238 2955 2529 3016 videntur
2554 2955 2814 3034 probare
2842 2974 2968 3015 non
2998 2956 3201 3016 solum
3224 2954 3653 3033 obligationem

2098 3047 2532 3123 denuntiandi,
2560 3048 2665 3107 sed
2692 3048 2877 3109 etiam
2909 3048 3268 3122 accusandi,
3300 3046 3547 3127 quando
3568 3045 3652 3105 de-

2099 3140 2318 3201 lictum
2360 3140 2447 3200 ita
2488 3146 2581 3201 est
2623 3139 2973 3220 publicum,
3016 3148 3089 3201 ut
3124 3140 3381 3221 probari
3422 3140 3601 3219 possit
3624 3154 3655 3197 a

2100 3232 2395 3295 delatore.
2436 3234 2889 3295 Verumtamen
2929 3234 3007 3294 de
3046 3235 3212 3295 facto
3250 3251 3381 3294 non
3418 3239 3511 3315 ‚est
3536 3231 3654 3291 talis

2100 3324 2423 3403 obligatio,
2466 3324 2573 3387 sed
2618 3327 3042 3406 unusquisque
3092 3325 3397 3387 satisfacit
3441 3326 3653 3385 denun-

2100 3418 2333 3493 tiando,
2361 3420 2531 3498 quia,
2550 3420 2734 3498 juxta
2755 3427 3072 3499 receptum
3100 3418 3392 3480 Ecclesiae
3414 3416 3651 3496 stylum,

2099 3512 2214 3573 hoc
2243 3512 2591 3571 remedium
2621 3511 2873 3586 sufficit,
2902 3518 2966 3571 et
2992 3511 3131 3572 ideo
3174 3529 3306 3571 non
3337 3508 3653 3589 imponitur

2096 3603 2380 3665 fidelibus
2428 3604 2629 3682 major
2677 3603 3000 3683 obligatio,
3042 3604 3196 3683 quia
3228 3604 3512 3664 minister
3552 3618 3649 3680 pu-

2095 3696 2313 3771 blicus,
2352 3702 2671 3775 promotor
2713 3696 2935 3757 fiscalis
2964 3696 3340 3776 appellatuS,
3390 3694 3647 3756 officium

2096 3787 2423 3848 accusandi
2444 3789 2727 3861 assumit,
2750 3794 2823 3848 ut
2844 3788 3045 3849 videri
3062 3794 3269 3867 potest
3284 3792 3352 3848 in
3372 3788 3646 3856 Simanc.,

2094 3879 2274 3941 titulo
2298 3883 2370 3953 43
2410 3881 2619 3959 RojaS,
2660 3880 2962 3959 singulari
2994 3884 3054 3954 1,
3086 3900 3151 3943 n.
3185 3884 3259 3943 ss
3287 3900 3303 3953 ;
3352 3881 3643 3958 Campeg„

2095 3974 2163 4034 in
2180 3972 2387 4035 Addit.
2405 3973 2482 4033 ad
2505 3973 2815 4052 Zanquin,
2846 3978 3091 4035 tractat.
3118 3974 3195 4034 de
3224 3974 3479 4047 Haeret„
3502 3988 3554 4030 c.
3576 3970 3643 4041 9;

2096 4066 2371 4141 Decian.,
2407 4068 2475 4126 in
2524 4071 2769 4127 tractat.
2816 4066 3033 4139 Crim.,
3078 4066 3190 4127 lib.
3242 4067 3308 4142 5,
3345 4085 3400 4126 c.
3444 4066 3553 4135 28;
3594 4066 3645 4121 et

2094 4160 2403 4235 Farinac.,
2450 4160 2527 4220 de
2556 4160 2806 4235 Haeresi,
2843 4177 2907 4239 q.
2942 4161 3083 4232 185,
3117 4178 3305 4222 num.
3342 4160 3447 4219 40.

2176 4257 2235 4315 6.
2273 4252 2487 4335 Opinio
2508 4251 2787 4314 limitans
2802 4253 3234 4333 pra-cedentem
3256 4250 3639 4315 assertionem.

2092 4377 2173 4392 —-
2187 4345 2353 4425 Ejus
2366 4345 2572 4425 prima
2592 4346 2779 4407 ratio.
2797 4376 2879 4389 --
2907 4342 3191 4407 Secunda
3216 4343 3404 4405 ratio.
3426 4340 3645 4403 -Ter—

2093 4440 2186 4502 tia
2205 4438 2387 4501 ratio.
2402 4472 2483 4485 —--
2500 4436 2736 4511 Quarta
2756 4438 2941 4500 ratio.
2955 4436 3321 4498 —Dubium
3342 4450 3485 4497 vero
3510 4450 3641 4512 prae-

2093 4532 2341 4611 cipuum
2374 4537 2485 4605 est,
2519 4532 2766 4611 quando
2792 4534 3110 4609 peccatum
3140 4529 3397 4590 haeresis
3417 4534 3505 4589 est
3530 4542 3641 4585 om·

2094 4624 2245 4684 nino
2296 4623 2631 4697 occultum,
2681 4622 2770 4682 ita
2809 4628 2882 4682 ut
2926 4640 3092 4682 unus
3132 4628 3407 4696 tantum,
3442 4624 3641 4700 praeter

2095 4715 2585 4793 delinquentem,
2616 4714 2769 4775 illud
2792 4714 3059 4787 noverit,
3089 4720 3152 4774 et
3180 4714 3257 4775 de
3282 4714 3398 4774 hoc
3420 4716 3508 4773 est
3532 4708 3639 4789 pri-

2096 4825 2200 4868 ma
2228 4806 2440 4887 opinio
2470 4824 2730 4882 negans,
2767 4805 2903 4866 dari
2954 4812 3106 4866 tunc
3149 4811 3514 4885 praeceptum
3555 4798 3637 4859 vel

2096 4899 2540 4977 obligationem
2580 4898 3031 4974 denuntiand13
3079 4898 3207 4958 imo
3260 4898 3523 4960 indicare
3562 4892 3642 4951 vi·

2097 4991 2325 5051 dentur
2376 4997 2659 5051 auctores
2698 4990 2887 5068 hujus
2926 4990 3240 5069 opinionis
3274 4990 3339 5051 id
3362 5007 3485 5051 uon
3520 5002 3635 5047 esse

2096 5083 2359 5145 licitum.
2380 5084 2471 5143 lta
2497 5087 2703 5143 censet
2719 5083 2901 5143 Joau.
2922 5082 3117 5143 Andr.
3129 5126 3149 5158 ‚
3178 5082 3245 5141 in
3262 5100 3395 5163 cap.
3417 5078 3635 5146 Novit„

2096 5176 2179 5237 de
2198 5176 2478 5249 iudiciis,
2510 5180 2572 5236 et
2588 5175 2867 5255 sequitur
2890 5173 3261 5255 Villadiegn,
3283 5176 3347 5235 in
3373 5176 3535 5233 tract.
3566 5169 3633 5229 de

2094 5269 2349 5343 Haeret„
2380 5271 2593 5347 quaest.
2631 5268 2743 5343 103
2787 5266 3134 5327 fundantur
3178 5267 3380 5346 primo
3414 5264 3479 5324 in
3514 5276 3630 5321 ver-

2093 5359 2191 5424 bis
2222 5360 2483 5423 Christi:
2537 5356 2783 5441 C'ompe
2818 5360 2983 5423 iuter
3021 5363 3078 5421 te
3120 5366 3177 5421 et
3207 5361 3407 5439 ipsum
3433 5354 3623 5422 solum,
