<?xml version="1.0" encoding="UTF-8"?>
<!DOCTYPE html PUBLIC "-//W3C//DTD XHTML 1.0 Transitional//EN"
    "http://www.w3.org/TR/xhtml1/DTD/xhtml1-transitional.dtd">
<html xmlns="http://www.w3.org/1999/xhtml" xml:lang="en" lang="en">
 <head>
  <title>
</title>
<meta http-equiv="Content-Type" content="text/html;charset=utf-8" />
  <meta name='ocr-system' content='tesseract 3.04.00' />
  <meta name='ocr-capabilities' content='ocr_page ocr_carea ocr_par ocr_line ocrx_word'/>
</head>
<body>
  <div class='ocr_page' id='page_1' title='image "./rpfranciscisuar00duvagoog_0295.png"; bbox 0 0 3900 6217; ppageno 0'>
   <div class='ocr_carea' id='block_1_1' title="bbox 453 370 2879 438">
    <p class='ocr_par' dir='ltr' id='par_1_1' title="bbox 453 370 2879 438">
     <span class='ocr_line' id='line_1_1' title="bbox 453 370 2879 438; baseline -0.002 -7"><span class='ocrx_word' id='word_1_1' title='bbox 453 376 596 431; x_wconf 77' lang='lat' dir='ltr'><strong>SECT.</strong></span> <span class='ocrx_word' id='word_1_2' title='bbox 629 376 705 427; x_wconf 77' lang='lat' dir='ltr'><strong>lx.</strong></span> <span class='ocrx_word' id='word_1_3' title='bbox 739 374 824 429; x_wconf 70' lang='lat' dir='ltr'><strong>An</strong></span> <span class='ocrx_word' id='word_1_4' title='bbox 858 374 1082 438; x_wconf 68' lang='lat' dir='ltr'><strong>canu,</strong></span> <span class='ocrx_word' id='word_1_5' title='bbox 1113 374 1192 427; x_wconf 79' lang='lat' dir='ltr'><strong>m·</strong></span> <span class='ocrx_word' id='word_1_6' title='bbox 1226 374 1438 427; x_wconf 68' lang='lat' dir='ltr'><strong>mvma</strong></span> <span class='ocrx_word' id='word_1_7' title='bbox 1470 372 1614 427; x_wconf 67' lang='lat' dir='ltr'><strong>1²11&gt;ss</strong></span> <span class='ocrx_word' id='word_1_8' title='bbox 1645 370 1967 426; x_wconf 69' lang='lat' dir='ltr'><strong>consum-2</strong></span> <span class='ocrx_word' id='word_1_9' title='bbox 2000 371 2208 424; x_wconf 75' lang='lat' dir='ltr'><strong>Possm·</strong></span> <span class='ocrx_word' id='word_1_10' title='bbox 2242 372 2409 424; x_wconf 74' lang='lat' dir='ltr'><strong>HANG</strong></span> <span class='ocrx_word' id='word_1_11' title='bbox 2438 372 2709 431; x_wconf 61' lang='lat' dir='ltr'><strong>Nummio.</strong></span> <span class='ocrx_word' id='word_1_12' title='bbox 2744 376 2879 427; x_wconf 74' lang='lat' dir='ltr'><strong>mc,</strong></span> 
     </span>
    </p>
   </div>
   <div class='ocr_carea' id='block_1_2' title="bbox 121 473 1630 5625">
    <p class='ocr_par' dir='ltr' id='par_1_2' title="bbox 121 473 1630 5625">
     <span class='ocr_line' id='line_1_2' title="bbox 171 473 1602 557; baseline -0.008 -12"><span class='ocrx_word' id='word_1_13' title='bbox 171 489 310 557; x_wconf 79' lang='lat' dir='ltr'><strong>nasio,</strong></span> <span class='ocrx_word' id='word_1_14' title='bbox 334 481 394 543; x_wconf 89' lang='lat' dir='ltr'><strong>de</strong></span> <span class='ocrx_word' id='word_1_15' title='bbox 416 474 772 540; x_wconf 86' lang='lat' dir='ltr'><strong>Humanitate</strong></span> <span class='ocrx_word' id='word_1_16' title='bbox 798 473 985 534; x_wconf 85' lang='lat' dir='ltr'><strong>Verbi</strong></span> <span class='ocrx_word' id='word_1_17' title='bbox 1009 496 1026 549; x_wconf 84' lang='lat'>3</span> <span class='ocrx_word' id='word_1_18' title='bbox 1057 474 1490 553; x_wconf 72' lang='lat' dir='ltr'><strong>chrysostomo</strong></span> <span class='ocrx_word' id='word_1_19' title='bbox 1538 478 1602 533; x_wconf 86' lang='lat' dir='ltr'><strong>et</strong></span> 
     </span>
     <span class='ocr_line' id='line_1_3' title="bbox 172 566 1600 655; baseline -0.01 -14"><span class='ocrx_word' id='word_1_20' title='bbox 172 584 476 655; x_wconf 75' lang='lat' dir='ltr'><strong>Hieronymo,</strong></span> <span class='ocrx_word' id='word_1_21' title='bbox 501 568 694 631; x_wconf 74' lang='lat' dir='ltr'><strong>matth.</strong></span> <span class='ocrx_word' id='word_1_22' title='bbox 745 570 860 641; x_wconf 75' lang='lat'><strong>243</strong></span> <span class='ocrx_word' id='word_1_23' title='bbox 904 569 1252 647; x_wconf 79' lang='lat' dir='ltr'><strong>Augustino</strong></span> <span class='ocrx_word' id='word_1_24' title='bbox 1275 615 1290 641; x_wconf 89' lang='lat'><strong>,</strong></span> <span class='ocrx_word' id='word_1_25' title='bbox 1342 566 1600 647; x_wconf 82' lang='lat' dir='ltr'><strong>epistola</strong></span> 
     </span>
     <span class='ocr_line' id='line_1_4' title="bbox 170 660 1600 741; baseline -0.006 -11"><span class='ocrx_word' id='word_1_26' title='bbox 170 677 224 739; x_wconf 79' lang='lat'><strong>28</strong></span> <span class='ocrx_word' id='word_1_27' title='bbox 261 678 308 731; x_wconf 85' lang='lat' dir='ltr'><strong>et</strong></span> <span class='ocrx_word' id='word_1_28' title='bbox 339 668 434 739; x_wconf 79' lang='lat'><strong>803</strong></span> <span class='ocrx_word' id='word_1_29' title='bbox 481 664 658 723; x_wconf 84' lang='lat' dir='ltr'><strong>Leone</strong></span> <span class='ocrx_word' id='word_1_30' title='bbox 702 662 887 741; x_wconf 87' lang='lat' dir='ltr'><strong>Papa,</strong></span> <span class='ocrx_word' id='word_1_31' title='bbox 937 678 1222 723; x_wconf 84' lang='lat' dir='ltr'><strong>sermone</strong></span> <span class='ocrx_word' id='word_1_32' title='bbox 1267 661 1472 741; x_wconf 84' lang='lat' dir='ltr'><strong>primo</strong></span> <span class='ocrx_word' id='word_1_33' title='bbox 1523 660 1600 721; x_wconf 90' lang='lat' dir='ltr'><strong>de</strong></span> 
     </span>
     <span class='ocr_line' id='line_1_5' title="bbox 170 754 1600 845; baseline -0.008 -21"><span class='ocrx_word' id='word_1_34' title='bbox 170 766 336 845; x_wconf 80' lang='lat' dir='ltr'><strong>Spiritu</strong></span> <span class='ocrx_word' id='word_1_35' title='bbox 353 760 559 829; x_wconf 86' lang='lat' dir='ltr'><strong>Sancto,</strong></span> <span class='ocrx_word' id='word_1_36' title='bbox 587 754 688 833; x_wconf 88' lang='lat' dir='ltr'><strong>qui</strong></span> <span class='ocrx_word' id='word_1_37' title='bbox 726 772 942 815; x_wconf 88' lang='lat' dir='ltr'><strong>omncs</strong></span> <span class='ocrx_word' id='word_1_38' title='bbox 969 754 1048 815; x_wconf 91' lang='lat' dir='ltr'><strong>de</strong></span> <span class='ocrx_word' id='word_1_39' title='bbox 1091 773 1164 817; x_wconf 88' lang='lat' dir='ltr'><strong>ea</strong></span> <span class='ocrx_word' id='word_1_40' title='bbox 1190 754 1460 833; x_wconf 86' lang='lat' dir='ltr'><strong>profecto</strong></span> <span class='ocrx_word' id='word_1_41' title='bbox 1493 754 1600 813; x_wconf 88' lang='lat' dir='ltr'><strong>Ec-</strong></span> 
     </span>
     <span class='ocr_line' id='line_1_6' title="bbox 167 846 1602 931; baseline -0.01 -11"><span class='ocrx_word' id='word_1_42' title='bbox 167 857 296 921; x_wconf 81' lang='lat' dir='ltr'><strong>clesia</strong></span> <span class='ocrx_word' id='word_1_43' title='bbox 313 852 617 931; x_wconf 79' lang='lat' dir='ltr'><strong>loquuntur,</strong></span> <span class='ocrx_word' id='word_1_44' title='bbox 657 846 900 925; x_wconf 80' lang='lat' dir='ltr'><strong>quae&#39;ad</strong></span> <span class='ocrx_word' id='word_1_45' title='bbox 943 866 1058 909; x_wconf 88' lang='lat' dir='ltr'><strong>sua</strong></span> <span class='ocrx_word' id='word_1_46' title='bbox 1087 864 1283 927; x_wconf 89' lang='lat' dir='ltr'><strong>usque</strong></span> <span class='ocrx_word' id='word_1_47' title='bbox 1319 851 1602 925; x_wconf 89' lang='lat' dir='ltr'><strong>tempora</strong></span> 
     </span>
     <span class='ocr_line' id='line_1_7' title="bbox 166 939 1602 1013; baseline -0.009 0"><span class='ocrx_word' id='word_1_48' title='bbox 166 954 214 1013; x_wconf 90' lang='lat' dir='ltr'><strong>in</strong></span> <span class='ocrx_word' id='word_1_49' title='bbox 232 946 586 1010; x_wconf 82' lang='lat' dir='ltr'><strong>communione</strong></span> <span class='ocrx_word' id='word_1_50' title='bbox 623 946 682 1001; x_wconf 86' lang='lat' dir='ltr'><strong>et</strong></span> <span class='ocrx_word' id='word_1_51' title='bbox 711 940 1064 1002; x_wconf 86' lang='lat' dir='ltr'><strong>obedientia</strong></span> <span class='ocrx_word' id='word_1_52' title='bbox 1090 940 1353 1001; x_wconf 88' lang='lat' dir='ltr'><strong>Romani</strong></span> <span class='ocrx_word' id='word_1_53' title='bbox 1393 939 1602 1001; x_wconf 84' lang='lat' dir='ltr'><strong>Ponti·</strong></span> 
     </span>
     <span class='ocr_line' id='line_1_8' title="bbox 163 1032 1604 1114; baseline -0.008 -10"><span class='ocrx_word' id='word_1_54' title='bbox 163 1044 254 1105; x_wconf 85' lang='lat' dir='ltr'><strong>ficis</strong></span> <span class='ocrx_word' id='word_1_55' title='bbox 280 1037 513 1111; x_wconf 60' lang='grc' dir='ltr'><strong>ἀπηνὴς</strong></span> <span class='ocrx_word' id='word_1_56' title='bbox 546 1032 818 1095; x_wconf 90' lang='lat' dir='ltr'><strong>eamdem</strong></span> <span class='ocrx_word' id='word_1_57' title='bbox 869 1051 1013 1095; x_wconf 83' lang='lat' dir='ltr'><strong>vero</strong></span> <span class='ocrx_word' id='word_1_58' title='bbox 1059 1040 1272 1114; x_wconf 88' lang='lat' dir='ltr'><strong>postea</strong></span> <span class='ocrx_word' id='word_1_59' title='bbox 1319 1050 1604 1113; x_wconf 87' lang='lat' dir='ltr'><strong>perman·</strong></span> 
     </span>
     <span class='ocr_line' id='line_1_9' title="bbox 161 1126 1602 1209; baseline -0.003 -17"><span class='ocrx_word' id='word_1_60' title='bbox 161 1137 268 1196; x_wconf 73' lang='lat' dir='ltr'><strong>sisse</strong></span> <span class='ocrx_word' id='word_1_61' title='bbox 287 1148 442 1209; x_wconf 76' lang='lat' dir='ltr'><strong>usque</strong></span> <span class='ocrx_word' id='word_1_62' title='bbox 459 1128 532 1189; x_wconf 89' lang='lat' dir='ltr'><strong>ad</strong></span> <span class='ocrx_word' id='word_1_63' title='bbox 557 1133 828 1207; x_wconf 86' lang='lat' dir='ltr'><strong>tempora</strong></span> <span class='ocrx_word' id='word_1_64' title='bbox 861 1126 1168 1205; x_wconf 78' lang='lat' dir='ltr'><strong>Gregorii,</strong></span> <span class='ocrx_word' id='word_1_65' title='bbox 1197 1144 1344 1188; x_wconf 89' lang='lat' dir='ltr'><strong>cum</strong></span> <span class='ocrx_word' id='word_1_66' title='bbox 1383 1126 1602 1188; x_wconf 87' lang='lat' dir='ltr'><strong>eadem</strong></span> 
     </span>
     <span class='ocr_line' id='line_1_10' title="bbox 157 1220 1600 1300; baseline -0.005 -12"><span class='ocrx_word' id='word_1_67' title='bbox 157 1226 464 1289; x_wconf 82' lang='lat' dir='ltr'><strong>consensione</strong></span> <span class='ocrx_word' id='word_1_68' title='bbox 489 1221 756 1282; x_wconf 86' lang='lat' dir='ltr'><strong>omnium</strong></span> <span class='ocrx_word' id='word_1_69' title='bbox 805 1220 1172 1300; x_wconf 83' lang='lat' dir='ltr'><strong>populorum</strong></span> <span class='ocrx_word' id='word_1_70' title='bbox 1190 1266 1211 1297; x_wconf 93' lang='lat'><strong>,</strong></span> <span class='ocrx_word' id='word_1_71' title='bbox 1258 1225 1495 1281; x_wconf 87' lang='lat' dir='ltr'><strong>constat</strong></span> <span class='ocrx_word' id='word_1_72' title='bbox 1525 1236 1600 1281; x_wconf 86' lang='lat' dir='ltr'><strong>ex</strong></span> 
     </span>
     <span class='ocr_line' id='line_1_11' title="bbox 155 1313 1603 1397; baseline -0.004 -18"><span class='ocrx_word' id='word_1_73' title='bbox 155 1321 252 1397; x_wconf 84' lang='lat' dir='ltr'><strong>ejus</strong></span> <span class='ocrx_word' id='word_1_74' title='bbox 287 1315 512 1395; x_wconf 82' lang='lat' dir='ltr'><strong>epistolis</strong></span> <span class='ocrx_word' id='word_1_75' title='bbox 549 1313 622 1375; x_wconf 88' lang='lat' dir='ltr'><strong>ad</strong></span> <span class='ocrx_word' id='word_1_76' title='bbox 667 1314 992 1394; x_wconf 76' lang='lat' dir='ltr'><strong>plerosque</strong></span> <span class='ocrx_word' id='word_1_77' title='bbox 1017 1314 1285 1376; x_wconf 78' lang='lat' dir='ltr'><strong>Orientis</strong></span> <span class='ocrx_word' id='word_1_78' title='bbox 1331 1319 1395 1374; x_wconf 89' lang='lat' dir='ltr'><strong>et</strong></span> <span class='ocrx_word' id='word_1_79' title='bbox 1433 1313 1603 1374; x_wconf 85' lang='lat' dir='ltr'><strong>Occi-</strong></span> 
     </span>
     <span class='ocr_line' id='line_1_12' title="bbox 152 1406 1604 1488; baseline -0.002 -16"><span class='ocrx_word' id='word_1_80' title='bbox 152 1412 300 1473; x_wconf 83' lang='lat' dir='ltr'><strong>dentis</strong></span> <span class='ocrx_word' id='word_1_81' title='bbox 323 1408 625 1487; x_wconf 79' lang='lat' dir='ltr'><strong>Episcopus.</strong></span> <span class='ocrx_word' id='word_1_82' title='bbox 654 1406 990 1487; x_wconf 76' lang='lat' dir='ltr'><strong>viderique</strong></span> <span class='ocrx_word' id='word_1_83' title='bbox 1029 1414 1231 1488; x_wconf 84' lang='lat' dir='ltr'><strong>potest</strong></span> <span class='ocrx_word' id='word_1_84' title='bbox 1273 1409 1459 1469; x_wconf 85' lang='lat' dir='ltr'><strong>etiam</strong></span> <span class='ocrx_word' id='word_1_85' title='bbox 1490 1408 1604 1469; x_wconf 89' lang='lat' dir='ltr'><strong>Be-</strong></span> 
     </span>
     <span class='ocr_line' id='line_1_13' title="bbox 153 1500 1606 1582; baseline -0.002 -17"><span class='ocrx_word' id='word_1_86' title='bbox 153 1506 227 1579; x_wconf 84' lang='lat' dir='ltr'><strong>da,</strong></span> <span class='ocrx_word' id='word_1_87' title='bbox 247 1503 330 1564; x_wconf 86' lang='lat' dir='ltr'><strong>lib.</strong></span> <span class='ocrx_word' id='word_1_88' title='bbox 353 1503 386 1562; x_wconf 87' lang='lat'>6</span> <span class='ocrx_word' id='word_1_89' title='bbox 413 1502 470 1560; x_wconf 89' lang='lat' dir='ltr'><strong>in</strong></span> <span class='ocrx_word' id='word_1_90' title='bbox 494 1500 686 1575; x_wconf 71' lang='lat' dir='ltr'><strong>Cant„</strong></span> <span class='ocrx_word' id='word_1_91' title='bbox 715 1519 850 1581; x_wconf 86' lang='lat' dir='ltr'><strong>cap.</strong></span> <span class='ocrx_word' id='word_1_92' title='bbox 879 1505 940 1564; x_wconf 84' lang='lat'><strong>6.</strong></span> <span class='ocrx_word' id='word_1_93' title='bbox 973 1500 1330 1582; x_wconf 84' lang='lat' dir='ltr'><strong>Eademque</strong></span> <span class='ocrx_word' id='word_1_94' title='bbox 1365 1502 1606 1563; x_wconf 86' lang='lat' dir='ltr'><strong>ratione</strong></span> 
     </span>
     <span class='ocr_line' id='line_1_14' title="bbox 153 1593 1606 1675; baseline -0.002 -17"><span class='ocrx_word' id='word_1_95' title='bbox 153 1604 195 1659; x_wconf 84' lang='lat' dir='ltr'><strong>et</strong></span> <span class='ocrx_word' id='word_1_96' title='bbox 209 1595 354 1657; x_wconf 85' lang='lat' dir='ltr'><strong>modo</strong></span> <span class='ocrx_word' id='word_1_97' title='bbox 367 1593 531 1655; x_wconf 80' lang='lat' dir='ltr'><strong>fnisse</strong></span> <span class='ocrx_word' id='word_1_98' title='bbox 549 1594 968 1655; x_wconf 79' lang='lat' dir='ltr'><strong>continuatam</strong></span> <span class='ocrx_word' id='word_1_99' title='bbox 999 1614 1196 1675; x_wconf 87' lang='lat' dir='ltr'><strong>usque</strong></span> <span class='ocrx_word' id='word_1_100' title='bbox 1219 1594 1300 1656; x_wconf 86' lang='lat' dir='ltr'><strong>ad</strong></span> <span class='ocrx_word' id='word_1_101' title='bbox 1323 1601 1606 1673; x_wconf 86' lang='lat' dir='ltr'><strong>tempora</strong></span> 
     </span>
     <span class='ocr_line' id='line_1_15' title="bbox 151 1688 1608 1768; baseline -0.003 -17"><span class='ocrx_word' id='word_1_102' title='bbox 151 1688 396 1763; x_wconf 80' lang='lat' dir='ltr'><strong>Bernardi,</strong></span> <span class='ocrx_word' id='word_1_103' title='bbox 429 1694 651 1749; x_wconf 83' lang='lat' dir='ltr'><strong>constat</strong></span> <span class='ocrx_word' id='word_1_104' title='bbox 675 1706 756 1749; x_wconf 81' lang='lat' dir='ltr'><strong>ex</strong></span> <span class='ocrx_word' id='word_1_105' title='bbox 789 1690 924 1768; x_wconf 87' lang='lat' dir='ltr'><strong>ejus</strong></span> <span class='ocrx_word' id='word_1_106' title='bbox 951 1689 1122 1750; x_wconf 88' lang='lat' dir='ltr'><strong>libris</strong></span> <span class='ocrx_word' id='word_1_107' title='bbox 1147 1690 1226 1749; x_wconf 86' lang='lat' dir='ltr'><strong>ad</strong></span> <span class='ocrx_word' id='word_1_108' title='bbox 1252 1690 1516 1767; x_wconf 89' lang='lat' dir='ltr'><strong>Euge11.,</strong></span> <span class='ocrx_word' id='word_1_109' title='bbox 1541 1694 1608 1749; x_wconf 87' lang='lat' dir='ltr'><strong>et</strong></span> 
     </span>
     <span class='ocr_line' id='line_1_16' title="bbox 151 1781 1606 1862; baseline -0.002 -17"><span class='ocrx_word' id='word_1_110' title='bbox 151 1802 206 1845; x_wconf 79' lang='lat' dir='ltr'><strong>ex</strong></span> <span class='ocrx_word' id='word_1_111' title='bbox 223 1782 344 1843; x_wconf 88' lang='lat' dir='ltr'><strong>libro</strong></span> <span class='ocrx_word' id='word_1_112' title='bbox 377 1781 622 1843; x_wconf 85' lang='lat' dir='ltr'><strong>secundo</strong></span> <span class='ocrx_word' id='word_1_113' title='bbox 665 1783 804 1861; x_wconf 85' lang='lat' dir='ltr'><strong>ejus</strong></span> <span class='ocrx_word' id='word_1_114' title='bbox 843 1782 1012 1858; x_wconf 77' lang='lat' dir='ltr'><strong>vitae,</strong></span> <span class='ocrx_word' id='word_1_115' title='bbox 1067 1783 1132 1844; x_wconf 89' lang='lat' dir='ltr'><strong>in</strong></span> <span class='ocrx_word' id='word_1_116' title='bbox 1162 1800 1296 1862; x_wconf 90' lang='lat' dir='ltr'><strong>oap.</strong></span> <span class='ocrx_word' id='word_1_117' title='bbox 1329 1786 1390 1843; x_wconf 86' lang='lat'><strong>7.</strong></span> <span class='ocrx_word' id='word_1_118' title='bbox 1438 1782 1606 1843; x_wconf 88' lang='lat' dir='ltr'><strong>Idem</strong></span> 
     </span>
     <span class='ocr_line' id='line_1_17' title="bbox 151 1876 1606 1957; baseline 0 -22"><span class='ocrx_word' id='word_1_119' title='bbox 151 1893 393 1955; x_wconf 70' lang='lat' dir='ltr'><strong>possumus</strong></span> <span class='ocrx_word' id='word_1_120' title='bbox 437 1880 634 1937; x_wconf 86' lang='lat' dir='ltr'><strong>nostro</strong></span> <span class='ocrx_word' id='word_1_121' title='bbox 679 1876 804 1937; x_wconf 83' lang='lat' dir='ltr'><strong>hoc</strong></span> <span class='ocrx_word' id='word_1_122' title='bbox 853 1883 1134 1957; x_wconf 86' lang='lat' dir='ltr'><strong>tempore</strong></span> <span class='ocrx_word' id='word_1_123' title='bbox 1182 1877 1606 1955; x_wconf 84' lang='lat' dir='ltr'><strong>experimento</strong></span> 
     </span>
     <span class='ocr_line' id='line_1_18' title="bbox 155 1967 1607 2049; baseline 0.001 -21"><span class='ocrx_word' id='word_1_124' title='bbox 155 1969 362 2049; x_wconf 81' lang='lat' dir='ltr'><strong>probare,</strong></span> <span class='ocrx_word' id='word_1_125' title='bbox 385 1985 540 2035; x_wconf 83' lang='lat' dir='ltr'><strong>nam.</strong></span> <span class='ocrx_word' id='word_1_126' title='bbox 569 1967 714 2029; x_wconf 86' lang='lat' dir='ltr'><strong>licet</strong></span> <span class='ocrx_word' id='word_1_127' title='bbox 737 1968 1006 2031; x_wconf 79' lang='lat' dir='ltr'><strong>haereses</strong></span> <span class='ocrx_word' id='word_1_128' title='bbox 1031 1976 1096 2031; x_wconf 90' lang='lat' dir='ltr'><strong>et</strong></span> <span class='ocrx_word' id='word_1_129' title='bbox 1121 1969 1246 2031; x_wconf 84' lang='lat' dir='ltr'><strong>alia</strong></span> <span class='ocrx_word' id='word_1_130' title='bbox 1273 1968 1607 2031; x_wconf 85' lang='lat' dir='ltr'><strong>infidelita-</strong></span> 
     </span>
     <span class='ocr_line' id='line_1_19' title="bbox 153 2061 1606 2143; baseline 0.001 -21"><span class='ocrx_word' id='word_1_131' title='bbox 153 2064 206 2123; x_wconf 84' lang='lat' dir='ltr'><strong>tis</strong></span> <span class='ocrx_word' id='word_1_132' title='bbox 235 2080 412 2140; x_wconf 80' lang='lat' dir='ltr'><strong>genera</strong></span> <span class='ocrx_word' id='word_1_133' title='bbox 435 2061 650 2123; x_wconf 83' lang='lat' dir='ltr'><strong>multas</strong></span> <span class='ocrx_word' id='word_1_134' title='bbox 683 2062 970 2143; x_wconf 79' lang='lat' dir='ltr'><strong>regiones</strong></span> <span class='ocrx_word' id='word_1_135' title='bbox 1001 2064 1458 2143; x_wconf 77' lang='lat' dir='ltr'><strong>occupaverint,</strong></span> <span class='ocrx_word' id='word_1_136' title='bbox 1499 2065 1606 2124; x_wconf 84' lang='lat' dir='ltr'><strong>vix</strong></span> 
     </span>
     <span class='ocr_line' id='line_1_20' title="bbox 149 2155 1612 2238; baseline 0.001 -23"><span class='ocrx_word' id='word_1_137' title='bbox 149 2162 300 2215; x_wconf 80' lang='lat' dir='ltr'><strong>tamen</strong></span> <span class='ocrx_word' id='word_1_138' title='bbox 322 2156 427 2216; x_wconf 84' lang='lat' dir='ltr'><strong>ulla</strong></span> <span class='ocrx_word' id='word_1_139' title='bbox 447 2155 613 2234; x_wconf 85' lang='lat' dir='ltr'><strong>regio</strong></span> <span class='ocrx_word' id='word_1_140' title='bbox 653 2163 851 2229; x_wconf 84' lang='lat' dir='ltr'><strong>extat,</strong></span> <span class='ocrx_word' id='word_1_141' title='bbox 882 2158 946 2217; x_wconf 89' lang='lat' dir='ltr'><strong>in</strong></span> <span class='ocrx_word' id='word_1_142' title='bbox 975 2176 1098 2238; x_wconf 87' lang='lat' dir='ltr'><strong>qua</strong></span> <span class='ocrx_word' id='word_1_143' title='bbox 1139 2176 1264 2218; x_wconf 90' lang='lat' dir='ltr'><strong>non</strong></span> <span class='ocrx_word' id='word_1_144' title='bbox 1291 2158 1612 2218; x_wconf 76' lang='lat' dir='ltr'><strong>invenian-</strong></span> 
     </span>
     <span class='ocr_line' id='line_1_21' title="bbox 145 2247 1606 2330; baseline 0 -21"><span class='ocrx_word' id='word_1_145' title='bbox 145 2256 220 2309; x_wconf 85' lang='lat' dir='ltr'><strong>tur</strong></span> <span class='ocrx_word' id='word_1_146' title='bbox 239 2247 376 2307; x_wconf 84' lang='lat' dir='ltr'><strong>multi</strong></span> <span class='ocrx_word' id='word_1_147' title='bbox 401 2251 499 2327; x_wconf 86' lang='lat' dir='ltr'><strong>qui</strong></span> <span class='ocrx_word' id='word_1_148' title='bbox 523 2249 602 2309; x_wconf 88' lang='lat' dir='ltr'><strong>ad</strong></span> <span class='ocrx_word' id='word_1_149' title='bbox 625 2248 792 2310; x_wconf 87' lang='lat' dir='ltr'><strong>hanc</strong></span> <span class='ocrx_word' id='word_1_150' title='bbox 836 2250 1172 2313; x_wconf 85' lang='lat' dir='ltr'><strong>Ecclesiam</strong></span> <span class='ocrx_word' id='word_1_151' title='bbox 1209 2250 1606 2330; x_wconf 83' lang='lat' dir='ltr'><strong>pertineant3</strong></span> 
     </span>
     <span class='ocr_line' id='line_1_22' title="bbox 147 2340 1612 2426; baseline 0.003 -25"><span class='ocrx_word' id='word_1_152' title='bbox 147 2340 270 2402; x_wconf 80' lang='lat' dir='ltr'><strong>nulla</strong></span> <span class='ocrx_word' id='word_1_153' title='bbox 295 2352 472 2403; x_wconf 83' lang='lat' dir='ltr'><strong>autem</strong></span> <span class='ocrx_word' id='word_1_154' title='bbox 491 2342 608 2403; x_wconf 78' lang='lat' dir='ltr'><strong>fuit</strong></span> <span class='ocrx_word' id='word_1_155' title='bbox 633 2342 1069 2407; x_wconf 80' lang='lat' dir='ltr'><strong>haereticorum</strong></span> <span class='ocrx_word' id='word_1_156' title='bbox 1099 2352 1286 2420; x_wconf 86' lang='lat' dir='ltr'><strong>secta,</strong></span> <span class='ocrx_word' id='word_1_157' title='bbox 1317 2362 1456 2426; x_wconf 80' lang='lat' dir='ltr'><strong>quae</strong></span> <span class='ocrx_word' id='word_1_158' title='bbox 1481 2362 1612 2405; x_wconf 89' lang='lat' dir='ltr'><strong>una</strong></span> 
     </span>
     <span class='ocr_line' id='line_1_23' title="bbox 153 2431 1610 2519; baseline 0.001 -24"><span class='ocrx_word' id='word_1_159' title='bbox 153 2452 336 2498; x_wconf 72' lang='lat' dir='ltr'><strong>manens</strong></span> <span class='ocrx_word' id='word_1_160' title='bbox 373 2440 429 2497; x_wconf 87' lang='lat' dir='ltr'><strong>et</strong></span> <span class='ocrx_word' id='word_1_161' title='bbox 479 2436 591 2497; x_wconf 80' lang='lat' dir='ltr'><strong>sibi</strong></span> <span class='ocrx_word' id='word_1_162' title='bbox 629 2440 1028 2501; x_wconf 89' lang='lat' dir='ltr'><strong>consentiens</strong></span> <span class='ocrx_word' id='word_1_163' title='bbox 1045 2484 1067 2517; x_wconf 93' lang='lat'><strong>,</strong></span> <span class='ocrx_word' id='word_1_164' title='bbox 1113 2438 1323 2501; x_wconf 88' lang='lat' dir='ltr'><strong>multis</strong></span> <span class='ocrx_word' id='word_1_165' title='bbox 1371 2431 1610 2519; x_wconf 80' lang='lat' dir='ltr'><strong>populis</strong></span> 
     </span>
     <span class='ocr_line' id='line_1_24' title="bbox 153 2528 1614 2613; baseline -0.001 -22"><span class='ocrx_word' id='word_1_166' title='bbox 153 2528 284 2591; x_wconf 78' lang='lat' dir='ltr'><strong>fuerit</strong></span> <span class='ocrx_word' id='word_1_167' title='bbox 323 2548 618 2611; x_wconf 78' lang='lat' dir='ltr'><strong>persuasa3</strong></span> <span class='ocrx_word' id='word_1_168' title='bbox 672 2550 830 2595; x_wconf 87' lang='lat' dir='ltr'><strong>nam</strong></span> <span class='ocrx_word' id='word_1_169' title='bbox 871 2550 1014 2595; x_wconf 87' lang='lat' dir='ltr'><strong>cum</strong></span> <span class='ocrx_word' id='word_1_170' title='bbox 1069 2534 1346 2613; x_wconf 88' lang='lat' dir='ltr'><strong>primum</strong></span> <span class='ocrx_word' id='word_1_171' title='bbox 1391 2532 1614 2612; x_wconf 86' lang='lat' dir='ltr'><strong>incipit</strong></span> 
     </span>
     <span class='ocr_line' id='line_1_25' title="bbox 149 2622 1610 2707; baseline 0.001 -23"><span class='ocrx_word' id='word_1_172' title='bbox 149 2622 342 2698; x_wconf 64' lang='lat' dir='ltr'><strong>hamis,</strong></span> <span class='ocrx_word' id='word_1_173' title='bbox 378 2626 456 2686; x_wconf 85' lang='lat' dir='ltr'><strong>ita</strong></span> <span class='ocrx_word' id='word_1_174' title='bbox 490 2626 773 2687; x_wconf 83' lang='lat' dir='ltr'><strong>variatur</strong></span> <span class='ocrx_word' id='word_1_175' title='bbox 817 2634 1008 2707; x_wconf 85' lang='lat' dir='ltr'><strong>atquc</strong></span> <span class='ocrx_word' id='word_1_176' title='bbox 1035 2626 1357 2700; x_wconf 78' lang='lat' dir='ltr'><strong>dividitur,</strong></span> <span class='ocrx_word' id='word_1_177' title='bbox 1383 2632 1456 2687; x_wconf 84' lang='lat' dir='ltr'><strong>ut</strong></span> <span class='ocrx_word' id='word_1_178' title='bbox 1478 2626 1610 2706; x_wconf 86' lang='lat' dir='ltr'><strong>jam</strong></span> 
     </span>
     <span class='ocr_line' id='line_1_26' title="bbox 149 2720 1610 2801; baseline 0.004 -27"><span class='ocrx_word' id='word_1_179' title='bbox 149 2734 236 2775; x_wconf 86' lang='lat' dir='ltr'><strong>non</strong></span> <span class='ocrx_word' id='word_1_180' title='bbox 257 2724 574 2798; x_wconf 77' lang='lat' dir='ltr'><strong>propagetur</strong></span> <span class='ocrx_word' id='word_1_181' title='bbox 597 2721 766 2782; x_wconf 83' lang='lat' dir='ltr'><strong>falsa</strong></span> <span class='ocrx_word' id='word_1_182' title='bbox 807 2720 1053 2801; x_wconf 83' lang='lat' dir='ltr'><strong>religio,</strong></span> <span class='ocrx_word' id='word_1_183' title='bbox 1096 2721 1202 2783; x_wconf 88' lang='lat' dir='ltr'><strong>sed</strong></span> <span class='ocrx_word' id='word_1_184' title='bbox 1238 2738 1403 2782; x_wconf 86' lang='lat' dir='ltr'><strong>nova</strong></span> <span class='ocrx_word' id='word_1_185' title='bbox 1443 2736 1610 2781; x_wconf 86' lang='lat' dir='ltr'><strong>cree-</strong></span> 
     </span>
     <span class='ocr_line' id='line_1_27' title="bbox 149 2812 1612 2895; baseline 0.001 -24"><span class='ocrx_word' id='word_1_186' title='bbox 149 2814 238 2884; x_wconf 77' lang='lat' dir='ltr'><strong>tur,</strong></span> <span class='ocrx_word' id='word_1_187' title='bbox 257 2814 383 2890; x_wconf 85' lang='lat' dir='ltr'><strong>qnod</strong></span> <span class='ocrx_word' id='word_1_188' title='bbox 415 2812 562 2875; x_wconf 87' lang='lat' dir='ltr'><strong>bene</strong></span> <span class='ocrx_word' id='word_1_189' title='bbox 611 2814 988 2895; x_wconf 79' lang='lat' dir='ltr'><strong>ponderavit</strong></span> <span class='ocrx_word' id='word_1_190' title='bbox 1017 2815 1421 2894; x_wconf 85' lang='lat' dir='ltr'><strong>Augustinus,</strong></span> <span class='ocrx_word' id='word_1_191' title='bbox 1451 2812 1612 2875; x_wconf 88' lang='lat' dir='ltr'><strong>libro</strong></span> 
     </span>
     <span class='ocr_line' id='line_1_28' title="bbox 155 2900 1614 2988; baseline 0.003 -27"><span class='ocrx_word' id='word_1_192' title='bbox 155 2900 212 2963; x_wconf 78' lang='lat' dir='ltr'><strong>de</strong></span> <span class='ocrx_word' id='word_1_193' title='bbox 229 2905 528 2984; x_wconf 64' lang='lat' dir='ltr'><strong>pastoribus,</strong></span> <span class='ocrx_word' id='word_1_194' title='bbox 578 2926 723 2988; x_wconf 88' lang='lat' dir='ltr'><strong>cap.</strong></span> <span class='ocrx_word' id='word_1_195' title='bbox 754 2909 817 2985; x_wconf 88' lang='lat'><strong>8,</strong></span> <span class='ocrx_word' id='word_1_196' title='bbox 851 2909 959 2988; x_wconf 90' lang='lat' dir='ltr'><strong>qui</strong></span> <span class='ocrx_word' id='word_1_197' title='bbox 1001 2908 1078 2969; x_wconf 90' lang='lat' dir='ltr'><strong>de</strong></span> <span class='ocrx_word' id='word_1_198' title='bbox 1115 2907 1332 2969; x_wconf 86' lang='lat' dir='ltr'><strong>eadem</strong></span> <span class='ocrx_word' id='word_1_199' title='bbox 1372 2906 1614 2970; x_wconf 87' lang='lat' dir='ltr'><strong>ratione</strong></span> 
     </span>
     <span class='ocr_line' id='line_1_29' title="bbox 155 2998 1610 3078; baseline 0.005 -22"><span class='ocrx_word' id='word_1_200' title='bbox 155 2998 371 3065; x_wconf 75' lang='lat' dir='ltr'><strong>videndos</strong></span> <span class='ocrx_word' id='word_1_201' title='bbox 387 3007 468 3064; x_wconf 67' lang='lat' dir='ltr'><strong>ost</strong></span> <span class='ocrx_word' id='word_1_202' title='bbox 485 3002 554 3063; x_wconf 89' lang='lat' dir='ltr'><strong>iu</strong></span> <span class='ocrx_word' id='word_1_203' title='bbox 575 3002 689 3065; x_wconf 87' lang='lat' dir='ltr'><strong>lib.</strong></span> <span class='ocrx_word' id='word_1_204' title='bbox 721 3003 799 3065; x_wconf 86' lang='lat' dir='ltr'><strong>de</strong></span> <span class='ocrx_word' id='word_1_205' title='bbox 821 3003 1070 3065; x_wconf 87' lang='lat' dir='ltr'><strong>Unitate</strong></span> <span class='ocrx_word' id='word_1_206' title='bbox 1093 3002 1401 3078; x_wconf 79' lang='lat' dir='ltr'><strong>Ecclesiae‚</strong></span> <span class='ocrx_word' id='word_1_207' title='bbox 1423 3020 1477 3064; x_wconf 89' lang='lat' dir='ltr'><strong>c.</strong></span> <span class='ocrx_word' id='word_1_208' title='bbox 1509 3004 1538 3063; x_wconf 75' lang='lat'>¹</span> <span class='ocrx_word' id='word_1_209' title='bbox 1553 3004 1610 3078; x_wconf 73' lang='lat'><strong>4,</strong></span> 
     </span>
     <span class='ocr_line' id='line_1_30' title="bbox 158 3090 1183 3172; baseline 0.01 -23"><span class='ocrx_word' id='word_1_210' title='bbox 158 3090 214 3151; x_wconf 87' lang='lat' dir='ltr'><strong>de</strong></span> <span class='ocrx_word' id='word_1_211' title='bbox 234 3093 432 3157; x_wconf 75' lang='lat' dir='ltr'><strong>Utilitate</strong></span> <span class='ocrx_word' id='word_1_212' title='bbox 451 3096 774 3172; x_wconf 80' lang='lat' dir='ltr'><strong>credendi,</strong></span> <span class='ocrx_word' id='word_1_213' title='bbox 801 3115 859 3157; x_wconf 90' lang='lat' dir='ltr'><strong>c.</strong></span> <span class='ocrx_word' id='word_1_214' title='bbox 891 3099 970 3159; x_wconf 78' lang='lat'><strong>14</strong></span> <span class='ocrx_word' id='word_1_215' title='bbox 999 3104 1060 3157; x_wconf 90' lang='lat' dir='ltr'><strong>et</strong></span> <span class='ocrx_word' id='word_1_216' title='bbox 1084 3099 1183 3159; x_wconf 79' lang='lat'><strong>17.</strong></span> 
     </span>
     <span class='ocr_line' id='line_1_31' title="bbox 203 3185 1617 3271; baseline 0.003 -26"><span class='ocrx_word' id='word_1_217' title='bbox 203 3186 246 3245; x_wconf 79' lang='lat'><strong>6.</strong></span> <span class='ocrx_word' id='word_1_218' title='bbox 285 3185 480 3261; x_wconf 69' lang='lat' dir='ltr'><strong>Quarta</strong></span> <span class='ocrx_word' id='word_1_219' title='bbox 521 3188 810 3271; x_wconf 75' lang='lat' dir='ltr'><strong>probatio</strong></span> <span class='ocrx_word' id='word_1_220' title='bbox 857 3206 930 3253; x_wconf 69' lang='lat' dir='ltr'><strong>ea</strong></span> <span class='ocrx_word' id='word_1_221' title='bbox 985 3190 1298 3265; x_wconf 74' lang='lat' dir='ltr'><strong>attributa,</strong></span> <span class='ocrx_word' id='word_1_222' title='bbox 1349 3206 1496 3249; x_wconf 89' lang='lat' dir='ltr'><strong>una.</strong></span> <span class='ocrx_word' id='word_1_223' title='bbox 1533 3220 1617 3233; x_wconf 89' lang='lat'><strong>—</strong></span> 
     </span>
     <span class='ocr_line' id='line_1_32' title="bbox 147 3278 1616 3357; baseline 0.002 -17"><span class='ocrx_word' id='word_1_224' title='bbox 147 3278 825 3357; x_wconf 62' lang='lat' dir='ltr'><strong>Canastraeum-Quarta</strong></span> <span class='ocrx_word' id='word_1_225' title='bbox 870 3284 1030 3345; x_wconf 88' lang='lat' dir='ltr'><strong>ratio</strong></span> <span class='ocrx_word' id='word_1_226' title='bbox 1069 3284 1336 3345; x_wconf 82' lang='lat' dir='ltr'><strong>sumitur</strong></span> <span class='ocrx_word' id='word_1_227' title='bbox 1379 3300 1458 3343; x_wconf 86' lang='lat' dir='ltr'><strong>ex</strong></span> <span class='ocrx_word' id='word_1_228' title='bbox 1491 3282 1616 3343; x_wconf 88' lang='lat' dir='ltr'><strong>alio</strong></span> 
     </span>
     <span class='ocr_line' id='line_1_33' title="bbox 143 3372 1622 3454; baseline 0.003 -23"><span class='ocrx_word' id='word_1_229' title='bbox 143 3372 350 3435; x_wconf 67' lang='lat' dir='ltr'><strong>Ecclesiae</strong></span> <span class='ocrx_word' id='word_1_230' title='bbox 365 3376 674 3453; x_wconf 83' lang='lat' dir='ltr'><strong>attributo,</strong></span> <span class='ocrx_word' id='word_1_231' title='bbox 707 3378 964 3454; x_wconf 86' lang='lat' dir='ltr'><strong>scilicet,</strong></span> <span class='ocrx_word' id='word_1_232' title='bbox 999 3376 1170 3441; x_wconf 73' lang='lat' dir='ltr'><strong>Una:</strong></span> <span class='ocrx_word' id='word_1_233' title='bbox 1210 3377 1487 3438; x_wconf 85' lang='lat' dir='ltr'><strong>consistit</strong></span> <span class='ocrx_word' id='word_1_234' title='bbox 1510 3394 1622 3437; x_wconf 89' lang='lat' dir='ltr'><strong>au·</strong></span> 
     </span>
     <span class='ocr_line' id='line_1_34' title="bbox 145 3468 1625 3551; baseline 0.005 -28"><span class='ocrx_word' id='word_1_235' title='bbox 145 3470 228 3524; x_wconf 78' lang='lat' dir='ltr'><strong>iem</strong></span> <span class='ocrx_word' id='word_1_236' title='bbox 249 3468 420 3529; x_wconf 79' lang='lat' dir='ltr'><strong>unitas</strong></span> <span class='ocrx_word' id='word_1_237' title='bbox 439 3470 586 3546; x_wconf 76' lang='lat' dir='ltr'><strong>hoec,</strong></span> <span class='ocrx_word' id='word_1_238' title='bbox 623 3476 702 3531; x_wconf 86' lang='lat' dir='ltr'><strong>ut</strong></span> <span class='ocrx_word' id='word_1_239' title='bbox 753 3488 942 3551; x_wconf 87' lang='lat' dir='ltr'><strong>supra</strong></span> <span class='ocrx_word' id='word_1_240' title='bbox 974 3471 1266 3546; x_wconf 80' lang='lat' dir='ltr'><strong>vidimus,</strong></span> <span class='ocrx_word' id='word_1_241' title='bbox 1305 3470 1510 3550; x_wconf 90' lang='lat' dir='ltr'><strong>primo</strong></span> <span class='ocrx_word' id='word_1_242' title='bbox 1559 3475 1625 3531; x_wconf 84' lang='lat' dir='ltr'><strong>et</strong></span> 
     </span>
     <span class='ocr_line' id='line_1_35' title="bbox 137 3560 1624 3639; baseline 0.005 -24"><span class='ocrx_word' id='word_1_243' title='bbox 137 3572 218 3633; x_wconf 80' lang='lat' dir='ltr'><strong>per</strong></span> <span class='ocrx_word' id='word_1_244' title='bbox 233 3576 284 3619; x_wconf 85' lang='lat' dir='ltr'><strong>se</strong></span> <span class='ocrx_word' id='word_1_245' title='bbox 303 3560 360 3621; x_wconf 86' lang='lat' dir='ltr'><strong>in</strong></span> <span class='ocrx_word' id='word_1_246' title='bbox 389 3564 794 3625; x_wconf 79' lang='lat' dir='ltr'><strong>consensione</strong></span> <span class='ocrx_word' id='word_1_247' title='bbox 835 3564 904 3623; x_wconf 91' lang='lat' dir='ltr'><strong>in</strong></span> <span class='ocrx_word' id='word_1_248' title='bbox 944 3563 1227 3625; x_wconf 84' lang='lat' dir='ltr'><strong>eamdem</strong></span> <span class='ocrx_word' id='word_1_249' title='bbox 1263 3562 1476 3639; x_wconf 88' lang='lat' dir='ltr'><strong>fidem,</strong></span> <span class='ocrx_word' id='word_1_250' title='bbox 1521 3580 1624 3623; x_wconf 78' lang='lat' dir='ltr'><strong>oa-</strong></span> 
     </span>
     <span class='ocr_line' id='line_1_36' title="bbox 133 3648 1618 3737; baseline 0.005 -28"><span class='ocrx_word' id='word_1_251' title='bbox 133 3648 466 3734; x_wconf 81' lang='lat' dir='ltr'><strong>tholicamque</strong></span> <span class='ocrx_word' id='word_1_252' title='bbox 483 3656 836 3719; x_wconf 85' lang='lat' dir='ltr'><strong>doctrinam</strong></span> <span class='ocrx_word' id='word_1_253' title='bbox 861 3676 1003 3719; x_wconf 89' lang='lat' dir='ltr'><strong>cum</strong></span> <span class='ocrx_word' id='word_1_254' title='bbox 1026 3658 1280 3737; x_wconf 86' lang='lat' dir='ltr'><strong>antiqua</strong></span> <span class='ocrx_word' id='word_1_255' title='bbox 1301 3654 1618 3736; x_wconf 81' lang='lat' dir='ltr'><strong>Apostolo-</strong></span> 
     </span>
     <span class='ocr_line' id='line_1_37' title="bbox 135 3746 1620 3828; baseline 0.004 -25"><span class='ocrx_word' id='word_1_256' title='bbox 135 3758 230 3804; x_wconf 80' lang='lat' dir='ltr'><strong>rum</strong></span> <span class='ocrx_word' id='word_1_257' title='bbox 269 3746 538 3828; x_wconf 71' lang='lat' dir='ltr'><strong>Ecclesia3</strong></span> <span class='ocrx_word' id='word_1_258' title='bbox 571 3757 899 3812; x_wconf 86' lang='lat' dir='ltr'><strong>ostensum</strong></span> <span class='ocrx_word' id='word_1_259' title='bbox 944 3756 1036 3811; x_wconf 87' lang='lat' dir='ltr'><strong>est</strong></span> <span class='ocrx_word' id='word_1_260' title='bbox 1079 3756 1291 3811; x_wconf 85' lang='lat' dir='ltr'><strong>autem</strong></span> <span class='ocrx_word' id='word_1_261' title='bbox 1335 3748 1620 3810; x_wconf 87' lang='lat' dir='ltr'><strong>similiter</strong></span> 
     </span>
     <span class='ocr_line' id='line_1_38' title="bbox 135 3829 1618 3917; baseline 0.004 -20"><span class='ocrx_word' id='word_1_262' title='bbox 135 3838 364 3914; x_wconf 69' lang='lat' dir='ltr'><strong>superius,</strong></span> <span class='ocrx_word' id='word_1_263' title='bbox 392 3841 454 3901; x_wconf 89' lang='lat' dir='ltr'><strong>in</strong></span> <span class='ocrx_word' id='word_1_264' title='bbox 473 3842 748 3905; x_wconf 76' lang='lat' dir='ltr'><strong>Ecclesia</strong></span> <span class='ocrx_word' id='word_1_265' title='bbox 769 3845 1074 3917; x_wconf 83' lang='lat' dir='ltr'><strong>Romana,</strong></span> <span class='ocrx_word' id='word_1_266' title='bbox 1107 3829 1233 3904; x_wconf 81' lang='lat' dir='ltr'><strong>uno</strong></span> <span class='ocrx_word' id='word_1_267' title='bbox 1276 3842 1472 3904; x_wconf 79' lang='lat' dir='ltr'><strong>veluti</strong></span> <span class='ocrx_word' id='word_1_268' title='bbox 1509 3860 1618 3903; x_wconf 87' lang='lat' dir='ltr'><strong>ore</strong></span> 
     </span>
     <span class='ocr_line' id='line_1_39' title="bbox 129 3930 1619 4013; baseline 0.006 -26"><span class='ocrx_word' id='word_1_269' title='bbox 129 3930 344 3993; x_wconf 86' lang='lat' dir='ltr'><strong>membra</strong></span> <span class='ocrx_word' id='word_1_270' title='bbox 383 3934 509 4013; x_wconf 74' lang='lat' dir='ltr'><strong>ejus</strong></span> <span class='ocrx_word' id='word_1_271' title='bbox 540 3936 760 4001; x_wconf 87' lang='lat' dir='ltr'><strong>omnia</strong></span> <span class='ocrx_word' id='word_1_272' title='bbox 801 3938 868 3999; x_wconf 89' lang='lat' dir='ltr'><strong>in</strong></span> <span class='ocrx_word' id='word_1_273' title='bbox 899 3936 1143 3997; x_wconf 80' lang='lat' dir='ltr'><strong>easdem</strong></span> <span class='ocrx_word' id='word_1_274' title='bbox 1172 3936 1460 3998; x_wconf 81' lang='lat' dir='ltr'><strong>veritates</strong></span> <span class='ocrx_word' id='word_1_275' title='bbox 1508 3937 1619 3997; x_wconf 88' lang='lat' dir='ltr'><strong>Ca·</strong></span> 
     </span>
     <span class='ocr_line' id='line_1_40' title="bbox 131 4019 1621 4108; baseline 0.007 -29"><span class='ocrx_word' id='word_1_276' title='bbox 131 4019 328 4084; x_wconf 84' lang='lat' dir='ltr'><strong>tholicas</strong></span> <span class='ocrx_word' id='word_1_277' title='bbox 347 4029 694 4103; x_wconf 80' lang='lat' dir='ltr'><strong>convenire,</strong></span> <span class='ocrx_word' id='word_1_278' title='bbox 727 4036 790 4091; x_wconf 88' lang='lat' dir='ltr'><strong>et</strong></span> <span class='ocrx_word' id='word_1_279' title='bbox 820 4046 964 4090; x_wconf 90' lang='lat' dir='ltr'><strong>cum</strong></span> <span class='ocrx_word' id='word_1_280' title='bbox 993 4034 1124 4091; x_wconf 86' lang='lat' dir='ltr'><strong>tota</strong></span> <span class='ocrx_word' id='word_1_281' title='bbox 1155 4030 1524 4108; x_wconf 76' lang='lat' dir='ltr'><strong>antiquitate</strong></span> <span class='ocrx_word' id='word_1_282' title='bbox 1551 4031 1621 4090; x_wconf 89' lang='lat' dir='ltr'><strong>in</strong></span> 
     </span>
     <span class='ocr_line' id='line_1_41' title="bbox 129 4116 1625 4203; baseline 0.006 -30"><span class='ocrx_word' id='word_1_283' title='bbox 129 4116 346 4179; x_wconf 81' lang='lat' dir='ltr'><strong>eamdem</strong></span> <span class='ocrx_word' id='word_1_284' title='bbox 367 4120 544 4183; x_wconf 87' lang='lat' dir='ltr'><strong>fidem</strong></span> <span class='ocrx_word' id='word_1_285' title='bbox 567 4124 927 4203; x_wconf 83' lang='lat' dir='ltr'><strong>conspirare</strong></span> <span class='ocrx_word' id='word_1_286' title='bbox 940 4139 961 4199; x_wconf 90' lang='lat'>;</span> <span class='ocrx_word' id='word_1_287' title='bbox 987 4123 1494 4201; x_wconf 83' lang='lat' dir='ltr'><strong>congregationes</strong></span> <span class='ocrx_word' id='word_1_288' title='bbox 1517 4139 1625 4182; x_wconf 89' lang='lat' dir='ltr'><strong>au-</strong></span> 
     </span>
     <span class='ocr_line' id='line_1_42' title="bbox 125 4211 1624 4295; baseline 0.006 -28"><span class='ocrx_word' id='word_1_289' title='bbox 125 4214 218 4269; x_wconf 84' lang='lat' dir='ltr'><strong>tem</strong></span> <span class='ocrx_word' id='word_1_290' title='bbox 239 4211 660 4293; x_wconf 63' lang='lat' dir='ltr'><strong>haereticorum,</strong></span> <span class='ocrx_word' id='word_1_291' title='bbox 687 4234 820 4279; x_wconf 91' lang='lat' dir='ltr'><strong>non</strong></span> <span class='ocrx_word' id='word_1_292' title='bbox 847 4218 1021 4287; x_wconf 86' lang='lat' dir='ltr'><strong>item,</strong></span> <span class='ocrx_word' id='word_1_293' title='bbox 1051 4234 1195 4277; x_wconf 90' lang='lat' dir='ltr'><strong>cum</strong></span> <span class='ocrx_word' id='word_1_294' title='bbox 1225 4224 1285 4277; x_wconf 87' lang='lat' dir='ltr'><strong>et</strong></span> <span class='ocrx_word' id='word_1_295' title='bbox 1309 4234 1508 4295; x_wconf 87' lang='lat' dir='ltr'><strong>nuper</strong></span> <span class='ocrx_word' id='word_1_296' title='bbox 1530 4215 1624 4276; x_wconf 89' lang='lat' dir='ltr'><strong>in-</strong></span> 
     </span>
     <span class='ocr_line' id='line_1_43' title="bbox 127 4309 1624 4387; baseline 0.005 -24"><span class='ocrx_word' id='word_1_297' title='bbox 127 4309 341 4383; x_wconf 82' lang='lat' dir='ltr'><strong>ceperint</strong></span> <span class='ocrx_word' id='word_1_298' title='bbox 357 4314 413 4369; x_wconf 89' lang='lat' dir='ltr'><strong>et</strong></span> <span class='ocrx_word' id='word_1_299' title='bbox 435 4310 600 4371; x_wconf 88' lang='lat' dir='ltr'><strong>inter</strong></span> <span class='ocrx_word' id='word_1_300' title='bbox 617 4328 691 4371; x_wconf 88' lang='lat' dir='ltr'><strong>se</strong></span> <span class='ocrx_word' id='word_1_301' title='bbox 717 4330 846 4371; x_wconf 90' lang='lat' dir='ltr'><strong>non</strong></span> <span class='ocrx_word' id='word_1_302' title='bbox 862 4311 1270 4387; x_wconf 82' lang='lat' dir='ltr'><strong>consentiant,</strong></span> <span class='ocrx_word' id='word_1_303' title='bbox 1287 4328 1404 4370; x_wconf 89' lang='lat' dir='ltr'><strong>nec</strong></span> <span class='ocrx_word' id='word_1_304' title='bbox 1425 4310 1624 4371; x_wconf 87' lang='lat' dir='ltr'><strong>multo</strong></span> 
     </span>
     <span class='ocr_line' id='line_1_44' title="bbox 125 4400 1620 4484; baseline 0.004 -27"><span class='ocrx_word' id='word_1_305' title='bbox 125 4400 342 4478; x_wconf 84' lang='lat' dir='ltr'><strong>tempore</strong></span> <span class='ocrx_word' id='word_1_306' title='bbox 361 4404 422 4463; x_wconf 90' lang='lat' dir='ltr'><strong>in</strong></span> <span class='ocrx_word' id='word_1_307' title='bbox 449 4420 576 4464; x_wconf 84' lang='lat' dir='ltr'><strong>uua</strong></span> <span class='ocrx_word' id='word_1_308' title='bbox 607 4402 982 4465; x_wconf 82' lang='lat' dir='ltr'><strong>credulitate</strong></span> <span class='ocrx_word' id='word_1_309' title='bbox 1005 4410 1430 4484; x_wconf 83' lang='lat' dir='ltr'><strong>perseverent3</strong></span> <span class='ocrx_word' id='word_1_310' title='bbox 1459 4404 1620 4483; x_wconf 91' lang='lat' dir='ltr'><strong>quod</strong></span> 
     </span>
     <span class='ocr_line' id='line_1_45' title="bbox 125 4498 1624 4579; baseline 0.005 -29"><span class='ocrx_word' id='word_1_311' title='bbox 125 4498 246 4554; x_wconf 82' lang='lat' dir='ltr'><strong>certe</strong></span> <span class='ocrx_word' id='word_1_312' title='bbox 271 4512 337 4557; x_wconf 88' lang='lat' dir='ltr'><strong>ex</strong></span> <span class='ocrx_word' id='word_1_313' title='bbox 362 4514 430 4559; x_wconf 87' lang='lat' dir='ltr'><strong>eo</strong></span> <span class='ocrx_word' id='word_1_314' title='bbox 455 4499 656 4560; x_wconf 86' lang='lat' dir='ltr'><strong>oritur</strong></span> <span class='ocrx_word' id='word_1_315' title='bbox 683 4500 1028 4561; x_wconf 87' lang='lat' dir='ltr'><strong>necessario</strong></span> <span class='ocrx_word' id='word_1_316' title='bbox 1066 4499 1215 4579; x_wconf 90' lang='lat' dir='ltr'><strong>quia</strong></span> <span class='ocrx_word' id='word_1_317' title='bbox 1238 4498 1404 4558; x_wconf 79' lang='lat' dir='ltr'><strong>viam</strong></span> <span class='ocrx_word' id='word_1_318' title='bbox 1433 4516 1624 4559; x_wconf 90' lang='lat' dir='ltr'><strong>unam</strong></span> 
     </span>
     <span class='ocr_line' id='line_1_46' title="bbox 123 4590 1626 4670; baseline 0.005 -27"><span class='ocrx_word' id='word_1_319' title='bbox 123 4600 220 4645; x_wconf 83' lang='lat' dir='ltr'><strong>non</strong></span> <span class='ocrx_word' id='word_1_320' title='bbox 255 4598 597 4670; x_wconf 83' lang='lat' dir='ltr'><strong>sequuntur,</strong></span> <span class='ocrx_word' id='word_1_321' title='bbox 634 4598 702 4654; x_wconf 85' lang='lat' dir='ltr'><strong>et</strong></span> <span class='ocrx_word' id='word_1_322' title='bbox 747 4594 1086 4653; x_wconf 85' lang='lat' dir='ltr'><strong>animatam</strong></span> <span class='ocrx_word' id='word_1_323' title='bbox 1115 4610 1240 4652; x_wconf 83' lang='lat' dir='ltr'><strong>suae</strong></span> <span class='ocrx_word' id='word_1_324' title='bbox 1265 4590 1413 4651; x_wconf 84' lang='lat' dir='ltr'><strong>fidei</strong></span> <span class='ocrx_word' id='word_1_325' title='bbox 1439 4608 1626 4670; x_wconf 86' lang='lat' dir='ltr'><strong>regu-</strong></span> 
     </span>
     <span class='ocr_line' id='line_1_47' title="bbox 129 4672 1623 4763; baseline 0.006 -26"><span class='ocrx_word' id='word_1_326' title='bbox 129 4672 216 4737; x_wconf 79' lang='lat' dir='ltr'><strong>lam</strong></span> <span class='ocrx_word' id='word_1_327' title='bbox 258 4698 368 4743; x_wconf 89' lang='lat' dir='ltr'><strong>non</strong></span> <span class='ocrx_word' id='word_1_328' title='bbox 413 4683 646 4746; x_wconf 87' lang='lat' dir='ltr'><strong>habent</strong></span> <span class='ocrx_word' id='word_1_329' title='bbox 670 4731 692 4760; x_wconf 91' lang='lat'><strong>,</strong></span> <span class='ocrx_word' id='word_1_330' title='bbox 750 4685 857 4747; x_wconf 84' lang='lat' dir='ltr'><strong>sed</strong></span> <span class='ocrx_word' id='word_1_331' title='bbox 909 4684 1142 4747; x_wconf 89' lang='lat' dir='ltr'><strong>nudam</strong></span> <span class='ocrx_word' id='word_1_332' title='bbox 1199 4685 1578 4763; x_wconf 88' lang='lat' dir='ltr'><strong>Scripturam</strong></span> <span class='ocrx_word' id='word_1_333' title='bbox 1601 4730 1623 4759; x_wconf 90' lang='lat'><strong>,</strong></span> 
     </span>
     <span class='ocr_line' id='line_1_48' title="bbox 127 4777 1625 4859; baseline 0.004 -27"><span class='ocrx_word' id='word_1_334' title='bbox 127 4786 263 4845; x_wconf 77' lang='lat' dir='ltr'><strong>quam</strong></span> <span class='ocrx_word' id='word_1_335' title='bbox 303 4790 502 4837; x_wconf 83' lang='lat' dir='ltr'><strong>corum</strong></span> <span class='ocrx_word' id='word_1_336' title='bbox 544 4778 812 4858; x_wconf 83' lang='lat' dir='ltr'><strong>quisque</strong></span> <span class='ocrx_word' id='word_1_337' title='bbox 860 4796 976 4859; x_wconf 89' lang='lat' dir='ltr'><strong>pro</strong></span> <span class='ocrx_word' id='word_1_338' title='bbox 1003 4796 1116 4839; x_wconf 88' lang='lat' dir='ltr'><strong>suo</strong></span> <span class='ocrx_word' id='word_1_339' title='bbox 1163 4777 1465 4837; x_wconf 86' lang='lat' dir='ltr'><strong>arbitratu</strong></span> <span class='ocrx_word' id='word_1_340' title='bbox 1494 4796 1625 4838; x_wconf 90' lang='lat' dir='ltr'><strong>am·</strong></span> 
     </span>
     <span class='ocr_line' id='line_1_49' title="bbox 125 4860 1627 4951; baseline 0.006 -30"><span class='ocrx_word' id='word_1_341' title='bbox 125 4860 357 4939; x_wconf 82' lang='lat' dir='ltr'><strong>plectitur</strong></span> <span class='ocrx_word' id='word_1_342' title='bbox 391 4874 452 4931; x_wconf 85' lang='lat' dir='ltr'><strong>et</strong></span> <span class='ocrx_word' id='word_1_343' title='bbox 473 4870 924 4951; x_wconf 87' lang='lat' dir='ltr'><strong>interpretatur</strong></span> <span class='ocrx_word' id='word_1_344' title='bbox 937 4887 960 4949; x_wconf 91' lang='lat'>;</span> <span class='ocrx_word' id='word_1_345' title='bbox 1013 4888 1090 4932; x_wconf 82' lang='lat' dir='ltr'><strong>ex</strong></span> <span class='ocrx_word' id='word_1_346' title='bbox 1125 4886 1250 4950; x_wconf 91' lang='lat' dir='ltr'><strong>quo</strong></span> <span class='ocrx_word' id='word_1_347' title='bbox 1275 4868 1627 4930; x_wconf 86' lang='lat' dir='ltr'><strong>confirmari</strong></span> 
     </span>
     <span class='ocr_line' id='line_1_50' title="bbox 121 4958 1626 5043; baseline 0.005 -29"><span class='ocrx_word' id='word_1_348' title='bbox 121 4964 278 5031; x_wconf 81' lang='lat' dir='ltr'><strong>potest</strong></span> <span class='ocrx_word' id='word_1_349' title='bbox 295 4958 415 5022; x_wconf 78' lang='lat' dir='ltr'><strong>haec</strong></span> <span class='ocrx_word' id='word_1_350' title='bbox 447 4964 631 5040; x_wconf 88' lang='lat' dir='ltr'><strong>ratio,</strong></span> <span class='ocrx_word' id='word_1_351' title='bbox 685 4980 838 5025; x_wconf 88' lang='lat' dir='ltr'><strong>nam</strong></span> <span class='ocrx_word' id='word_1_352' title='bbox 865 4982 1063 5023; x_wconf 86' lang='lat' dir='ltr'><strong>unum</strong></span> <span class='ocrx_word' id='word_1_353' title='bbox 1091 4980 1167 5025; x_wconf 86' lang='lat' dir='ltr'><strong>ex</strong></span> <span class='ocrx_word' id='word_1_354' title='bbox 1191 4962 1516 5043; x_wconf 78' lang='lat' dir='ltr'><strong>praecipuis</strong></span> <span class='ocrx_word' id='word_1_355' title='bbox 1543 4962 1626 5023; x_wconf 91' lang='lat' dir='ltr'><strong>si-</strong></span> 
     </span>
     <span class='ocr_line' id='line_1_51' title="bbox 125 5050 1622 5136; baseline 0.006 -29"><span class='ocrx_word' id='word_1_356' title='bbox 125 5050 234 5125; x_wconf 82' lang='lat' dir='ltr'><strong>gnis</strong></span> <span class='ocrx_word' id='word_1_357' title='bbox 263 5068 406 5115; x_wconf 80' lang='lat' dir='ltr'><strong>verae</strong></span> <span class='ocrx_word' id='word_1_358' title='bbox 447 5060 636 5136; x_wconf 90' lang='lat' dir='ltr'><strong>atque</strong></span> <span class='ocrx_word' id='word_1_359' title='bbox 681 5057 870 5117; x_wconf 85' lang='lat' dir='ltr'><strong>unius</strong></span> <span class='ocrx_word' id='word_1_360' title='bbox 911 5056 1196 5118; x_wconf 59' lang='lat' dir='ltr'><strong>Ecclesiae</strong></span> <span class='ocrx_word' id='word_1_361' title='bbox 1243 5055 1489 5131; x_wconf 72' lang='lat' dir='ltr'><strong>Christi,</strong></span> <span class='ocrx_word' id='word_1_362' title='bbox 1529 5061 1622 5117; x_wconf 87' lang='lat' dir='ltr'><strong>est</strong></span> 
     </span>
     <span class='ocr_line' id='line_1_52' title="bbox 125 5143 1629 5229; baseline 0.005 -25"><span class='ocrx_word' id='word_1_363' title='bbox 125 5143 211 5201; x_wconf 76' lang='lat' dir='ltr'><strong>uni</strong></span> <span class='ocrx_word' id='word_1_364' title='bbox 233 5148 414 5224; x_wconf 68' lang='lat' dir='ltr'><strong>rapiti,</strong></span> <span class='ocrx_word' id='word_1_365' title='bbox 443 5149 670 5212; x_wconf 85' lang='lat' dir='ltr'><strong>Christi</strong></span> <span class='ocrx_word' id='word_1_366' title='bbox 707 5150 975 5224; x_wconf 75' lang='lat' dir='ltr'><strong>vicario,</strong></span> <span class='ocrx_word' id='word_1_367' title='bbox 1001 5150 1460 5229; x_wconf 72' lang='lat' dir='ltr'><strong>universalique</strong></span> <span class='ocrx_word' id='word_1_368' title='bbox 1486 5167 1629 5229; x_wconf 89' lang='lat' dir='ltr'><strong>pas-</strong></span> 
     </span>
     <span class='ocr_line' id='line_1_53' title="bbox 125 5236 1627 5320; baseline 0.008 -27"><span class='ocrx_word' id='word_1_369' title='bbox 125 5236 236 5312; x_wconf 81' lang='lat' dir='ltr'><strong>tori,</strong></span> <span class='ocrx_word' id='word_1_370' title='bbox 268 5243 538 5320; x_wconf 84' lang='lat' dir='ltr'><strong>copulari,</strong></span> <span class='ocrx_word' id='word_1_371' title='bbox 600 5244 708 5305; x_wconf 85' lang='lat' dir='ltr'><strong>cui</strong></span> <span class='ocrx_word' id='word_1_372' title='bbox 757 5245 824 5307; x_wconf 92' lang='lat' dir='ltr'><strong>in</strong></span> <span class='ocrx_word' id='word_1_373' title='bbox 879 5244 1063 5307; x_wconf 89' lang='lat' dir='ltr'><strong>rebus</strong></span> <span class='ocrx_word' id='word_1_374' title='bbox 1106 5244 1250 5307; x_wconf 87' lang='lat' dir='ltr'><strong>fidei</strong></span> <span class='ocrx_word' id='word_1_375' title='bbox 1289 5251 1353 5306; x_wconf 90' lang='lat' dir='ltr'><strong>et</strong></span> <span class='ocrx_word' id='word_1_376' title='bbox 1381 5262 1627 5306; x_wconf 89' lang='lat' dir='ltr'><strong>morum</strong></span> 
     </span>
     <span class='ocr_line' id='line_1_54' title="bbox 125 5330 1630 5417; baseline 0.008 -31"><span class='ocrx_word' id='word_1_377' title='bbox 125 5330 353 5411; x_wconf 50' lang='lat' dir='ltr'><strong>obediam</strong></span> <span class='ocrx_word' id='word_1_378' title='bbox 392 5336 506 5397; x_wconf 87' lang='lat' dir='ltr'><strong>hac</strong></span> <span class='ocrx_word' id='word_1_379' title='bbox 541 5337 718 5399; x_wconf 88' lang='lat' dir='ltr'><strong>enim</strong></span> <span class='ocrx_word' id='word_1_380' title='bbox 763 5340 1192 5417; x_wconf 84' lang='lat' dir='ltr'><strong>conjunctione</strong></span> <span class='ocrx_word' id='word_1_381' title='bbox 1241 5338 1401 5399; x_wconf 87' lang='lat' dir='ltr'><strong>nihil</strong></span> <span class='ocrx_word' id='word_1_382' title='bbox 1430 5338 1630 5413; x_wconf 76' lang='lat' dir='ltr'><strong>magis</strong></span> 
     </span>
     <span class='ocr_line' id='line_1_55' title="bbox 127 5429 1630 5494; baseline 0.007 -13"><span class='ocrx_word' id='word_1_383' title='bbox 127 5429 482 5490; x_wconf 81' lang='lat' dir='ltr'><strong>necessarium</strong></span> <span class='ocrx_word' id='word_1_384' title='bbox 513 5440 607 5492; x_wconf 88' lang='lat' dir='ltr'><strong>est</strong></span> <span class='ocrx_word' id='word_1_385' title='bbox 633 5431 718 5491; x_wconf 89' lang='lat' dir='ltr'><strong>ad</strong></span> <span class='ocrx_word' id='word_1_386' title='bbox 759 5432 1038 5494; x_wconf 64' lang='lat' dir='ltr'><strong>Ecclesiae</strong></span> <span class='ocrx_word' id='word_1_387' title='bbox 1071 5432 1373 5492; x_wconf 85' lang='lat' dir='ltr'><strong>unitatem</strong></span> <span class='ocrx_word' id='word_1_388' title='bbox 1419 5439 1482 5491; x_wconf 85' lang='lat' dir='ltr'><strong>et</strong></span> <span class='ocrx_word' id='word_1_389' title='bbox 1509 5437 1630 5491; x_wconf 84' lang='lat' dir='ltr'><strong>sta-</strong></span> 
     </span>
     <span class='ocr_line' id='line_1_56' title="bbox 127 5512 1628 5625; baseline 0.004 -48"><span class='ocrx_word' id='word_1_390' title='bbox 127 5512 402 5613; x_wconf 82' lang='lat' dir='ltr'><strong>bilitatem,</strong></span> <span class='ocrx_word' id='word_1_391' title='bbox 429 5532 500 5587; x_wconf 88' lang='lat' dir='ltr'><strong>ut</strong></span> <span class='ocrx_word' id='word_1_392' title='bbox 523 5525 1097 5609; x_wconf 65' lang='lat' dir='ltr'><strong>traditflcyprianus‚</strong></span> <span class='ocrx_word' id='word_1_393' title='bbox 1123 5526 1234 5588; x_wconf 86' lang='lat' dir='ltr'><strong>lib.</strong></span> <span class='ocrx_word' id='word_1_394' title='bbox 1237 5528 1293 5625; x_wconf 59' lang='lat'><strong>„¹</strong></span> <span class='ocrx_word' id='word_1_395' title='bbox 1307 5569 1328 5602; x_wconf 90' lang='lat'><strong>,</strong></span> <span class='ocrx_word' id='word_1_396' title='bbox 1359 5523 1533 5604; x_wconf 86' lang='lat' dir='ltr'><strong>epist.</strong></span> <span class='ocrx_word' id='word_1_397' title='bbox 1567 5522 1628 5601; x_wconf 88' lang='lat'><strong>3,</strong></span> 
     </span>
    </p>
   </div>
   <div class='ocr_carea' id='block_1_3' title="bbox 1680 470 3277 5597">
    <p class='ocr_par' dir='ltr' id='par_1_3' title="bbox 1680 470 3247 1583">
     <span class='ocr_line' id='line_1_57' title="bbox 1682 470 3243 553; baseline 0.003 -20"><span class='ocrx_word' id='word_1_398' title='bbox 1682 478 1744 533; x_wconf 90' lang='lat' dir='ltr'><strong>et</strong></span> <span class='ocrx_word' id='word_1_399' title='bbox 1773 470 1882 534; x_wconf 87' lang='lat' dir='ltr'><strong>lib.</strong></span> <span class='ocrx_word' id='word_1_400' title='bbox 1916 474 1979 548; x_wconf 70' lang='lat'><strong>4,</strong></span> <span class='ocrx_word' id='word_1_401' title='bbox 2011 472 2265 553; x_wconf 87' lang='lat' dir='ltr'><strong>epistola</strong></span> <span class='ocrx_word' id='word_1_402' title='bbox 2284 472 2345 549; x_wconf 89' lang='lat'><strong>8,</strong></span> <span class='ocrx_word' id='word_1_403' title='bbox 2374 478 2435 534; x_wconf 91' lang='lat' dir='ltr'><strong>et</strong></span> <span class='ocrx_word' id='word_1_404' title='bbox 2465 472 2625 535; x_wconf 89' lang='lat' dir='ltr'><strong>libro</strong></span> <span class='ocrx_word' id='word_1_405' title='bbox 2656 474 2732 537; x_wconf 83' lang='lat' dir='ltr'><strong>de</strong></span> <span class='ocrx_word' id='word_1_406' title='bbox 2762 474 3010 539; x_wconf 88' lang='lat' dir='ltr'><strong>Unitate</strong></span> <span class='ocrx_word' id='word_1_407' title='bbox 3036 476 3243 537; x_wconf 80' lang='lat' dir='ltr'><strong>Eccle-</strong></span> 
     </span>
     <span class='ocr_line' id='line_1_58' title="bbox 1681 565 3243 646; baseline -0.001 -19"><span class='ocrx_word' id='word_1_408' title='bbox 1681 565 1812 641; x_wconf 64' lang='lat' dir='ltr'><strong>siae,</strong></span> <span class='ocrx_word' id='word_1_409' title='bbox 1865 584 2099 645; x_wconf 88' lang='lat' dir='ltr'><strong>nosque</strong></span> <span class='ocrx_word' id='word_1_410' title='bbox 2140 584 2216 626; x_wconf 80' lang='lat' dir='ltr'><strong>ex</strong></span> <span class='ocrx_word' id='word_1_411' title='bbox 2244 573 2418 646; x_wconf 86' lang='lat' dir='ltr'><strong>parte</strong></span> <span class='ocrx_word' id='word_1_412' title='bbox 2456 565 2521 626; x_wconf 92' lang='lat' dir='ltr'><strong>in</strong></span> <span class='ocrx_word' id='word_1_413' title='bbox 2550 567 2971 646; x_wconf 88' lang='lat' dir='ltr'><strong>superioribus</strong></span> <span class='ocrx_word' id='word_1_414' title='bbox 3029 567 3243 631; x_wconf 85' lang='lat' dir='ltr'><strong>docui-</strong></span> 
     </span>
     <span class='ocr_line' id='line_1_59' title="bbox 1681 659 3240 739; baseline 0.002 -21"><span class='ocrx_word' id='word_1_415' title='bbox 1681 677 1844 734; x_wconf 70' lang='lat' dir='ltr'><strong>mim,</strong></span> <span class='ocrx_word' id='word_1_416' title='bbox 1875 666 2063 739; x_wconf 87' lang='lat' dir='ltr'><strong>atque</strong></span> <span class='ocrx_word' id='word_1_417' title='bbox 2106 676 2181 721; x_wconf 84' lang='lat' dir='ltr'><strong>ex</strong></span> <span class='ocrx_word' id='word_1_418' title='bbox 2230 665 2407 739; x_wconf 87' lang='lat' dir='ltr'><strong>parte</strong></span> <span class='ocrx_word' id='word_1_419' title='bbox 2452 659 3012 721; x_wconf 86' lang='lat' dir='ltr'><strong>demonstrabimus</strong></span> <span class='ocrx_word' id='word_1_420' title='bbox 3040 663 3107 721; x_wconf 88' lang='lat' dir='ltr'><strong>in</strong></span> <span class='ocrx_word' id='word_1_421' title='bbox 3146 678 3240 721; x_wconf 88' lang='lat' dir='ltr'><strong>se-</strong></span> 
     </span>
     <span class='ocr_line' id='line_1_60' title="bbox 1680 752 3244 835; baseline -0.001 -20"><span class='ocrx_word' id='word_1_422' title='bbox 1680 754 2031 835; x_wconf 84' lang='lat' dir='ltr'><strong>quentibus,</strong></span> <span class='ocrx_word' id='word_1_423' title='bbox 2063 759 2126 814; x_wconf 89' lang='lat' dir='ltr'><strong>et</strong></span> <span class='ocrx_word' id='word_1_424' title='bbox 2150 772 2226 814; x_wconf 88' lang='lat' dir='ltr'><strong>ea</strong></span> <span class='ocrx_word' id='word_1_425' title='bbox 2266 771 2407 833; x_wconf 80' lang='lat' dir='ltr'><strong>quae</strong></span> <span class='ocrx_word' id='word_1_426' title='bbox 2455 752 2523 813; x_wconf 86' lang='lat' dir='ltr'><strong>iu</strong></span> <span class='ocrx_word' id='word_1_427' title='bbox 2554 752 2858 814; x_wconf 83' lang='lat' dir='ltr'><strong>haereticis</strong></span> <span class='ocrx_word' id='word_1_428' title='bbox 2884 755 3033 833; x_wconf 88' lang='lat' dir='ltr'><strong>ipsis</strong></span> <span class='ocrx_word' id='word_1_429' title='bbox 3060 772 3131 813; x_wconf 83' lang='lat' dir='ltr'><strong>ex</strong></span> <span class='ocrx_word' id='word_1_430' title='bbox 3142 772 3244 833; x_wconf 54' lang='lat' dir='ltr'><strong>pon</strong></span> 
     </span>
     <span class='ocr_line' id='line_1_61' title="bbox 1681 846 3239 928; baseline -0.003 -18"><span class='ocrx_word' id='word_1_431' title='bbox 1681 850 1884 910; x_wconf 90' lang='lat' dir='ltr'><strong>rimur</strong></span> <span class='ocrx_word' id='word_1_432' title='bbox 1933 848 2123 928; x_wconf 80' lang='lat' dir='ltr'><strong>hujus</strong></span> <span class='ocrx_word' id='word_1_433' title='bbox 2170 848 2263 907; x_wconf 91' lang='lat' dir='ltr'><strong>rei</strong></span> <span class='ocrx_word' id='word_1_434' title='bbox 2296 846 2701 908; x_wconf 83' lang='lat' dir='ltr'><strong>sufficientem</strong></span> <span class='ocrx_word' id='word_1_435' title='bbox 2750 846 2988 908; x_wconf 85' lang='lat' dir='ltr'><strong>faciunt</strong></span> <span class='ocrx_word' id='word_1_436' title='bbox 3025 846 3239 907; x_wconf 85' lang='lat' dir='ltr'><strong>fidem.</strong></span> 
     </span>
     <span class='ocr_line' id='line_1_62' title="bbox 1683 939 3241 1020; baseline 0 -20"><span class='ocrx_word' id='word_1_437' title='bbox 1683 942 1840 1016; x_wconf 82' lang='lat' dir='ltr'><strong>Quia</strong></span> <span class='ocrx_word' id='word_1_438' title='bbox 1867 942 2037 1002; x_wconf 87' lang='lat' dir='ltr'><strong>enim</strong></span> <span class='ocrx_word' id='word_1_439' title='bbox 2060 940 2145 1001; x_wconf 88' lang='lat' dir='ltr'><strong>ab</strong></span> <span class='ocrx_word' id='word_1_440' title='bbox 2177 940 2295 1002; x_wconf 86' lang='lat' dir='ltr'><strong>hoc</strong></span> <span class='ocrx_word' id='word_1_441' title='bbox 2326 940 2523 1020; x_wconf 88' lang='lat' dir='ltr'><strong>capite</strong></span> <span class='ocrx_word' id='word_1_442' title='bbox 2568 939 2858 1017; x_wconf 86' lang='lat' dir='ltr'><strong>disjuncti</strong></span> <span class='ocrx_word' id='word_1_443' title='bbox 2906 948 3067 1014; x_wconf 85' lang='lat' dir='ltr'><strong>sunt,</strong></span> <span class='ocrx_word' id='word_1_444' title='bbox 3112 954 3241 1000; x_wconf 86' lang='lat' dir='ltr'><strong>non</strong></span> 
     </span>
     <span class='ocr_line' id='line_1_63' title="bbox 1682 1033 3247 1117; baseline -0.003 -20"><span class='ocrx_word' id='word_1_445' title='bbox 1682 1036 1882 1097; x_wconf 87' lang='lat' dir='ltr'><strong>solum</strong></span> <span class='ocrx_word' id='word_1_446' title='bbox 1918 1036 1986 1097; x_wconf 91' lang='lat' dir='ltr'><strong>in</strong></span> <span class='ocrx_word' id='word_1_447' title='bbox 2012 1035 2136 1097; x_wconf 90' lang='lat' dir='ltr'><strong>fide</strong></span> <span class='ocrx_word' id='word_1_448' title='bbox 2169 1035 2331 1095; x_wconf 87' lang='lat' dir='ltr'><strong>inter</strong></span> <span class='ocrx_word' id='word_1_449' title='bbox 2368 1053 2433 1095; x_wconf 89' lang='lat' dir='ltr'><strong>se</strong></span> <span class='ocrx_word' id='word_1_450' title='bbox 2466 1036 2719 1117; x_wconf 71' lang='lat' dir='ltr'><strong>(nedum</strong></span> <span class='ocrx_word' id='word_1_451' title='bbox 2770 1052 2809 1094; x_wconf 95' lang='lat' dir='ltr'><strong>a</strong></span> <span class='ocrx_word' id='word_1_452' title='bbox 2849 1033 3051 1111; x_wconf 87' lang='lat' dir='ltr'><strong>nobis)</strong></span> <span class='ocrx_word' id='word_1_453' title='bbox 3100 1039 3247 1094; x_wconf 88' lang='lat' dir='ltr'><strong>sunt</strong></span> 
     </span>
     <span class='ocr_line' id='line_1_64' title="bbox 1682 1107 3244 1209; baseline -0.001 -19"><span class='ocrx_word' id='word_1_454' title='bbox 1682 1130 1886 1205; x_wconf 74' lang='lat' dir='ltr'><strong>divisi,</strong></span> <span class='ocrx_word' id='word_1_455' title='bbox 1927 1130 2034 1192; x_wconf 75' lang='lat' dir='ltr'><strong>sed</strong></span> <span class='ocrx_word' id='word_1_456' title='bbox 2062 1129 2217 1191; x_wconf 75' lang='lat' dir='ltr'><strong>nihii</strong></span> <span class='ocrx_word' id='word_1_457' title='bbox 2270 1130 2398 1191; x_wconf 78' lang='lat' dir='ltr'><strong>fere</strong></span> <span class='ocrx_word' id='word_1_458' title='bbox 2444 1146 2659 1191; x_wconf 76' lang='lat' dir='ltr'><strong>eorum</strong></span> <span class='ocrx_word' id='word_1_459' title='bbox 2688 1107 2959 1191; x_wconf 51' lang='lat' dir='ltr'><strong>detinent</strong></span> <span class='ocrx_word' id='word_1_460' title='bbox 2996 1148 3135 1209; x_wconf 74' lang='lat' dir='ltr'><strong>quoe,</strong></span> <span class='ocrx_word' id='word_1_461' title='bbox 3162 1129 3244 1190; x_wconf 71' lang='lat' dir='ltr'><strong>aa</strong></span> 
     </span>
     <span class='ocr_line' id='line_1_65' title="bbox 1683 1222 3247 1288; baseline 0 -3"><span class='ocrx_word' id='word_1_462' title='bbox 1683 1224 1991 1285; x_wconf 86' lang='lat' dir='ltr'><strong>unitatem</strong></span> <span class='ocrx_word' id='word_1_463' title='bbox 2039 1222 2319 1285; x_wconf 64' lang='lat' dir='ltr'><strong>Ecclesiae</strong></span> <span class='ocrx_word' id='word_1_464' title='bbox 2376 1230 2439 1285; x_wconf 84' lang='lat' dir='ltr'><strong>et</strong></span> <span class='ocrx_word' id='word_1_465' title='bbox 2484 1230 2921 1288; x_wconf 84' lang='lat' dir='ltr'><strong>ornamentum</strong></span> <span class='ocrx_word' id='word_1_466' title='bbox 2971 1223 3247 1285; x_wconf 84' lang='lat' dir='ltr'><strong>maxime</strong></span> 
     </span>
     <span class='ocr_line' id='line_1_66' title="bbox 1685 1317 3243 1398; baseline -0.001 -19"><span class='ocrx_word' id='word_1_467' title='bbox 1685 1319 2031 1380; x_wconf 86' lang='lat' dir='ltr'><strong>necessaria</strong></span> <span class='ocrx_word' id='word_1_468' title='bbox 2056 1324 2228 1394; x_wconf 84' lang='lat' dir='ltr'><strong>sunt,</strong></span> <span class='ocrx_word' id='word_1_469' title='bbox 2258 1317 2461 1398; x_wconf 88' lang='lat' dir='ltr'><strong>qualis</strong></span> <span class='ocrx_word' id='word_1_470' title='bbox 2488 1324 2584 1379; x_wconf 89' lang='lat' dir='ltr'><strong>est</strong></span> <span class='ocrx_word' id='word_1_471' title='bbox 2598 1317 2927 1379; x_wconf 88' lang='lat' dir='ltr'><strong>concordia</strong></span> <span class='ocrx_word' id='word_1_472' title='bbox 2945 1318 3011 1378; x_wconf 91' lang='lat' dir='ltr'><strong>in</strong></span> <span class='ocrx_word' id='word_1_473' title='bbox 3026 1318 3243 1378; x_wconf 89' lang='lat' dir='ltr'><strong>eodem</strong></span> 
     </span>
     <span class='ocr_line' id='line_1_67' title="bbox 1683 1410 3246 1490; baseline 0.001 -19"><span class='ocrx_word' id='word_1_474' title='bbox 1683 1430 1800 1473; x_wconf 85' lang='lat' dir='ltr'><strong>usu</strong></span> <span class='ocrx_word' id='word_1_475' title='bbox 1827 1412 2077 1490; x_wconf 83' lang='lat' dir='ltr'><strong>rituque</strong></span> <span class='ocrx_word' id='word_1_476' title='bbox 2105 1416 2657 1486; x_wconf 85' lang='lat' dir='ltr'><strong>sacramentorum,</strong></span> <span class='ocrx_word' id='word_1_477' title='bbox 2680 1411 2896 1471; x_wconf 84' lang='lat' dir='ltr'><strong>eodem</strong></span> <span class='ocrx_word' id='word_1_478' title='bbox 2924 1410 3246 1486; x_wconf 84' lang='lat' dir='ltr'><strong>sacrifici0,</strong></span> 
     </span>
     <span class='ocr_line' id='line_1_68' title="bbox 1683 1502 3040 1583; baseline 0.001 -20"><span class='ocrx_word' id='word_1_479' title='bbox 1683 1504 1750 1565; x_wconf 90' lang='lat' dir='ltr'><strong>in</strong></span> <span class='ocrx_word' id='word_1_480' title='bbox 1780 1504 1889 1565; x_wconf 88' lang='lat' dir='ltr'><strong>Dei</strong></span> <span class='ocrx_word' id='word_1_481' title='bbox 1917 1503 2112 1580; x_wconf 86' lang='lat' dir='ltr'><strong>cultu,</strong></span> <span class='ocrx_word' id='word_1_482' title='bbox 2142 1505 2211 1565; x_wconf 89' lang='lat' dir='ltr'><strong>in</strong></span> <span class='ocrx_word' id='word_1_483' title='bbox 2230 1502 2569 1583; x_wconf 56' lang='lat' dir='ltr'><strong>⁴praecipuis</strong></span> <span class='ocrx_word' id='word_1_484' title='bbox 2600 1504 2895 1578; x_wconf 89' lang='lat' dir='ltr'><strong>moribus,</strong></span> <span class='ocrx_word' id='word_1_485' title='bbox 2928 1509 3040 1565; x_wconf 85' lang='lat' dir='ltr'><strong>etc.</strong></span> 
     </span>
    </p>

    <p class='ocr_par' dir='ltr' id='par_1_4' title="bbox 1685 1596 3277 4109">
     <span class='ocr_line' id='line_1_69' title="bbox 1766 1596 3249 1679; baseline -0.001 -20"><span class='ocrx_word' id='word_1_486' title='bbox 1766 1602 1828 1659; x_wconf 86' lang='lat'><strong>7.</strong></span> <span class='ocrx_word' id='word_1_487' title='bbox 1870 1597 2183 1661; x_wconf 63' lang='lat' dir='ltr'><strong>Probatur</strong></span> <span class='ocrx_word' id='word_1_488' title='bbox 2206 1596 2413 1679; x_wconf 69' lang='lat' dir='ltr'><strong>quinto</strong></span> <span class='ocrx_word' id='word_1_489' title='bbox 2454 1614 2529 1659; x_wconf 68' lang='lat' dir='ltr'><strong>ea</strong></span> <span class='ocrx_word' id='word_1_490' title='bbox 2566 1599 2861 1661; x_wconf 77' lang='lat' dir='ltr'><strong>attributo</strong></span> <span class='ocrx_word' id='word_1_491' title='bbox 2890 1600 3134 1661; x_wconf 89' lang='lat' dir='ltr'><strong>Sancta.</strong></span> <span class='ocrx_word' id='word_1_492' title='bbox 3166 1627 3249 1643; x_wconf 90' lang='lat'>-</span> 
     </span>
     <span class='ocr_line' id='line_1_70' title="bbox 1688 1690 3243 1766; baseline 0.001 -16"><span class='ocrx_word' id='word_1_493' title='bbox 1688 1692 1914 1766; x_wconf 89' lang='lat' dir='ltr'><strong>Quinta</strong></span> <span class='ocrx_word' id='word_1_494' title='bbox 1951 1691 2111 1752; x_wconf 85' lang='lat' dir='ltr'><strong>ratio</strong></span> <span class='ocrx_word' id='word_1_495' title='bbox 2134 1692 2407 1753; x_wconf 87' lang='lat' dir='ltr'><strong>sumitur</strong></span> <span class='ocrx_word' id='word_1_496' title='bbox 2436 1708 2511 1752; x_wconf 80' lang='lat' dir='ltr'><strong>ex</strong></span> <span class='ocrx_word' id='word_1_497' title='bbox 2542 1690 2826 1753; x_wconf 79' lang='lat' dir='ltr'><strong>Ecclesiae</strong></span> <span class='ocrx_word' id='word_1_498' title='bbox 2873 1690 3243 1765; x_wconf 75' lang='lat' dir='ltr'><strong>Sanctitate,</strong></span> 
     </span>
     <span class='ocr_line' id='line_1_71' title="bbox 1685 1784 3249 1864; baseline 0 -19"><span class='ocrx_word' id='word_1_499' title='bbox 1685 1784 2298 1864; x_wconf 85' lang='lat' dir='ltr'><strong>quamvis-plurima,</strong></span> <span class='ocrx_word' id='word_1_500' title='bbox 2350 1801 2489 1864; x_wconf 82' lang='lat' dir='ltr'><strong>quae</strong></span> <span class='ocrx_word' id='word_1_501' title='bbox 2528 1786 2606 1846; x_wconf 89' lang='lat' dir='ltr'><strong>de</strong></span> <span class='ocrx_word' id='word_1_502' title='bbox 2643 1784 2761 1845; x_wconf 87' lang='lat' dir='ltr'><strong>hac</strong></span> <span class='ocrx_word' id='word_1_503' title='bbox 2804 1802 2872 1845; x_wconf 90' lang='lat' dir='ltr'><strong>re</strong></span> <span class='ocrx_word' id='word_1_504' title='bbox 2916 1784 3038 1845; x_wconf 88' lang='lat' dir='ltr'><strong>dici</strong></span> <span class='ocrx_word' id='word_1_505' title='bbox 3080 1790 3249 1863; x_wconf 87' lang='lat' dir='ltr'><strong>pote·</strong></span> 
     </span>
     <span class='ocr_line' id='line_1_72' title="bbox 1686 1878 3244 1959; baseline 0.001 -19"><span class='ocrx_word' id='word_1_506' title='bbox 1686 1886 1851 1954; x_wconf 86' lang='lat' dir='ltr'><strong>rant,</strong></span> <span class='ocrx_word' id='word_1_507' title='bbox 1867 1896 2082 1959; x_wconf 87' lang='lat' dir='ltr'><strong>supra,</strong></span> <span class='ocrx_word' id='word_1_508' title='bbox 2106 1896 2244 1939; x_wconf 91' lang='lat' dir='ltr'><strong>cum</strong></span> <span class='ocrx_word' id='word_1_509' title='bbox 2275 1878 2355 1941; x_wconf 86' lang='lat' dir='ltr'><strong>de</strong></span> <span class='ocrx_word' id='word_1_510' title='bbox 2381 1878 2789 1941; x_wconf 88' lang='lat' dir='ltr'><strong>credibilitate</strong></span> <span class='ocrx_word' id='word_1_511' title='bbox 2806 1878 2977 1955; x_wconf 87' lang='lat' dir='ltr'><strong>fidei,</strong></span> <span class='ocrx_word' id='word_1_512' title='bbox 2994 1878 3153 1958; x_wconf 90' lang='lat' dir='ltr'><strong>disp.</strong></span> <span class='ocrx_word' id='word_1_513' title='bbox 3182 1882 3244 1955; x_wconf 71' lang='lat'><strong>4,</strong></span> 
     </span>
     <span class='ocr_line' id='line_1_73' title="bbox 1687 1972 3251 2053; baseline -0.001 -18"><span class='ocrx_word' id='word_1_514' title='bbox 1687 1980 1834 2037; x_wconf 84' lang='lat' dir='ltr'><strong>sect.</strong></span> <span class='ocrx_word' id='word_1_515' title='bbox 1880 1976 1919 2035; x_wconf 87' lang='grc'><strong>3</strong></span> <span class='ocrx_word' id='word_1_516' title='bbox 1949 1980 2015 2035; x_wconf 88' lang='lat' dir='ltr'><strong>et</strong></span> <span class='ocrx_word' id='word_1_517' title='bbox 2037 1972 2457 2053; x_wconf 86' lang='lat' dir='ltr'><strong>sequentibus,</strong></span> <span class='ocrx_word' id='word_1_518' title='bbox 2510 1990 2857 2051; x_wconf 86' lang='lat' dir='ltr'><strong>ageremus,</strong></span> <span class='ocrx_word' id='word_1_519' title='bbox 2912 1974 3251 2035; x_wconf 81' lang='lat' dir='ltr'><strong>insinuavi-</strong></span> 
     </span>
     <span class='ocr_line' id='line_1_74' title="bbox 1693 2066 3252 2144; baseline 0 -17"><span class='ocrx_word' id='word_1_520' title='bbox 1693 2084 1851 2129; x_wconf 85' lang='lat' dir='ltr'><strong>mus.</strong></span> <span class='ocrx_word' id='word_1_521' title='bbox 1891 2067 2168 2129; x_wconf 85' lang='lat' dir='ltr'><strong>Primum</strong></span> <span class='ocrx_word' id='word_1_522' title='bbox 2201 2067 2417 2144; x_wconf 85' lang='lat' dir='ltr'><strong>igitur,</strong></span> <span class='ocrx_word' id='word_1_523' title='bbox 2465 2066 2749 2128; x_wconf 76' lang='lat' dir='ltr'><strong>Ecclesiae</strong></span> <span class='ocrx_word' id='word_1_524' title='bbox 2789 2066 3138 2142; x_wconf 74' lang='lat' dir='ltr'><strong>Sanctitas,</strong></span> <span class='ocrx_word' id='word_1_525' title='bbox 3182 2066 3252 2127; x_wconf 84' lang='lat' dir='ltr'><strong>in</strong></span> 
     </span>
     <span class='ocr_line' id='line_1_75' title="bbox 1692 2159 3249 2239; baseline 0 -18"><span class='ocrx_word' id='word_1_526' title='bbox 1692 2160 2033 2222; x_wconf 85' lang='lat' dir='ltr'><strong>rectissima</strong></span> <span class='ocrx_word' id='word_1_527' title='bbox 2060 2177 2131 2219; x_wconf 92' lang='lat' dir='ltr'><strong>ac</strong></span> <span class='ocrx_word' id='word_1_528' title='bbox 2162 2160 2491 2239; x_wconf 88' lang='lat' dir='ltr'><strong>purissima</strong></span> <span class='ocrx_word' id='word_1_529' title='bbox 2516 2159 2903 2222; x_wconf 88' lang='lat' dir='ltr'><strong>institutione</strong></span> <span class='ocrx_word' id='word_1_530' title='bbox 2931 2161 3249 2237; x_wconf 77' lang='lat' dir='ltr'><strong>consistit3</strong></span> 
     </span>
     <span class='ocr_line' id='line_1_76' title="bbox 1695 2250 3255 2333; baseline 0.001 -19"><span class='ocrx_word' id='word_1_531' title='bbox 1695 2259 1786 2314; x_wconf 88' lang='lat' dir='ltr'><strong>est</strong></span> <span class='ocrx_word' id='word_1_532' title='bbox 1830 2258 2038 2315; x_wconf 86' lang='lat' dir='ltr'><strong>autem</strong></span> <span class='ocrx_word' id='word_1_533' title='bbox 2088 2250 2340 2313; x_wconf 86' lang='lat' dir='ltr'><strong>evidens</strong></span> <span class='ocrx_word' id='word_1_534' title='bbox 2386 2251 2737 2329; x_wconf 72' lang='lat' dir='ltr'><strong>Erclesiam,</strong></span> <span class='ocrx_word' id='word_1_535' title='bbox 2798 2272 2987 2333; x_wconf 89' lang='lat' dir='ltr'><strong>quam</strong></span> <span class='ocrx_word' id='word_1_536' title='bbox 3038 2270 3255 2315; x_wconf 79' lang='lat' dir='ltr'><strong>veram</strong></span> 
     </span>
     <span class='ocr_line' id='line_1_77' title="bbox 1693 2346 3254 2427; baseline -0.001 -18"><span class='ocrx_word' id='word_1_537' title='bbox 1693 2362 1822 2409; x_wconf 85' lang='lat' dir='ltr'><strong>esse</strong></span> <span class='ocrx_word' id='word_1_538' title='bbox 1853 2346 2373 2421; x_wconf 83' lang='lat' dir='ltr'><strong>demonstramus,</strong></span> <span class='ocrx_word' id='word_1_539' title='bbox 2418 2348 2675 2407; x_wconf 90' lang='lat' dir='ltr'><strong>omnino</strong></span> <span class='ocrx_word' id='word_1_540' title='bbox 2716 2347 3022 2427; x_wconf 85' lang='lat' dir='ltr'><strong>integram</strong></span> <span class='ocrx_word' id='word_1_541' title='bbox 3064 2354 3127 2409; x_wconf 90' lang='lat' dir='ltr'><strong>et</strong></span> <span class='ocrx_word' id='word_1_542' title='bbox 3156 2364 3254 2408; x_wconf 90' lang='lat' dir='ltr'><strong>sa·</strong></span> 
     </span>
     <span class='ocr_line' id='line_1_78' title="bbox 1689 2439 3253 2520; baseline -0.001 -17"><span class='ocrx_word' id='word_1_543' title='bbox 1689 2458 1839 2503; x_wconf 87' lang='lat' dir='ltr'><strong>nam</strong></span> <span class='ocrx_word' id='word_1_544' title='bbox 1867 2441 2211 2503; x_wconf 84' lang='lat' dir='ltr'><strong>doctrinam</strong></span> <span class='ocrx_word' id='word_1_545' title='bbox 2238 2442 2304 2501; x_wconf 92' lang='lat' dir='ltr'><strong>in</strong></span> <span class='ocrx_word' id='word_1_546' title='bbox 2327 2440 2424 2502; x_wconf 88' lang='lat' dir='ltr'><strong>his</strong></span> <span class='ocrx_word' id='word_1_547' title='bbox 2450 2459 2591 2520; x_wconf 79' lang='lat' dir='ltr'><strong>quae</strong></span> <span class='ocrx_word' id='word_1_548' title='bbox 2619 2439 2699 2502; x_wconf 91' lang='lat' dir='ltr'><strong>ad</strong></span> <span class='ocrx_word' id='word_1_549' title='bbox 2729 2458 2927 2502; x_wconf 87' lang='lat' dir='ltr'><strong>mores</strong></span> <span class='ocrx_word' id='word_1_550' title='bbox 2950 2446 3253 2519; x_wconf 86' lang='lat' dir='ltr'><strong>spectant,</strong></span> 
     </span>
     <span class='ocr_line' id='line_1_79' title="bbox 1691 2534 3257 2614; baseline -0.001 -17"><span class='ocrx_word' id='word_1_551' title='bbox 1691 2535 2043 2606; x_wconf 77' lang='lat' dir='ltr'><strong>continere:</strong></span> <span class='ocrx_word' id='word_1_552' title='bbox 2092 2553 2292 2613; x_wconf 88' lang='lat' dir='ltr'><strong>neque</strong></span> <span class='ocrx_word' id='word_1_553' title='bbox 2320 2534 2558 2614; x_wconf 87' lang='lat' dir='ltr'><strong>aliquid</strong></span> <span class='ocrx_word' id='word_1_554' title='bbox 2595 2534 2663 2595; x_wconf 90' lang='lat' dir='ltr'><strong>in</strong></span> <span class='ocrx_word' id='word_1_555' title='bbox 2704 2536 2839 2613; x_wconf 87' lang='lat' dir='ltr'><strong>ejus</strong></span> <span class='ocrx_word' id='word_1_556' title='bbox 2866 2536 3257 2596; x_wconf 86' lang='lat' dir='ltr'><strong>institutione</strong></span> 
     </span>
     <span class='ocr_line' id='line_1_80' title="bbox 1691 2626 3257 2709; baseline -0.001 -19"><span class='ocrx_word' id='word_1_557' title='bbox 1691 2628 2061 2709; x_wconf 85' lang='lat' dir='ltr'><strong>reprehendi</strong></span> <span class='ocrx_word' id='word_1_558' title='bbox 2106 2645 2302 2707; x_wconf 87' lang='lat' dir='ltr'><strong>posse,</strong></span> <span class='ocrx_word' id='word_1_559' title='bbox 2334 2626 2501 2706; x_wconf 88' lang='lat' dir='ltr'><strong>quod</strong></span> <span class='ocrx_word' id='word_1_560' title='bbox 2539 2628 2809 2689; x_wconf 85' lang='lat' dir='ltr'><strong>naturali</strong></span> <span class='ocrx_word' id='word_1_561' title='bbox 2850 2629 2977 2708; x_wconf 87' lang='lat' dir='ltr'><strong>juri</strong></span> <span class='ocrx_word' id='word_1_562' title='bbox 3012 2633 3257 2690; x_wconf 87' lang='lat' dir='ltr'><strong>contra-</strong></span> 
     </span>
     <span class='ocr_line' id='line_1_81' title="bbox 1689 2721 3261 2801; baseline -0.001 -17"><span class='ocrx_word' id='word_1_563' title='bbox 1689 2724 1855 2785; x_wconf 87' lang='lat' dir='ltr'><strong>rium</strong></span> <span class='ocrx_word' id='word_1_564' title='bbox 1879 2723 1978 2784; x_wconf 85' lang='lat' dir='ltr'><strong>sit.</strong></span> <span class='ocrx_word' id='word_1_565' title='bbox 2004 2724 2073 2783; x_wconf 90' lang='lat' dir='ltr'><strong>ln</strong></span> <span class='ocrx_word' id='word_1_566' title='bbox 2102 2722 2177 2781; x_wconf 84' lang='lat' dir='ltr'><strong>iis</strong></span> <span class='ocrx_word' id='word_1_567' title='bbox 2205 2722 2393 2783; x_wconf 89' lang='lat' dir='ltr'><strong>etiam</strong></span> <span class='ocrx_word' id='word_1_568' title='bbox 2420 2738 2561 2801; x_wconf 83' lang='lat' dir='ltr'><strong>quae</strong></span> <span class='ocrx_word' id='word_1_569' title='bbox 2584 2721 2663 2781; x_wconf 84' lang='lat' dir='ltr'><strong>ad</strong></span> <span class='ocrx_word' id='word_1_570' title='bbox 2692 2721 2927 2783; x_wconf 83' lang='lat' dir='ltr'><strong>cultum</strong></span> <span class='ocrx_word' id='word_1_571' title='bbox 2953 2723 3061 2783; x_wconf 89' lang='lat' dir='ltr'><strong>Dei</strong></span> <span class='ocrx_word' id='word_1_572' title='bbox 3091 2738 3261 2801; x_wconf 86' lang='lat' dir='ltr'><strong>spec·</strong></span> 
     </span>
     <span class='ocr_line' id='line_1_82' title="bbox 1693 2815 3260 2893; baseline -0.001 -16"><span class='ocrx_word' id='word_1_573' title='bbox 1693 2822 1850 2891; x_wconf 85' lang='lat' dir='ltr'><strong>tant,</strong></span> <span class='ocrx_word' id='word_1_574' title='bbox 1907 2832 2219 2877; x_wconf 87' lang='lat' dir='ltr'><strong>summam</strong></span> <span class='ocrx_word' id='word_1_575' title='bbox 2276 2821 2522 2876; x_wconf 80' lang='lat' dir='ltr'><strong>exercet</strong></span> <span class='ocrx_word' id='word_1_576' title='bbox 2572 2815 2892 2893; x_wconf 85' lang='lat' dir='ltr'><strong>pietatem,</strong></span> <span class='ocrx_word' id='word_1_577' title='bbox 2951 2816 3260 2893; x_wconf 87' lang='lat' dir='ltr'><strong>justitiam</strong></span> 
     </span>
     <span class='ocr_line' id='line_1_83' title="bbox 1693 2908 3260 2988; baseline 0 -19"><span class='ocrx_word' id='word_1_578' title='bbox 1693 2908 1880 2971; x_wconf 85' lang='lat' dir='ltr'><strong>etiam</strong></span> <span class='ocrx_word' id='word_1_579' title='bbox 1905 2914 1967 2969; x_wconf 86' lang='lat' dir='ltr'><strong>et</strong></span> <span class='ocrx_word' id='word_1_580' title='bbox 1995 2908 2483 2970; x_wconf 88' lang='lat' dir='ltr'><strong>misericordiam</strong></span> <span class='ocrx_word' id='word_1_581' title='bbox 2516 2926 2663 2987; x_wconf 81' lang='lat' dir='ltr'><strong>erga</strong></span> <span class='ocrx_word' id='word_1_582' title='bbox 2688 2908 3039 2988; x_wconf 84' lang='lat' dir='ltr'><strong>proxim0s3</strong></span> <span class='ocrx_word' id='word_1_583' title='bbox 3081 2908 3260 2970; x_wconf 84' lang='lat' dir='ltr'><strong>docet</strong></span> 
     </span>
     <span class='ocr_line' id='line_1_84' title="bbox 1694 3001 3259 3083; baseline 0.001 -21"><span class='ocrx_word' id='word_1_584' title='bbox 1694 3003 2199 3081; x_wconf 87' lang='lat' dir='ltr'><strong>temperantiam,</strong></span> <span class='ocrx_word' id='word_1_585' title='bbox 2228 3007 2292 3063; x_wconf 88' lang='lat' dir='ltr'><strong>et</strong></span> <span class='ocrx_word' id='word_1_586' title='bbox 2319 3001 2689 3078; x_wconf 83' lang='lat' dir='ltr'><strong>castitatem,</strong></span> <span class='ocrx_word' id='word_1_587' title='bbox 2720 3007 2783 3063; x_wconf 90' lang='lat' dir='ltr'><strong>et</strong></span> <span class='ocrx_word' id='word_1_588' title='bbox 2830 3008 3079 3063; x_wconf 81' lang='lat' dir='ltr'><strong>caeteras</strong></span> <span class='ocrx_word' id='word_1_589' title='bbox 3118 3020 3259 3083; x_wconf 88' lang='lat' dir='ltr'><strong>per-</strong></span> 
     </span>
     <span class='ocr_line' id='line_1_85' title="bbox 1693 3088 3277 3175; baseline -0.002 -18"><span class='ocrx_word' id='word_1_590' title='bbox 1693 3094 1886 3157; x_wconf 84' lang='lat' dir='ltr'><strong>fectas</strong></span> <span class='ocrx_word' id='word_1_591' title='bbox 1908 3095 2170 3157; x_wconf 81' lang='lat' dir='ltr'><strong>virtutes</strong></span> <span class='ocrx_word' id='word_1_592' title='bbox 2208 3096 2626 3169; x_wconf 88' lang='lat' dir='ltr'><strong>commendat,</strong></span> <span class='ocrx_word' id='word_1_593' title='bbox 2664 3095 2829 3175; x_wconf 87' lang='lat' dir='ltr'><strong>quod</strong></span> <span class='ocrx_word' id='word_1_594' title='bbox 2857 3096 2925 3156; x_wconf 89' lang='lat' dir='ltr'><strong>in</strong></span> <span class='ocrx_word' id='word_1_595' title='bbox 2955 3094 3125 3155; x_wconf 87' lang='lat' dir='ltr'><strong>nullo</strong></span> <span class='ocrx_word' id='word_1_596' title='bbox 3152 3088 3277 3175; x_wconf 53' lang='lat' dir='ltr'><strong>pa-’</strong></span> 
     </span>
     <span class='ocr_line' id='line_1_86' title="bbox 1697 3188 3264 3269; baseline -0.001 -19"><span class='ocrx_word' id='word_1_597' title='bbox 1697 3206 2005 3268; x_wconf 87' lang='lat' dir='ltr'><strong>ganorum</strong></span> <span class='ocrx_word' id='word_1_598' title='bbox 2050 3196 2160 3251; x_wconf 89' lang='lat' dir='ltr'><strong>aut</strong></span> <span class='ocrx_word' id='word_1_599' title='bbox 2207 3189 2641 3251; x_wconf 77' lang='lat' dir='ltr'><strong>haereticorum</strong></span> <span class='ocrx_word' id='word_1_600' title='bbox 2691 3188 2817 3250; x_wconf 88' lang='lat' dir='ltr'><strong>ritu</strong></span> <span class='ocrx_word' id='word_1_601' title='bbox 2858 3190 3100 3269; x_wconf 88' lang='lat' dir='ltr'><strong>integre</strong></span> <span class='ocrx_word' id='word_1_602' title='bbox 3136 3206 3264 3250; x_wconf 87' lang='lat' dir='ltr'><strong>ser-</strong></span> 
     </span>
     <span class='ocr_line' id='line_1_87' title="bbox 1701 3284 3261 3364; baseline -0.001 -19"><span class='ocrx_word' id='word_1_603' title='bbox 1701 3285 1855 3360; x_wconf 77' lang='lat' dir='ltr'><strong>vari,</strong></span> <span class='ocrx_word' id='word_1_604' title='bbox 1905 3290 1968 3345; x_wconf 92' lang='lat' dir='ltr'><strong>et</strong></span> <span class='ocrx_word' id='word_1_605' title='bbox 2013 3302 2199 3364; x_wconf 88' lang='lat' dir='ltr'><strong>supra</strong></span> <span class='ocrx_word' id='word_1_606' title='bbox 2226 3284 2630 3359; x_wconf 88' lang='lat' dir='ltr'><strong>ostendimus,</strong></span> <span class='ocrx_word' id='word_1_607' title='bbox 2672 3291 2734 3345; x_wconf 86' lang='lat' dir='ltr'><strong>et</strong></span> <span class='ocrx_word' id='word_1_608' title='bbox 2776 3300 2887 3363; x_wconf 88' lang='lat' dir='ltr'><strong>per</strong></span> <span class='ocrx_word' id='word_1_609' title='bbox 2913 3303 2977 3345; x_wconf 91' lang='lat' dir='ltr'><strong>se</strong></span> <span class='ocrx_word' id='word_1_610' title='bbox 3021 3288 3261 3345; x_wconf 84' lang='lat' dir='ltr'><strong>constat</strong></span> 
     </span>
     <span class='ocr_line' id='line_1_88' title="bbox 1703 3376 3266 3459; baseline -0.001 -20"><span class='ocrx_word' id='word_1_611' title='bbox 1703 3378 1870 3439; x_wconf 84' lang='lat' dir='ltr'><strong>satis.</strong></span> <span class='ocrx_word' id='word_1_612' title='bbox 1895 3377 2152 3452; x_wconf 89' lang='lat' dir='ltr'><strong>Deinde,</strong></span> <span class='ocrx_word' id='word_1_613' title='bbox 2189 3378 2241 3438; x_wconf 90' lang='lat' dir='ltr'><strong>si</strong></span> <span class='ocrx_word' id='word_1_614' title='bbox 2282 3378 2359 3439; x_wconf 89' lang='lat' dir='ltr'><strong>de</strong></span> <span class='ocrx_word' id='word_1_615' title='bbox 2386 3388 2791 3459; x_wconf 83' lang='lat' dir='ltr'><strong>personarum</strong></span> <span class='ocrx_word' id='word_1_616' title='bbox 2822 3377 3145 3438; x_wconf 87' lang='lat' dir='ltr'><strong>sanctitate</strong></span> <span class='ocrx_word' id='word_1_617' title='bbox 3174 3376 3266 3437; x_wconf 87' lang='lat' dir='ltr'><strong>lo-</strong></span> 
     </span>
     <span class='ocr_line' id='line_1_89' title="bbox 1703 3468 3264 3551; baseline -0.001 -21"><span class='ocrx_word' id='word_1_618' title='bbox 1703 3487 1992 3551; x_wconf 86' lang='lat' dir='ltr'><strong>quamur,</strong></span> <span class='ocrx_word' id='word_1_619' title='bbox 2026 3471 2311 3550; x_wconf 88' lang='lat' dir='ltr'><strong>quamvis</strong></span> <span class='ocrx_word' id='word_1_620' title='bbox 2330 3471 2397 3531; x_wconf 89' lang='lat' dir='ltr'><strong>in</strong></span> <span class='ocrx_word' id='word_1_621' title='bbox 2444 3468 2715 3531; x_wconf 86' lang='lat' dir='ltr'><strong>Ecclesia</strong></span> <span class='ocrx_word' id='word_1_622' title='bbox 2740 3469 2856 3531; x_wconf 88' lang='lat' dir='ltr'><strong>hac</strong></span> <span class='ocrx_word' id='word_1_623' title='bbox 2880 3469 3108 3531; x_wconf 86' lang='lat' dir='ltr'><strong>multos</strong></span> <span class='ocrx_word' id='word_1_624' title='bbox 3132 3486 3264 3532; x_wconf 84' lang='lat' dir='ltr'><strong>esse</strong></span> 
     </span>
     <span class='ocr_line' id='line_1_90' title="bbox 1703 3560 3267 3645; baseline -0.003 -20"><span class='ocrx_word' id='word_1_625' title='bbox 1703 3568 2048 3645; x_wconf 88' lang='lat' dir='ltr'><strong>peccatores</strong></span> <span class='ocrx_word' id='word_1_626' title='bbox 2070 3580 2196 3624; x_wconf 89' lang='lat' dir='ltr'><strong>non</strong></span> <span class='ocrx_word' id='word_1_627' title='bbox 2232 3582 2551 3643; x_wconf 78' lang='lat' dir='ltr'><strong>negemuS,</strong></span> <span class='ocrx_word' id='word_1_628' title='bbox 2576 3568 2852 3624; x_wconf 87' lang='lat' dir='ltr'><strong>attamen</strong></span> <span class='ocrx_word' id='word_1_629' title='bbox 2882 3560 3267 3625; x_wconf 84' lang='lat' dir='ltr'><strong>evidentissi-</strong></span> 
     </span>
     <span class='ocr_line' id='line_1_91' title="bbox 1703 3654 3265 3737; baseline -0.001 -17"><span class='ocrx_word' id='word_1_630' title='bbox 1703 3676 1880 3720; x_wconf 89' lang='lat' dir='ltr'><strong>mum</strong></span> <span class='ocrx_word' id='word_1_631' title='bbox 1905 3658 2085 3719; x_wconf 90' lang='lat' dir='ltr'><strong>estin</strong></span> <span class='ocrx_word' id='word_1_632' title='bbox 2113 3658 2287 3719; x_wconf 81' lang='lat' dir='ltr'><strong>nulla</strong></span> <span class='ocrx_word' id='word_1_633' title='bbox 2321 3657 2447 3721; x_wconf 74' lang='lat' dir='ltr'><strong>valia</strong></span> <span class='ocrx_word' id='word_1_634' title='bbox 2474 3658 2954 3737; x_wconf 84' lang='lat' dir='ltr'><strong>congregatione</strong></span> <span class='ocrx_word' id='word_1_635' title='bbox 3004 3654 3265 3735; x_wconf 84' lang='lat' dir='ltr'><strong>reperiri</strong></span> 
     </span>
     <span class='ocr_line' id='line_1_92' title="bbox 1697 3748 3268 3829; baseline -0.001 -18"><span class='ocrx_word' id='word_1_636' title='bbox 1697 3752 1864 3813; x_wconf 77' lang='lat' dir='ltr'><strong>viros</strong></span> <span class='ocrx_word' id='word_1_637' title='bbox 1916 3755 2091 3811; x_wconf 86' lang='lat' dir='ltr'><strong>tanta</strong></span> <span class='ocrx_word' id='word_1_638' title='bbox 2143 3749 2445 3829; x_wconf 87' lang='lat' dir='ltr'><strong>religione</strong></span> <span class='ocrx_word' id='word_1_639' title='bbox 2512 3755 2575 3811; x_wconf 89' lang='lat' dir='ltr'><strong>et</strong></span> <span class='ocrx_word' id='word_1_640' title='bbox 2629 3751 2953 3811; x_wconf 87' lang='lat' dir='ltr'><strong>sanctitate</strong></span> <span class='ocrx_word' id='word_1_641' title='bbox 3012 3748 3268 3829; x_wconf 74' lang='lat' dir='ltr'><strong>praecel-</strong></span> 
     </span>
     <span class='ocr_line' id='line_1_93' title="bbox 1697 3840 3268 3924; baseline -0.001 -20"><span class='ocrx_word' id='word_1_642' title='bbox 1697 3844 1923 3917; x_wconf 91' lang='lat' dir='ltr'><strong>lentes;</strong></span> <span class='ocrx_word' id='word_1_643' title='bbox 1974 3862 2099 3924; x_wconf 88' lang='lat' dir='ltr'><strong>qua</strong></span> <span class='ocrx_word' id='word_1_644' title='bbox 2120 3843 2197 3904; x_wconf 90' lang='lat' dir='ltr'><strong>de</strong></span> <span class='ocrx_word' id='word_1_645' title='bbox 2225 3860 2293 3905; x_wconf 85' lang='lat' dir='ltr'><strong>re</strong></span> <span class='ocrx_word' id='word_1_646' title='bbox 2315 3842 2621 3912; x_wconf 74' lang='lat' dir='ltr'><strong>videndus</strong></span> <span class='ocrx_word' id='word_1_647' title='bbox 2670 3844 3076 3922; x_wconf 86' lang='lat' dir='ltr'><strong>Augustinus,</strong></span> <span class='ocrx_word' id='word_1_648' title='bbox 3106 3840 3268 3903; x_wconf 86' lang='lat' dir='ltr'><strong>libro</strong></span> 
     </span>
     <span class='ocr_line' id='line_1_94' title="bbox 1701 3936 3272 4017; baseline -0.001 -20"><span class='ocrx_word' id='word_1_649' title='bbox 1701 3936 1777 3997; x_wconf 88' lang='lat' dir='ltr'><strong>de</strong></span> <span class='ocrx_word' id='word_1_650' title='bbox 1813 3937 2087 3998; x_wconf 88' lang='lat' dir='ltr'><strong>Moribus</strong></span> <span class='ocrx_word' id='word_1_651' title='bbox 2127 3936 2437 4013; x_wconf 75' lang='lat' dir='ltr'><strong>Ecclesiae,</strong></span> <span class='ocrx_word' id='word_1_652' title='bbox 2474 3956 2609 4017; x_wconf 89' lang='lat' dir='ltr'><strong>cap.</strong></span> <span class='ocrx_word' id='word_1_653' title='bbox 2654 3938 2758 4013; x_wconf 83' lang='lat'><strong>31,</strong></span> <span class='ocrx_word' id='word_1_654' title='bbox 2804 3943 2866 3998; x_wconf 89' lang='lat' dir='ltr'><strong>et</strong></span> <span class='ocrx_word' id='word_1_655' title='bbox 2900 3954 3041 4016; x_wconf 85' lang='lat' dir='ltr'><strong>quae</strong></span> <span class='ocrx_word' id='word_1_656' title='bbox 3084 3936 3272 3997; x_wconf 89' lang='lat' dir='ltr'><strong>citata</strong></span> 
     </span>
     <span class='ocr_line' id='line_1_95' title="bbox 1701 4030 2319 4109; baseline 0.003 -20"><span class='ocrx_word' id='word_1_657' title='bbox 1701 4030 1857 4109; x_wconf 90' lang='lat' dir='ltr'><strong>disp.</strong></span> <span class='ocrx_word' id='word_1_658' title='bbox 1889 4032 1928 4091; x_wconf 77' lang='lat'><strong>4</strong></span> <span class='ocrx_word' id='word_1_659' title='bbox 1963 4030 2126 4091; x_wconf 87' lang='lat' dir='ltr'><strong>dicta</strong></span> <span class='ocrx_word' id='word_1_660' title='bbox 2152 4036 2319 4091; x_wconf 88' lang='lat' dir='ltr'><strong>sunt.</strong></span> 
     </span>
    </p>

    <p class='ocr_par' dir='ltr' id='par_1_5' title="bbox 1703 4121 3277 5119">
     <span class='ocr_line' id='line_1_96' title="bbox 1785 4121 3259 4199; baseline 0 -16"><span class='ocrx_word' id='word_1_661' title='bbox 1785 4125 1845 4184; x_wconf 85' lang='lat'><strong>8.</strong></span> <span class='ocrx_word' id='word_1_662' title='bbox 1880 4122 2188 4185; x_wconf 76' lang='lat' dir='ltr'><strong>Probatur</strong></span> <span class='ocrx_word' id='word_1_663' title='bbox 2219 4128 2410 4199; x_wconf 66' lang='lat' dir='ltr'><strong>secate,</strong></span> <span class='ocrx_word' id='word_1_664' title='bbox 2446 4142 2519 4187; x_wconf 71' lang='lat' dir='ltr'><strong>ea</strong></span> <span class='ocrx_word' id='word_1_665' title='bbox 2562 4121 2854 4185; x_wconf 72' lang='lat' dir='ltr'><strong>attributo</strong></span> <span class='ocrx_word' id='word_1_666' title='bbox 2890 4121 3259 4199; x_wconf 80' lang='lat' dir='ltr'><strong>Apostolica.</strong></span> 
     </span>
     <span class='ocr_line' id='line_1_97' title="bbox 1705 4213 3266 4295; baseline -0.002 -17"><span class='ocrx_word' id='word_1_667' title='bbox 1705 4216 1972 4279; x_wconf 86' lang='lat' dir='ltr'><strong>-Sexta</strong></span> <span class='ocrx_word' id='word_1_668' title='bbox 2004 4216 2163 4277; x_wconf 86' lang='lat' dir='ltr'><strong>ratio</strong></span> <span class='ocrx_word' id='word_1_669' title='bbox 2192 4217 2353 4282; x_wconf 86' lang='lat' dir='ltr'><strong>sumi</strong></span> <span class='ocrx_word' id='word_1_670' title='bbox 2376 4223 2575 4295; x_wconf 85' lang='lat' dir='ltr'><strong>potest</strong></span> <span class='ocrx_word' id='word_1_671' title='bbox 2598 4234 2673 4277; x_wconf 89' lang='lat' dir='ltr'><strong>ex</strong></span> <span class='ocrx_word' id='word_1_672' title='bbox 2698 4214 2821 4276; x_wconf 90' lang='lat' dir='ltr'><strong>alio</strong></span> <span class='ocrx_word' id='word_1_673' title='bbox 2858 4213 3142 4275; x_wconf 57' lang='lat' dir='ltr'><strong>Ecclesiae</strong></span> <span class='ocrx_word' id='word_1_674' title='bbox 3173 4219 3266 4275; x_wconf 86' lang='lat' dir='ltr'><strong>at-</strong></span> 
     </span>
     <span class='ocr_line' id='line_1_98' title="bbox 1707 4306 3263 4392; baseline -0.003 -20"><span class='ocrx_word' id='word_1_675' title='bbox 1707 4311 1963 4384; x_wconf 89' lang='lat' dir='ltr'><strong>tributo,</strong></span> <span class='ocrx_word' id='word_1_676' title='bbox 1995 4309 2158 4389; x_wconf 87' lang='lat' dir='ltr'><strong>quod</strong></span> <span class='ocrx_word' id='word_1_677' title='bbox 2182 4310 2261 4369; x_wconf 86' lang='lat' dir='ltr'><strong>sit</strong></span> <span class='ocrx_word' id='word_1_678' title='bbox 2298 4308 2646 4392; x_wconf 72' lang='lat' dir='ltr'><strong>Apostolica</strong></span> <span class='ocrx_word' id='word_1_679' title='bbox 2668 4334 2695 4381; x_wconf 92' lang='lat'><strong>,·</strong></span> <span class='ocrx_word' id='word_1_680' title='bbox 2726 4306 2829 4369; x_wconf 87' lang='lat' dir='ltr'><strong>sed</strong></span> <span class='ocrx_word' id='word_1_681' title='bbox 2865 4307 2997 4369; x_wconf 72' lang='lat' dir='ltr'><strong>haec</strong></span> <span class='ocrx_word' id='word_1_682' title='bbox 3026 4306 3155 4369; x_wconf 87' lang='lat' dir='ltr'><strong>fere</strong></span> <span class='ocrx_word' id='word_1_683' title='bbox 3182 4306 3263 4368; x_wconf 90' lang='lat' dir='ltr'><strong>ad</strong></span> 
     </span>
     <span class='ocr_line' id='line_1_99' title="bbox 1703 4400 3263 4482; baseline -0.003 -18"><span class='ocrx_word' id='word_1_684' title='bbox 1703 4404 1974 4465; x_wconf 87' lang='lat' dir='ltr'><strong>rationes</strong></span> <span class='ocrx_word' id='word_1_685' title='bbox 2002 4402 2344 4482; x_wconf 88' lang='lat' dir='ltr'><strong>superiores</strong></span> <span class='ocrx_word' id='word_1_686' title='bbox 2373 4404 2649 4464; x_wconf 84' lang='lat' dir='ltr'><strong>revocari</strong></span> <span class='ocrx_word' id='word_1_687' title='bbox 2694 4407 2896 4481; x_wconf 86' lang='lat' dir='ltr'><strong>potest</strong></span> <span class='ocrx_word' id='word_1_688' title='bbox 2929 4421 2943 4460; x_wconf 90' lang='lat'>:</span> <span class='ocrx_word' id='word_1_689' title='bbox 2981 4407 3073 4461; x_wconf 87' lang='lat' dir='ltr'><strong>est</strong></span> <span class='ocrx_word' id='word_1_690' title='bbox 3101 4400 3263 4461; x_wconf 89' lang='lat' dir='ltr'><strong>scili-</strong></span> 
     </span>
     <span class='ocr_line' id='line_1_100' title="bbox 1705 4492 3269 4577; baseline -0.004 -20"><span class='ocrx_word' id='word_1_691' title='bbox 1705 4502 1802 4557; x_wconf 83' lang='lat' dir='ltr'><strong>cet</strong></span> <span class='ocrx_word' id='word_1_692' title='bbox 1851 4494 2223 4577; x_wconf 74' lang='lat' dir='ltr'><strong>Apostolica,</strong></span> <span class='ocrx_word' id='word_1_693' title='bbox 2252 4497 2402 4575; x_wconf 88' lang='lat' dir='ltr'><strong>quia</strong></span> <span class='ocrx_word' id='word_1_694' title='bbox 2438 4495 2782 4557; x_wconf 86' lang='lat' dir='ltr'><strong>doctrinam</strong></span> <span class='ocrx_word' id='word_1_695' title='bbox 2828 4492 3269 4573; x_wconf 85' lang='lat' dir='ltr'><strong>Apostolorum·</strong></span> 
     </span>
     <span class='ocr_line' id='line_1_101' title="bbox 1708 4584 3273 4668; baseline -0.005 -16"><span class='ocrx_word' id='word_1_696' title='bbox 1708 4590 1959 4662; x_wconf 87' lang='lat' dir='ltr'><strong>retinet,</strong></span> <span class='ocrx_word' id='word_1_697' title='bbox 1983 4588 2131 4668; x_wconf 87' lang='lat' dir='ltr'><strong>quia</strong></span> <span class='ocrx_word' id='word_1_698' title='bbox 2150 4588 2231 4649; x_wconf 88' lang='lat' dir='ltr'><strong>ab</strong></span> <span class='ocrx_word' id='word_1_699' title='bbox 2250 4588 2557 4668; x_wconf 82' lang='lat' dir='ltr'><strong>Apostolis</strong></span> <span class='ocrx_word' id='word_1_700' title='bbox 2578 4586 2858 4667; x_wconf 88' lang='lat' dir='ltr'><strong>legitima</strong></span> <span class='ocrx_word' id='word_1_701' title='bbox 2886 4584 3273 4645; x_wconf 88' lang='lat' dir='ltr'><strong>successione</strong></span> 
     </span>
     <span class='ocr_line' id='line_1_102' title="bbox 1707 4675 3269 4760; baseline -0.004 -18"><span class='ocrx_word' id='word_1_702' title='bbox 1707 4682 2044 4755; x_wconf 89' lang='lat' dir='ltr'><strong>descendit,</strong></span> <span class='ocrx_word' id='word_1_703' title='bbox 2076 4698 2217 4760; x_wconf 78' lang='lat' dir='ltr'><strong>quae</strong></span> <span class='ocrx_word' id='word_1_704' title='bbox 2262 4682 2384 4742; x_wconf 89' lang='lat' dir='ltr'><strong>duo</strong></span> <span class='ocrx_word' id='word_1_705' title='bbox 2409 4680 2474 4741; x_wconf 90' lang='lat' dir='ltr'><strong>in</strong></span> <span class='ocrx_word' id='word_1_706' title='bbox 2500 4680 2665 4741; x_wconf 90' lang='lat' dir='ltr'><strong>hanc</strong></span> <span class='ocrx_word' id='word_1_707' title='bbox 2704 4677 2897 4739; x_wconf 89' lang='lat' dir='ltr'><strong>solam</strong></span> <span class='ocrx_word' id='word_1_708' title='bbox 2930 4675 3269 4738; x_wconf 88' lang='lat' dir='ltr'><strong>Ecclesiam</strong></span> 
     </span>
     <span class='ocr_line' id='line_1_103' title="bbox 1707 4772 3271 4854; baseline -0.006 -17"><span class='ocrx_word' id='word_1_709' title='bbox 1707 4776 2038 4837; x_wconf 86' lang='lat' dir='ltr'><strong>convenire</strong></span> <span class='ocrx_word' id='word_1_710' title='bbox 2082 4776 2219 4854; x_wconf 86' lang='lat' dir='ltr'><strong>jam</strong></span> <span class='ocrx_word' id='word_1_711' title='bbox 2265 4780 2581 4836; x_wconf 83' lang='lat' dir='ltr'><strong>ostensum</strong></span> <span class='ocrx_word' id='word_1_712' title='bbox 2619 4778 2729 4834; x_wconf 89' lang='lat' dir='ltr'><strong>est.</strong></span> <span class='ocrx_word' id='word_1_713' title='bbox 2774 4772 2859 4832; x_wconf 91' lang='lat' dir='ltr'><strong>De</strong></span> <span class='ocrx_word' id='word_1_714' title='bbox 2904 4788 3029 4849; x_wconf 87' lang='lat' dir='ltr'><strong>quo</strong></span> <span class='ocrx_word' id='word_1_715' title='bbox 3085 4786 3271 4847; x_wconf 83' lang='lat' dir='ltr'><strong>argu·</strong></span> 
     </span>
     <span class='ocr_line' id='line_1_104' title="bbox 1705 4864 3271 4947; baseline -0.006 -17"><span class='ocrx_word' id='word_1_716' title='bbox 1705 4874 1918 4930; x_wconf 87' lang='lat' dir='ltr'><strong>mento</strong></span> <span class='ocrx_word' id='word_1_717' title='bbox 1956 4867 2093 4947; x_wconf 87' lang='lat' dir='ltr'><strong>lege</strong></span> <span class='ocrx_word' id='word_1_718' title='bbox 2140 4868 2447 4929; x_wconf 75' lang='lat' dir='ltr'><strong>Irenaeum</strong></span> <span class='ocrx_word' id='word_1_719' title='bbox 2492 4866 2603 4927; x_wconf 91' lang='lat' dir='ltr'><strong>lib.</strong></span> <span class='ocrx_word' id='word_1_720' title='bbox 2641 4868 2703 4940; x_wconf 89' lang='lat'><strong>3,</strong></span> <span class='ocrx_word' id='word_1_721' title='bbox 2742 4883 2856 4945; x_wconf 87' lang='lat' dir='ltr'><strong>cap</strong></span> <span class='ocrx_word' id='word_1_722' title='bbox 2891 4864 3013 4939; x_wconf 69' lang='lat'><strong>433</strong></span> <span class='ocrx_word' id='word_1_723' title='bbox 3045 4868 3109 4925; x_wconf 88' lang='lat' dir='ltr'><strong>et</strong></span> <span class='ocrx_word' id='word_1_724' title='bbox 3146 4865 3271 4922; x_wconf 82' lang='lat' dir='ltr'><strong>Au·</strong></span> 
     </span>
     <span class='ocr_line' id='line_1_105' title="bbox 1707 4957 3277 5043; baseline -0.007 -18"><span class='ocrx_word' id='word_1_725' title='bbox 1707 4964 2027 5043; x_wconf 88' lang='lat' dir='ltr'><strong>gustinum</strong></span> <span class='ocrx_word' id='word_1_726' title='bbox 2075 4980 2139 5043; x_wconf 90' lang='lat' dir='ltr'><strong>q.</strong></span> <span class='ocrx_word' id='word_1_727' title='bbox 2186 4963 2307 5023; x_wconf 77' lang='lat'><strong>110</strong></span> <span class='ocrx_word' id='word_1_728' title='bbox 2348 4962 2417 5023; x_wconf 91' lang='lat' dir='ltr'><strong>in</strong></span> <span class='ocrx_word' id='word_1_729' title='bbox 2453 4976 2690 5022; x_wconf 85' lang='lat' dir='ltr'><strong>novum</strong></span> <span class='ocrx_word' id='word_1_730' title='bbox 2740 4964 2802 5020; x_wconf 89' lang='lat' dir='ltr'><strong>et</strong></span> <span class='ocrx_word' id='word_1_731' title='bbox 2840 4962 3020 5019; x_wconf 86' lang='lat' dir='ltr'><strong>vetus</strong></span> <span class='ocrx_word' id='word_1_732' title='bbox 3066 4957 3277 5016; x_wconf 88' lang='lat' dir='ltr'><strong>Testa-</strong></span> 
     </span>
     <span class='ocr_line' id='line_1_106' title="bbox 1705 5062 2018 5119; baseline -0.01 0"><span class='ocrx_word' id='word_1_733' title='bbox 1705 5062 1987 5119; x_wconf 89' lang='lat' dir='ltr'><strong>mentum</strong></span> <span class='ocrx_word' id='word_1_734' title='bbox 2004 5101 2018 5116; x_wconf 93' lang='lat'><strong>.</strong></span> 
     </span>
    </p>

    <p class='ocr_par' dir='ltr' id='par_1_6' title="bbox 1707 5144 3277 5597">
     <span class='ocr_line' id='line_1_107' title="bbox 1787 5144 3277 5231; baseline -0.008 -16"><span class='ocrx_word' id='word_1_735' title='bbox 1787 5154 1848 5215; x_wconf 85' lang='lat'><strong>9.</strong></span> <span class='ocrx_word' id='word_1_736' title='bbox 1885 5150 2186 5231; x_wconf 77' lang='lat' dir='ltr'><strong>Septima,</strong></span> <span class='ocrx_word' id='word_1_737' title='bbox 2214 5168 2286 5213; x_wconf 72' lang='lat' dir='ltr'><strong>ea</strong></span> <span class='ocrx_word' id='word_1_738' title='bbox 2312 5148 2486 5212; x_wconf 75' lang='lat' dir='ltr'><strong>donis</strong></span> <span class='ocrx_word' id='word_1_739' title='bbox 2513 5148 2583 5210; x_wconf 77' lang='lat' dir='ltr'><strong>in</strong></span> <span class='ocrx_word' id='word_1_740' title='bbox 2612 5164 2755 5211; x_wconf 77' lang='lat' dir='ltr'><strong>vera</strong></span> <span class='ocrx_word' id='word_1_741' title='bbox 2776 5144 3057 5209; x_wconf 75' lang='lat' dir='ltr'><strong>Ecclesia</strong></span> <span class='ocrx_word' id='word_1_742' title='bbox 3077 5158 3277 5223; x_wconf 75' lang='lat' dir='ltr'><strong>reper-</strong></span> 
     </span>
     <span class='ocr_line' id='line_1_108' title="bbox 1709 5236 3272 5320; baseline -0.011 -11"><span class='ocrx_word' id='word_1_743' title='bbox 1709 5246 1815 5309; x_wconf 80' lang='lat' dir='ltr'><strong>tis.</strong></span> <span class='ocrx_word' id='word_1_744' title='bbox 1851 5276 1929 5291; x_wconf 89' lang='lat'>-</span> <span class='ocrx_word' id='word_1_745' title='bbox 1962 5242 2237 5320; x_wconf 77' lang='lat' dir='ltr'><strong>Septima</strong></span> <span class='ocrx_word' id='word_1_746' title='bbox 2258 5244 2417 5303; x_wconf 90' lang='lat' dir='ltr'><strong>ratio</strong></span> <span class='ocrx_word' id='word_1_747' title='bbox 2446 5240 2694 5302; x_wconf 86' lang='lat' dir='ltr'><strong>ducitur</strong></span> <span class='ocrx_word' id='word_1_748' title='bbox 2727 5258 2805 5301; x_wconf 89' lang='lat' dir='ltr'><strong>ex</strong></span> <span class='ocrx_word' id='word_1_749' title='bbox 2836 5237 3015 5300; x_wconf 88' lang='lat' dir='ltr'><strong>donis</strong></span> <span class='ocrx_word' id='word_1_750' title='bbox 3038 5252 3175 5315; x_wconf 80' lang='lat' dir='ltr'><strong>quoe</strong></span> <span class='ocrx_word' id='word_1_751' title='bbox 3204 5236 3272 5293; x_wconf 90' lang='lat' dir='ltr'><strong>in</strong></span> 
     </span>
     <span class='ocr_line' id='line_1_109' title="bbox 1707 5328 3267 5421; baseline -0.01 -20"><span class='ocrx_word' id='word_1_752' title='bbox 1707 5354 1855 5402; x_wconf 80' lang='lat' dir='ltr'><strong>vera</strong></span> <span class='ocrx_word' id='word_1_753' title='bbox 1884 5340 1993 5399; x_wconf 89' lang='lat' dir='ltr'><strong>Dei</strong></span> <span class='ocrx_word' id='word_1_754' title='bbox 2032 5336 2303 5399; x_wconf 85' lang='lat' dir='ltr'><strong>Ecclesia</strong></span> <span class='ocrx_word' id='word_1_755' title='bbox 2330 5336 2585 5421; x_wconf 87' lang='lat' dir='ltr'><strong>reperiri</strong></span> <span class='ocrx_word' id='word_1_756' title='bbox 2628 5336 2892 5412; x_wconf 85' lang='lat' dir='ltr'><strong>oportet,</strong></span> <span class='ocrx_word' id='word_1_757' title='bbox 2936 5328 3135 5410; x_wconf 87' lang='lat' dir='ltr'><strong>qualis</strong></span> <span class='ocrx_word' id='word_1_758' title='bbox 3176 5333 3267 5388; x_wconf 83' lang='lat' dir='ltr'><strong>est</strong></span> 
     </span>
     <span class='ocr_line' id='line_1_110' title="bbox 1710 5424 3271 5512; baseline -0.01 -18"><span class='ocrx_word' id='word_1_759' title='bbox 1710 5452 1857 5494; x_wconf 82' lang='lat' dir='ltr'><strong>vera</strong></span> <span class='ocrx_word' id='word_1_760' title='bbox 1885 5430 2211 5512; x_wconf 88' lang='lat' dir='ltr'><strong>prophetia</strong></span> <span class='ocrx_word' id='word_1_761' title='bbox 2239 5430 2599 5508; x_wconf 86' lang='lat' dir='ltr'><strong>donumque</strong></span> <span class='ocrx_word' id='word_1_762' title='bbox 2628 5424 3091 5494; x_wconf 89' lang='lat' dir='ltr'><strong>miraculorum,</strong></span> <span class='ocrx_word' id='word_1_763' title='bbox 3123 5436 3271 5481; x_wconf 89' lang='lat' dir='ltr'><strong>nam</strong></span> 
     </span>
     <span class='ocr_line' id='line_1_111' title="bbox 1709 5514 3275 5597; baseline -0.011 -7"><span class='ocrx_word' id='word_1_764' title='bbox 1709 5526 1843 5590; x_wconf 76' lang='lat' dir='ltr'><strong>hoec</strong></span> <span class='ocrx_word' id='word_1_765' title='bbox 1869 5542 1907 5587; x_wconf 86' lang='lat' dir='ltr'><strong>a</strong></span> <span class='ocrx_word' id='word_1_766' title='bbox 1936 5524 2067 5586; x_wconf 88' lang='lat' dir='ltr'><strong>solo</strong></span> <span class='ocrx_word' id='word_1_767' title='bbox 2093 5526 2216 5587; x_wconf 88' lang='lat' dir='ltr'><strong>Deo</strong></span> <span class='ocrx_word' id='word_1_768' title='bbox 2248 5540 2377 5586; x_wconf 86' lang='lat' dir='ltr'><strong>esse</strong></span> <span class='ocrx_word' id='word_1_769' title='bbox 2400 5528 2637 5585; x_wconf 83' lang='lat' dir='ltr'><strong>certum</strong></span> <span class='ocrx_word' id='word_1_770' title='bbox 2662 5524 2775 5597; x_wconf 89' lang='lat' dir='ltr'><strong>est,</strong></span> <span class='ocrx_word' id='word_1_771' title='bbox 2815 5524 2877 5579; x_wconf 89' lang='lat' dir='ltr'><strong>et</strong></span> <span class='ocrx_word' id='word_1_772' title='bbox 2905 5518 2973 5578; x_wconf 91' lang='lat' dir='ltr'><strong>in</strong></span> <span class='ocrx_word' id='word_1_773' title='bbox 2998 5514 3275 5580; x_wconf 83' lang='lat' dir='ltr'><strong>testimo·</strong></span> 
     </span>
    </p>
   </div>
  </div>
 </body>
</html>
