3900 6217
1494 427 1685 483 INDEX
1716 424 1945 480 RERUM.

878 522 939 597 U

835 706 981 747 uxo..

118 802 259 855 Uxor
282 812 425 891 aule-t
445 804 717 871 quomodo
745 807 1139 874 eleemosynam
1170 809 1343 863 facere
1367 810 1536 876 possit
1555 810 1685 864 abs-

180 891 291 943 que
318 892 418 935 viri
442 892 728 943 consensu,
762 888 910 937 tract.
935 888 982 947 8,
1007 884 1147 951 disp.
1173 888 1220 949 7,
1259 892 1387 939 sect.
1410 891 1458 951 2,
1492 899 1543 939 n.
1574 892 1618 939 6.

874 1078 933 1151 V

788 1254 1029 1295 vannus.

122 1354 169 1403 1.
210 1350 451 1404 vendere
466 1364 533 1405 an
564 1352 718 1407 liceat
744 1366 807 1405 ea
849 1354 1045 1420 quibus
1070 1355 1183 1409 scio
1206 1357 1368 1410 alium
1394 1360 1534 1411 male
1564 1372 1683 1413 esse

186 1440 431 1491 usurum,
455 1428 577 1482 vide
598 1443 904 1492 sesamum,
935 1442 966 1483 a
993 1440 1045 1483 n.
1071 1436 1147 1484 14.

798 1560 1019 1599 vnaius.

124 1660 168 1709 1.
212 1660 417 1713 Veritas
444 1660 497 1713 in
521 1662 625 1714 Deo
648 1661 853 1727 triplex,
876 1661 928 1713 in
947 1660 1193 1725 essendo,
1214 1661 1265 1713 in
1286 1663 1681 1731 cognoscendo,

188 1734 240 1785 in
265 1736 515 1797 dicendo,
542 1743 691 1790 tract.
717 1742 765 1799 1,
789 1737 927 1802 disp.
952 1742 997 1800 6,
1023 1744 1151 1791 sect.
1184 1742 1231 1799 4,
1254 1752 1306 1790 ιι.
1333 1742 1379 1792 1.

184 1808 298 1863 Sub
327 1814 479 1876 cujus
514 1812 749 1866 veritatis
784 1812 988 1865 ratione
1018 1814 1154 1866 Deus
1188 1814 1253 1865 sit
1280 1812 1543 1877 objectum
1570 1816 1682 1869 for-

187 1887 329 1939 male
350 1886 493 1951 fidei,
513 1887 635 1940 vide
657 1903 785 1939 nnn
807 1902 1048 1941 omnem!
1073 1902 1317 1952 ιτοιιιιΑιιι,
1341 1903 1395 1941 n.
1421 1894 1467 1942 7.

810 2018 992 2057 VES'HS.

122 2116 169 2163 1.
208 2112 413 2174 Quibus
466 2112 755 2166 infidelium
800 2116 1039 2167 vestibus
1080 2115 1153 2169 uti
1203 2116 1355 2169 liceat
1392 2116 1687 2169 Christiano

185 2190 257 2241 ad
297 2190 664 2245 occultandam
696 2189 878 2255 fldem,
908 2198 1055 2244 tract.
1094 2198 1141 2255 1,
1176 2192 1313 2259 disp.
1365 2197 1442 2256 14,
1476 2200 1606 2246 sect.
1636 2198 1682 2257 5,

188 2277 247 2315 n.
282 2270 331 2316 1.

122 2342 169 2389 2.
214 2340 297 2389 Uti
335 2341 569 2394 vestibus
603 2342 891 2395 infidelium
928 2342 998 2396 ob
1038 2345 1425 2405 necessitatem,
1448 2344 1536 2397 vel
1569 2343 1687 2409 jus-

190 2422 299 2466 tam
331 2416 491 2469 aliam
521 2431 755 2477 causam.
780 2431 885 2471 non
919 2427 1000 2472 est
1024 2420 1312 2473 intrinsece
1346 2418 1564 2481 malum,
1590 2419 1683 2483 ib„

190 2505 242 2543 n.
273 2495 320 2542 4.

124 2572 171 2618 3.
206 2567 287 2617 Uti
326 2568 563 2621 vestibus
590 2568 889 2634 specialiter
914 2570 1175 2637 impositis
1208 2570 1275 2623 ad
1305 2570 1685 2636 significandos

190 2642 456 2699 infideles.
494 2656 693 2711 eosque
726 2658 758 2697 a
788 2645 1032 2699 fidelihus
1065 2645 1489 2715 distinguendos,
1524 2648 1683 2699 etiam

188 2719 261 2771 ob
290 2732 683 2787 quamcumque
712 2723 1101 2784 necessitatem,
1138 2722 1378 2774 illicitum
1419 2732 1558 2784 esse,
1593 2722 1683 2789 qui

186 2794 377 2858 velint,
400 2808 452 2847 n.
485 2802 532 2847 6.

187 2870 381 2923 Verior
412 2872 678 2925 sementia
709 2874 996 2934 contraria,
1018 2886 1071 2925 n.
1094 2877 1140 2924 7.

186 2944 236 2995 Si
287 2953 467 3001 tamen
510 2948 785 3002 rarissime
820 2948 909 3001 liat
955 2962 1007 3002 ei
1038 2950 1091 3001 in
1125 2961 1320 3017 magna
1352 2949 1685 3013 necessitate,

188 3036 241 3075 n.
269 3028 316 3075 8.

127 3103 171 3150 4.
210 3100 261 3150 Si
292 3100 548 3166 princeps
585 3100 814 3155 infidelis
844 3102 1014 3167 legem
1055 3102 1202 3164 ferat,
1246 3109 1298 3155 ut
1338 3114 1525 3155 omnes
1556 3102 1690 3155 lide-

190 3175 268 3227 les
299 3176 403 3227 sihi
450 3177 673 3243 subjecti
718 3179 1014 3242 peculiares
1048 3185 1253 3245 gestent
1289 3186 1465 3232 vestes
1495 3176 1689 3243 quibus

188 3253 596 3318 dignoscamur,
632 3266 701 3305 an
737 3252 891 3306 liceat
930 3253 1159 3319 cuipiam
1199 3254 1263 3307 iis
1306 3267 1416 3307 non
1458 3254 1551 3317 uti,
1592 3254 1690 3306 sed

187 3329 311 3381 aliis
340 3329 535 3395 quibus
564 3342 623 3381 se
646 3330 895 3392 occultet,
920 3330 1013 3393 in„
1042 3344 1094 3382 n.
1123 3334 1151 3380 9
1186 3336 1237 3383 et
1260 3334 1337 3382 1ο.

127 3410 171 3456 5.
209 3406 462 3458 Vestibus
510 3420 605 3472 per
637 3418 696 3457 se
732 3406 906 3471 primo
936 3406 1201 3473 deputatis
1246 3407 1311 3458 ad
1349 3406 1687 3471 superstitio-

182 3494 305 3533 sum
337 3481 534 3535 cultum
561 3480 784 3548 alicujus
809 3482 953 3537 t'alsae
978 3491 1135 3536 sectae
1167 3496 1234 3535 an
1260 3484 1408 3537 liceat
1432 3482 1687 3535 christia-

188 3570 264 3608 no
301 3556 375 3608 uti
414 3570 509 3620 per
542 3558 867 3613 materialem
902 3560 1321 3621 simulationem,
1360 3565 1417 3613 ut
1448 3571 1568 3612 sese
1591 3571 1686 3612 oc-

184 3629 369 3695 cultet,
404 3632 499 3695 in„
522 3646 573 3685 n.
598 3638 674 3686 11.

3207 410 3326 474 799

2373 532 2421 569 vl
2427 531 2522 568 EGO
2551 529 2702 568 unu
2711 555 2722 567 .

1766 616 1813 664 1.
1855 609 2140 677 Virginitas
2177 612 2430 675 perpetua
2455 606 2690 669 Deiparae
2735 608 2898 657 estex
2931 607 3198 667 praecepto
3230 614 3326 655 ex-

1830 688 2011 755 plicite
2034 684 2317 745 credenda,
2343 690 2492 735 tract.
2515 686 2568 743 1,
2587 680 2726 745 disp.
2748 683 2828 741 16,
2859 683 2987 731 sect.
3015 682 3060 739 4,
3081 691 3134 729 ιι.
3159 682 3204 730 7.

1767 769 1817 817 2.
1852 763 2013 829 Virgo
2055 760 2215 813 Maria
2250 766 2426 813 actum
2470 756 2747 810 charitatis
2797 756 2884 807 Del
2931 754 2985 807 in
3025 753 3250 807 transitu
3291 766 3324 806 e

1830 838 1936 890 vita
1968 838 2036 890 ad
2075 835 2299 902 patriam
2330 846 2440 887 non
2487 830 2789 893 intermisit,
2821 835 2970 883 tract.
3015 834 3062 893 3,
3107 828 3245 895 disp.
3270 832 3320 890 3,

1828 923 1958 969 sect.
1981 918 2028 977 3,
2055 927 2109 966 n.
2131 918 2180 965 2.

2018 1042 2268 1083 *romnus
2291 1040 2554 1085 G!EDERD!‚
2585 1037 2682 1077 seu
2713 1039 2792 1077 ΡΙΑ
2824 1036 3074 1075 Annene.

1766 1137 1815 1185 1.
1849 1129 2104 1183 voluntas
2127 1124 2378 1180 credendi
2412 1129 2493 1176 est
2513 1123 2714 1175 donum
2749 1119 2860 1181 Dei,
2893 1116 3036 1185 quod
3060 1119 3177 1171 sine
3197 1131 3325 1184 spe-

1829 1206 1949 1260 ciali
1975 1204 2142 1273 gratia
2169 1201 2364 1255 auxilio
2399 1199 2582 1253 haberi
2615 1197 2815 1263 nequit,
2849 1202 2996 1248 tract.
3026 1200 3073 1256 1,
3109 1194 3247 1260 disp.
3273 1198 3328 1255 6,

1828 1289 1960 1336 sect.
1992 1285 2038 1342 7,
2073 1293 2105 1333 a
2145 1294 2198 1333 n.
2235 1283 2394 1342 l;est
2419 1273 2842 1343 supernaturalis
2873 1272 2928 1324 in
2968 1283 3066 1324 sua
3107 1270 3326 1322 entitate

1826 1366 1876 1411 et
1908 1357 2105 1425 specie,
2129 1369 2182 1407 n.
2211 1360 2256 1407 6.

1762 1440 1811 1487 2.
1847 1434 2105 1489 Voluntas
2133 1429 2387 1484 credendi
2415 1427 2840 1494 supernaturalis
2871 1431 2949 1479 est
2988 1434 3201 1489 semper
3227 1436 3324 1475 ne-

1829 1510 2064 1563 cessaria
2097 1506 2164 1559 ad
2195 1505 2585 1571 subjiciendum
2620 1504 2944 1556 intellectum
2983 1500 3105 1553 ildei
3148 1500 3326 1552 chris-

1830 1585 2004 1644 tianae,
2035 1583 2134 1644 in,
2177 1596 2230 1635 n.
2275 1587 2332 1644 63
2373 1587 2455 1634 est
2482 1581 2711 1633 honesta
2748 1587 2800 1633 et
2829 1576 3129 1638 laudabilis,
3179 1590 3234 1628 ιι.
3265 1583 3320 1637 8:

1829 1674 1929 1714 nec
1965 1665 2138 1727 potest
2179 1670 2415 1723 unquam
2441 1670 2561 1709 esse
2604 1655 2877 1709 moraliter
2917 1666 3101 1719 prava,
3140 1667 3194 1705 n.
3224 1658 3322 1716 11;

1832 1744 2006 1803 potest
2051 1744 2228 1788 tamen
2277 1732 2435 1787 simul
2485 1744 2605 1784 cum
2641 1732 2731 1783 illa
2774 1729 2888 1782 dari
2924 1729 3027 1782 alia
3069 1727 3326 1781 naturalis

1826 1815 2094 1875 volunla5‚
2123 1822 2244 1877 quae
2267 1814 2334 1863 sit
2365 1822 2526 1876 prava
2555 1822 2617 1861 ex
2649 1807 2884 1861 indebito
2921 1806 3044 1869 fine,
3077 1820 3130 1858 n.
3167 1810 3246 1857 13.

1766 1892 1813 1942 a.
1848 1890 2105 1942 Voluntas
2129 1886 2344 1954 propria
2371 1884 2643 1947 credendi,
2681 1892 2734 1936 ot
2771 1888 2920 1936 actus
2969 1881 3090 1935 fidei
3133 1882 3202 1934 ab
3237 1882 3326 1934 illa

1832 1965 2126 2031 procedens
2154 1962 2456 2016 meritorius
2484 1968 2581 2021 est,
2611 1973 2662 2012 n.
2692 1963 2764 2011 14.

1771 2047 1817 2094 4.
1856 2042 2110 2095 Voluntas
2174 2038 2426 2093 credendi
2479 2049 2617 2103 quos
2662 2037 2856 2089 habeat
2895 2034 3153 2100 effectus,
3205 2035 3323 2089 ead.

1832 2118 1970 2183 disp.
2004 2122 2052 2175 6,
2083 2123 2210 2171 sect.
2238 2118 2316 2179 1ο,
2341 2130 2393 2168 n.
2424 2118 2469 2168 4.

1769 2198 1815 2246 a.
1853 2193 2185 2245 Voluntatem
2228 2192 2481 2247 credendi
2527 2191 2683 2257 quale
2728 2189 2980 2243 indicium
3032 2186 3324 2254 praecedat.

1833 2269 2108 2331 naturalis,
2134 2282 2201 2323 an
2243 2266 2680 2335 supernaturalis.
2713 2265 2831 2319 cad.
2872 2265 3012 2329 disp.
3045 2269 3095 2329 6,
3117 2268 3244 2317 sect.
3275 2268 3324 2326 8,

1830 2358 1860 2397 a
1891 2358 1943 2398 n.
1983 2350 2061 2398 12.

1767 2428 1816 2476 6.
1855 2420 2150 2474 ‚Voluntatis
2170 2419 2385 2473 habitus
2409 2417 2657 2485 specialis
2679 2416 2746 2469 ad
2778 2416 2934 2469 tidem
2957 2415 3116 2468 etiam
3157 2414 3326 2467 infor-

1826 2511 1969 2550 mem
2005 2498 2310 2563 requiritur,
2332 2503 2468 2549 tract
2506 2500 2552 2557 1,
2576 2494 2714 2559 disp.
2738 2496 3001 2555 7,sect.2,
3029 2506 3081 2544 n.
3119 2496 3164 2542 3.

1829 2574 2114 2628 Praedictus
2136 2573 2348 2627 habitus
2369 2580 2451 2625 est
2466 2570 2818 2625 essentialiter
2834 2570 2999 2623 virtus
3020 2567 3324 2634 appetitiva,

1828 2664 1881 2703 n.
1913 2653 1959 2701 4.

1829 2726 2176 2792 Distinguitur
2197 2738 2228 2777 a
2256 2724 2511 2778 charitate
2541 2729 2592 2777 et
2621 2734 2680 2775 re
2718 2726 2763 2774 et
2801 2720 2997 2788 specie,
3032 2730 3085 2771 n.
3116 2723 3173 2784 5;
3199 2731 3328 2772 nec-

1830 2816 1939 2855 non
1961 2809 2015 2855 et
2035 2815 2066 2853 a
2086 2815 2182 2867 spe
2211 2814 2273 2854 ac
2299 2800 2422 2862 fide,
2447 2812 2500 2851 n.
2527 2805 2574 2851 6.

1769 2883 1814 2931 7.
1850 2877 2145 2931 Voluntatis
2190 2876 2402 2929 habitus
2444 2876 2512 2928 ad
2551 2873 2877 2927 credendum
2924 2886 3030 2926 non
3077 2880 3156 2927 est
3196 2873 3330 2925 ohe-

1829 2954 2049 3013 dientia.
2092 2952 2242 3014 ibid..
2283 2965 2334 3005 n.
2395 2956 2452 3017 7;
2506 2964 2605 3003 nec
2637 2950 2942 3004 studiositas
2985 2958 3077 3003 aut
3121 2950 3326 3017 religio,

1832 3044 1883 3083 n.
1910 3035 1939 3082 8
1962 3036 2013 3083 et
2032 3034 2080 3081 9.

1832 3106 1933 3158 Sed
1969 3103 2216 3170 specialis
2245 3104 2414 3157 virtus
2439 3102 2659 3156 moralis
2694 3100 3031 3169 peculiariter
3064 3101 3203 3155 dicta
3241 3100 3331 3167 pia

1832 3180 2043 3236 affectio
2077 3179 2350 3243 credendi,
2385 3193 2440 3232 n.
2485 3183 2576 3244 10;
2607 3186 2686 3231 est
2719 3179 2855 3232 inter
2894 3178 3124 3231 morales
3159 3177 3332 3244 potis-

1830 3258 1986 3317 sima,
2019 3270 2052 3308 n
2105 3260 2183 3309 11.

1771 3338 1817 3386 6.
1853 3332 2151 3387 Voluntatis
2196 3331 2426 3391 habitus,
2458 3343 2578 3383 cum
2619 3330 2879 3395 pertineat
2906 3330 2972 3381 ad
3007 3328 3186 3391 fldem,
3220 3340 3329 3381 non

1832 3416 1989 3476 auget
2011 3422 2292 3461 numerum
2319 3406 2703 3473 theologalium
2728 3404 3000 3467 virtutum,
3025 3405 3146 3459 eod.
3169 3418 3222 3457 ιι.
3246 3406 3326 3456 11.

2333 3536 2560 3575 vunnu
2587 3534 2764 3573 nume.

1830 3636 1962 3689 Vide
1981 3646 2264 3695 murrum,
2293 3646 2345 3685 n.
2373 3636 2418 3684 4.

1628 4652 1839 4844 εξὲ
