3900 6217
735 378 905 433 SECT.
941 380 1001 433 V.
1038 379 1119 433 An
1154 380 1236 433 BE
1265 378 1538 433 amona
1570 378 1778 433 {²131ssAE
1811 378 2142 434 venturis
2173 378 2273 433 sn·
2300 378 2425 432 NON
2458 378 2666 442 POSSE,
2698 378 2837 431 mc.

3300 374 3379 437 55

185 482 297 541 ium
321 476 586 538 formale
615 477 812 551 visus,
839 478 952 540 sed
979 486 1075 541 est
1103 479 1286 541 radix
1319 478 1517 552 illius;
1563 477 1736 558 quod
1813 480 1900 541 tio
1915 480 2017 541 vel
2036 480 2273 542 falsitas
2294 479 2633 541 verborum
2650 478 3014 556 materialis,
3046 478 3195 559 quia
3222 479 3379 541 nihil

183 588 320 649 ergo
339 570 426 631 ihi
447 570 712 632 realiter
735 572 1070 645 invenitur,
1103 573 1166 633 in
1197 572 1324 633 Deo
1348 572 1733 635 considerari

179 664 354 725 debet
401 670 626 725 nostro
689 662 1080 744 concipiendi
1123 665 1336 740 modo,
1369 668 1432 726 et
1485 666 1567 726 ad
1611 666 1732 729 boc

179 756 390 819 sufficit
439 757 727 819 virtualis
771 756 1084 820 distinctio
1113 758 1466 820 divinarum
1495 756 1732 839 perfec·

175 854 428 923 tionum,
459 856 536 913 ut
557 850 847 913 diximus.

789 1044 1008 1100 sueno
1045 1046 1102 1101 V.

179 1218 394 1282 Uos-nn·
413 1218 490 1281 aa
503 1218 744 1283 ratione
755 1220 980 1302 prim
999 1220 1286 1284 enitatis
1306 1221 1396 1283 eit
1413 1237 1536 1283 m
1551 1236 1730 1300 poseo

239 1313 454 1387 mim
481 1330 594 1376 eon
633 1312 908 1385 mentiri,
939 1319 998 1377 et
1037 1314 1144 1377 λου
1185 1315 1276 1379 sit
1322 1314 1728 1378 massarium

241 1407 320 1469 cd
341 1406 640 1485 mactum
655 1407 911 1485 malo
934 1406 1120 1484 fidei?

239 1605 266 1661 ί
281 1648 298 1661 .
342 1600 730 1667 Ιιιένοᾶασέίο
753 1604 842 1667 cd
851 1608 1214 1687 presentem
1227 1606 1725 1685 mationem.—

169 1697 476 1777 Loquendo
501 1696 572 1759 de
595 1696 742 1773 Deo,
771 1711 892 1759 m
920 1696 1328 1779 distinquiem·
1345 1700 1574 1776 metm
1597 1700 1725 1765 dic·-

169 1796 282 1851 τινα
309 1808 350 1851 a
391 1790 723 1853 mendacio.
741 1822 824 1837 —
850 1788 1232 1872 Empliemm·
1259 1792 1384 1855 hoec
1409 1795 1724 1872 confima-

167 1885 359 1945 tio.—
381 1881 538 1945 Atia
593 1882 896 1963 famulis.
917 1916 1000 1931 --
1051 1885 1123 1945 In
1177 1885 1554 1965 praecedenti
1589 1902 1722 1947 sec-

161 1976 344 2047 tione,
381 1974 524 2037 fere
561 1978 1010 2056 supposuimus
1038 1994 1176 2041 esse
1201 1978 1266 2039 in
1303 1979 1434 2041 Deo
1480 1979 1722 2059 perfec·-

158 2070 374 2129 tionem
399 2086 604 2148 quam
631 2086 800 2132 nuuc
820 2070 1213 2150 inquirimus,
1245 2090 1372 2133 non
1397 2079 1611 2135 tamen
1645 2073 1720 2133 il-

151 2163 264 2223 lam
283 2162 728 2242 probavimuoe
758 2170 818 2225 et
845 2164 992 2225 ideo
1029 2165 1194 2226 banc
1219 2166 1546 2227 veritatem
1573 2184 1720 2228 cou-

143 2254 408 2327 firmare,
445 2262 516 2317 et
559 2256 880 2336 explicare
924 2274 1186 2320 necesse
1233 2263 1352 2334 est,
1401 2260 1550 2339 quia
1597 2276 1718 2321 nec

135 2348 472 2410 defuerunt
499 2349 788 2412 hot-etici
813 2350 986 2412 illam
1007 2356 1336 2431 negantes,
1363 2368 1572 2432 neque
1607 2353 1718 2413 Ca-

133 2442 332 2502 tholici
355 2442 474 2521 qui
505 2442 693 2503 illam
721 2444 784 2505 in
813 2443 1076 2505 dubium
1105 2451 1494 2507 revocarent.
1537 2446 1721 2507 coin·

126 2534 266 2595 cidit
289 2536 472 2596 enim
499 2536 656 2597 hoec
673 2538 936 2616 quaestio
963 2538 1255 2612 camilla,
1279 2556 1362 2599 an
1386 2542 1554 2600 Deus
1573 2556 1722 2618 pos-

125 2627 196 2689 sit
219 2630 528 2706 mentiri3
585 2648 762 2703 nam,
795 2630 942 2693 licet
973 2630 1370 2692 mendacium
1401 2638 1463 2693 et
1491 2632 1719 2693 salsum

122 2722 350 2782 dictum
399 2723 472 2783 in
503 2722 888 2784 hominibus
936 2722 1421 2803 distinguantur,
1469 2725 1535 2785 in
1585 2725 1716 2787 Deo

125 2816 418 2893 distingui
451 2834 604 2877 non
647 2823 938 2896 possunt.
969 2816 1216 2878 Mentiri
1253 2817 1423 2878 enim
1464 2824 1560 2879 est
1601 2818 1716 2879 fal-

137 2926 276 2969 sum
299 2910 506 2972 dicere
553 2928 643 2971 ex
687 2910 1061 2986 intentione,
1105 2928 1218 2973 seu
1249 2910 1588 2991 cogitando
1613 2912 1716 2972 vel

145 3003 570 3080 coemoscendo
625 3003 862 3065 falsum
909 3020 1048 3065 esse
1103 3004 1272 3084 quod
1336 3004 1562 3066 dicitur
1571 3050 1592 3081 ,
1641 3010 1714 3066 ut

141 3097 312 3158 tradit
347 3098 782 3177 Augustinus,
827 3098 892 3159 in
938 3097 1112 3159 libris
1155 3097 1236 3159 de
1277 3096 1602 3161 Mendacio
1650 3105 1716 3161 et

129 3192 341 3253 Gonu-a
387 3192 858 3267 mendacium3
921 3198 984 3253 et
1035 3190 1314 3254 Gratiau.
1345 3237 1365 3267 ,
1427 3192 1712 3255 referens

127 3286 308 3345 multa
335 3301 416 3347 ex
453 3285 769 3346 Patribus
808 3286 869 3346 Ξ.
901 3286 965 3357 2,
1010 3286 1358 3364 quaestione
1401 3286 1707 3362 secunda,

125 3396 224 3457 per
245 3382 474 3439 totam.
511 3377 712 3443 Unde
750 3376 980 3457 duplex
1007 3376 1302 3458 distingui
1343 3379 1504 3441 solet
1543 3379 1710 3441 salsi-

127 3480 208 3531 tas
225 3471 508 3533 dicentis
535 3493 558 3531 t
587 3488 722 3531 una
751 3470 1112 3545 materialis,
1145 3476 1206 3533 et
1231 3472 1353 3533 alia
1382 3470 1704 3548 formali33

129 3565 458 3626 materialis
489 3568 622 3638 est,
655 3565 912 3643 quando
933 3566 1156 3645 aliquis
1178 3572 1406 3644 putans
1429 3584 1568 3628 esse
1595 3584 1709 3628 ve·-

131 3678 245 3719 rum
277 3659 462 3739 quod
493 3658 680 3732 dicit,
725 3656 1030 3739 decipitur
1057 3666 1120 3720 et
1157 3659 1409 3739 decipit,
1449 3666 1512 3721 et
1555 3666 1706 3722 tunc

135 3772 238 3813 nou
275 3752 716 3815 committitur
749 3752 1185 3827 mendacium3
1221 3752 1452 3832 poterit
1489 3759 1705 3816 tamen

135 3848 420 3908 committi
473 3846 713 3906 levitas
757 3852 820 3906 et
855 3846 1176 3907 temeritas
1223 3848 1288 3907 in
1339 3846 1660 3925 loquendo
1683 3892 1702 3921 ,

135 3956 250 4017 qnae
295 3938 630 3999 indirecte
683 3938 1008 4018 participet
1059 3940 1362 4001 malitiam
1394 3939 1704 4001 mendacii

135 4040 370 4111 propter
423 4032 828 4111 periculum3
882 4033 1164 4093 formalis
1208 4038 1420 4094 autem
1463 4032 1704 4095 falsitas

137 4134 232 4204 est,
275 4128 556 4207 quando
607 4128 748 4207 quis
771 4173 790 4203 ,
838 4144 1228 4206 cognosceus
1284 4127 1518 4189 falsum
1565 4144 1704 4189 esse

137 4222 282 4301 quod
335 4222 505 4283 dicit
533 4270 549 4291 ‚
603 4220 758 4282 illud
802 4220 1108 4297 affirmat,
1159 4225 1268 4282 aut
1313 4238 1704 4300 cognoscens

135 4336 255 4378 esse
281 4334 521 4376 verum
527 4360 552 4391 ,
579 4314 732 4375 illud
751 4320 976 4395 negat3
1009 4320 1072 4376 et
1099 4315 1220 4376 hoc
1245 4318 1340 4375 est
1364 4313 1615 4392 proprie
1641 4319 1706 4375 et

135 4408 354 4471 directe
407 4406 845 4469 mendacium.
901 4408 1239 4469 Possumus
1289 4406 1523 4468 addere
1577 4412 1708 4467 ter-

133 4504 269 4562 tium
293 4503 678 4563 membrum
707 4500 786 4561 de
819 4501 1148 4561 mendacio
1191 4500 1540 4562 formaliter
1563 4500 1700 4573 tali,

135 4596 258 4657 lieet
291 4594 726 4656 materialiter
750 4594 1068 4673 contingat
1107 4612 1326 4655 verum
1369 4610 1506 4654 esse
1532 4592 1704 4673 quod

133 4688 378 4760 (licitum
436 4688 494 4749 si
537 4688 683 4767 quis
723 4686 890 4747 enim
931 4686 1244 4749 existimet
1290 4684 1519 4747 falsum
1561 4702 1702 4747 esse

133 4782 288 4861 quod
331 4780 650 4861 loquitur,
697 4778 840 4841 licet
875 4778 938 4840 in
983 4780 1106 4841 hoc
1131 4779 1502 4860 decipiatur,
1553 4780 1701 4859 qnia

129 4886 342 4935 revera
367 4874 464 4935 ita
487 4880 588 4935 est
607 4874 768 4935 sicut
783 4870 1075 4949 loquitur,
1107 4872 1512 4934 nihilominus
1527 4888 1700 4934 men-

127 4968 376 5029 dacium
401 4966 758 5042 committit,
790 4964 935 5047 quia
961 4972 1176 5028 contra
1203 4968 1483 5028 mentem
1505 4965 1705 5046 loqui·

125 5068 244 5135 tur,
273 5063 342 5121 in
365 5075 502 5143 quo
547 5060 706 5121 ratio
741 5058 1051 5119 mendacii
1091 5064 1590 5135 consummatur,
1633 5062 1705 5119 ut

125 5154 312 5214 tradit
335 5154 422 5215 D.
449 5152 728 5214 Thomas
747 5153 808 5213 Ξ.
835 5152 899 5227 Ξ,
925 5168 986 5231 q.
1013 5154 1122 5214 {ss
1135 5197 1154 5230 ,
1181 5156 1242 5213 et
1267 5152 1490 5231 reliqui
1513 5152 1704 5213 Scho-

123 5246 346 5321 laniet,
381 5247 450 5307 in
499 5244 646 5306 dist.
692 5244 792 5318 38,
841 5262 984 5306 cum
1036 5245 1405 5323 Augustino,
1457 5244 1564 5307 lib.
1619 5245 1700 5307 de

123 5340 484 5416 Mendacio,
515 5356 571 5400 c.
605 5341 670 5415 3,
703 5345 766 5402 et
787 5340 1014 5401 Contra
1053 5338 1479 5415 mendacium,
1515 5358 1569 5402 c.
1597 5342 1698 5417 12,

153 5434 266 5495 etin
295 5434 444 5495 aliis
465 5434 649 5511 locis,
676 5447 814 5513 quse
836 5432 1194 5496 referuntur
1215 5433 1282 5494 in
1305 5432 1566 5497 Decreto
1591 5434 1701 5496 ubi

155 5544 310 5609 snpra
331 5550 352 5605 3
381 5530 450 5590 in
467 5526 606 5592 Deo
629 5532 844 5590 autem
863 5544 993 5591 non
1021 5528 1231 5592 locum
1255 5528 1448 5594 babet
1471 5530 1702 5611 decep-

1814 573 2085 652 ignorat‚
2104 592 2226 637 nec
2247 574 2560 654 opinatur,
2582 590 2701 635 nec
2714 572 2955 652 judicat
2968 590 3187 635 verum
3206 571 3381 652 quod

1811 666 2041 729 falsum
2082 673 2199 743 est,
2248 686 2371 729 nec
2416 666 2645 729 falsum
2676 666 2847 745 quod
2896 684 3117 729 verum
3146 673 3263 743 est,
3316 669 3383 731 et

1813 758 1957 823 ideo
1978 778 2111 823 non
2140 767 2347 839 potest
2376 760 2549 841 loqui
2570 759 2799 823 falsum
2832 760 2983 839 quin
3012 760 3377 835 mentiatur,

1811 852 1878 913 id
1901 858 2021 928 est,
2052 856 2270 916 contra
2304 870 2485 915 suam
2520 858 2801 915 mentem
2831 852 3157 931 loquatur3
3187 859 3377 932 atque

1811 945 1898 1007 ita
1923 947 2022 1009 11ae
2048 947 2193 1009 duae
2214 947 2591 1027 quaestiones
2614 947 2679 1007 in
2704 946 2839 1009 Deo
2860 964 2989 1007 una
3012 952 3181 1009 sunt.

1889 1042 1952 1101 2.
2008 1042 2216 1105 Error
2268 1040 2873 1105 Pmoaianistarsm
2896 1085 2913 1113 ‚
2967 1042 3163 1103 Deum
3220 1058 3377 1120 soepo

1806 1135 2037 1199 dixisse
2056 1136 2313 1213 samm.
2338 1164 2422 1181 —-
2448 1133 2551 1197 Aa
2568 1139 2827 1215 quatuor
2854 1134 3059 1216 capita
3080 1135 3377 1197 mancun—

1807 1235 1914 1293 Μ
1941 1228 2079 1292 loca
2116 1227 2465 1309 Scriptum
2487 1228 2705 1311 quibu
2734 1228 2835 1291 laio
2854 1246 3027 1290 orror
3050 1228 3371 1307 nondam.

1806 1322 2062 1385 —Girca
2078 1338 2273 1402 quam
2288 1326 2577 1385 errarunt
2598 1321 3075 1396 Priscilianistoe,
3098 1320 3375 1383 haeretici

1807 1416 2087 1479 dicentes
2122 1434 2255 1479 non
2292 1416 2497 1477 solum
2535 1432 2720 1495 posse
2763 1416 2967 1477 Deum
3002 1414 3211 1477 dicere
3257 1412 3379 1475 fal-

1805 1526 1967 1581 sum,
1996 1509 2113 1572 sed
2144 1509 2335 1571 etiam
2370 1508 2599 1587 saepius
2620 1506 2877 1571 dixisse.
2915 1509 3007 1569 lta
3030 1507 3223 1569 refert
3244 1509 3374 1569 Au·

1802 1602 2112 1681 guatinas,
2138 1601 2183 1663 1.
2206 1602 2435 1663 Gonu-a
2461 1600 2778 1676 Mendac„
2806 1618 2860 1663 c.
2886 1602 2951 1677 2,
2976 1606 3041 1661 et
3064 1600 3145 1663 de
3166 1601 3375 1661 Haere-

1803 1696 2000 1771 sibus,
2034 1696 2101 1757 in
2130 1696 2229 1771 70,
2267 1699 2329 1755 et
2370 1694 2638 1757 Prateol.
2659 1694 2835 1755 verb.
2869 1693 3369 1766 Priscilianistoe,

1801 1808 2067 1853 numero
2106 1806 2305 1863 nono,
2332 1788 2807 1867 afferebantque
2838 1788 2929 1848 illi
2969 1786 3242 1849 haeretici
3262 1804 3373 1847 va·—

1799 1884 1893 1945 ria
1945 1884 2083 1945 loca
2131 1882 2615 1961 scripturarum,
2646 1898 2788 1961 quoe
2832 1880 3117 1943 falsitatis
3146 1897 3375 1959 argue·

1801 1978 1957 2039 bant
1978 2022 1995 2051 ,
2040 1977 2271 2056 quibus
2316 1994 2486 2039 nunc
2532 1995 2613 2038 ex
2652 1975 2937 2056 professo
2985 1974 3371 2055 respondere

1800 2088 1930 2133 non
1985 2087 2321 2151 possumus
2342 2114 2359 2143 ‚
2414 2071 2561 2150 quia
2608 2070 2678 2131 id
2718 2070 2923 2148 magis
2971 2068 3243 2148 pertinet
3292 2065 3376 2128 ad

1799 2170 2137 2227 tractatum
2183 2162 2265 2225 de
2315 2164 2637 2243 Scriptura
2650 2178 2670 2240 3
2720 2161 3119 2225 adducuntur
3156 2166 3371 2223 autem

1797 2276 1912 2340 per
1974 2258 2222 2339 singula
2284 2276 2321 2317 a
2389 2257 2637 2320 Valent.
2654 2302 2677 2334 ,
2728 2261 2883 2318 tom.
2954 2255 3136 2317 tertio
3204 2254 3369 2333 disp.

1799 2359 2013 2434 punct.
2052 2354 2132 2431 33
2164 2352 2382 2431 eisque
2422 2349 2675 2413 abunde
2712 2348 3011 2411 satisfacit
3047 2354 3191 2427 post
3226 2348 3373 2409 Bel-

1799 2447 2011 2520 larm.‚
2040 2446 2083 2506 l.
2120 2448 2151 2507 1
2200 2449 2481 2507 controv.
2511 2448 2539 2506 1
2556 2491 2569 2505 .
2590 2444 2807 2507 Solum
2832 2442 3085 2505 adverto
3112 2441 3194 2503 ad
3215 2459 3372 2521 qua·

1799 2544 1946 2603 tuor
1988 2540 2195 2618 capita
2250 2538 2528 2601 revocari
2576 2555 2763 2617 posse
2836 2554 2977 2616 quoe
3044 2535 3367 2615 objiciunt.

1804 2634 2081 2697 Primum
2130 2640 2227 2695 est
2254 2632 2609 2711 aliquorum
2658 2630 2941 2693 locorum
2972 2648 3113 2709 quoe
3155 2628 3371 2690 viden·

1796 2732 1900 2789 tur
1935 2728 2100 2789 inter
2141 2742 2209 2787 se
2248 2726 2482 2786 habere
2530 2724 3056 2798 contrarietatem,
3106 2738 3220 2783 seu
3266 2739 3367 2783 re-

1795 2820 2231 2900 pugnantiam,
2264 2836 2413 2879 nam
2437 2819 2541 2897 qui
2562 2818 2711 2878 dicit
2735 2817 3069 2889 contraria,
3098 2832 3361 2877 necesse

1798 2918 1894 2975 est
1920 2912 2077 2974 utin
2112 2912 2323 2991 aliquo
2352 2929 2573 2973 eorum
2600 2910 2829 2971 falsum
2858 2910 3045 2972 dicat.
3077 2908 3203 2971 Sed
3226 2909 3365 2969 haec

1797 3005 2213 3067 conciliantur
2228 3004 2409 3066 facile
2423 3006 2605 3084 juxta
2622 3022 2841 3065 verum
2862 3020 3122 3064 sensum
3142 3002 3369 3063 utrius-

1794 3114 1918 3178 que
1944 3098 2084 3173 loci,
2110 3104 2182 3160 ut
2197 3097 2411 3160 videre
2440 3098 2589 3159 licet
2614 3097 2677 3157 in
2706 3096 3077 3177 Augustino,
3107 3095 3369 3156 inlibris

1791 3192 1872 3253 de
1899 3191 2251 3253 Concordia
2281 3191 2846 3271 Evangelistarum‚
2871 3195 2936 3251 et
2958 3190 3025 3249 in
3060 3189 3367 3269 exposito-

1791 3284 1967 3347 ribus
2012 3286 2371 3365 Scripturae,
2413 3291 2479 3348 et
2504 3285 2713 3364 aliqua
2742 3300 2821 3345 ex
2847 3284 2947 3343 his
2984 3283 3137 3345 locis
3167 3284 3367 3364 tetigit

1789 3380 1984 3450 Cano,
2028 3379 2072 3440 1.
2105 3379 2147 3440 2
2170 3378 2251 3440 de
2284 3379 2484 3441 Locis.
2532 3376 2891 3440 Secundum
2924 3384 3113 3456 caput
3139 3383 3233 3439 est
3256 3394 3365 3439 eo·

1787 3490 1932 3535 rum
1960 3473 2025 3534 in
2064 3472 2293 3551 quibus
2336 3472 2455 3533 viri
2496 3470 2731 3544 Sancti,
2762 3475 2828 3531 et
2868 3468 3079 3531 divino
3128 3470 3360 3551 Spiritu

1788 3565 1982 3639 ducti,
2022 3564 2251 3627 falsum
2284 3564 2597 3639 dixerunt,
2640 3571 2711 3628 nt
2754 3580 2898 3625 cum
2928 3566 3125 3628 Jacob
3154 3564 3309 3627 dixit
3342 3580 3357 3625 ε

1787 3660 1928 3743 Ego
1954 3676 2091 3723 sum
2120 3660 2297 3740 filim
2330 3664 2475 3723 tuus
2520 3658 2963 3741 primoyouitus
2986 3684 3013 3732 ;
3052 3663 3117 3720 et
3168 3658 3362 3721 Abra-

1787 3752 1936 3813 ham
1975 3770 2120 3815 cum
2167 3752 2360 3813 dixit:
2386 3752 2524 3835 Ερο
2566 3759 2626 3817 et
2670 3770 2821 3832 puer
2868 3758 3237 3816 revertemur
3274 3754 3361 3816 ad

1783 3862 1912 3918 voe,
1940 3864 2085 3907 cum
2108 3852 2321 3907 tamen
2347 3846 2649 3925 cogitaret
2668 3844 2866 3907 fllium
2888 3842 3265 3922 sacrificare,
3296 3851 3360 3907 et

1787 3940 2037 3999 similia.
2082 3938 2208 4001 Sed
2246 3940 2385 4000 baec
2418 3939 2595 4018 parvi
2641 3939 2943 3999 momenti
2989 3944 3159 4013 suut,
3207 3938 3357 4017 quia

1785 4046 1914 4091 non
1943 4038 2190 4092 constat
2231 4033 2345 4092 hos
2389 4038 2452 4093 et
2494 4032 2730 4093 similes
2757 4033 2971 4093 Patres
2998 4032 3063 4092 in
3096 4032 3357 4111 singulis

1784 4124 1991 4186 verbis
2022 4125 2243 4202 spiritu
2270 4125 2383 4185 Dei
2416 4124 2613 4185 fuisse
2652 4126 2893 4187 locutos
2910 4147 2929 4201 3
2964 4131 3039 4186 ut
3070 4126 3359 4186 homines

1787 4223 2001 4278 autem
2034 4224 2329 4297 poterant
2360 4218 2679 4281 interdum
2714 4218 2929 4299 lingna
2960 4219 3353 4297 delinquere,

1786 4312 2132 4390 praesertim
2161 4312 2404 4387 leviter,
2450 4319 2514 4374 et
2548 4314 2635 4375 ita
2664 4312 2921 4391 quidam
2960 4312 3261 4390 Theologi
3284 4312 3363 4373 il·

1787 4402 1883 4463 los
1917 4412 2239 4481 accusant,
2280 4406 2384 4467 alii
2412 4411 2735 4481 excusant,
2764 4412 2828 4467 et
2873 4406 2937 4466 hi
2974 4402 3359 4485 probabilius

1785 4494 2151 4577 loquuntur,
2206 4503 2271 4560 et
2318 4505 2415 4561 est
2462 4498 2668 4573 facile,
2722 4502 2979 4578 propter
3018 4498 3358 4559 verborum

1785 4592 2317 4672 amphibologiam
2369 4593 2469 4653 vel
2516 4594 2975 4673 metaphoram,
3026 4596 3091 4652 et
3138 4590 3357 4653 Patres

1782 4683 2177 4765 frequentius
2218 4686 2305 4747 ita
2358 4686 2440 4748 de
2482 4684 2605 4748 illis
2650 4684 2953 4761 sentiunt,
3006 4686 3356 4767 praesertim

1787 4779 2198 4855 Aug-ustinus,
2232 4778 2412 4841 dictis
2452 4779 2625 4841 libris
2677 4779 2757 4841 de
2804 4779 3156 4855 Mendacio,
3196 4786 3261 4840 et
3286 4780 3353 4840 in

1783 4870 1922 4931 aliis
1958 4871 2113 4933 locis
2148 4888 2291 4951 quaa
2320 4872 2681 4934 referuntur
2714 4872 2779 4933 in
2819 4872 2985 4936 dicta
3010 4872 3353 4952 quaestione

1783 4962 2053 5028 Decreti.
2080 4966 2152 5027 Iu
2183 4966 2363 5028 tertio
2392 4966 2595 5047 capite
2626 4968 3028 5029 continentur
3064 4966 3353 5047 quadam

1783 5058 2233 5137 promissiones
2268 5059 2372 5121 vel
2404 5060 2841 5140 praedictiones
2885 5060 3017 5134 Dei,
3049 5078 3191 5141 quae
3225 5076 3354 5121 non

1780 5151 2075 5213 videntur
2092 5152 2387 5232 impletis.
2426 5153 2729 5227 Quartum
2754 5160 2944 5234 caput
2964 5155 3241 5219 continet
3266 5155 3357 5217 lo·

1783 5264 1857 5307 ca
1879 5246 1941 5305 in
1981 5243 2209 5325 quibus
2234 5246 2459 5320 dicitur
2478 5250 2647 5309 Deus
2682 5248 3025 5329 aliquando
3058 5246 3355 5328 decipere

1780 5340 2095 5413 homines,
2132 5340 2212 5425 de
2242 5342 2473 5421 quibus
2512 5360 2714 5423 panca
2742 5342 2948 5405 statim
2974 5341 3202 5403 dimam.
3234 5343 3355 5404 Ne-

1781 5452 1906 5515 que
1931 5440 2150 5497 contra
2174 5438 2336 5499 banc
2356 5438 2641 5500 haeresim
2670 5442 2914 5517 oportet
2938 5436 3207 5517 amplius
3230 5436 3353 5498 dis-

1781 5534 2049 5611 putare3
2086 5536 2224 5593 tum
2270 5532 2419 5613 quia
2468 5530 2731 5595 destruit
2778 5531 3241 5610 scripturarum
3280 5531 3355 5594 fl-
