3900 6217
652 400 824 455 secr.
858 403 919 456 ιι.
953 402 1038 457 An
1069 404 1246 459 mass
1277 404 1518 459 SEMPER
1549 404 1646 458 srr
1677 368 2059 460 Naesssxnm
2092 406 2153 461 m
2186 410 2285 474 ns,
2320 409 2404 464 AN
2436 410 2808 477 AMQUANDO,
2843 412 2979 466 s‘rc.

234 502 390 577 Quod
413 504 602 566 etiam
628 503 748 565 fuit
769 506 1164 581 conveniens,
1195 511 1268 566 ut
1287 506 1356 567 in
1383 523 1584 567 unum
1629 524 1768 568 cor-

235 615 334 677 pus
377 597 659 659 Eccloeiae
707 604 956 677 possent
997 599 1360 679 congregari
1365 645 1385 676 ,
1433 600 1772 679 eademque

235 710 366 753 vera
391 690 511 753 fide
549 690 736 769 dirigi
783 697 846 752 et
891 694 1260 754 conservari.
1290 694 1566 773 Denique
1593 699 1664 753 ut
1698 710 1774 753 ea

233 784 368 847 fides
393 788 552 847 esset
580 783 833 847 omnino
869 791 1038 846 certa
1063 792 1128 847 et
1167 786 1534 860 infallibilia,
1570 784 1772 865 qualis

237 896 350 939 esse
391 876 607 939 debuit
649 879 714 937 iu
761 877 978 939 ordine
1023 879 1102 939 ad
1151 879 1414 940 salutem
1447 885 1768 954 aeternam,

237 970 631 1033 necessarium
654 969 776 1031 fuit
799 971 868 1031 in
884 970 1098 1032 divina
1116 972 1478 1033 auctoritate
1497 970 1770 1047 fundari,

233 1064 367 1143 quia
387 1063 588 1125 omnis
615 1062 740 1125 alia
775 1063 1046 1126 fallibilis
1079 1070 1194 1141 est,
1209 1072 1272 1127 et
1287 1064 1568 1127 humana
1587 1068 1774 1126 etiam

233 1158 382 1219 ratio
439 1174 601 1237 saepe
649 1156 979 1236 decipitur.
1043 1160 1150 1220 Est
1213 1176 1362 1239 ergo
1433 1159 1778 1221 necessaria

235 1250 396 1325 fidoe,
425 1268 566 1331 quoe
591 1268 670 1311 ex
695 1250 938 1330 objecto
963 1251 1214 1313 formali
1241 1252 1456 1314 divina
1481 1257 1545 1313 et
1565 1269 1778 1331 super·

229 1344 520 1405 naturalis
555 1344 668 1415 sit;
703 1362 786 1405 an
811 1362 962 1405 vero
989 1363 1067 1405 ex
1090 1343 1332 1425 objecto
1359 1344 1548 1407 etiam
1583 1350 1778 1407 mate·

230 1436 360 1499 riali
384 1454 516 1499 oese
543 1436 765 1499 debeat
789 1437 1298 1518 supernaturalia,
1326 1438 1529 1500 dicam
1555 1438 1622 1499 in
1652 1456 1778 1501 sec-

228 1530 390 1593 tione
413 1531 617 1593 tertia.

838 1730 1054 1784 sm'rlo
1085 1731 1148 1784 11.

221 1908 316 1971 Aa
334 1910 490 1989 fides
519 1925 756 1991 smper
797 1909 884 1971 sit
921 1907 1264 1971 necessaria
1303 1909 1374 1972 in
1404 1926 1476 1972 re
1505 1910 1666 1991 ipsa,
1686 1908 1780 1973 vel

289 2004 506 2082 aliqua
539 2004 810 2084 exceptio
843 2002 1216 2065 admittenda
1247 2004 1338 2067 sit
1361 2002 1426 2067 in
1469 2020 1591 2085 qua
1625 2002 1779 2081 fides

285 2098 354 2157 in
377 2101 518 2159 voto
535 2097 836 2174 sufficias.

289 2304 348 2363 1.
373 2300 602 2383 Opinio
625 2302 1018 2380 πεμπέτω-
1030 2301 1200 2381 Ejus
1211 2301 1684 2379 fundamentum.
1698 2334 1781 2348 —

209 2396 352 2457 Haec
381 2395 651 2475 quaestio
679 2394 758 2455 de
775 2393 1002 2455 actuali
1025 2394 1146 2455 fide
1183 2400 1468 2456 movetur
1483 2416 1502 2471 3
1538 2395 1780 2456 namin

201 2488 514 2549 habituali
529 2488 735 2549 locum
759 2505 885 2547 non
905 2486 1114 2563 habet,
1127 2506 1269 2548 cum
1284 2488 1468 2550 realis
1479 2486 1781 2567 justifica-

199 2586 286 2644 tio
314 2600 580 2662 semper
598 2584 679 2643 sit
695 2582 1072 2656 necessat-im
1093 2587 1155 2643 et
1169 2582 1308 2644 ideo
1330 2582 1406 2644 de
1427 2584 1573 2643 solis
1589 2583 1779 2645 etiam

193 2676 428 2737 adultis
461 2676 730 2755 quaestio
757 2680 1079 2736 tractatur.
1107 2675 1180 2736 In
1205 2693 1328 2755 qua
1350 2675 1470 2736 fuit
1503 2674 1778 2738 Catholi-

187 2786 416 2830 eorum
455 2768 884 2847 quorumdam
906 2766 1137 2847 opinio,
1167 2786 1344 2847 posse
1367 2768 1682 2829 hominem
1711 2768 1778 2829 iu

187 2861 406 2942 aliqiio
425 2880 587 2923 casu
623 2860 851 2923 salvari
884 2861 1018 2921 sine
1045 2859 1190 2937 fide,
1220 2879 1332 2940 per
1361 2862 1780 2941 cognitionem

189 2954 588 3030 naturalem,
626 2954 729 3015 vel
771 2954 903 3028 Dei,
947 2952 1048 3015 vel
1091 2952 1241 3015 boni
1281 2954 1546 3031 honesti,
1592 2955 1644 3014 si
1671 2970 1785 3033 per

201 3050 608 3111 voluntatem
635 3048 826 3109 faciat
845 3047 1012 3127 quod
1033 3048 1100 3108 in
1123 3066 1190 3109 se
1215 3054 1330 3124 est,
1361 3048 1439 3109 ad
1457 3046 1780 3109 vitandum

181 3142 438 3203 malum
467 3148 539 3203 et
567 3140 956 3221 operandum
999 3140 1276 3219 bonum3
1329 3158 1519 3221 quam
1548 3141 1784 3221 opinio-

171 3254 334 3296 nem
373 3234 590 3297 refert
623 3236 688 3295 D.
735 3233 1005 3296 Thomas
1033 3233 1112 3293 ad
1157 3234 1336 3294 Rom.
1386 3234 1450 3307 2,
1501 3240 1564 3295 et
1608 3234 1780 3294 illam

165 3347 312 3389 non
339 3326 685 3407 reprobat.
719 3326 1013 3387 Eamdem
1052 3326 1255 3388 tenuit
1279 3327 1475 3405 Vega,
1505 3326 1614 3387 lib.
1651 3326 1690 3386 6
1716 3326 1780 3386 in

166 3422 558 3483 Concilium
615 3419 1078 3494 Tridentinum‚
1129 3436 1263 3498 cap.
1317 3420 1400 3479 20
1440 3424 1503 3480 et
1549 3420 1622 3479 21
1652 3434 1673 3497 3
1721 3423 1783 3479 et

165 3516 359 3589 Soto,
389 3513 519 3577 lib.
551 3516 594 3575 2
624 3513 704 3574 de
730 3513 962 3573 Natura
987 3517 1049 3572 et
1073 3513 1295 3589 gratia,
1339 3528 1476 3591 cap.
1525 3514 1625 3586 1⁴,
1675 3513 1782 3592 qui

159 3615 410 3671 tamen
437 3608 516 3668 in
557 3624 637 3668 ea
660 3624 790 3667 non
822 3604 1115 3685 persistit,
1157 3612 1228 3665 ut
1261 3604 1426 3667 infra
1449 3606 1674 3667 dicam.
1706 3608 1784 3667 Et

161 3701 252 3763 de
275 3701 610 3781 gentibus
649 3706 796 3761 ante
847 3698 1072 3759 Christi
1121 3698 1483 3774 adventum,
1515 3699 1784 3780 (videtur

165 3796 270 3855 ita
329 3796 623 3857 sensisse
682 3792 964 3853 Clemens
1024 3790 1479 3853 Alexandrinus
1498 3836 1519 3867 ,
1567 3790 1677 3853 Iib.
1746 3792 1786 3852 6

167 3888 640 3963 stromatum3
691 3886 784 3945 ait
839 3883 1008 3945 enim
1069 3883 1340 3962 potuisse
1393 3884 1620 3945 salvari
1677 3902 1788 3965 per

171 3982 392 4042 aliam
441 3978 666 4040 fidem.
703 3978 874 4039 Idem
901 3977 1209 4055 significat
1246 3977 1278 4039 J
1285 3978 1526 4039 ustinus
1552 3979 1787 4058 Mai-tyr

175 4076 256 4134 in
285 4072 618 4153 Apologia
647 4073 689 4131 2
739 4086 850 4149 pro
897 4070 1294 4145 Christianis3
1339 4076 1401 4131 et
1431 4071 1787 4151 chrysosto-

181 4186 369 4239 mu5‚
397 4165 674 4227 homilia
701 4165 777 4223 37
807 4164 875 4223 in
900 4160 1120 4223 Matth.
1164 4162 1335 4241 Vega
1363 4169 1574 4223 tamen
1600 4182 1788 4243 gene-

183 4261 428 4321 raliter
454 4258 748 4338 loquitur
773 4256 853 4317 de
881 4256 1060 4316 omni
1099 4262 1378 4334 tempore
1400 4262 1464 4316 et
1489 4256 1566 4317 de
1589 4256 1792 4318 homi-

191 4354 402 4415 nihus
461 4350 846 4413 habentibus
891 4350 1312 4428 ignorantiam
1366 4350 1788 4411 invincibilem

195 4446 574 4525 Evangelii,
611 4448 722 4505 ant
745 4442 1140 4503 revelationis
1167 4440 1416 4516 divinae,
1443 4450 1554 4503 aut
1577 4444 1788 4517 etiam,

201 4540 259 4599 si
285 4538 436 4600 fleri
485 4542 717 4618 potest,
748 4535 942 4615 ipsius
983 4536 1113 4595 Dei.
1159 4534 1360 4595 Potest
1403 4535 1534 4595 haec
1581 4536 1792 4616 opinio

205 4634 426 4711 primo
469 4629 728 4691 fundari
749 4632 818 4689 in
863 4627 974 4688 illo
1015 4626 1188 4689 Pauli
1221 4628 1301 4688 ad
1329 4627 1637 4689 Romanos
1665 4633 1794 4709 pri-

207 4742 366 4800 mae,
383 4724 505 4811 qht
523 4724 609 4785 de
628 4720 1018 4800 Philosophia
1035 4720 1128 4780 ait
1157 4736 1174 4780 ε
1211 4718 1360 4783 Cum
1387 4720 1797 4803 coquetis-senc

207 4819 440 4894 Deum,
495 4834 624 4879 m
671 4817 837 4879 sicut
883 4816 1076 4877 Deum
1130 4814 1640 4897 ylmficaverunt‚
1691 4822 1802 4879 aut

205 4912 468 4993 gratias
513 4914 790 4991 efferunt.
838 4906 1098 4969 Videtur
1124 4907 1291 4969 enim·
1321 4924 1668 4987 supponere
1689 4910 1800 4970 ha-

209 5005 432 5068 huisse
450 5004 598 5065 illos
625 5002 1036 5065 sufficientem
1063 5000 1485 5079 cognitionem
1514 5002 1590 5063 ad
1611 5002 1800 5082 glori-

209 5098 548 5160 fioendum
563 5102 630 5158 et
648 5095 1032 5157 laudandum
1057 5095 1286 5172 Deum3
1309 5112 1456 5155 nam
1477 5102 1798 5174 propterea

209 5193 346 5253 iuis
375 5191 544 5251 vitio
563 5190 780 5264 datur,
825 5188 988 5268 quod
1029 5204 1156 5248 non
1207 5188 1466 5249 fecerint
1503 5206 1516 5248 :
1549 5189 1656 5267 qui
1689 5208 1800 5249 au·

211 5292 352 5346 tem
381 5282 723 5364 glorificat,
768 5286 830 5344 et
876 5281 1144 5342 honorat
1175 5282 1392 5356 Deum,
1438 5280 1798 5357 salvabitur,

211 5380 404 5457 iuxta
453 5374 618 5438 illud
653 5372 937 5461 ejusdem
977 5374 1155 5435 Pauli
1197 5392 1332 5454 cap.
1363 5378 1402 5436 2
1445 5393 1460 5435 ε
1503 5374 1718 5441 Gloria
1749 5382 1804 5439 et

225 5474 416 5535 Iamo·
441 5471 620 5534 omni
636 5471 919 5551 operanti
948 5470 1182 5533 honum.
1223 5469 1400 5531 Unde
1417 5468 1648 5531 ibidem
1678 5471 1801 5532 ait:

3290 412 3408 475 339

1849 506 2003 591 lepis
2030 516 2176 574 sunt
2220 513 2483 588 faciunt,
2535 518 2598 574 et
2631 513 2918 593 adjungit
2948 534 2961 575 :
2998 512 3286 581 Factores
3324 520 3409 581 le-

1849 602 1950 684 92⁰⁸
1982 604 2487 685 justificabuntur
2510 633 2532 667 .·
2559 626 2707 686 ergo
2746 607 2853 669 illa
2872 610 3145 687 cognitio
3168 618 3409 691 poterat

1852 698 1930 759 ad
1948 700 2252 777 justitiam
2278 702 2574 762 sufficere.

1933 796 1993 854 2.
2054 792 2396 856 Secundum
2432 796 2909 869 fundamentum.
2956 832 3033 843 --
3080 797 3409 877 Confirma-

1853 891 1977 949 ίαν.
2004 918 2085 933 -
2114 888 2505 965 Secundum,
2550 895 2611 949 et
2654 891 2992 970 principale
3040 892 3410 955 fundamen-

1853 988 1989 1041 tum
2008 980 2194 1059 hujus
2220 983 2537 1043 sententiae
2565 990 2678 1059 est,
2711 984 2857 1062 quia
2886 985 3091 1046 media
3116 988 3410 1065 simplici-

1854 1079 1973 1147 ter,
2014 1078 2079 1135 et
2106 1073 2173 1134 in
2202 1092 2271 1135 re
2317 1076 2448 1154 ipsa
2482 1076 2827 1137 necessaria
2855 1076 2933 1137 ad
2964 1078 3247 1155 salutem,
3280 1100 3410 1141 om-

1857 1166 2045 1227 nibus
2095 1167 2435 1229 viatoribus
2474 1168 2698 1229 adultis
2728 1174 2872 1230 sunt
2918 1171 3227 1251 possibilia
3241 1190 3261 1251 3
3306 1175 3410 1236 sed
3522 1156 3531 1164 ’

1857 1258 1924 1319 in
1962 1260 2173 1339 aliquo
2214 1278 2357 1321 casu
2401 1260 2589 1321 alicui
2628 1262 2870 1323 homini
2900 1270 2989 1324 est
3018 1265 3413 1345 impossibilis

1857 1349 2012 1413 fides
2038 1353 2107 1412 in
2138 1372 2205 1414 re
2234 1352 2402 1431 ipsa3
2435 1369 2581 1432 ergo
2610 1354 2836 1433 poterit
2864 1356 2995 1416 sine
3018 1357 3126 1418 illa
3152 1378 3264 1439 per
3292 1360 3411 1421 alia

1857 1444 2065 1507 media
2088 1446 2207 1507 sibi
2230 1446 2543 1525 possibilia
2570 1448 2812 1508 salvari.
2850 1449 3297 1531 Consequentia
3320 1459 3413 1515 est

1857 1539 2113 1618 optima,
2144 1544 2207 1601 et
2234 1540 2511 1602 formalis
2528 1562 2546 1616 3
2578 1540 2780 1620 major
2810 1542 2998 1603 etiam
3021 1546 3411 1625 supponitur,

1855 1632 2004 1713 quia
2023 1634 2203 1710 Deus,
2228 1634 2335 1713 qui
2362 1636 2497 1698 vult
2518 1652 2715 1697 omnes
2739 1634 3003 1699 homines
3022 1638 3223 1702 salvos
3244 1640 3411 1717 fieri,

1857 1726 2146 1788 omnibus
2196 1728 2304 1789 dat
2342 1728 2707 1791 sufficientia
2748 1730 2953 1791 media
2991 1731 3069 1791 ad
3112 1734 3409 1807 salutcm3

1857 1838 2010 1899 ergo
2029 1839 2068 1882 a
2096 1820 2272 1882 nullo
2300 1822 2495 1901 exigit
2522 1822 2756 1903 aliquid
2782 1822 2875 1883 illi
2912 1822 3314 1904 impossibile,
3346 1833 3416 1888 nt

1860 1913 2087 1975 salvari
2114 1920 2299 1994 queat
2314 1930 2335 1993 3
2361 1916 2567 1977 minor
2586 1935 2734 1978 vero
2766 1915 3083 1997 probatur,
3115 1922 3262 1997 quia
3287 1922 3415 1999 ple·

1859 2007 2037 2087 rique
2082 2008 2369 2069 mortales
2410 2008 2643 2071 habent
2690 2010 3108 2090 ignorantiam
3152 2013 3416 2075 invinci-

1859 2101 2051 2164 bilem
2079 2100 2247 2176 fidei,
2270 2119 2414 2163 cum
2443 2119 2571 2164 non
2596 2104 2832 2183 possint
2861 2104 3088 2169 credere
3110 2108 3239 2169 sine
3257 2126 3415 2185 proe·

1861 2198 2119 2271 dicante,
2136 2195 2215 2255 ad
2236 2196 2501 2257 Roman.
2529 2199 2608 2258 10
2619 2214 2638 2274 3
2661 2196 2842 2259 multi
2869 2216 3014 2259 vero
3044 2218 3167 2260 non
3190 2200 3418 2261 habue-

1859 2295 2011 2352 runt
2034 2289 2499 2369 praedicantem,
2532 2296 2604 2351 ut
2642 2310 2753 2371 per
2778 2310 2842 2353 se
2872 2298 2935 2353 ct
2962 2310 3039 2353 ex
3063 2292 3223 2353 facto
3246 2294 3417 2355 vide-

1859 2389 1965 2443 tur
1986 2382 2261 2457 evidens,
2287 2402 2413 2443 non
2446 2383 2647 2445 solum
2680 2392 2825 2447 ante
2852 2384 3191 2448 adventum
3215 2384 3417 2448 Chris-

1861 2476 1934 2549 ti,
1972 2480 2035 2537 et
2076 2476 2575 2555 praedicationem
2610 2478 3065 2557 Apostolorum,
3092 2479 3195 2539 sed
3230 2481 3417 2541 etiam

1860 2574 2069 2649 postea
2096 2571 2163 2632 in
2206 2570 2417 2633 multis
2444 2570 2796 2650 provinciis,
2847 2572 2925 2633 Et
2964 2580 3231 2651 augetur
3261 2574 3419 2635 diffi-

1861 2666 2059 2725 cultas
2080 2681 2158 2724 ex
2189 2665 2458 2744 quadam
2488 2663 2767 2725 doctrina
2794 2664 2923 2725 divi
2950 2664 3226 2741 Thomas,
3264 2670 3319 2728 1.
3352 2671 3416 2745 Ξ,
3464 2732 3473 2745 .

1859 2765 2073 2838 quaest.
2104 2760 2206 2833 89,
2235 2766 2350 2820 art.
2380 2762 2444 2834 6,
2464 2758 2573 2818 nbi
2596 2758 2674 2819 de
2702 2776 2894 2837 puero
2920 2761 3312 2839 perveniente
3339 2763 3418 2823 ad

1863 2870 2041 2915 usum
2060 2852 2341 2929 rationiS,
2372 2853 2479 2933 qui
2504 2852 2663 2913 nihil
2690 2854 2767 2915 de
2794 2853 2919 2915 fide
2940 2853 3039 2915 vel
3059 2854 3135 2915 de
3160 2854 3282 2916 Deo
3311 2875 3419 2917 au-

1862 2948 2042 3024 divit,
2064 2948 2262 3023 docet,
2290 2948 2337 3007 si
2370 2954 2523 3008 tunc
2542 2946 2729 3008 faciat
2759 2946 2923 3027 quod
2953 2948 3020 3008 in
3040 2966 3103 3009 se
3122 2954 3235 3024 est,
3266 2950 3422 3011 deli·

1864 3040 2139 3103 berando
2168 3042 2315 3123 quid
2338 3042 2550 3103 deceat
2570 3059 2642 3102 ac
2662 3058 2790 3102 non
2814 3041 3051 3115 deceat,
3083 3043 3419 3105 secundum

1863 3142 2096 3197 rectam
2124 3138 2454 3211 rationem,
2474 3135 2617 3196 'fore
2644 3133 3129 3213 justificandum.
3166 3137 3255 3196 Ex
3298 3156 3422 3217 qua

1865 3230 2143 3291 doctrina
2167 3230 2253 3291 sic
2280 3234 2715 3309 argumentor:
2740 3226 2929 3290 homo
2962 3228 3066 3290 ille
3089 3230 3217 3308 jam
3246 3232 3415 3291 adul-

1869 3332 1965 3385 tus
1994 3342 2118 3383 nnn
2149 3329 2350 3403 potest
2376 3323 2575 3385 facere
2606 3322 2769 3401 quod
2791 3322 2859 3382 in
2887 3340 2950 3383 se
2980 3329 3072 3383 est
3096 3322 3220 3384 fide
3245 3330 3423 3385 uten-

1861 3418 1961 3493 do,
2009 3434 2149 3478 cum
2186 3422 2571 3497 amponatur
2612 3416 2892 3477 noudum
2936 3416 3105 3478 illam
3150 3418 3417 3493 habere;

1861 3528 2009 3589 ergo
2037 3509 2220 3571 faciet
2262 3516 2426 3571 recta
2444 3512 2683 3571 ratione
2709 3510 2979 3571 naturali
3012 3511 3286 3589 utendo3
3330 3531 3424 3573 er-

1863 3619 1944 3682 go
1970 3608 2121 3663 tnnc
2146 3602 2371 3663 sufficit
2414 3602 2713 3665 naturalis
2740 3602 3014 3682 cognitio
3042 3604 3174 3666 sine
3198 3604 3319 3666 fide
3344 3603 3421 3667 ad

1858 3696 2388 3776 justins-ationem.

1947 3790 2007 3850 3.
2032 3790 2291 3857 Evasio.
2313 3822 2396 3836 —
2420 3789 2785 3871 Replicatar
2818 3790 3040 3869 primo.
3071 3822 3154 3837 —
3181 3790 3424 3854 Dicetur

1867 3883 2121 3946 sortasse
2140 3900 2309 3960 eum,
2341 3884 2449 3963 qui
2478 3884 2543 3943 in
2578 3884 2686 3944 illo
2714 3883 2969 3947 articulo
2994 3884 3144 3945 facit
3171 3886 3333 3964 quod
3355 3886 3421 3949 in

1870 3995 1935 4038 se
1964 3983 2076 4052 est,
2116 3994 2246 4037 non
2289 3976 2643 4037 immediate
2676 3976 3023 4054 justificari,
3057 3978 3161 4039 sed
3191 3978 3424 4039 illumi-

1866 4072 2007 4132 nari
2035 4090 2071 4133 a
2112 4072 2258 4147 Deo,
2288 4076 2359 4131 ut
2386 4070 2440 4130 si
2472 4068 2821 4145 crediderit,
2860 4070 3179 4148 justificari
3209 4072 3418 4151 possit.

1868 4166 1997 4227 Hoc
2022 4182 2169 4226 vero
2192 4181 2317 4224 non
2354 4162 2649 4223 satisfacit
2691 4162 2916 4241 prim0,
2953 4164 3099 4242 quia
3130 4183 3257 4224 non
3309 4168 3426 4225 mi-

1869 4274 1989 4319 nus
2016 4256 2497 4337 supernaturalis
2523 4261 2615 4316 est
2638 4254 3013 4317 illuminatio
3041 4274 3226 4337 quam
3245 4258 3428 4337 justi-

1871 4350 2099 4425 ficatiO,
2154 4358 2461 4429 quatenns
2521 4353 2815 4428 utraque,
2836 4354 2928 4409 est
2976 4368 3128 4429 opus
3174 4352 3422 4429 gratim

1873 4462 2021 4523 ergo
2050 4443 2103 4503 si
2134 4442 2321 4503 homo
2357 4458 2463 4521 per
2496 4442 2916 4520 cognitionem
2947 4442 3292 4503 naturalem
3320 4463 3428 4525 po-

1873 4542 1991 4598 test
2035 4536 2281 4617 disponi
2330 4536 2407 4595 ad
2449 4535 2979 4615 supernaturalem
3028 4535 3431 4598 illuminatio·

1873 4646 2046 4705 nem,
2078 4630 2265 4690 etiam
2292 4634 2491 4709 potest
2520 4628 2875 4689 immediate
2913 4628 3157 4709 disponi
3186 4630 3262 4690 ad
3296 4631 3432 4709 jus·

1875 4722 2317 4796 tificationem3
2358 4740 2487 4782 non
2538 4726 2629 4781 est
2672 4722 2841 4783 onim
2886 4723 3084 4801 magis
3138 4725 3436 4801 promissa

1879 4816 2080 4895 gratia
2122 4814 2501 4891 illuminanS,
2542 4832 2733 4897 quam
2772 4815 3139 4894 justificanS,
3184 4817 3437 4880 facienti

1879 4906 2045 4989 quod
2092 4908 2161 4969 in
2210 4924 2275 4970 se
2312 4914 2404 4970 est
2440 4926 2553 4989 per
2596 4908 3015 4989 cognitionem
3061 4911 3431 4973 naturalem.

1878 5001 2160 5066 Secundo
2180 5021 2304 5063 non
2329 5008 2421 5063 est
2438 5000 2771 5064 verisimile
2799 5002 2992 5063 Deum
3022 5004 3270 5081 exigere
3299 5023 3437 5066 me-

1880 5098 2056 5159 dium
2084 5096 2161 5157 ad
2186 5096 2488 5175 justitiam
2516 5094 2940 5171 obtinendam,
2972 5096 3135 5176 quod
3166 5099 3298 5160 sine
3323 5098 3441 5160 mi-

1879 5190 2093 5253 raculo
2118 5188 2256 5252 ficri
2288 5208 2415 5253 non
2444 5196 2643 5271 potest
2654 5204 2675 5269 3
2714 5190 2821 5252 sed
2847 5188 3191 5251 illuminari
3230 5200 3291 5253 et
3333 5194 3442 5253 do·

1883 5286 2006 5347 ceri
2028 5284 2104 5346 de
2128 5283 2251 5346 fide
2272 5284 2403 5345 sine
2430 5284 2826 5365 praedicante,
2856 5291 2946 5345 est
2964 5286 3353 5360 miraculum,
3380 5290 3443 5346 et

1883 5385 2111 5459 praeter
2162 5377 2363 5458 legem
2407 5378 2787 5440 ordinariam
2836 5378 3130 5438 traditam
3179 5396 3216 5437 a
3252 5378 3443 5439 Paulo

1885 5472 1967 5534 ad
1992 5474 2253 5535 Roman.
2291 5473 2409 5550 ¹⁰3
2452 5490 2599 5554 ergo
2638 5492 2765 5534 non
2794 5478 2886 5535 est
2916 5471 3249 5533 verisimile
3280 5472 3447 5551 exigi

231 5566 452 5631 Gentes
486 5582 628 5647 qua·
649 5564 836 5647 leyem
862 5580 980 5625 mm
1008 5564 1244 5638 habent,
1272 5563 1644 5627 naturaliter
1674 5582 1810 5646 quoe
1888 5585 1926 5627 a
1951 5566 2063 5627 tali
2092 5564 2347 5629 homine
2371 5566 2729 5645 hujusmodi
2757 5564 3319 5643 illuminationem3
3353 5584 3450 5626 er·-
