3900 6217
537 355 656 423 108

537 457 930 532 tellectualis,
961 464 1028 522 et
1055 457 1197 522 ideo
1228 459 1462 522 versari
1489 465 1696 538 potest
1722 458 1886 520 circa
1915 474 2107 536 appa-

533 571 684 616 rens
709 571 968 626 ver-unu
997 551 1158 615 fides
1181 557 1394 616 autem
1421 552 1626 616 infusa
1665 557 1760 614 est
1794 551 1992 612 virtus
2016 550 2106 630 in·

537 645 928 718 tellectualis,
983 645 1064 708 de
1107 645 1285 725 cujus
1331 645 1576 708 ratione
1613 649 1708 706 est
1755 649 1825 704 ut
1859 633 2105 704 tantum

536 738 702 802 circa
776 757 1000 802 verum
1063 744 1368 815 versetur,
1446 742 1602 802 teste
1657 734 2011 808 Aristotele,
2064 734 2106 798 6

535 832 764 906 Ethie„
795 850 934 911 cap.
965 835 1029 896 4.
1071 831 1196 896 Sed
1221 833 1359 894 haec
1387 831 1716 912 responsio
1749 832 1812 892 et
1841 827 2109 892 assumit

537 926 774 1004 aliquid
797 943 928 988 non
957 931 1199 988 certum
1225 925 1412 1004 (nam
1441 924 1633 1005 aliqui
1653 923 1963 1002 ,Theologi
1993 938 2108 984 ne-

537 1026 690 1101 gant
713 1019 905 1082 fidem
929 1019 1202 1082 infusam
1231 1038 1372 1082 esse
1397 1020 1688 1082 virtutem
1717 1017 2106 1080 intellectua-

533 1114 686 1187 lem,
737 1114 882 1193 quia
927 1114 1252 1178 inevidens
1303 1119 1400 1176 est
1418 1127 1458 1188 ),
1498 1119 1562 1178 et
1605 1118 1914 1194 praeterea
1941 1110 2101 1190 petit

533 1207 933 1287 principium,
975 1214 1037 1270 et
1067 1227 1196 1271 non
1249 1209 1432 1272 solvit
1478 1206 1931 1279 difficultatem,
1960 1222 2101 1284 quae

534 1299 780 1362 videtur
807 1301 1136 1362 ostendere
1167 1301 1504 1365 fidemnon
1529 1319 1716 1381 posse
1744 1315 1882 1360 esse
1912 1297 2101 1360 virtu-

533 1396 663 1456 tem
707 1393 1192 1458 intellectualem
1247 1394 1718 1474 speculativam,
1765 1403 1834 1456 ut
1874 1392 1963 1454 sic
2010 1389 2100 1452 di-

536 1505 700 1562 cam,
750 1487 897 1565 quia
953 1494 1160 1568 potest
1206 1488 1318 1551 niti
1369 1488 1436 1550 in
1491 1486 1846 1550 testimonio
1887 1484 2099 1546 divino

536 1579 910 1654 existimato,
952 1587 1016 1642 et
1041 1599 1170 1642 non
1201 1599 1374 1652 vero,
1423 1580 1710 1661 quamvis
1755 1578 1877 1640 dici
1903 1578 2101 1658 possit

533 1674 728 1735 virtus
755 1673 1051 1753 practica,
1083 1674 1226 1753 quia
1269 1674 1377 1753 qui
1425 1673 1622 1736 credit
1649 1691 1780 1734 non
1830 1676 1998 1734 errat
2034 1671 2101 1732 in

535 1766 754 1828 ordine
782 1767 864 1828 ad
885 1767 1202 1830 affectum.
1236 1767 1416 1831 Unde
1446 1765 1850 1830 confirmatur
1877 1770 1940 1827 et
1964 1782 2105 1843 pro-

534 1861 720 1924 batur
761 1861 941 1924 aliter
961 1863 1160 1940 prima
1187 1861 1660 1940 consequentia,
1689 1876 1837 1920 nam
1859 1858 1924 1920 in
1951 1875 2101 1922 casu

533 1955 876 2034 proposito,
907 1954 1112 2018 fidelis
1157 1954 1260 2018 ille
1317 1953 1662 2034 prudenter
1681 1952 1924 2033 judicat
1966 1967 2105 2014 rem

536 2047 654 2110 sibi
699 2047 1078 2127 propositam
1111 2067 1252 2110 esse
1298 2047 1704 2123 credendam,
1735 2045 1904 2124 quod
1934 2044 2101 2124 judi·

535 2141 702 2202 cium
733 2146 827 2202 est
867 2141 1054 2202 etiam
1091 2141 1436 2220 prudentiss
1464 2141 1706 2212 insusse,
1739 2145 1806 2200 ut
1833 2137 2103 2200 admittit

535 2235 786 2296 Bannes
813 2234 972 2298 infra
1017 2234 1328 2308 citandus,
1361 2241 1425 2298 et
1449 2239 1644 2314 patet,
1671 2233 1818 2314 quia
1847 2234 1910 2294 et
1929 2231 2101 2292 colli-

535 2327 701 2407 gitur
747 2345 824 2388 ex
869 2328 1450 2408 supernaturalibus
1485 2326 1832 2408 principiis,
1864 2330 1927 2386 et
1956 2342 2103 2404 pro·

533 2421 712 2501 ponit
732 2423 1206 2501 supernaturale
1236 2428 1622 2502 praeceptum
1649 2419 1969 2484 credendi.
2010 2419 2103 2480 Ex

536 2533 662 2594 quo
699 2515 962 2576 ulterius
1013 2516 1294 2594 sequitur
1338 2517 1726 2578 voluntatem
1777 2511 2099 2586 credendi,

535 2625 728 2686 quam
778 2610 970 2674 habet
1020 2610 1160 2672 talis
1207 2611 1424 2686 homo,
1469 2627 1608 2672 esse
1659 2613 2101 2688 supernatura·

532 2702 680 2776 lem,
715 2708 776 2764 et
803 2721 884 2766 ex
908 2704 1008 2783 pia
1039 2704 1368 2768 affectione
1393 2702 1475 2765 ad
1493 2702 1684 2765 fidem
1709 2719 1824 2780 per
1851 2718 1918 2762 se
1941 2699 2101 2760 infu-

535 2814 706 2869 sam;
741 2815 892 2878 ergo
919 2797 1108 2860 etiam
1161 2804 1340 2860 actus
1378 2795 1732 2860 intellectus
1772 2793 1878 2874 qui
1925 2810 2005 2855 ex
2038 2790 2101 2853 vi

531 2889 696 2950 illius
723 2889 1057 2952 voluntatis
1086 2891 1350 2964 elicitur,
1381 2889 1497 2952 erit
1526 2892 1700 2951 actus
1743 2887 1886 2948 fidei
1937 2885 2101 2946 infu-

531 3001 641 3056 sas,
673 2984 822 3061 quia
864 2983 966 3046 hic
1003 2988 1252 3046 tantum
1295 2988 1394 3046 est
1417 2983 1744 3064 proprium
1782 2979 2099 3059 objectum

525 3076 690 3141 illius
715 3077 1072 3150 voluntatis,
1102 3083 1168 3140 et
1195 3076 1486 3158 proprius
1517 3075 1780 3138 effectus
1807 3073 1944 3153 ejus
1972 3089 1993 3148 ;
2036 3074 2099 3134 et

527 3175 798 3250 augetur
840 3169 1196 3246 difficultas,
1259 3169 1408 3249 quia
1475 3187 1591 3249 per
1651 3169 1830 3228 illum
1885 3170 2095 3227 actum

529 3262 824 3342 impletur
847 3271 1232 3343 praeceptum
1257 3262 1430 3338 fidei,
1465 3263 1633 3342 quod
1660 3268 1810 3324 tunc
1833 3259 2091 3340 obligat,

529 3356 750 3418 saltem
775 3373 856 3418 ex
881 3355 1233 3435 ignorantia
1261 3355 1624 3418 invincibili.
1660 3356 1826 3418 Item
1862 3351 2011 3432 quia
2042 3351 2095 3414 si

528 3448 630 3510 ille
661 3448 852 3510 homo
879 3455 1028 3512 tunc
1077 3448 1484 3523 discrederet,
1529 3454 1697 3512 esset
1725 3447 2091 3520 hmreticus3

527 3541 676 3620 quia
705 3541 846 3607 licet
877 3559 1002 3604 non
1029 3549 1270 3604 erraret
1287 3541 1718 3617 materialiter,
1746 3539 2094 3602 formaliter

527 3641 590 3696 et
614 3635 676 3696 in
701 3634 930 3696 affectu
947 3635 1273 3698 recederet
1293 3654 1333 3696 a
1350 3635 1598 3698 formali
1624 3635 1868 3713 objecto
1899 3631 2046 3693 fidei
2071 3648 2089 3704 ς

525 3745 702 3808 ergo,
721 3727 946 3790 eadem
963 3727 1204 3790 ratione
1229 3747 1344 3808 per
1367 3729 1748 3809 oppositum,
1776 3723 2092 3788 credendo

526 3819 692 3882 elicit
726 3839 946 3882 verum
979 3825 1191 3884 actum
1218 3821 1388 3883 fidei.
1741 3831 1744 3839 “

605 3915 666 3974 3.
728 3913 882 3980 Vero
911 3921 970 3978 ot
1006 3915 1338 3980 communis
1363 3913 1646 3978 resolutio
1677 3914 1980 3996 negativa.
2012 3943 2095 3960 --

523 4005 830 4072 Probatm·
857 4009 1064 4090 primo
1103 4025 1178 4072 σω
1201 4010 1284 4072 D.
1315 4009 1662 4072 Thoma-
1683 4006 1985 4080 Secundo,
2021 4023 2096 4070 ex

523 4100 718 4162 eodem
749 4099 916 4175 alibi,
949 4106 1006 4164 et
1031 4117 1106 4166 σω
1131 4101 1564 4166 Bonaventura
1591 4107 1649 4166 et
1677 4099 2095 4162 aliia—Item

522 4210 596 4255 ecc
619 4192 1312 4268 Tridentium—Tertio,
1339 4211 1414 4258 ex
1440 4213 1500 4258 eo
1526 4195 1686 4276 quod
1704 4194 1857 4272 fides
1883 4193 2095 4268 infima

521 4285 607 4350 sit
643 4287 863 4349 virtus.
908 4317 991 4334 --
1027 4287 1442 4350 Nihilominus
1483 4295 1696 4350 tamen
1723 4291 1965 4348 certum
1997 4292 2093 4349 est

525 4379 724 4442 solam
745 4379 1192 4442 revelationem
1221 4381 1497 4444 divinam-
1523 4398 1764 4453 veram,
1789 4397 1902 4440 seu
1931 4380 2001 4440 in
2020 4397 2091 4442 re

523 4472 658 4553 ipsa
703 4473 960 4546 factam,
1005 4475 1292 4538 sufficere
1335 4475 1420 4536 ad
1471 4475 1784 4554 objectum
1825 4473 2090 4536 formale

523 4567 672 4628 fidei
713 4567 1242 4643 constituendum,
1271 4569 1417 4646 quia
1455 4569 1564 4630 illa
1593 4569 1726 4630 sola
1755 4568 1981 4630 sufficit
2010 4567 2091 4630 ad

521 4660 914 4724 fundandum
986 4669 1050 4726 et
1105 4663 1480 4726 eliciendum
1547 4662 2093 4743 supernaturalem

523 4773 854 4818 assensum
889 4755 1037 4818 fidei
1068 4757 1310 4818 insusse.
1345 4759 1494 4820 Haec
1529 4756 1794 4818 assertio
1829 4755 2095 4816 sumitur

525 4866 604 4910 ex
643 4849 960 4910 communi
991 4850 1300 4912 sententia
1341 4850 1826 4930 Theologorum.
1861 4849 2089 4922 Primo,

527 4960 606 5003 ex
631 4941 774 5004 divo
803 4943 1066 5016 Thoma,
1098 4945 1157 5004 2.
1191 4945 1252 5016 2,
1285 4948 1508 5023 quaest.
1545 4946 1606 5014 1,
1631 4943 1807 5004 artic.
1843 4944 1902 5014 1,
1937 4960 2093 5021 qua-

525 5041 710 5097 tenus
745 5035 970 5096 asserit
997 5035 1264 5114 primam
1299 5037 1626 5100 veritatem
1653 5035 2093 5098 testificantem

526 5146 667 5191 esse
697 5128 1014 5208 objectum
1055 5129 1318 5192 formale
1345 5129 1516 5204 fidei,
1559 5130 1728 5210 quod
1771 5130 1961 5194 etiam
1988 5128 2093 5188 alii

523 5222 824 5302 Theologi
861 5227 1173 5295 asserunt,
1217 5228 1286 5284 ut
1325 5241 1518 5302 supra
1545 5224 1834 5286 vidimus.
1886 5222 2093 5286 Prima

525 5321 737 5378 autem
781 5316 1012 5378 veritas
1041 5334 1172 5394 non
1211 5315 1578 5381 testificatur
1603 5335 1718 5399 per
1765 5317 2095 5380 revelatio-

525 5428 672 5472 nem
713 5409 1150 5484 existimatam,
1179 5411 1292 5474 sed
1319 5411 1524 5474 solum
1551 5431 1668 5492 per
1706 5429 1946 5485 veram,
1978 5429 2095 5492 per

525 5521 716 5586 quam
743 5505 906 5574 Deus
932 5504 1066 5584 ipse
1087 5503 1399 5584 loquatur.
1423 5505 1736 5580 Secundo,
1761 5523 1842 5568 ex
1867 5507 2095 5568 eodem

1018 357 1253 416 msmrr.
1291 363 1373 416 tn.
1411 363 1490 414 DE
1521 360 1786 416 omnc‘ro
1821 357 2091 414 vonum
2121 357 2311 420 ΕῘΒΕῙ,
2346 359 2425 411 ΕΤ
2458 359 2753 423 Quomono
2786 359 2871 413 An
2906 359 3107 426 mun,
3132 365 3263 420 mc.

2185 456 2261 518 D.
2296 458 2563 526 Thema,
2592 457 2741 520 dict.
2778 465 3001 540 quaest.
3038 465 3098 534 1,
3128 461 3297 526 artie.
3328 467 3389 539 Ξ,
3418 477 3679 536 asserente

2184 549 2337 612 fidei
2374 569 2505 612 non
2544 569 2733 632 posse
2772 552 3033 616 subesse
3072 555 3317 632 falsum,
3348 559 3504 640 quod
3536 563 3683 628 etiam

2186 647 2489 722 tanquam
2512 649 2754 706 certum
2781 646 3007 724 reliqui
3026 649 3316 712 Doctores
3332 653 3566 728 docent,
3584 662 3684 719 tum

2186 734 2295 808 ibi,
2328 741 2400 796 ut
2424 737 2675 798 Bannez
2702 742 2765 799 et
2792 739 3173 821 Aragonius;
3204 749 3341 806 tum
3368 744 3537 806 etiam
3565 747 3615 808 in
3641 753 3682 824 3,

2186 828 2564 892 distinction.
2597 832 2677 894 23
2706 839 2769 894 et
2794 833 2909 907 24;
2944 835 3259 916 praecipue
3286 839 3685 917 Bonaventura‚

2186 929 2409 1002 quaest.
2446 929 2513 996 13
2543 925 2923 1000 PaludanuS‚
2962 935 3178 1007 quaest.
3210 932 3280 1004 23
3312 931 3685 1012 Major‘etism‚

2186 1025 2409 1098 quaest.
2438 1021 2479 1081 2
2506 1025 2571 1081 et
2598 1023 2698 1082 10.
2735 1022 2869 1082 Imo
2900 1022 3089 1084 etiam
3119 1025 3455 1086 Concilium
3478 1027 3688 1089 Triden-

2180 1112 2407 1186 tinum,
2438 1130 2594 1196 sess.
2628 1114 2691 1188 6,
2734 1114 2921 1194 capit.
2952 1117 3015 1188 9,
3046 1115 3203 1179 dixit
3230 1116 3375 1180 fidei
3404 1137 3521 1180 non
3545 1137 3687 1200 posse

2182 1205 2451 1272 subesse,
2473 1206 2743 1282 falsum3
2776 1207 2935 1270 ratio
2964 1215 3179 1272 autem
3220 1212 3409 1292 hujus
3452 1219 3555 1286 est,
3582 1217 3689 1293 quia

2180 1316 2433 1379 semper
2458 1299 2757 1362 fundatur
2774 1299 2933 1362 fides
2954 1302 3020 1362 in
3042 1321 3190 1365 vera
3210 1304 3324 1365 Dei
3344 1306 3684 1372 revelatione.

2178 1391 2357 1457 Unde
2388 1387 2587 1455 etiam*
2611 1394 2912 1476 Theologi
2950 1413 3027 1458 ex
3063 1396 3185 1458 hoc
3223 1397 3536 1478 principio,
3564 1403 3690 1480 quod
3795 1411 3797 1418 '

2176 1485 2341 1550 Deus
2368 1487 2619 1549 mentiri
2642 1505 2765 1550 non
2777 1495 2999 1569 potest,
3033 1490 3421 1552 concludunt
3442 1491 3573 1555 fidei
3597 1513 3690 1558 non

2181 1597 2367 1659 posse
2396 1581 2660 1642 subesse
2688 1580 2948 1654 falsum3
2984 1588 3050 1644 at
3074 1601 3225 1646 vero
3264 1584 3316 1646 si
3356 1583 3505 1646 fides
3530 1595 3690 1666 posset

2184 1673 2521 1752 aliquando
2559 1674 2787 1736 elicere
2827 1681 3039 1738 actum
3076 1693 3153 1738 ex
3191 1677 3558 1740 revelatione
3593 1685 3691 1741 tan·

2182 1773 2317 1828 tum
2345 1773 2713 1846 apparente,
2759 1785 2921 1847 saepe
2950 1776 3165 1848 posset
3192 1787 3333 1832 esse
3371 1770 3448 1833 de
3482 1791 3543 1834 re
3574 1773 3690 1834 falsa

2185 1859 2512 1939 (quamvis
2580 1879 2700 1922 neo
2768 1867 3103 1942 propterea
3169 1869 3323 1925 tunc
3384 1865 3691 1929 mentiretur

2182 1953 2372 2026 DeuS,
2394 1952 2509 2014 sed
2535 1953 2587 2014 is
2616 1953 2724 2032 qui
2752 1955 3005 2016 nomine
3035 1956 3145 2016 Dei
3166 1955 3399 2016 falsum
3417 1956 3684 2037 loquitur);
3795 1999 3797 2002 >

2184 2065 2335 2125 ergo
2362 2047 2719 2108 necessario
2744 2047 3041 2127 supponit
3064 2047 3169 2110 illa
3196 2050 3478 2112 doctrina
3503 2053 3693 2112 revela·
3795 2085 3797 2090 ·

2181 2138 2419 2200 tionem
2485 2139 2899 2201 sufficientem
2964 2141 3047 2203 ad
3110 2142 3431 2222 objectum
3488 2143 3689 2205 formale
3795 2149 3800 2212 '.

2180 2230 2353 2304 fidei,
2386 2238 2629 2294 tantum
2668 2251 2807 2294 esse
2834 2233 3007 2294 illam
3048 2251 3189 2314 quse
3232 2253 3383 2296 vere
3406 2235 3645 2314 procedit
3665 2253 3690 2294 a

2182 2326 2313 2386 Deo
2342 2342 2517 2387 vero.
2552 2326 2783 2400 Ter-tic,
2812 2344 2891 2386 ex
2932 2326 3159 2388 eodem
3188 2327 3493 2408 princ-ipio
3518 2329 3690 2390 docent

2182 2417 2481 2498 Theologi
2518 2417 2711 2481 fidem
2740 2419 3011 2480 infusam
3044 2437 3184 2482 esse
3216 2439 3433 2482 veram
3460 2421 3690 2482 virtutem

2181 2510 2695 2585 intellectualem,
2740 2511 2821 2574 de
2864 2502 3043 2594 cnjus
3087 2515 3337 2575 ratione
3376 2519 3470 2576 est
3508 2521 3567 2576 ut
3598 2531 3689 2576 non

2180 2604 2377 2683 possit
2406 2604 2701 2668 aberrare
2730 2623 2765 2666 a
2792 2624 2973 2679 verm
3002 2607 3123 2669 hoc
3148 2613 3369 2669 antem
3388 2625 3509 2668 non
3528 2607 3689 2680 hahet,

2182 2697 2303 2758 nisi
2346 2696 2496 2776 quia
2544 2697 2754 2760 divina
2796 2700 3117 2774 revelati-o,
3148 2702 3213 2762 in
3256 2719 3389 2781 qua
3428 2701 3688 2774 fundatur,

2180 2807 2309 2852 non
2338 2797 2606 2870 potesta
2633 2810 2785 2854 vero
2810 2791 3129 2867 aberrare,
3156 2801 3229 2855 nt
3251 2795 3469 2856 docuit
3485 2796 3549 2855 D.
3576 2793 3693 2855 Tho·
3795 2843 3797 2846 ,

2178 2899 2317 2946 mas
2345 2886 2406 2946 2.
2437 2887 2499 2959 2,
2532 2891 2753 2963 quaest.
2786 2887 2849 2960 Δ,
2880 2886 3053 2948 artic.
3084 2889 3154 2960 ὅς
3182 2893 3249 2948 et
3290 2886 3623 2966 capreolae,
3646 2887 3691 2947 in

2180 2979 2240 3050 3,
2268 2977 2540 3041 distinct.
2568 2981 2673 3052 23,
2695 2985 2911 3057 quaest.
2938 2982 3003 3054 4,
3026 2982 3205 3044 artic.
3235 2985 3298 3055 1,
3326 2987 3390 3042 et
3416 2981 3496 3041 ibi
3517 2981 3627 3052 alii;
3650 2985 3693 3042 et

2177 3069 2489 3144 Altisiod„
2524 3071 2663 3133 libr.
2699 3073 2737 3132 3
2782 3071 3051 3146 summ„
3095 3079 3347 3136 tractat.
3378 3075 3438 3145 3,
3468 3073 3627 3152 capit.
3644 3073 3689 3144 Ξ,

2175 3172 2392 3243 quaest.
2426 3168 2483 3228 3.
2514 3165 2677 3227 Illud
2704 3171 2920 3228 antem
2956 3167 3159 3229 solum
3200 3167 3398 3230 babet
3435 3169 3619 3230 locum
3648 3168 3693 3226 in

2176 3257 2561 3320 revelatione
2600 3258 2813 3320 divina
2836 3279 2991 3322 vere
3020 3261 3429 3336 subsistente,
3456 3267 3515 3324 et
3545 3279 3576 3322 a
3597 3261 3693 3322 Deo

2176 3353 2591 3433 procedente;
2620 3372 2773 3416 nam
2810 3356 3111 3420 revelatio
3150 3363 3401 3420 tantum
3440 3373 3695 3438 apparens

2174 3445 2355 3508 facile
2394 3452 2603 3528 potest
2620 3467 2663 3508 a
2680 3467 2833 3510 vero
2858 3449 3174 3513 aberrare.
3203 3451 3298 3512 Ex
3326 3450 3545 3530 quibus
3562 3449 3697 3510 testi-

2174 3541 2403 3601 moniis
2456 3540 2646 3602 simul
2694 3542 3072 3622 relinquitur
3118 3545 3387 3623 probata
3432 3542 3695 3606 conclusio
3798 3623 3800 3630 Ι

2175 3633 2493 3695 nonnullis
2522 3635 2729 3696 obiter
2749 3635 3120 3698 rationibus.
3798 3687 3801 3726 ³

2250 3729 2317 3788 4.
2360 3725 2754 3792 Probatiom
2794 3729 3005 3793 allata»
3029 3737 3179 3794 sm
3214 3747 3257 3794 a
3272 3728 3603 3813 posteriori.
3636 3759 3695 3774 —

2173 3819 2463 3884 Probasio
2486 3821 2616 3884 alia
2634 3821 2709 3884 ab
2729 3820 3398 3888 incommoda-Ratio
3420 3823 3691 3887 osmsira.

2172 3944 2257 3962 --
2274 3915 2339 3976 Si
2360 3915 2503 3994 quis
2528 3921 2741 3977 tamen
2768 3922 3011 3979 attente
3038 3917 3421 3990 consideret,
3444 3915 3695 3994 intelliget

2174 4007 2509 4088 praedictas
2524 4009 2805 4072 rationes
2821 4027 3177 4090 supponere
3189 4011 3405 4091 potins
3420 4010 3694 4072 veritatem

2173 4119 2365 4180 quam
2390 4103 2856 4182 proposuimus,
2880 4121 3071 4183 quam
3100 4123 3139 4168 a
3162 4105 3353 4184 pri-ori
3376 4105 3695 4166 fundamen·

2171 4201 2305 4256 tum
2348 4195 2485 4275 ejus
2520 4197 2881 4268 ostendere,
2926 4197 3072 4259 licet
3117 4216 3154 4259 a
3200 4197 3523 4278 posteriori
3561 4200 3693 4257 recle

2174 4289 2571 4350 concludant.
2607 4289 2787 4354 Unde
2820 4291 3009 4353 etiam
3049 4309 3388 4370 possumus
3414 4291 3494 4352 ab
3526 4291 3695 4350 incon·

2174 4383 2445 4444 venienti
2488 4384 2901 4444 assertionem
2946 4384 3343 4458 confirmare,
3384 4384 3525 4464 qnia
3558 4382 3600 4444 si
3622 4397 3695 4440 as·

2176 4493 2399 4536 sensus
2425 4474 2577 4536 fidei
2620 4476 2840 4538 infusae
2879 4483 3096 4554 posset
3136 4477 3383 4538 fundari
3412 4479 3473 4540 in
3500 4475 3695 4538 revela-

2174 4568 2345 4630 tione
2390 4570 2743 4647 apparenti,
2784 4574 2915 4630 tota
2952 4568 3099 4632 fidei
3130 4570 3445 4633 certitudo
3473 4569 3689 4650 perirem

2174 4678 2323 4722 nam
2348 4661 2785 4741 unusquisque
2808 4661 3199 4726 credentium
3220 4669 3432 4744 posset
3454 4663 3693 4724 dubitare

2175 4772 2257 4816 an
2284 4754 2446 4817 fides
2474 4757 2611 4835 ejus
2640 4762 2807 4817 esset
2830 4755 3093 4818 fundata
3120 4758 3185 4818 in
3224 4759 3585 4820 revelatione
3610 4771 3695 4834 sp-

2174 4853 2435 4927 parente
2462 4854 2572 4910 aut
2597 4867 2771 4910 vera.
2797 4849 3203 4930 Consequens
3226 4858 3439 4914 autem
3464 4858 3553 4912 est
3578 4867 3693 4910 con·

2171 4944 2269 5002 tra
2302 4941 2653 5004 doctrinam
2692 4941 2863 5014 fidei,
2901 4950 2967 5004 et
2990 4948 3209 5005 contra
3234 4944 3386 5006 illud
3429 4943 3606 5017 Pauli,
3632 4939 3693 5002 ad

2172 5035 2372 5098 Galat.
2404 5038 2433 5097 1
2468 5054 2483 5096 ε
2512 5035 2681 5101 Licet
2708 5037 2961 5116 amyotus
2984 5038 3057 5101 de
3078 5038 3243 5112 ooelo,
3266 5044 3411 5112 etc„
3434 5044 3497 5100 et
3516 5039 3691 5099 contra

2174 5128 2401 5190 similia
2454 5129 2808 5190 testimonia
2864 5131 3199 5209 Scriptum
3224 5175 3241 5205 ,
3296 5138 3357 5194 et
3416 5145 3691 5193 sacrorum

2174 5230 2501 5286 auctorum
2537 5223 2913 5285 sententiam
2956 5225 3451 5303 praeponentium
3484 5223 3693 5286 certitu-

2174 5316 2387 5380 dinem
2416 5317 2565 5379 fidei
2606 5316 2779 5378 omni
2810 5315 2935 5392 alii,
2981 5335 3125 5397 quoe
3176 5319 3531 5381 naturaliter
3555 5333 3691 5378 com—

2172 5410 2384 5489 parari
2409 5412 2640 5490 potest,
2664 5415 2735 5471 ut
2762 5409 2994 5490 disput.
3024 5411 3087 5485 6,
3117 5418 3270 5475 sect.
3298 5415 3357 5488 5,
3386 5431 3423 5473 a
3450 5429 3605 5474 num.
3639 5409 3684 5478 8,

2172 5503 2547 5566 videbimus.
2574 5504 2751 5566 Ratio
2780 5511 2993 5566 autem
3016 5507 3269 5586 propria
3290 5523 3425 5570 esse
3460 5504 3685 5571 videtur.
