3900 6217
803 381 970 437 SECT.
1008 385 1066 435 V.
1105 381 1406 446 QUOMODO
1439 383 1593 436 Posi·
1622 381 1879 436 MORTEM
1915 381 2281 436 AMITTATUR
2314 383 2508 447 FmES,
2542 381 2677 434 ETC.

194 486 535 567 intelligenda
571 490 657 545 est
681 483 758 545 de
793 483 1010 544 habitu
1037 483 1464 545 intellectuali.
1511 483 1684 544 Circa

193 587 446 649 rationem
472 585 671 640 autem
699 578 834 658 ejus
875 577 1201 640 difficultas
1227 583 1342 655 est,
1375 596 1456 638 an
1481 576 1687 639 exclu-

191 679 340 740 datur
361 674 592 756 physice
639 689 752 752 per
794 671 1060 732 formam
1100 670 1685 751 incompossibilem.

195 775 313 834 Nam
331 767 644 848 Capreolus,
665 765 732 826 in
743 765 949 840 tertie,
965 764 1362 828 distinctione
1377 764 1692 844 trigesima

191 865 372 948 prima,
409 865 466 922 et
510 857 699 940 aliqui
735 858 1091 933 Themistae,
1119 857 1431 920 affirmant
1469 859 1560 920 ita
1586 877 1691 921 ex-

192 956 324 1019 cludi
347 971 442 1033 pet
466 952 670 1013 lumen
690 951 924 1030 glorias.
957 951 1076 1013 Sed
1094 969 1222 1013 non
1241 953 1528 1014 existimo
1565 952 1685 1016 hoc

189 1067 382 1116 verum,
403 1053 526 1108 tum
553 1046 700 1126 quia
725 1045 974 1107 babitus
1000 1045 1146 1109 fidei
1168 1052 1232 1108 et
1257 1047 1530 1109 scientiae
1554 1066 1684 1109 non

189 1148 303 1205 sunt
321 1138 638 1201 formaliter
663 1133 1116 1218 repugnantes3
1148 1145 1284 1200 tum
1314 1140 1502 1202 etiam
1533 1141 1687 1221 quia

187 1255 247 1298 cx
282 1235 332 1295 vi
373 1231 614 1293 luminis
661 1231 848 1291 solius
898 1250 1025 1292 non
1072 1238 1448 1313 repugnaret
1479 1233 1687 1314 aliqua

186 1329 409 1399 credere,
435 1325 646 1386 saltem
668 1341 797 1386 non
815 1326 970 1398 visa,
991 1326 1040 1386 si
1063 1325 1213 1387 alias
1241 1327 1532 1406 perfectio
1566 1333 1687 1389 sta-

181 1431 260 1486 tus
277 1421 422 1482 aliud
445 1437 568 1481 non
587 1419 946 1498 postularet.
979 1422 1054 1482 Et
1081 1419 1507 1496 confirmatur,
1538 1421 1688 1500 quia

181 1517 232 1576 in
257 1511 438 1588 Paulo,
469 1511 712 1574 etiamsi
733 1518 1120 1593 supponatur
1145 1513 1372 1576 vidisse
1394 1513 1597 1576 Deum
1621 1515 1690 1574 in

161 1600 350 1688 raptu,
379 1605 600 1667 mansit
629 1623 742 1685 pro
771 1607 990 1668 eodem
1015 1613 1294 1688 tempore
1331 1607 1581 1669 habitus
1615 1606 1692 1668 fi-

181 1703 277 1776 dei,
304 1707 362 1760 ut
405 1699 586 1760 sentit
625 1699 694 1761 D.
725 1700 1019 1776 Thomas,
1049 1702 1318 1763 secunda
1363 1702 1648 1764 secundae
1669 1748 1690 1778 ‚

185 1795 466 1876 quastione
485 1794 824 1855 centesima
841 1795 1294 1874 septuagesima
1321 1797 1562 1876 quinta,
1591 1813 1696 1856 ar-

188 1888 334 1948 ticulo
363 1886 558 1959 tertie,
620 1892 684 1947 et
731 1887 1068 1966 quaestione
1124 1887 1365 1948 decima
1408 1888 1592 1948 tertia
1621 1887 1698 1948 de

191 1982 417 2054 veritat,
445 1979 710 2040 articulo
754 1981 1047 2057 secunde,
1079 1981 1161 2040 ad
1208 1981 1525 2061 quintum,
1556 1997 1698 2041 cum

188 2083 352 2136 tamen
397 2091 502 2154 pro
551 2073 779 2134 eodem
827 2080 1106 2154 tempore
1153 2073 1444 2134 habuerit
1481 2074 1696 2135 lumen

183 2168 350 2247 gloriae
390 2167 674 2245 ejusdem
711 2167 968 2228 rationis
1005 2185 1148 2228 cum
1189 2168 1427 2228 caeteris
1475 2167 1690 2242 beatis,

181 2279 294 2322 nam
339 2261 526 2340 major
576 2259 682 2320 vel
729 2261 936 2320 minor
979 2259 1224 2320 duratio
1287 2261 1698 2322 accidentaria

184 2361 268 2415 est.
296 2352 428 2414 Dico
439 2367 600 2432 'ergo
633 2353 768 2414 tolli
807 2353 1090 2414 habitum
1118 2353 1266 2415 fidei
1293 2373 1332 2415 a
1358 2353 1560 2433 Beatis
1585 2372 1698 2434 per

186 2447 588 2525 suspensionem
651 2445 924 2506 influxus
981 2447 1180 2508 divini
1208 2492 1231 2523 ,
1280 2448 1520 2509 ratione
1575 2455 1699 2508 sta-

187 2549 258 2600 tus
269 2557 284 2616 ;
327 2540 444 2619 qui,
474 2559 623 2601 cum
669 2540 750 2601 sit
792 2541 1052 2602 ultimus
1116 2548 1180 2602 et
1217 2541 1698 2622 perfectissimus

183 2635 448 2709 terminus,
503 2651 644 2694 non
690 2634 950 2713 requirit
999 2652 1201 2714 neque
1255 2634 1530 2696 admittit
1576 2635 1700 2697 for-

179 2743 312 2786 mam
360 2727 522 2805 quasi
581 2728 1070 2788 constituentem
1125 2733 1360 2788 statum
1413 2728 1693 2790 viatoris.

183 2821 322 2894 ltem,
345 2821 634 2899 quiaper
661 2819 964 2881 visionem
991 2825 1055 2880 et
1087 2819 1530 2898 perfectionem
1563 2821 1697 2899 ejus

189 2920 304 2972 sunt
328 2913 477 2973 Beati
509 2912 871 2992 indispositi
899 2918 964 2973 et
987 2913 1163 2992 quasi
1191 2915 1474 2994 impediti
1497 2915 1575 2976 ad
1597 2934 1695 2976 ac-

193 3011 295 3064 tum
314 3004 448 3082 fidei,
475 3006 660 3084 quod
692 3007 1208 3086 impedimentum
1237 3008 1452 3069 stabile
1494 3015 1588 3069 est
1631 3015 1695 3069 et

187 3107 516 3177 perpetuum3
547 3105 624 3159 et
649 3099 790 3160 ideo
815 3105 962 3160 sunt
1005 3100 1195 3160 etiam
1234 3101 1585 3180 indispositi
1616 3103 1696 3164 ad

181 3191 405 3253 habitum
427 3191 606 3270 fidei,
640 3199 702 3254 et
723 3193 840 3255 hac
867 3193 1108 3255 ratione
1127 3213 1275 3256 usus
1313 3202 1404 3257 est
1421 3196 1491 3259 D.
1528 3195 1698 3258 Tho-

3220 377 3342 441 219

1765 499 1922 556 mas,
1971 483 2177 563 prima
2218 483 2525 558 secundae,
2575 480 2915 561 quaestione
2955 483 3343 562 sexagesima

1767 576 2053 655 septima,
2094 575 2355 638 articulo
2388 577 2633 657 quinte,
2676 573 2756 638 ad
2786 575 3071 637 tertium.
3134 578 3210 662 Et
3238 595 3341 642 ea-
3390 561 3403 576 ’

1771 669 1916 731 dem
1966 675 2230 732 utuntur
2257 670 2367 733 alii
2405 672 2715 744 DoctoreS‚
2766 668 2918 730 dum
2947 670 3343 749 peculiariter

1773 761 1848 824 de
1875 763 1999 826 fide
2028 769 2323 841 tractant,
2349 763 2449 826 vel
2470 763 2817 843 generatim
2842 763 2921 826 de
2947 781 3343 845 perseveran-

1769 857 1858 918 tia
1899 857 2207 922 virtutum
2258 863 2395 938 post
2422 857 2583 919 hanc
2617 860 2839 934 vitam,
2869 858 3209 938 praesertim
3261 859 3343 922 ad

1767 951 2026 1013 citatum
2049 951 2259 1014 locum
2291 953 2364 1014 D.
2400 951 2627 1014 Thom.

1845 1047 1906 1108 6.
1947 1045 2359 1111 Recensentur
2401 1046 2673 1124 subjecta
2708 1047 2777 1110 ia
2813 1048 3027 1128 quibus
3067 1047 3241 1112 detur
3266 1050 3342 1126 fi-

1765 1141 1887 1212 des,
1917 1139 1987 1202 in
2010 1138 2179 1202 nullo
2212 1142 2421 1202 tamon
2454 1138 2577 1201 nisi
2607 1139 2689 1202 ad
2714 1145 2969 1221 tempus.
2992 1139 3341 1216 -Ultim0,

1765 1253 1842 1296 ex
1883 1233 2065 1293 dictis
2111 1231 2495 1294 declaratum
2542 1231 2915 1312 relinquitur
2943 1276 2961 1307 ,
3007 1232 3073 1294 in
3118 1233 3345 1313 quibus

1767 1325 2043 1407 personis
2062 1325 2162 1386 vel
2187 1324 2479 1403 subiectis
2498 1325 2831 1404 aliquando
2852 1325 2961 1400 sit,
2978 1325 3078 1386 vel
3104 1343 3349 1388 conser-

1769 1426 1950 1482 vetur
1978 1417 2226 1480 habitus
2252 1418 2419 1480 fidei.
2446 1419 2603 1480 Nam
2624 1419 2703 1480 de
2728 1419 3093 1493 viatoribus,
3123 1419 3333 1481 dieen-

1771 1515 1922 1575 dum
1944 1529 2073 1574 esse
2092 1513 2158 1572 in
2174 1511 2463 1572 omnibns
2485 1510 2833 1591 baptizatiS‚
2850 1517 2982 1574 tam
2994 1509 3341 1576 infantibus

1771 1623 1961 1688 quam
1984 1605 2235 1680 adultis,
2266 1606 2521 1686 quinon
2548 1611 2890 1685 posuerunt
2905 1605 3169 1682 obicem,
3194 1607 3343 1686 qnia

1779 1705 2146 1779 receperunt
2174 1698 2463 1760 effectum
2502 1697 2829 1778 Baptismi,
2852 1699 2917 1760 in
2943 1717 3067 1778 quo
3092 1699 3343 1761 habitus

1775 1793 1924 1856 fidei
1948 1791 2311 1853 includitur.
2342 1791 2575 1854 Deinde
2608 1809 2755 1852 vero
2784 1790 3073 1854 addimus
3105 1811 3237 1854 esse
3274 1793 3343 1855 in

1777 1885 2069 1948 omnihus
2118 1884 2367 1960 adultis,
2426 1885 2616 1946 etiam
2656 1901 2783 1945 non
2836 1884 3185 1964 baptizatiS,
3232 1886 3345 1968 qui

1779 1986 1987 2042 actum
2036 1979 2184 2040 fidei
2213 1977 2432 2040 infusae
2479 1977 2813 2058 aliqnando
2858 1977 3237 2057 babuerunt,
3282 1988 3344 2042 et

1779 2075 2164 2135 contrarium
2213 2089 2537 2152 nunquam
2584 2072 2993 2146 admiserunt,
3042 2074 3191 2152 quia
3235 2091 3345 2154 per

1775 2176 1989 2229 aetum
2020 2166 2376 2228 infunditur
2402 2165 2683 2238 habitus3
2716 2171 2779 2226 et
2821 2163 2969 2228 licet
2994 2164 3185 2246 aliqui
3226 2166 3343 2230 hoc

1778 2259 2053 2321 limitent
2078 2260 2158 2320 ad
2193 2265 2401 2320 actum
2430 2258 2577 2319 fidei
2603 2257 2965 2332 formatum,
2994 2258 3173 2320 nobis
3200 2277 3341 2340 pro·

1777 2353 2047 2415 habilius
2074 2353 2275 2413 visum
2308 2358 2422 2427 est,
2464 2350 2797 2432 procedere
2842 2350 2920 2413 de
2952 2369 3343 2434 quocumque

1777 2455 1922 2508 actu
1943 2445 2112 2521 fidei,
2139 2445 2475 2507 secundum
2494 2444 2903 2506 substantiam
2926 2451 2989 2506 et
3012 2447 3343 2508 essentiam

1778 2541 1932 2621 ejus.
1986 2541 2285 2600 Praeterea
2314 2545 2453 2620 post
2479 2538 2641 2599 hanc
2682 2540 2879 2600 vitam
2904 2541 3036 2618 ¹jam
3066 2537 3343 2602 diximus

1779 2651 2031 2696 manere
2058 2634 2138 2694 ad
2162 2640 2411 2713 tempus
2435 2634 2503 2694 in
2526 2633 2857 2694 animabus
2884 2633 3253 2713 purgatorii,
3279 2641 3343 2696 et

1783 2727 1847 2788 in
1889 2727 2012 2788 illis
2034 2727 2199 2788 soliS.
2232 2726 2409 2787 Unde
2443 2726 2836 2787 concluditur
2872 2726 2939 2788 in
2986 2727 3163 2787 nullo
3198 2727 3344 2788 sub-

1770 2823 1938 2899 jecto
1967 2819 2313 2881 muservari
2336 2818 2621 2880 habitum
2660 2817 2804 2880 fidei
2835 2819 2903 2880 in
2944 2825 3340 2898 perpetuum,

1775 2921 1848 2976 ut
1893 2932 1970 2975 ex
2016 2914 2191 2975 dictis
2221 2913 2400 2975 facile
2437 2918 2637 2994 potest
2678 2912 3036 2972 inductione
3074 2912 3339 2975 ostendi.

1773 3009 1850 3070 Et
1877 3008 2035 3069 ratio
2059 3008 2293 3087 optima
2320 3013 2433 3081 est,
2468 3008 2617 3088 quia
2648 3013 2741 3068 est
2772 3006 3057 3085 proprius
3084 3005 3339 3068 habitus

1773 3100 1952 3182 quasi
1976 3102 2357 3162 constituens
2378 3105 2609 3161 statum
2631 3099 2773 3170 vim,
2800 3099 2909 3181 qui
2938 3117 3341 3182 nequaquam

1779 3195 1967 3258 durat
2004 3195 2069 3257 in
2097 3201 2496 3278 perpetuum.

177 3426 456 3508 Quoniam
483 3429 565 3498 de
595 3431 796 3498 Dono
815 3427 1184 3522 prophetice
1213 3431 1524 3501 tractatio
1552 3455 1704 3500 cum
1731 3431 1858 3500 hac
1882 3429 1963 3500 de
1991 3431 2151 3502 Fide
2171 3429 2574 3524 speculativa
2605 3428 3000 3498 tractatione
3024 3451 3345 3520 maynam

232 3537 406 3608 hahet
446 3541 866 3633 affinitatem
882 3597 900 3630 ,
945 3565 1094 3612 eam
1138 3543 1259 3611 lzoc
1303 3543 1441 3613 loco
1485 3545 1756 3614 seorsim
1799 3545 2165 3638 sufficimus
2209 3567 2290 3614 ex
2332 3544 2475 3637 ipso
2519 3553 2810 3627 auctore,
2860 3541 2979 3632 qui
3020 3541 3091 3610 in
3124 3541 3351 3634 priori

233 3653 460 3722 lectura
503 3671 876 3750 utramque
918 3658 1384 3748 conjunxerat.
1433 3661 1546 3728 Ex
1592 3681 1726 3751 qua
1791 3657 1940 3727 licet
1996 3663 2133 3728 non
2177 3680 2405 3752 pauca
2462 3657 2600 3748 ipse
2642 3654 2987 3746 conjecerit
3034 3654 3105 3724 in
3146 3667 3347 3747 caput

234 3770 522 3859 quintum
568 3773 1046 3866 Proloyomeni
1086 3773 1270 3842 tertii
1312 3773 1391 3842 de
1440 3773 1704 3856 Gratia,
1753 3773 2093 3843 noluimus
2139 3787 2365 3842 tamen
2409 3771 2924 3866 disputationem
2956 3769 3342 3863 proecidcre,

237 3883 335 3954 sed
349 3908 480 3977 pro
495 3888 832 3980 prce-senti
856 3887 1161 3956 instituto
1185 3889 1399 3958 visum
1423 3903 1516 3958 est
1539 3890 1870 3980 inteqram
1898 3887 2105 3976 edere,
2118 3889 2498 3986 praesertim
2522 3885 2680 3982 qaia
2708 3887 2779 3956 in
2808 3886 3009 3956 citato
3036 3883 3252 3980 capite
3280 3889 3339 3967 5,

235 4019 402 4068 num.
445 4004 559 4085 22,
593 3999 677 4070 id
711 4001 934 4094 ipsum
970 4001 1248 4092 leqimus
1284 4002 1512 4072 animo
1551 4001 1907 4072 destinasse
1943 4002 2281 4072 Soarium.

582 4219 1041 4285 DISPUTATIO
1083 4222 1237 4284 VIII.

165 4420 226 4465 D!
272 4423 670 4474 mmmmm:
721 4427 883 4474 unm
939 4427 1018 4474 AB
1075 4427 1334 4474 emmaus
1387 4426 1556 4474 noms
1616 4427 1695 4474 m·

227 4515 446 4565 cums
508 4519 1078 4567 imnumrunsuus
1139 4521 1270 4574 ΟΠΞ
1331 4520 1490 4567 rmm
1558 4521 1699 4568 stn-

223 4610 414 4673 Vmur,
443 4613 526 4660 ΕΤ
569 4614 873 4661 asemon
898 4615 936 4660 A
971 4615 1332 4661 mmmmm.

227 4788 392 4852 Ratio
433 4791 747 4855 tractandi
787 4791 893 4853 hoc
941 4789 1068 4853 loco
1108 4793 1468 4871 proesontem
1513 4795 1700 4853 mate-

164 4878 320 4942 riam.
355 4911 432 4928 --
454 4885 867 4948 accensentur
892 4885 1072 4947 varia
1097 4884 1272 4956 dona,
1311 4899 1438 4964 quse
1463 4881 1584 4946 alio
1611 4899 1706 4946 re-

163 4972 478 5038 mittuntur.
500 4977 928 5042 -Habentur
953 4995 1112 5040 auno
1157 4974 1225 5036 in
1273 4975 1320 5038 Ζ.
1349 4979 1414 5050 2,
1447 4994 1484 5038 a
1513 4993 1565 5039 c.
1599 4979 1700 5038 17.

169 5066 524 5130 *Disseruit
543 5069 804 5130 dehisce
828 5069 1008 5130 donis
1028 5071 1088 5130 S.
1111 5070 1404 5145 Thomas,
1435 5069 1706 5131 secunda

167 5161 438 5235 seeundae,
469 5163 662 5224 variis
696 5163 763 5224 in
791 5162 978 5238 loeis;
1029 5163 1136 5223 scd
1187 5167 1279 5224 est
1330 5179 1531 5243 operae
1570 5180 1704 5241 pre-

168 5247 300 5310 tium
327 5254 400 5316 de
428 5255 720 5316 omnibus
735 5257 1003 5334 junctim
1029 5273 1239 5334 agere,
1269 5261 1404 5316 tum'
1429 5255 1700 5317 brevita-

167 5344 234 5402 tis
258 5364 323 5405 ac
351 5349 804 5430 perspicuitatis
839 5367 1049 5424 causa,
1085 5355 1222 5410 tum
1262 5349 1410 5428 quia
1441 5347 1593 5409 dum
1621 5348 1696 5409 ad

169 5433 284 5496 loca
323 5441 443 5501 alia
491 5443 932 5517 remittuntur,
983 5459 1232 5522 prorsus
1283 5441 1697 5519 omittuntur;

171 5531 302 5594 adeo
327 5541 392 5595 ut
413 5541 642 5622 practer
677 5536 892 5604 divum
919 5538 1250 5619 Thomam,
1281 5535 1441 5604 nihil
1469 5537 1598 5605 fere
1623 5533 1702 5601 de

1775 4226 1863 4288 eis
1889 4230 2225 4287 tractatum
2252 4224 2332 4286 sit
2358 4241 2397 4286 a
2421 4223 2770 4302 Theologis,
2802 4239 2944 4283 cum
2966 4221 3099 4284 haec
3130 4223 3343 4286 Romoe

1775 4319 2118 4381 scribimus.
2148 4317 2400 4379 Accedit
2426 4315 2557 4378 haec
2582 4316 2715 4397 ipsa
2754 4315 3093 4377 admodum
3130 4317 3349 4378 affinia

1775 4412 1923 4475 fidei
1946 4430 2099 4489 esse,
2134 4429 2333 4490 neque
2356 4411 2423 4472 in
2457 4410 2689 4490 pauciS,
2741 4410 3003 4484 ratione,
3050 4409 3337 4485 essentia,

1777 4506 2033 4567 nomine
2064 4505 2251 4566 etiam
2280 4521 2425 4564 cum
2452 4503 2559 4564 illa
2596 4503 2958 4564 convenire:
3004 4521 3137 4565 esse
3174 4499 3351 4562 deni-

1778 4619 1898 4680 que
1922 4600 2119 4662 veluti
2146 4599 2485 4661 accidentia
2508 4599 2791 4678 quasdam
2810 4597 2911 4659 vel
2932 4597 3350 4658 instrumenta

1777 4693 1971 4773 ipsius
1998 4693 2161 4754 fidei.
2194 4692 2657 4754 Observandum
2683 4692 2874 4771 igitur
2903 4693 3069 4754 inter
3108 4693 3346 4767 omnia,

1777 4789 2055 4868 primum
2083 4787 2291 4848 locum
2320 4786 2601 4847 obtinere
2623 4785 2789 4846 dona
2816 4787 3079 4865 Spiritus
3108 4785 3345 4863 Sancti,

1784 4899 1922 4962 quae
1949 4881 2017 4940 in
2040 4879 2355 4942 intellectu
2376 4879 2669 4941 existunt.
2702 4879 3008 4956 Secundo,
3038 4879 3143 4958 agi
3173 4897 3213 4940 a
3238 4897 3351 4940 no-

1783 4975 1876 5034 bis
1903 4991 2077 5052 posse
2107 4973 2183 5033 de
2226 4971 2371 5048 nde,
2414 4991 2555 5053 quae
2594 4973 2761 5034 inter
2800 4973 3040 5034 fructus
3082 4971 3350 5052 Spiritus

1787 5067 1997 5129 Sancti
2036 5071 2425 5142 numeratur,
2454 5067 2532 5126 ad
2578 5067 2775 5130 Galat.
2828 5067 3067 5146 quinte.
3112 5065 3346 5139 Tertio,

1785 5161 1862 5221 de
1892 5159 2014 5220 fide
2056 5159 2522 5236 miraculorum,
2566 5160 2643 5222 de
2672 5177 2793 5238 qua
2837 5159 3055 5220 Matth.
3110 5158 3349 5218 decimo

1785 5255 2049 5334 septimo
2080 5276 2096 5314 ε
2141 5252 2220 5316 Si
2246 5253 2579 5317 habueritis
2605 5255 2785 5330 fidem
2804 5254 2967 5316 siout
2988 5267 3245 5334 ymnum
3266 5250 3351 5314 si-

1779 5348 1981 5432 napis.
2008 5348 2279 5427 Quarto,
2298 5346 2375 5407 de
2410 5346 2557 5421 fide,
2586 5351 2773 5426 prout
2796 5345 2997 5424 gratia
3028 5345 3221 5424 gratis
3242 5343 3351 5404 da·

1779 5447 1867 5517 ta,
1905 5447 2093 5522 atque
2118 5440 2275 5501 adeo
2306 5439 2383 5501 de
2420 5439 2768 5519 proph-etia,
2812 5437 3074 5517 aliisque
3106 5436 3349 5514 gratiis,

1782 5539 2092 5622 quatenus
2130 5532 2210 5601 ad
2251 5532 2675 5614 cognitionem
2714 5530 2861 5598 fidei
2904 5534 3209 5618 spectant.
3264 5529 3352 5596 De
