3900 6217
540 344 704 398 SECT·
739 343 823 396 111.
857 341 940 394 AN
972 341 1056 396 EX
1085 342 1150 393 vl
1181 339 1372 394 misus
1403 339 1700 394 CENSURAE
1729 337 2067 392 TENEAM'UR
2098 339 2327 391 vinna
2358 338 2571 392 oman
2603 339 2993 395 amaneum.

211 452 402 515 mitata
443 446 557 508 fuit
607 443 711 506 illa
755 442 1070 522 obligatio,
1112 449 1184 502 ut
1237 439 1452 504 fideles
1477 445 1724 502 tantum

209 545 536 606 tenerentur
559 538 752 598 vitare
775 536 1385 598 excommunicatum
1413 535 1482 594 in
1526 534 1722 613 parti-

207 635 376 698 culari
407 639 468 692 et
494 630 858 694 nominatim
895 628 1328 690 denuntiatum
1359 645 1433 688 ac
1457 626 1722 688 declara-

205 736 346 800 tum,
381 743 518 784 cum
565 723 834 802 quadam
881 721 1278 796 limitatione,
1323 738 1508 801 quam
1561 719 1724 780 infra

203 822 503 898 attingam.
557 819 644 880 De
684 835 808 896 quo
850 817 994 896 jure
1041 816 1238 877 videri
1287 821 1546 895 possunt
1586 830 1724 893 quas

205 914 316 976 dixi
337 914 403 972 in
432 917 584 972 tom.
617 912 678 981 5,
707 909 862 988 disp.
915 914 976 985 9,
1019 915 1166 970 sect.
1199 910 1259 968 2.
1313 910 1380 970 ln
1434 907 1723 987 praesenti

203 1004 518 1084 argentilla
549 1009 640 1064 est
677 1002 1006 1064 difficultas
1023 1002 1207 1080 juxta
1243 1002 1570 1080 antiquum
1594 1001 1720 1079 jus.

269 1101 324 1159 2.
361 1099 637 1160 Primum
665 1096 932 1171 dimum,
955 1113 1038 1157 an
1065 1095 1339 1158 laoeretioi
1364 1111 1482 1156 non
1505 1097 1725 1158 muu-

207 1193 328 1256 niati
357 1192 480 1253 sint
503 1190 846 1252 vitandi.—
871 1189 1022 1252 Soio
1046 1188 1431 1268 rojidtw.—
1453 1189 1536 1250 De
1565 1205 1726 1248 novo

203 1291 384 1346 antem
407 1285 548 1362 jure
575 1288 776 1362 potest
821 1299 952 1343 esse
997 1282 1270 1362 primum
1321 1280 1606 1356 dubium,
1643 1299 1728 1342 an

203 1382 278 1442 ita
301 1376 516 1439 habeat
549 1375 754 1438 locum
807 1377 876 1437 in
913 1377 1236 1451 haereticis,
1283 1377 1448 1438 sicut
1483 1375 1551 1436 in
1593 1375 1728 1436 aliis

203 1469 738 1532 excommunicatis.
759 1469 840 1530 Et
867 1469 1250 1530 occasionem
1273 1467 1600 1529 dubitandi
1618 1485 1728 1529 no·

203 1564 284 1624 bis
305 1561 513 1623 tribuit
553 1563 720 1632 Soto,
752 1561 822 1622 in
862 1564 926 1636 4,
956 1561 1348 1624 distinctione
1387 1563 1492 1634 20,
1531 1579 1729 1640 quaes-

203 1657 346 1716 tione
373 1657 468 1728 11,
497 1661 616 1716 art.
649 1656 712 1728 5,
743 1653 1014 1716 conclus.
1037 1655 1100 1728 2,
1123 1659 1188 1716 et
1207 1653 1600 1715 distinctione
1623 1656 1725 1730 25,

205 1753 390 1829 quaest.
443 1750 500 1808 1.
547 1753 670 1808 art.
704 1751 765 1822 1,
805 1753 947 1827 post
971 1752 1218 1808 tertiam
1249 1747 1724 1822 conclusionem,

201 1861 338 1902 vers.
367 1842 492 1903 Hic
516 1845 740 1915 tamon,
779 1847 982 1902 etart.
1013 1843 1074 1916 3,
1105 1841 1332 1902 colum.
1373 1845 1440 1915 9,
1479 1841 1586 1902 uhi
1623 1841 1731 1902 do-

205 1942 304 2008 cet,
331 1951 538 1994 omnes
565 1932 886 1994 baereticos
911 1951 1038 1995 esse
1071 1934 1376 2008 vitandos,
1399 1935 1464 1995 in
1485 1953 1610 2014 quo
1637 1934 1728 1994 vi-

203 2029 359 2088 detur
407 2025 612 2104 quoad
653 2025 790 2088 illos
837 2027 1108 2088 limitare
1155 2027 1382 2088 dictam
1433 2029 1727 2090 Exti-ava-

205 2125 424 2199 gantem
449 2117 550 2180 Ad
573 2120 882 2184 evitanda.
923 2120 1041 2182 Sed
1073 2121 1219 2198 quia
1257 2120 1377 2181 hoc
1414 2120 1586 2182 nulla
1615 2139 1727 2200 po-

204 2219 340 2272 terat
369 2213 606 2274 ratione
663 2212 994 2275 subsistere
1011 2257 1032 2288 ,
1078 2213 1240 2274 hanc
1279 2213 1512 2274 indicat
1541 2215 1730 2276 ratio-

205 2323 348 2378 nem,
374 2305 624 2382 scilicet,
658 2307 820 2386 qnia,
845 2325 920 2367 co
939 2308 1071 2387 ipso
1099 2306 1262 2387 quod
1289 2307 1513 2387 aliquis
1541 2324 1731 2386 agno-

206 2401 364 2458 scitur
389 2399 732 2473 baereticuS,
763 2406 1056 2480 tanquam
1087 2401 1457 2462 nominatim
1485 2418 1730 2462 excom-

207 2492 518 2552 municatus
531 2493 614 2552 ab
636 2494 926 2554 omnibus
949 2492 1232 2554 habetur.
1251 2493 1370 2555 Sed
1400 2493 1516 2554 boc
1540 2495 1729 2556 ctiam

209 2592 258 2646 et
287 2584 618 2646 voluntarie
668 2587 896 2648 dicitur
910 2631 931 2662 ,
977 2591 1042 2648 et
1085 2585 1270 2667 plane
1311 2585 1538 2646 falsum
1595 2597 1686 2648 est
1703 2632 1724 2662 ,

207 2679 328 2756 quia
355 2678 558 2738 nullus
603 2685 700 2740 est
727 2680 1100 2742 nominatim
1130 2681 1719 2758 excommunicatus,

207 2773 306 2832 nisi
337 2772 558 2850 judicis
599 2774 906 2834 sententia
944 2774 1306 2850 intercedat,
1351 2781 1422 2834 ut
1471 2793 1546 2834 ex
1591 2775 1724 2854 ipsa

210 2883 326 2926 voce
364 2871 561 2944 patet,
601 2875 668 2928 et
705 2885 784 2928 ex
829 2866 1032 2928 verbis
1075 2866 1388 2946 praedictae
1435 2869 1727 2928 Extrava-

215 2959 397 3034 gantis.
425 2959 503 3020 At
541 2977 698 3020 vero
723 2977 849 3021 non
887 2977 1103 3022 omnes
1130 2960 1404 3020 haeretici
1447 2965 1592 3021 sunt
1617 2978 1729 3039 per

209 3050 484 3112 hominem
511 3051 806 3130 judicati,
835 3053 1173 3132 praesertim
1222 3055 1290 3114 in
1341 3053 1724 3133 particulari,

207 3143 290 3204 scd
339 3150 576 3208 tantum
611 3146 746 3224 ipso
781 3145 920 3228 jure
974 3148 1493 3208 excommunicati
1543 3152 1721 3218 sunt3

204 3254 325 3314 ergo
333 3255 450 3298 non
473 3247 735 3318 possunt
749 3239 871 3300 dici
890 3257 1104 3301 omnes
1123 3239 1493 3315 denuntiati,
1513 3239 1728 3300 etiam·

203 3330 244 3390 si
285 3331 495 3408 cogniti
555 3331 706 3392 sint.
765 3331 1147 3412 Quapropter
1190 3331 1590 3392 statuendum
1634 3337 1726 3393 cst

202 3422 298 3482 hoc
323 3441 538 3484 novum
563 3425 672 3504 jus
710 3424 966 3488 Concilii
1021 3425 1502 3486 Constantiensis
1539 3425 1726 3486 etiam

203 3515 266 3574 ad
285 3515 590 3578 haercticos
621 3517 894 3593 extendi,
928 3524 998 3580 nt
1021 3517 1248 3597 reliqui
1292 3525 1572 3580 auctores
1594 3534 1728 3578 om-

203 3627 293 3668 nes
315 3616 576 3686 censent,
623 3629 778 3688 quos
818 3611 1026 3672 statim
1087 3611 1374 3687 referam,
1425 3617 1489 3674 et
1539 3611 1726 3673 verba

203 3700 640 3780 Extravagantis
679 3704 1074 3779 convincunt,
1126 3723 1264 3784 quae
1309 3710 1372 3764 et
1411 3703 1726 3782 generalia

205 3799 344 3869 sunt,
373 3801 426 3856 et
458 3795 699 3856 addunt
728 3797 1176 3876 exceptionem,
1205 3815 1342 3877 quae
1382 3794 1593 3856 firmat
1633 3813 1728 3856 re-

205 3888 385 3964 gulam
411 3891 614 3970 quoad
655 3907 870 3950 omnes
915 3889 1091 3966 alios,
1137 3894 1210 3950 ut
1261 3889 1471 3950 statim
1527 3887 1728 3967 magis

204 3981 508 4060 explicabO.

273 4077 322 4136 3
366 4075 708 4140 Secundum
751 4077 1018 4150 dubium,
1067 4094 1148 4140 an
1195 4077 1412 4140 saltem
1453 4073 1730 4158 publicus

209 4167 486 4233 hereticus
537 4172 626 4233 sit
673 4169 976 4235 vitandus.
1007 4203 1092 4219 --
1123 4171 1350 4234 Prima
1403 4171 1726 4245 sententia,

203 4277 314 4338 quoe
339 4263 652 4342 amicita·
674 4265 993 4341 fundatur.
1006 4262 1446 4324 -Secundum
1465 4261 1730 4322 dubium

203 4359 296 4427 est,
323 4372 396 4414 an
421 4354 642 4415 saltem
663 4361 994 4416 teneantur
1019 4355 1233 4417 fideles
1287 4355 1484 4416 vitare
1524 4354 1730 4434 publi-

201 4459 319 4504 cum
369 4443 746 4520 haereticum,
771 4449 1038 4509 etiamsi
1073 4448 1448 4510 nominatim
1489 4447 1728 4508 denun-

203 4533 362 4595 tiatus
383 4556 504 4599 non
531 4539 614 4600 sit
627 4555 648 4616 ;
679 4539 880 4618 aliqui
907 4541 1076 4600 enim
1111 4540 1449 4614 affirmant,
1477 4547 1540 4600 ct
1572 4538 1727 4600 solet

203 4624 354 4688 citari
391 4628 676 4709 sylvest„
725 4631 898 4692 verb.
939 4633 1532 4707 Eiacommunicatw,
1561 4635 1625 4706 5,
1659 4651 1722 4692 n.

207 4719 234 4775 Ἰ
270 4725 326 4778 et
357 4721 516 4796 8301
539 4725 814 4798 Covsrr„
843 4727 912 4786 in
939 4744 1072 4805 cap.
1109 4726 1298 4790 Alma
1322 4729 1538 4801 mater,
1573 4730 1603 4788 1
1633 4745 1725 4805 p.,

205 4808 308 4887 §Q
333 4831 394 4874 n.
431 4818 491 4876 3.
525 4819 648 4879 Sed
693 4836 820 4879 non
865 4819 1200 4898 loquuntur
1249 4820 1317 4879 in
1365 4819 1726 4898 particulari

207 4900 272 4962 dc
313 4904 612 4970 haeretico.
653 4910 830 4972 Unde
867 4911 1108 4973 duobus
1129 4913 1329 4974 modis
1356 4917 1554 4990 potest
1587 4911 1724 4971 haec

207 4999 480 5061 sententia
499 5002 750 5065 fundari
777 5023 794 5062 :
823 5023 986 5065 unus
1007 5011 1120 5080 est,
1151 5005 1298 5084 quia
1319 5005 1383 5064 in
1411 5003 1576 5064 dicta
1605 5005 1723 5064 Ex·

208 5091 547 5170 travagant„
576 5103 650 5154 ut
688 5096 954 5157 babetur
979 5097 1047 5156 in
1077 5096 1350 5157 Concilio
1377 5096 1722 5170 Basiliensi,

207 5181 564 5261 excipiuntur
595 5206 812 5250 omnes
839 5189 1149 5250 manifesti
1177 5189 1720 5250 excommunicati.

207 5269 354 5334 Alius
378 5283 486 5352 oet,
521 5281 666 5360 quia
693 5281 942 5361 publica
979 5281 1204 5343 notitia
1248 5282 1577 5362 mquivalet
1621 5281 1726 5342 de-

206 5361 492 5431 clarationi
510 5373 824 5450 juridicas3
857 5373 936 5435 ad
978 5374 1130 5453 quid
1169 5375 1342 5436 enim
1391 5374 1726 5452 declaratio

209 5461 512 5532 necessaria
529 5470 646 5542 cst,
675 5465 786 5534 ubi
811 5483 912 5538 res
927 5472 1020 5528 est
1045 5467 1236 5540 notat

1881 441 1946 500 4.
1993 438 2275 504 Secunda
2319 441 2619 504 eoncordia
2645 459 2809 517 vera,
2834 443 3069 524 requiri
3093 444 3359 510 declara·

1803 535 2029 598 coriam
2056 539 2125 596 uc
2152 534 2468 598 koeretious
2517 535 2761 602 vitetur.
2782 569 2865 586 --
2882 539 3181 602 Diminu-
3221 543 3361 620 pri-

1801 646 1971 690 mum
2014 629 2468 706 mndanuntum
2508 629 2743 710 prioris
2782 630 3213 694 sententioem-
3250 636 3363 698 Di-

1802 722 2015 784 ruitur
2037 723 2471 784 εασιιπάιοπιμ-
2488 723 2809 784 Contraria
2834 725 3136 785 sententia
3154 727 3361 788 omni-

1803 832 1886 875 no
1913 831 2063 876 vcra
2088 820 2201 891 est,
2233 821 2296 876 et
2324 817 2592 895 practice
2620 823 2809 891 certa,
2840 817 3139 878 nimirum
3166 837 3361 898 quan-

1804 914 2205 987 tumcumque
2226 908 2551 970 hoereticus
2576 910 2656 970 sit
2683 911 2959 971 notorius
2978 916 3041 971 et
3056 911 3357 991 publicus,

1803 1019 1932 1062 non
1967 1002 2167 1062 teneri
2216 1001 2429 1063 fideles
2468 1003 2548 1062 ad
2598 1003 2922 1064 vitandum
2965 1004 3141 1065 illum
3193 1023 3271 1068 ex
3298 1008 3361 1069 vi

1804 1093 1991 1172 hujus
2032 1113 2328 1171 censuras,
2358 1095 2553 1156 donec
2593 1095 2672 1156 sit
2698 1113 2809 1174 per
2854 1098 3224 1158 sententiam
3250 1117 3362 1162 no·

1805 1187 2095 1250 minutim
2126 1188 2473 1252 declaratus
2506 1205 2577 1250 ac
2604 1188 3025 1252 denuntiatus.
3052 1191 3161 1252 Est
3196 1211 3365 1254 com-

1807 1282 2021 1342 munis
2068 1283 2397 1358 sententia,
2420 1288 2483 1342 et
2515 1287 2795 1344 auctores
2816 1282 3023 1343 statim
3069 1283 3358 1348 referam.

1807 1373 1902 1435 Ad
1929 1372 2102 1434 illam
2130 1391 2279 1435 vero
2318 1373 2699 1436 fundandam
2746 1375 3218 1454 supponendum
3246 1384 3360 1455 est,

1805 1466 1874 1527 in
1913 1470 2275 1547 exceptione
2316 1486 2457 1547 quae
2498 1467 2573 1528 fit
2600 1469 2668 1528 in
2706 1468 2871 1530 dicta
2915 1470 3361 1549 Extravagant.

1807 1557 1910 1622 Ad
1929 1561 2236 1637 evitanda,
2262 1561 2551 1622 standum
2574 1579 2707 1622 esse
2748 1560 2955 1624 verbis
2995 1561 3163 1624 illius
3184 1564 3361 1644 legis,

1810 1658 2099 1733 proutex
2148 1654 2419 1714 Concilio
2454 1653 2907 1716 constantiensi
2938 1655 3227 1732 refertur,
3256 1658 3365 1718 ubi

1810 1745 2011 1806 solum
2041 1747 2347 1826 excipitur
2368 1747 2649 1808 notorius
2690 1764 3013 1827 percussor
3038 1748 3268 1825 clerici,
3302 1756 3367 1812 et

1807 1857 1936 1901 non
1964 1846 2151 1920 prout
2175 1841 2437 1902 habetur
2464 1843 2525 1902 in
2568 1841 2838 1902 Concilio
2865 1842 3207 1918 Basiliensi,
3254 1844 3365 1906 ubi

1809 1932 2183 2010 generaliter
2213 1933 2517 2013 excipitur
2547 1934 2751 1995 omnis
2794 1933 3079 2014 publicus
3114 1953 3362 1998 excom-

1809 2027 2182 2088 municatus.
2233 2027 2409 2103 Quia,
2453 2027 2599 2088 licet
2646 2026 2987 2089 Concilium
3034 2023 3365 2092 Basiliensc

1807 2120 2109 2198 posterius
2134 2120 2341 2192 fuerit,
2362 2119 2768 2182 nihilominus
2794 2119 3096 2182 Martinus
3120 2123 3171 2182 V
3200 2124 3365 2202 prio-

1807 2229 1938 2274 rem
1969 2213 2238 2274 formam
2258 2213 2640 2293 approbavit,
2670 2219 2733 2274 et
2760 2215 3079 2275 communi
3112 2233 3229 2276 usu
3255 2218 3366 2278 Ec-

1810 2305 2009 2366 clesioe
2042 2313 2285 2386 recepta
2322 2313 2435 2379 est,
2473 2313 2543 2366 ut
2568 2305 2757 2366 latius
2786 2308 3027 2368 ostendi
3085 2307 3154 2368 in
3200 2307 3365 2371 dicto

1807 2393 1981 2458 tom'o
2006 2401 2068 2471 5,
2099 2399 2326 2477 disput.
2379 2401 2441 2470 9,
2490 2401 2637 2460 sect.
2670 2403 2733 2474 2,
2778 2405 2839 2460 et
2862 2401 3053 2460 tradit
3076 2402 3357 2480 Navarr„

1807 2507 1975 2552 cons.
2006 2481 2081 2553 1Ὄ
2104 2497 2167 2550 et
2201 2494 2279 2554 15
2300 2491 2378 2552 (16
2407 2491 2683 2554 Haeretic.
2710 2513 2727 2568 3
2757 2493 2925 2567 Sot0,
2954 2496 3021 2554 in
3053 2495 3117 2564 4,
3148 2493 3365 2556 distin·

1805 2588 2009 2648 ctione
2052 2591 2111 2662 1,
2143 2603 2205 2665 q.
2238 2589 2299 2661 5,
2332 2593 2449 2649 art.
2480 2587 2544 2661 6,
2568 2593 2632 2647 et
2662 2588 3055 2649 distinctione
3076 2589 3181 2663 22,
3212 2607 3273 2669 q.
3302 2593 3364 2667 1,

1805 2685 1922 2740 art.
1968 2683 1993 2738 1
2026 2679 2305 2754 3Garcia‚
2336 2685 2498 2760 part.
2545 2683 2581 2740 7
2622 2680 2701 2740 de
2726 2681 2963 2756 Bencf„
2988 2699 3040 2742 c.
3071 2685 3171 2754 11,
3205 2701 3261 2744 a.
3296 2701 3363 2744 n.

1805 2775 1910 2847 40,
1939 2778 2001 2833 et
2051 2772 2254 2852 plures
2282 2772 2416 2847 alii,
2463 2791 2617 2852 quos
2667 2773 2898 2834 ibidem
2940 2774 3147 2834 refert.
3205 2777 3365 2837 Hinc

1805 2883 1957 2944 ergo
1990 2865 2305 2927 evidenter
2329 2866 2593 2928 infertur
2624 2874 2835 2928 nostra
2862 2869 3188 2942 sententia,
3216 2870 3367 2948 quia

1807 2957 2090 3038 exceptio
2122 2957 2333 3020 firmat
2380 2959 2663 3038 regulam
2688 2961 2755 3020 in
2806 2963 3220 3040 contrarium3
3259 2963 3365 3023 sed

1807 3051 1894 3112 ibi
1923 3051 2121 3113 fertur
2156 3052 2255 3113 lex
2305 3053 2693 3128 universalis,
2729 3060 2799 3114 ut
2860 3073 2988 3115 non
3036 3063 3363 3118 teneamur

1807 3146 2005 3206 vitare
2053 3146 2615 3207 excommunicatos
2654 3164 2781 3207 non
2844 3147 3258 3225 denuntiatOS,
3302 3156 3367 3211 et

1809 3255 1936 3298 non
1962 3238 2355 3318 excipiuntur
2386 3238 2679 3314 haeretici,
2710 3239 2816 3300 sed
2844 3241 2955 3300 soli
2982 3257 3365 3320 percussores

1805 3330 2199 3410 clericornm3
2232 3350 2379 3411 ergo
2424 3331 2711 3393 firmatur
2749 3332 2969 3411 regula
3008 3334 3194 3394 etiam
3230 3351 3365 3396 res·

1807 3431 1986 3503 pactu
2006 3424 2465 3486 haereticorum.
2496 3426 2571 3484 Et
2590 3425 2739 3486 hinc
2764 3426 2953 3486 etiam
2978 3427 3365 3488 convincitur

1805 3535 1934 3578 non
1974 3535 2105 3578 csse
2130 3518 2321 3593 idem,
2366 3535 2497 3579 esse
2541 3517 2917 3579 declaratum
2966 3537 3077 3598 per
3124 3527 3365 3582 senten-

1805 3612 1985 3686 tiam,
2028 3616 2089 3672 et
2128 3629 2256 3672 esse
2310 3613 2620 3672 notorium
2649 3629 2759 3691 per
2796 3611 3051 3688 factum,
3090 3613 3367 3692 quando-

1807 3703 2061 3784 quidem
2108 3704 2307 3764 voluit
2360 3704 2469 3765 illa
2518 3703 2619 3765 lex
2662 3705 2729 3765 in
2776 3705 2905 3765 solo
2960 3723 3087 3766 uno
3144 3706 3366 3767 delicto

1807 3797 2083 3858 sufficere
2112 3797 2541 3859 notorietatem
2568 3797 2739 3874 facti,
2768 3799 3011 3860 etiamsi
3058 3800 3368 3861 sententia

1807 3908 1936 3950 non
1958 3891 2353 3950 interveniat.
2395 3891 2472 3951 Et
2495 3890 2861 3970 generaliter
2900 3891 3230 3970 loquendo,
3262 3910 3368 3954 ve·

1808 4001 1950 4042 rum
1988 4001 2115 4043 non
2146 3989 2261 4059 est,
2294 3983 2401 4044 ubi
2440 3982 2787 4062 specialiter
2812 3982 2914 4044 lex
2941 3983 3201 4062 requirit
3229 4003 3367 4064 par-

1812 4074 2135 4136 ticularem
2160 4077 2533 4137 sententiam
2574 4075 3081 4152 declaratoriam,
3096 4075 3367 4155 suppleri

1809 4168 2189 4230 sufficienter
2236 4188 2349 4250 per
2388 4169 2701 4249 publicam
2750 4169 3037 4229 notitiam
3094 4169 3260 4245 Facti,
3294 4175 3367 4230 nt

1807 4266 1975 4322 recte
2002 4263 2241 4323 notavit
2266 4264 2605 4336 Simiam,
2640 4263 2821 4323 titulo
2846 4264 2909 4339 9,
2936 4281 2999 4324 ιι.
3037 4263 3176 4339 166,
3208 4269 3271 4324 et
3298 4263 3367 4323 in

1807 4356 2089 4433 sequenti
2115 4355 2531 4434 disputatione
2556 4356 2741 4416 latius
2770 4355 3067 4416 dicemus.

1887 4450 1948 4508 5.
1986 4446 2323 4510 Stabilitm·
2339 4449 2548 4530 prima
2592 4449 2890 4510 munna
2914 4465 2989 4511 ea:
3022 4449 3362 4513 corollario.

1806 4541 1981 4600 -Ex
2008 4558 2131 4619 qua
2156 4541 2368 4619 regula
2392 4540 2657 4602 insertur
2678 4558 2805 4600 non
2827 4558 2957 4602 esse
2984 4539 3368 4620 prohibitum

1806 4651 1979 4694 nunc
2002 4632 2275 4711 recipere
2311 4642 2695 4694 sacramenta
2722 4633 2801 4693 ab
2848 4633 3136 4694 haeretico
3164 4651 3369 4714 quan-

1811 4724 2039 4786 tumvis
2066 4731 2240 4801 noto,
2270 4727 2320 4786 si
2372 4727 2771 4787 denuntiatus
2800 4743 2927 4786 non
2974 4725 3075 4787 sit.
3122 4727 3211 4787 lta
3238 4725 3367 4787 dixi

1807 4819 1874 4878 in
1904 4821 1940 4880 3
1970 4824 2141 4878 tomo
2180 4821 2379 4880 tertias
2420 4821 2634 4898 partis,
2668 4819 2894 4900 disput.
2930 4821 3031 4895 18,
3060 4825 3124 4880 et
3149 4819 3215 4880 in
3244 4819 3369 4880 dis·

1802 4918 1936 4990 put.
2000 4913 2101 4987 72,
2152 4917 2299 4974 sect.
2344 4911 2483 4989 ult„
2538 4915 2605 4973 in
2648 4911 2802 4986 fine3
2838 4918 2901 4974 et
2943 4911 3067 4974 late
3088 4913 3281 4973 tradit
3305 4917 3369 4972 et

1803 5004 2069 5084 explicat
2100 5005 2352 5081 Navar„
2396 5023 2567 5066 cons.
2614 5009 2675 5081 1,
2706 5007 2785 5066 de
2824 5005 3057 5080 const„
3082 5023 3143 5084 q.
3176 5007 3279 5078 ΞΑ,
3306 5010 3372 5066 ct

1803 5115 1915 5177 per
1939 5095 2175 5176 aliquas
2208 5104 2557 5178 sequentes,
2601 5105 2665 5158 ct
2710 5097 2924 5159 consil.
2962 5099 3075 5175 10;
3116 5104 3177 5158 et
3216 5097 3369 5158 San-

1807 5188 1963 5262 cius,
1990 5189 2155 5250 dicto
2180 5189 2403 5266 libna,
2433 5208 2488 5250 c.
2522 5193 2583 5265 9,
2608 5207 2784 5250 num.
2822 5191 2933 5263 1·Ο;
2968 5197 3031 5251 et
3062 5191 3222 5250 ratio
3248 5199 3364 5264 est,

1806 5283 1952 5360 quia
1986 5299 2117 5342 non
2142 5288 2235 5343 est
2264 5282 2463 5362 magis
2498 5282 2809 5362 prohibita
2847 5280 2983 5343 hoec
3022 5282 3367 5342 communi-

1806 5375 1995 5449 catio,
2024 5393 2213 5456 quam
2242 5376 2387 5438 alia.
2418 5377 2505 5440 Ne
2546 5393 2625 5436 ue
2652 5375 2857 5437 obstat
2906 5376 3071 5456 quod
3101 5378 3171 5436 D.
3202 5375 3367 5436 Tho-

1805 5485 1963 5546 tans,
1995 5470 2033 5536 3
2066 5488 2155 5550 p.,
2180 5487 2245 5550 q.
2278 5469 2383 5545 82,
2408 5479 2528 5542 nrt.
2602 5475 2843 5549 ,negat
2868 5469 3055 5532 licere
3092 5467 3369 5566 accipere
