3900 6217
507 367 625 436 786

571 475 686 528 Non
710 473 987 528 infamiam
1013 473 1164 538 iuris,
1201 487 1254 526 n.
1284 475 1332 526 7.

508 556 558 602 2.
595 551 816 602 infamia
854 549 1022 616 ipsius
1049 549 1306 614 haeretici,
1345 548 1469 603 vide
1510 562 1658 601 roezu
1691 563 2066 612 ιιιιιτιεοιιιιιι,

573 639 626 678 n.
657 631 734 677 12.

1199 703 1386 742 tunna.

507 783 556 829 1.
592 775 770 830 infans
795 777 932 829 inter
951 777 1246 840 haereticoS,
1272 778 1354 831 vel
1378 776 1621 830 infideles
1645 776 1924 840 enutritus,
1945 773 2070 828 vide

572 867 832 914 ιιιιιιιιιιιε,
853 867 908 906 ιι.
937 858 994 914 ⁵3
1026 852 1148 908 vide
1169 853 1328 906 etiam
1349 867 1627 916 numana,
1655 865 1710 905 ιι.
1749 856 1796 904 1.

1127 983 1224 1020 11071
1231 983 1430 1022 omns
1437 1008 1449 1020 .

507 1085 554 1132 1.
590 1077 960 1132 infidelitatem
989 1089 1112 1132 esse
1147 1084 1420 1143 peccatum
1451 1076 1520 1129 de
1548 1076 1654 1130 fide
1680 1083 1780 1140 est,
1825 1080 1976 1128 tract.
2020 1079 2068 1139 1,

569 1154 710 1220 disp.
744 1159 822 1216 18,
845 1160 976 1208 sect.
1007 1159 1056 1216 t.
1093 1166 1147 1206 ιι.
1172 1158 1220 1205 1.

505 1235 554 1282 2.
591 1229 878 1283 infidelitas
906 1231 960 1282 in
983 1242 1091 1294 quo
1121 1228 1330 1280 differat
1354 1228 1422 1280 ab
1447 1227 1553 1280 aiio
1583 1233 1800 1292 peccato
1823 1225 2074 1280 commis-

567 1307 738 1359 sionis
765 1314 957 1359 contra
985 1304 1144 1358 fidem
1176 1304 1230 1356 in
1259 1304 1479 1357 homine
1501 1304 1664 1367 fideii,
1691 1303 1839 1364 thid„
1863 1317 1915 1354 n.
1941 1306 1992 1352 2.

507 1387 555 1436 8.
589 1383 880 1437 infidelitas
911 1382 1156 1450 negativa
1187 1393 1308 1446 quae
1345 1384 1430 1444 sit,
1463 1397 1517 1434 ιι.
1549 1387 1598 1442 8,
1641 1393 1762 1447 quae
1795 1379 2071 1446 privativa,

569 1473 622 1512 ιι.
648 1462 694 1512 4.

507 1539 551 1588 t.
591 1533 920 1588 infidelitatis
941 1539 1214 1600 peccatum
1243 1539 1297 1586 et
1323 1533 1720 1587 commissionis
1749 1539 1803 1586 et
1822 1533 2078 1586 omissio-

568 1611 652 1664 nis
674 1622 794 1664 esse
813 1616 1002 1676 potest,
1025 1623 1081 1660 n.
1113 1613 1160 1660 8.

509 1693 556 1740 5.
593 1686 885 1740 infidelitas
931 1685 1189 1750 privativa
1215 1684 1284 1738 ad
1315 1691 1588 1750 [teccatum
1629 1685 1940 1739 omissionis
1983 1698 2079 1751 per

569 1777 628 1817 se
665 1762 839 1828 primo
864 1767 1084 1828 spectat.
1111 1775 1164 1813 n.
1192 1765 1237 1812 7.

508 1846 556 1894 8.
593 1837 882 1892 landelinus
909 1837 1176 1890 contraria
1197 1837 1470 1902 quomodo
1503 1837 1572 1890 ad
1613 1844 1886 1904 peccatum
1919 1849 2072 1891 com-

571 1913 844 1968 missionis
863 1919 1084 1978 spectat,
1115 1926 1167 1965 ιι.
1193 1918 1222 1964 8
1245 1919 1297 1966 ει
1320 1918 1367 1966 a.

510 1995 557 2045 7.
593 1991 775 2044 Omnis
820 1990 1034 2056 propria
1076 1989 1362 2042 infidelitas
1402 1996 1524 2054 post
1559 1989 1908 2042 sufficientem
1949 1989 2076 2042 fidei

571 2066 812 2120 auditum
833 2072 914 2118 est
936 2065 1352 2127 commissionis,
1372 2064 1494 2118 eod.
1517 2078 1571 2117 n.
1594 2070 1642 2118 8.

511 2148 558 2196 8.
595 2142 884 2195 infidelitas
919 2141 1178 2206 privativa
1217 2143 1396 2206 specie
1435 2140 1613 2194 differt
1650 2141 1720 2194 ab
1761 2141 2075 2196 infidelitate

571 2217 856 2278 contraria,
881 2231 934 2270 ιι.
959 2221 1038 2268 1ο.

515 2299 562 2346 8.
600 2292 930 2346 infidelitatis
979 2299 1250 2356 peccatum
1295 2298 1376 2344 est.
1413 2305 1478 2346 ex
1511 2293 1844 2360 gravissimis
1881 2307 2069 2358 unum,

575 2375 726 2422 tract.
752 2373 800 2430 1,
827 2367 968 2433 disp.
998 2372 1078 2430 16,
1101 2375 1229 2422 sect.
1260 2373 1312 2432 2,
1337 2382 1392 2420 n.
1423 2373 1470 2420 8.

577 2447 691 2498 imo
719 2444 960 2497 omnium
987 2444 1272 2496 maximum
1311 2445 1490 2509 quoad
1521 2451 1918 2508 nocumentum,
1943 2443 2074 2497 ibid.

577 2520 824 2573 Omnium
857 2519 1168 2584 diQilitme
1187 2527 1418 2580 curatur,
1445 2519 1574 2571 ibid.

517 2600 596 2649 10.
633 2593 921 2648 infidelitas
944 2595 1000 2648 in
1039 2595 1246 2649 ratione
1279 2596 1478 2659 peccati
1505 2599 1587 2648 est
1609 2593 1735 2648 odio
1765 2593 1852 2648 Dei
1881 2595 2075 2658 minor,

577 2687 634 2728 ιι.
665 2678 714 2727 8.

579 2753 658 2802 Αιι
693 2748 906 2818 gravior
925 2746 1317 2814 desperatione,
1345 2747 1494 2809 ibid,
1525 2752 1580 2800 et
1605 2751 1754 2798 tract.
1781 2749 1830 2807 8,
1860 2743 1999 2811 disp.
2024 2747 2073 2806 2,

579 2830 708 2878 sect.
733 2828 784 2888 2,
812 2837 866 2875 ιι.
895 2829 940 2876 8.

518 2905 598 2956 11.
633 2901 964 2954 infidelitatis
985 2905 1260 2966 peccatum
1295 2904 1378 2952 est
1415 2911 1478 2951 ex
1513 2909 1614 2952 suo
1637 2909 1834 2965 genere
1859 2895 2075 2963 gravius

579 2977 836 3030 omnibus
883 2977 1112 3042 peccatis
1159 2981 1346 3029 contra
1386 2975 1608 3028 virtutes
1657 2973 1906 3033 morales,
1951 2971 2071 3024 ead.

579 3053 718 3119 disp.
747 3058 826 3110 18,
847 3059 977 3106 εεει.
1003 3057 1051 3114 2,
1080 3065 1135 3103 ιι.
1171 3055 1216 3104 t.

518 3133 598 3182 ss.
629 3129 922 3182 infidelitas
949 3126 1125 3192 quoad
1161 3125 1438 3178 falsitatem
1473 3131 1556 3178 est
1587 3123 1878 3189 subjective
1903 3122 1955 3174 in
1990 3121 2079 3174 in-

583 3205 814 3266 tellectu,
845 3203 1025 3269 quoad
1062 3201 1321 3254 maiitiam
1362 3201 1418 3253 in
1463 3199 1754 3262 voluntate,
1786 3197 1903 3250 ead.
1935 3197 2075 3262 disp.

581 3287 661 3340 16,
684 3287 812 3333 sect.
837 3285 884 3342 8,
913 3293 966 3332 ιι.
991 3283 1038 3333 1.

521 3365 598 3415 18.
636 3357 965 3411 infidelitatis
1013 3356 1214 3409 malitia
1251 3353 1512 3420 objectiva
1558 3358 1639 3406 est
1671 3353 1726 3405 in
1767 3350 2074 3404 intellectu:

583 3433 802 3487 moralis
837 3432 892 3484 in
913 3434 1029 3486 sola
1052 3431 1326 3486 voluntate
1349 3428 1641 3484 formaliter
1669 3427 1886 3488 residet,
1915 3427 2081 3480 deno-

583 3510 836 3563 minative
869 3509 1130 3561 autemin
1167 3507 1457 3568 intellectu,
1482 3504 1631 3563 ibid..
1661 3516 1692 3555 a
1715 3517 1764 3554 ιι.
1796 3505 1842 3554 4.
1909 3553 1912 3556 ,

522 3592 602 3640 11.
638 3585 927 3640 infidelitas
949 3583 1172 3637 actualis
1197 3590 1252 3635 ιιι
1286 3582 1504 3648 proprie
1523 3580 1666 3634 dicta
1689 3591 1963 3644 nunquam
2002 3585 2085 3631 est

587 3662 640 3714 in
661 3661 777 3715 sola
798 3661 1087 3721 voluntate,
1115 3657 1268 3716 ibid..
1293 3671 1346 3710 n.
1367 3661 1414 3708 ⁷.

585 3739 674 3790 list
700 3742 876 3789 tamen
901 3733 1242 3800 incompleta,
1267 3733 1408 3797 disp.
1431 3736 1510 3793 18,
1546 3737 1674 3783 εεει.
1702 3733 1745 3792 l,
1769 3730 1824 3783 in
1849 3729 1971 3782 fine.

1877 371 2073 430 mm
2103 375 2333 433 militm.

2150 479 2229 528 2⁴.
2264 475 2557 529 infidelitas
2580 476 2822 540 negativa
2841 478 3003 529 etiam
3028 477 3084 530 in
3115 479 3387 545 mysteriis
3408 477 3542 532 fidei
3574 485 3742 531 natu-

2213 553 2399 678 raliteg
2421 553 2565 607 notis
2588 552 2875 618 aliquando
2908 560 3061 608 vacat
3085 556 3261 622 culpa,
3302 555 3419 610 ead.
3462 555 3619 622 disp.
3660 559 3745 618 17,

2212 635 2339 681 sect.
2406 642 2504 690 ,n.
2530 634 2575 681 8.

2148 709 2231 756 28.
2266 704 2344 755 Ob
2364 705 2539 757 solum
2570 705 2899 758 infidelitatis
2926 707 3138 760 titulum
3190 719 3259 760 an
3308 707 3483 773 possit
3524 706 3741 759 bellum

2216 779 2399 844 indici,
2422 780 2543 832 vide
2571 797 2782 844 ιιειιιιιι,
2814 796 2871 834 ιι.
2903 787 2982 834 26.

2804 914 3059 953 turmula.

2154 1011 2201 1058 1.
2238 1005 2535 1059 infidelium
2562 1011 2779 1072 peccata
2807 1007 3081 1072 quomodo
3102 1007 3303 1061 leviora
3328 1007 3568 1072 peccatis
3602 1005 3741 1060 fide-

2216 1081 2367 1142 lium,
2390 1087 2539 1134 tract.
2560 1086 2607 1140 1.
2634 1081 2773 1148 disp.
2798 1087 2875 1144 18,
2900 1089 3029 1136 εεει.
3054 1089 3102 1142 2,
3130 1097 3185 1136 n.
3222 1089 3269 1135 8.

2153 1161 2203 1208 8.
2239 1155 2538 1209 infidelium
2558 1169 2773 1210 omnem
2799 1160 3063 1212 actionem
3087 1159 3379 1212 humanam
3396 1172 3523 1212 esse
3545 1172 3741 1227 peom-

2217 1233 2482 1286 minosam
2508 1233 2597 1297 qui
2621 1233 2804 1296 velint,
2826 1233 2965 1300 disp.
2994 1239 3073 1296 17,
3102 1243 3231 1288 εεει.
3257 1240 3302 1298 3,
3334 1249 3387 1288 ιι.
3421 1241 3468 1288 1.

2218 1309 2554 1361 Contrarium
2576 1310 2799 1362 omnino
2822 1319 3025 1362 certum
3048 1318 3153 1362 tam
3178 1311 3245 1364 de
3269 1311 3741 1380 cognoscentibus

2218 1384 2519 1449 aliqualiter
2560 1387 2725 1438 ileum
2760 1397 2923 1451 quam
2964 1385 3033 1439 de
3068 1385 3293 1440 omnino
3328 1387 3739 1456 ignorantibus,
3793 1393 3801 1400 ·

2219 1462 2323 1514 late
2344 1474 2375 1514 a
2402 1477 2458 1514 n.
2484 1466 2532 1514 2.

2157 1544 2204 1592 8.
2242 1539 2489 1592 infideles
2506 1552 2574 1591 an
2594 1538 2884 1604 aliquando
2908 1537 3301 1604 inculpabiliter
3314 1537 3567 1608 ignorent
3586 1551 3741 1604 mys-

2222 1615 2353 1668 teria
2378 1613 2521 1676 fidei,
2548 1616 2671 1666 vide
2704 1628 3021 1672 turinum-its.
3044 1627 3076 1665 a
3096 1627 3147 1664 ιι.
3172 1617 3251 1664 22.

2162 1694 2207 1743 4.
2246 1691 2492 1744 infideles
2530 1704 2689 1756 quam
2715 1690 2974 1743 adbibere
3012 1689 3243 1742 debeant
3280 1687 3623 1756 diligentiam
3668 1688 3740 1740 ad

2214 1781 2397 1821 veram
2420 1767 2578 1819 fidem
2596 1765 3050 1830 consequendam,
3070 1763 3209 1829 disp.
3229 1767 3307 1824 17,
3331 1772 3461 1817 sert.
3492 1769 3539 1824 1.
3564 1778 3623 1816 ιι.
3655 1770 3735 1818 1ο.

2156 1851 2202 1898 ll.
2238 1846 2380 1896 inter
2408 1841 2651 1894 infideles
2680 1855 2711 1894 a
2734 1842 3003 1905 baptismo
3024 1840 3305 1900 enutritus,
3339 1853 3533 1892 errans
3554 1841 3737 1892 invin-

2216 1919 2447 1972 cibiliter
2466 1923 2651 1972 contra
2674 1917 2855 1978 fidem,
2888 1915 3131 1969 habitum
3158 1927 3269 1968 non
3304 1915 3570 1980 deperdit,
3598 1923 3735 1970 sect.

2218 1999 2267 2055 2,
2292 2007 2347 2044 n.
2372 1997 2419 2044 8.

2155 2075 2203 2124 8.
2238 2067 2537 2121 infidelium
2579 2067 2818 2119 vestibus
2864 2065 2939 2119 uti
2982 2079 3051 2119 an
3094 2065 3249 2119 liceat
3293 2065 3628 2126 Christiano,
3670 2065 3739 2118 ad

2218 2145 2377 2198 fidem
2411 2143 2804 2206 occultandum,
2826 2141 2951 2194 vide
2970 2157 3148 2194 vesi-ts.

2154 2227 2204 2274 7.
2240 2220 2487 2273 infideles
2516 2217 2716 2270 subditi
2749 2223 2972 2283 possunt
3002 2217 3206 2271 directe
3239 2218 3356 2282 cogi
3394 2229 3425 2270 a
3464 2219 3742 2284 principi-

2220 2298 2319 2349 bus
2344 2295 2655 2348 Christianis
2673 2299 2742 2346 ad
2766 2294 2888 2346 tidei
2914 2293 3353 2358 praedicationem
3378 2293 3734 2356 audiendam,

2224 2373 2362 2436 disp.
2388 2375 2467 2432 18,
2494 2377 2623 2423 εεει.
2647 2375 2697 2430 2,
2734 2381 2789 2422 n.
2820 2374 2869 2421 8.

2221 2445 2385 2510 idque
2408 2457 2517 2498 non
2548 2445 2713 2498 semei
2744 2451 2967 2504 tantum,
2994 2457 3050 2497 ιι.
3075 2450 3120 2496 5.

2160 2527 2211 2574 8.
2247 2520 2495 2574 infideles
2519 2533 2627 2572 non
2654 2519 2855 2572 subditi
2886 2519 3035 2572 nulio
3058 2519 3218 2573 modo
3256 2525 3483 2586 possunt
3522 2522 3645 2590 cogi
3676 2529 3733 2575 ut

2224 2596 2383 2649 fidem
2410 2594 2645 2652 audiant.
2672 2609 2727 2648 ιι.
2754 2599 2803 2647 8.

2220 2672 2355 2735 Quid
2385 2673 2427 2724 si
2459 2683 2567 2730 rex,
2598 2677 2689 2723 aut
2710 2670 2983 2736 principes
3015 2668 3259 2722 infideles
3293 2669 3733 2736 praedicationem

2219 2747 2537 2812 impediant,
2565 2746 2717 2809 ibid„
2738 2759 2793 2798 n.
2820 2751 2865 2796 8.

2156 2830 2203 2876 9.
2241 2823 2487 2875 infideles
2510 2835 2617 2874 non
2641 2820 2885 2875 subditos
2902 2833 3093 2888 cogere
3107 2820 3173 2873 ad
3195 2819 3319 2874 fidei
3339 2823 3730 2887 receptionem,

2218 2899 2378 2953 etiam
2411 2905 2690 2964 postquam
2714 2903 2795 2950 εει
2841 2897 3165 2950 sufficienter
3204 2897 3499 2964 proposita,
3534 2896 3731 2950 intrin-

2219 2989 2342 3030 sece
2364 2977 2577 3038 malum,
2602 2975 2740 3040 disp.
2764 2978 2843 3036 18,
2866 2979 2996 3026 εεει.
3027 2979 3074 3028 a.
3098 2987 3151 3025 n.
3177 2980 3220 3024 5.

2222 3054 2335 3106 imo
2382 3057 2435 3104 et
2484 3050 2669 3104 fideles
2711 3049 2954 3103 subditos
3000 3049 3276 3102 coactione
3317 3047 3541 3111 directa,
3575 3047 3726 3113 ibid„

2223 3142 2276 3180 n.
2310 3131 2355 3180 7.

2160 3208 2238 3255 1ο.
2276 3201 2523 3255 infideles
2547 3201 2747 3256 subditi
2769 3205 2995 3266 possunt
3023 3199 3141 3265 cogi
3171 3199 3433 3253 indirecte
3456 3199 3527 3251 ad
3552 3199 3729 3252 susci-

2224 3279 2473 3347 piendam
2500 3279 2659 3331 fidem
2688 3277 3010 3331 sufficienter
3032 3277 3386 3342 propositam,
3412 3290 3465 3330 n.
3493 3282 3543 3329 8.

2223 3354 2422 3417 Quibus
2452 3353 2867 3407 circumstantiis
2906 3352 3023 3405 haec
3068 3351 3273 3406 coactio
3314 3351 3578 3405 indirecta
3612 3353 3732 3405 fieri

2226 3433 2433 3494 debeat,
2457 3447 2510 3484 n.
2533 3439 2561 3484 9
2582 3439 2636 3484 ει
2656 3437 2736 3483 10.

2162 3514 2241 3562 11.
2278 3509 2527 3563 lnfideles
2576 3521 2683 3561 non
2728 3507 2927 3561 subditi
2984 3519 3157 3571 neque
3196 3505 3455 3558 indirecte
3504 3512 3733 3572 possunt

2226 3583 2475 3650 compelli
2516 3583 2586 3636 ad
2627 3581 2788 3636 ii‘dem
2841 3593 2935 3647 per
2978 3581 3329 3634 inflictionem
3372 3581 3725 3646 gravaminis;

2226 3659 2365 3712 bene
2394 3665 2571 3712 tamen
2617 3671 2714 3724 per
2750 3655 3102 3724 privationem
3142 3655 3605 3717 commoditatum,
3644 3663 3733 3708 aut

2226 3735 2468 3788 beneficii
2504 3733 2737 3801 gratuiti,
2768 3747 2820 3784 n.
2856 3735 2935 3784 11.

525 3818 602 3865 18.
639 3811 928 3864 infidelitas
953 3809 1240 3862 habitualis
1261 3807 1552 3874 aliquande
1573 3813 1654 3860 est
1683 3807 1738 3859 in
1757 3804 2084 3858 solavolun-
2166 3815 2244 3862 12,
2280 3809 2525 3862 lnfidetae
2566 3821 2675 3862 non
2726 3807 2924 3861 subditi
2983 3819 3093 3859 non
3144 3813 3369 3872 possunt
3414 3819 3513 3872 per
3550 3819 3611 3858 se
3652 3807 3734 3860 to-

586 3893 694 3939 tate
721 3897 842 3938 cum
871 3883 1082 3944 actuali,
1107 3883 1220 3938 imo
1248 3891 1302 3936 et
1321 3882 1576 3936 habituali
1592 3881 1698 3934 fide
1715 3882 1772 3932 iu
1787 3879 2085 3945 intellectu,

587 3961 725 4027 disp.
759 3966 842 4022 18,
867 3970 998 4014 sect.
1024 3964 1072 4022 tl,
1099 3973 1154 4011 ιι.
1178 3963 1224 4010 8·

526 4043 604 4093 18.
641 4037 928 4106 infidelitas
957 4037 1200 4104 apposite
1231 4037 1284 4090 in
1316 4037 1662 4102 judaismum,
1693 4033 2082 4101 paganismum,

2227 3887 2445 3952 quendo
2473 3886 2590 3952 cogi
2617 3884 2687 3937 ad
2724 3883 3057 3936 deserendos
3096 3895 3306 3936 errores
3340 3883 3500 3934 etiam
3540 3883 3729 3936 rationi

2229 3961 2454 4014 naturali
2476 3959 2795 4023 contrarios,
2822 3959 2963 4024 disp.
2992 3961 3071 4021 18,
3094 3964 3224 4010 εεει.
3249 3961 3295 4021 1,
3320 3971 3374 4010 ιι.
3400 3963 3448 4009 3.

2230 4040 2459 4092 Possunt
2478 4043 2657 4090 autem
2680 4049 2776 4102 per
2794 4035 3064 4098 accidens,
3089 4049 3145 4086 n.
3172 4038 3217 4086 4.

588 4121 640 4168 ει
667 4113 913 4168 baeresim
938 4112 1181 4180 partitur,
1211 4119 1363 4166 tract.
1407 4117 1454 4176 1,
1497 4110 1636 4178 disp.
1680 4115 1760 4174 18,
1805 4116 1936 4164 εεει.
1978 4113 2023 4173 1,
2054 4122 2088 4162 a
2170 4120 2247 4167 13.
2285 4113 2534 4166 infideles
2573 4109 2773 4164 subditi
2816 4117 3043 4177 possunt
3078 4123 3108 4162 a
3148 4109 3439 4162 christiano
3485 4109 3731 4176 principe

589 4201 642 4240 n.
676 4192 724 4242 8.

528 4269 606 4317 1⁷.
642 4265 788 4317 Dicta
811 4262 1136 4316 infidelitatis
1153 4260 1346 4316 divisio
1375 4272 1485 4314 non
1508 4267 1591 4314 est
1619 4259 1846 4328 rigorosi
1871 4258 2085 4326 generis

591 4340 648 4392 in
669 4339 877 4404 species
907 4335 1262 4394 essentialiter
1287 4337 1584 4396 distinctas,
1609 4349 1662 4388 n.
1692 4341 1722 4388 8
1746 4343 1800 4389 et
1822 4340 1871 4396 ⁹,
1899 4341 1986 4388 est
2002 4341 2085 4388 ta-

593 4428 714 4468 men
738 4414 1010 4468 sufficiens
1027 4421 1080 4467 et
1099 4413 1392 4480 adaequata.
1428 4425 1461 4465 a
1493 4426 1547 4465 n.
1583 4417 1631 4463 8.

2230 4189 2347 4257 cogi
2373 4187 2441 4242 ad
2461 4187 2619 4241 unius
2643 4187 2757 4241 veri
2798 4186 2888 4240 Dei
2913 4187 3115 4241 cultum
3160 4185 3535 4250 profitendum,
3582 4186 3689 4238 ibid
3714 4225 3726 4248 ,

2232 4270 2421 4395 ῗιιιέἐι
2440 4353 2471 4394 a
2491 4352 2617 4407 rege
2641 4338 2799 4394 etiam
2835 4339 3050 4392 ethnico
3080 4339 3127 4391 si
3156 4338 3202 4391 is
3224 4339 3385 4392 unius
3420 4337 3508 4390 Dei
3544 4335 3729 4406 cogni-

2233 4417 2434 4471 tionem
2456 4415 2668 4476 habeat,
2696 4429 2751 4468 n.
2777 4419 2824 4467 8.

530 4494 610 4542 18.
643 4490 912 4543 Praedicloe
934 4489 1272 4542 infidelitates
1291 4501 1361 4542 an
1385 4500 1576 4542 omues
1609 4486 1770 4540 simul
1809 4486 1864 4539 in
1893 4485 2084 4538 eodem
2146 4478 2253 4546 ’11.
2288 4491 2534 4546 infideles
2556 4492 2623 4544 ad
2646 4490 2806 4543 unius
2836 4491 2921 4543 Dei
2958 4489 3155 4542 cultum
3182 4489 3524 4556 compellere,
3562 4495 3729 4556 potoe·

593 4566 812 4618 homine
834 4566 1056 4631 reperiri
1079 4565 1305 4631 possint,
1337 4577 1391 4616 n.
1433 4567 1512 4615 18.

530 4645 610 4695 19.
645 4642 896 4704 Quaenam
945 4654 1009 4695 ex
1058 4640 1217 4694 dictis
1265 4637 1670 4692 infidelitatibus
1725 4639 1796 4690 sit
1843 4637 2087 4704 gravior,

592 4731 648 4770 n.
687 4721 762 4771 1⁴.

530 4797 610 4846 20.
649 4791 976 4845 infidelitatis
1001 4791 1226 4858 species,
1253 4789 1502 4858 quamvis
1531 4791 1585 4844 in
1616 4790 1792 4857 rigore
1821 4795 1955 4842 nont
1985 4788 2095 4840 sint

595 4869 840 4930 diversae,
869 4875 997 4922 sunt
1015 4879 1194 4922 tamen
1216 4867 1520 4935 aperiendae
1559 4867 1612 4919 in
1636 4865 1994 4926 consessione,
2020 4863 2090 4916 ib.

533 4947 613 4995 11.
650 4943 980 4998 infidelitatis
1004 4945 1212 5010 species
1243 4956 1311 4997 an
1337 4943 1405 4998 sit
1431 4943 1718 5010 apostasia,
1743 4941 1869 4996 vide
1889 4954 2093 4994 nosu-

595 5035 690 5082 ΒΙΔ,
719 5032 752 5073 8
781 5033 834 5073 n.
871 5027 919 5073 ὅ.

533 5099 614 5149 22.
653 5095 1016 5149 infidelitatem
1045 5096 1342 5162 negativam
1369 5093 1744 5160 inculpabilem
1781 5093 1982 5146 habent
2001 5092 2092 5157 qui

597 5171 668 5224 de
699 5171 803 5224 fide
831 5171 962 5225 nibil
993 5172 1295 5235 audierunt,
1333 5177 1484 5224 tract.
1525 5174 1572 5233 1,
1609 5169 1748 5236 disp.
1771 5172 1851 5230 17,
1883 5175 2011 5220 sect.
2044 5172 2091 5230 1,

599 5323 714 5376 imo
734 5328 786 5375 et
807 5322 1094 5387 aliquando
1117 5321 1150 5374 ii
1171 5323 1262 5387 qui
1285 5321 1408 5375 iicet
1433 5318 1632 5386 aliquid
1662 5318 1964 5382 audierunt,
1984 5330 2093 5371 non

601 5405 776 5450 tamen
807 5398 1146 5460 sufficienter,
1171 5409 1204 5450 a
1229 5411 1282 5449 n.
1308 5402 1356 5450 8.

537 5478 617 5528 28.
656 5475 944 5528 infidelitas
961 5483 1018 5528 ut
1041 5477 1199 5542 culpa
1219 5480 1398 5528 careat
1416 5481 1613 5542 quiante
1637 5471 1947 5526 adhibenda
1976 5469 2094 5523 dili-

599 5551 793 5618 gentia,
811 5564 866 5604 n.
890 5556 968 5603 w.

2234 4569 2359 4620 tatis
2378 4575 2457 4620 est
2482 4567 2709 4633 publicae
2731 4578 2839 4619 non
2877 4566 3111 4630 privatae,
3135 4565 3253 4618 eod.
3292 4579 3346 4617 n.
3382 4569 3430 4616 8.

2171 4649 2249 4698 18.
2287 4643 2535 4696 infideles
2550 4641 2748 4696 subditi
2766 4641 3121 4708 compellendi
3144 4649 3263 4695 sunt
3283 4655 3378 4708 pet·
3389 4654 3448 4694 se
3465 4638 3727 4706 loquendo

2234 4718 2302 4772 ad
2330 4717 2649 4772 deferendos
2670 4729 2881 4770 errores
2909 4716 3207 4770 contrarios
3252 4717 3447 4771 rationi
3484 4716 3723 4776 naturali,

2237 4809 2291 4847 n.
2314 4799 2363 4845 9.

2238 4869 2354 4922 Non
2382 4873 2557 4920 autem
2580 4867 2879 4920 contrarios
2901 4867 3045 4930 fidei,
3078 4879 3131 4920 n.
3164 4872 3242 4920 10.

2174 4950 2251 4996 16.
2288 4942 2539 4996 infideles
2584 4943 2856 5010 principes
2898 4955 3009 4995 non
3052 4948 3278 5010 possunt
3314 4957 3412 5010 per
3448 4955 3509 4996 sc
3536 4941 3727 4995 directe

2236 5020 2305 5072 ab
2330 5017 2564 5072 Ecclesia
2600 5018 2791 5080 privari
2838 5017 3207 5083 jurisdictione
3235 5020 3291 5072 in
3328 5017 3573 5072 subditos
3600 5018 3728 5070 tide-

2238 5095 2333 5154 ies,
2369 5093 2507 5159 disp.
2539 5097 2624 5155 18,
2650 5101 2778 5146 sect.
2806 5097 2864 5156 tl,
2892 5106 2923 5145 a
2943 5107 2995 5145 n.
3020 5098 3069 5146 8.

2238 5171 2469 5223 Possunt
2500 5177 2677 5222 tamen
2706 5168 2977 5231 indirecte,
3006 5182 3059 5220 ιι.
3082 5173 3130 5220 ti.

2239 5244 2403 5310 idque
2450 5243 2608 5297 etiam
2650 5245 2721 5297 ob
2760 5245 2933 5297 solum
2980 5243 3181 5297 morale
3226 5244 3522 5310 periculum
3566 5257 3727 5297 nocu-

2236 5321 2421 5383 menti,
2448 5327 2540 5373 aut
2564 5320 2769 5385 injuriae
2797 5320 3103 5383 inferendae,
3140 5333 3194 5373 n.
3229 5326 3275 5373 8.

2235 5397 2355 5448 Ηιεε
2411 5401 2645 5460 potestas
2702 5393 3007 5459 deponendi
3040 5437 3050 5454 ,
3106 5395 3378 5461 quomodo
3432 5393 3629 5449 residat
3678 5397 3723 5447 in

2238 5471 2508 5524 pontifice.
2540 5477 2629 5522 aut
2660 5483 2783 5534 rege
2810 5471 3126 5534 christiano,
3163 5483 3213 5522 n.
3246 5477 3293 5522 9.

2172 5549 2253 5600 1‘1.
2288 5545 2535 5599 infideles
2560 5544 2765 5598 domini
2804 5545 2938 5599 alias
2977 5559 3085 5600 non
3120 5545 3317 5598 subditi
3350 5543 3600 5599 Ecclesiae
3624 5557 3725 5598 non
