3900 6217
605 463 726 528 356

603 571 844 650 gratiae,
875 566 974 629 vcl
1003 583 1128 627 non
1175 565 1442 646 probant
1479 565 1680 646 quoad
1726 565 1991 626 salutem
2041 565 2171 643 glo—

605 665 736 726 rim.
769 661 1044 739 Denique
1075 660 1275 721 simile
1311 665 1754 738 argumentum
1798 660 2069 720 sumitur
2094 677 2172 720 cx

603 755 726 817 alio
747 755 1072 834 principio,
1111 772 1234 832 quo
1261 753 1349 812 illi
1379 759 1660 812 auctores
1691 759 1977 828 utuntur,
2008 753 2171 832 quod

606 853 782 913 extra
819 847 1158 911 Eco'esiam
1185 863 1301 906 non
1329 849 1420 908 est
1457 845 1630 909 salus
1655 872 1679 908 .·
1701 863 1848 906 nam
1885 846 2039 906 illud
2080 853 2172 906 est

603 961 821 1004 verum
860 943 1046 1002 etiam
1075 941 1152 1002 de
1195 940 1392 1001 salute
1435 939 1672 1017 gratiae,
1705 945 1766 999 et
1811 940 2170 1000 remissione

607 1042 1021 1114 peccatorum,
1053 1041 1124 1094 ut
1147 1037 1355 1113 aperte
1397 1032 1576 1093 docet
1615 1031 1965 1092 Bonifacius
2013 1033 2165 1105 vm,

607 1129 674 1189 in
725 1128 888 1188 dicta
929 1129 1384 1204 Extravagante
1433 1126 1632 1188 Unam
1679 1131 1995 1198 sanclam,·
2024 1143 2171 1203 ergo

607 1241 732 1282 nou
761 1221 1100 1301 loquuntur
1131 1218 1222 1279 illi
1252 1225 1530 1279 auctores
1555 1225 2025 1297 consequenter,
2056 1235 2167 1278 nec

609 1335 685 1376 vx
714 1317 773 1375 vi
803 1313 1252 1375 auctoritatatis
1297 1314 1496 1391 major
1541 1313 1870 1372 necessitas
1917 1311 2061 1372 fidei
2088 1309 2168 1370 ad

608 1410 895 1488 gloriam,
927 1423 1114 1487 quam
1145 1403 1224 1465 ad
1257 1405 1522 1484 gratiam
1555 1403 1921 1482 postulatur.
1995 1410 2005 1421 “

693 1503 789 1561 15.
839 1499 1122 1564 Secunda
1159 1499 1344 1560 ratio.
1379 1529 1462 1543 -
1485 1496 1770 1558 Secundo
1812 1496 2169 1575 principali-

611 1603 703 1655 tcr
733 1594 1030 1674 probatur
1054 1591 1331 1665 asserti0,
1373 1591 1519 1670 quia
1565 1591 1764 1668 gratia
1794 1590 1900 1650 dat
1941 1591 2044 1668 jus
2093 1589 2171 1649 ad

612 1688 872 1766 gloriam
890 1703 910 1765 3
942 1705 1090 1765 ergo
1119 1692 1256 1766 post
1279 1689 1700 1764 comparatam
1743 1683 2031 1760 gratiam,
2076 1683 2173 1742 ni-

611 1781 696 1843 hil
729 1781 896 1842 aliud
927 1798 1035 1860 per
1062 1797 1126 1840 se
1172 1783 1264 1842 est
1303 1777 1715 1838 necessarium
1767 1775 1846 1836 ad
1880 1776 2167 1854 gloriam,

613 1875 736 1936 nisi
761 1881 831 1934 ut
855 1875 1055 1953 gratia
1079 1873 1184 1934 illa
1215 1891 1343 1933 non
1392 1871 1736 1944 amittatur,
1769 1885 1877 1929 seu
1922 1875 1995 1928 ut
2021 1887 2172 1929 coi:-

613 1975 924 2045 servetur3
983 1971 1181 2042 potest
1227 1970 1461 2040 autem,
1519 1963 1628 2042 qui
1665 1961 2037 2042 ⁴iustificatus
2082 1967 2174 2022 est

613 2064 746 2123 sinc
783 2061 904 2122 tiele
932 2059 1241 2140 explicita,
1272 2075 1634 2119 conservare
1685 2056 1950 2135 gratiam
1982 2073 2173 2135 usque

611 2156 688 2216 ad
722 2161 1009 2230 mortem,
1031 2169 1170 2213 cum
1199 2151 1410 2213 eadem
1435 2149 1580 2226 fide,
1611 2155 1674 2210 et
1701 2149 1834 2210 sine
1867 2165 2029 2209 novo
2056 2166 2173 2208 au-

615 2255 870 2327 gmento
939 2248 1111 2326 ejus;
1175 2263 1322 2323 ergo
1390 2248 1802 2322 consequetur
1869 2242 2131 2320 gloriam
2154 2257 2175 2318 3

613 2361 742 2404 non
780 2347 874 2402 est
918 2358 1067 2418 ergo
1112 2339 1309 2418 major
1353 2338 1702 2399 necessitas.
1735 2335 2036 2396 Probatur
2063 2337 2177 2394 mi-

614 2454 751 2512 nor,
794 2436 1089 2496 nimitum
1113 2451 1288 2512 posse
1310 2447 1674 2492 conservare
1705 2430 1874 2490 illam
1909 2429 2175 2508 gratiam

616 2533 859 2606 (caetera
884 2530 1053 2588 enim
1092 2525 1258 2586 clara
1285 2525 1478 2600 sunt),
1526 2524 1730 2603 primo
1759 2521 1906 2601 quia
1950 2528 2043 2582 est
2072 2539 2177 2600 ge-

611 2622 840 2684 itcralis
869 2621 1082 2699 regula
1129 2619 1355 2678 tradita
1403 2636 1440 2677 a
1486 2615 1756 2677 Concilio
1791 2615 2174 2687 Tridentino,

613 2717 772 2799 quod
792 2719 995 2796 justus
1007 2719 1208 2794 potest
1225 2729 1467 2772 servare
1485 2711 1800 2783 mandata,
1817 2714 1880 2770 et
1897 2727 2176 2788 perseve-

608 2831 748 2876 rare
777 2813 839 2870 iu
875 2807 1134 2886 justitia,-
1169 2806 1218 2866 si
1245 2805 1430 2882 velit3
1457 2821 1602 2881 ergo
1631 2804 1794 2863 idem
1837 2802 2172 2863 dicentium

609 2912 703 2967 est
752 2905 828 2964 dc
877 2902 983 2962 illo
1012 2905 1196 2979 just0.
1251 2898 1555 2972 Secunde,
1607 2896 1753 2977 quia
1795 2895 1930 2957 fieri
1975 2902 2175 2975 potest

608 3006 682 3058 ut
733 3002 867 3078 post
901 2991 1401 3073 justificationem
1424 2991 1564 3051 talis
1595 2990 1888 3066 liominiS,
1927 2996 2175 3068 tempus

609 3109 802 3170 usque
832 3089 909 3148 ad
929 3093 1188 3148 mortem
1210 3085 1289 3145 sit
1315 3083 1747 3144 brevissimum
1762 3106 1780 3158 3
1812 3083 1909 3144 vel
1933 3085 2078 3162 quia
2106 3083 2173 3143 iu

609 3183 949 3266 periculosa
979 3179 1348 3258 aegritudine
1363 3177 1734 3257 justificatus
1757 3183 1874 3251 est,
1897 3175 1997 3237 vel
2026 3176 2173 3255 quia

609 3277 815 3337 statim
849 3280 985 3353 post
1005 3270 1511 3351 justificationem
1547 3269 1802 3331 fortuito
1831 3287 1979 3330 casu
2007 3266 2175 3328 subi-

607 3376 674 3430 to
721 3385 886 3429 mors
933 3368 992 3428 ci
1033 3365 1296 3440 accidit,
1347 3364 1446 3423 vel
1497 3366 1646 3444 quia
1693 3365 1759 3423 in
1813 3369 2173 3442 perpetuam

607 3462 946 3523 amentiam
970 3458 1218 3520 incidit:
1253 3459 1360 3538 qui
1394 3475 1608 3518 omnes
1631 3475 1805 3517 casus
1825 3456 2002 3516 valde
2030 3473 2174 3515 con-

609 3557 923 3636 tingentes
946 3561 1128 3631 sunt3
1159 3571 1307 3631 ergo
1337 3555 1403 3613 in
1439 3553 1562 3612 illis
1604 3550 1782 3612 facile
1811 3552 2037 3612 durare
2066 3569 2172 3630 po-

615 3658 735 3711 test
755 3649 956 3728 gratia
975 3667 1169 3727 usque
1198 3647 1274 3707 ad
1299 3653 1559 3706 mortem
1580 3664 1722 3706 cum
1741 3645 1868 3706 sola
1887 3645 1993 3705 illa
2021 3645 2163 3706 fide.

694 3747 791 3805 16.
836 3741 1219 3822 Respondent
1257 3737 1613 3802 adversarii.
1649 3773 1726 3785 -—
1760 3739 2165 3813 Refelluntur.

628 3871 690 3885 —
723 3837 1154 3912 Consti-matur.
1192 3867 1275 3882 —
1303 3833 1695 3914 Respondent
1723 3834 1912 3893 Deum
1941 3849 2014 3893 ex
2034 3831 2169 3908 lege

611 3950 724 3993 sua
767 3949 890 4010 non
945 3931 1391 4008 permissurum
1424 3935 1490 3987 ut
1521 3927 1582 3987 id
1613 3926 1880 4001 eveniat,
1924 3943 2003 3986 ne
2028 3943 2171 3985 con-

607 4027 812 4103 tingat
837 4022 1149 4083 hominem
1174 4022 1349 4081 illum
1381 4019 1602 4080 salvari
1623 4021 1757 4081 sine
1778 4017 1899 4080 fide
1919 4018 2169 4098 explici-

609 4126 693 4178 ta.
737 4117 854 4178 Sed
883 4115 1152 4195 profecto
1172 4114 1302 4174 haec
1332 4120 1418 4175 est
1447 4111 1728 4193 quaedam
1757 4113 1974 4192 petitio
2002 4112 2169 4192 prin-

607 4213 746 4292 cipii
760 4257 776 4286 ,
799 4217 860 4271 ct
873 4211 1004 4270 sine
1019 4207 1423 4268 fundamento
1441 4207 1536 4268 vel
1562 4206 1968 4287 promissione
1987 4205 2167 4283 fingi-

605 4314 710 4366 tur
757 4301 1123 4364 miraculosa
1159 4300 1254 4360 vel
1294 4301 1470 4361 valde
1514 4299 2000 4360 extraordinaria
2030 4317 2164 4376 pro·

607 4399 902 4459 videntia.
939 4397 1014 4455 Et
1051 4395 1455 4455 confirmatur
1497 4395 1771 4452 maxime
1811 4391 1946 4452 haec
1984 4391 2161 4465 rati0,

606 4497 752 4572 quia
799 4495 864 4550 in
897 4490 1210 4566 Scriptura
1257 4487 1454 4565 magis
1493 4503 1779 4566 expresse
1808 4485 2036 4545 dicitur
2062 4503 2167 4543 ne-

607 4585 904 4646 cessarius
958 4582 1298 4660 baptismus
1361 4580 1439 4639 ad
1504 4580 1852 4658 ingressum
1907 4576 2117 4654 gloriae
2142 4621 2161 4650 ,

607 4699 792 4758 quam
831 4677 981 4736 fides
1027 4675 1252 4735 Christi
1305 4673 1616 4752 explicita,
1673 4672 1852 4733 Joan.
1886 4673 1961 4732 3:
2015 4669 2167 4732 Nisi

605 4773 742 4853 quis
775 4775 1025 4832 renatus
1041 4767 1228 4846 fuerit
1257 4785 1330 4828 eso
1353 4783 1530 4846 aqua,
1564 4772 1709 4841 etc„
1751 4771 1813 4824 et
1852 4763 2165 4823 nihilomi-

606 4883 746 4939 nus,
793 4863 936 4943 quia
966 4866 1164 4940 potest
1191 4859 1378 4920 homo
1406 4857 1729 4937 justificari
1772 4857 1903 4916 sine
1936 4855 2164 4934 baptis-

606 4957 798 5017 moin
847 4973 935 5029 re,
972 4963 1032 5013 et
1060 4961 1311 5031 possunt
1350 4951 1528 5011 multi
1559 4969 1730 5012 casus
1759 4948 2054 5024 accidere,
2096 4949 2164 5009 in

606 5049 828 5130 quibus
876 5048 1062 5107 homo
1086 5045 1172 5105 sic
1209 5043 1574 5124 justificatus
1607 5061 1733 5102 non
1779 5041 1969 5120 possit
1996 5042 2060 5100 in
2097 5059 2161 5102 re

602 5145 734 5221 ipsa
785 5139 1106 5219 baptizari,
1154 5137 1560 5198 certissimum
1607 5143 1720 5210 est,
1751 5151 1922 5214 posse
1956 5134 2159 5193 homi-

603 5255 747 5296 nem
774 5232 1106 5312 aliquando
1129 5231 1417 5309 consequi
1439 5229 1724 5289 ultimam
1747 5230 2007 5289 salutem
2028 5228 2161 5287 sine

603 5330 911 5406 baptismo
943 5327 1004 5387 iu
1031 5344 1118 5385 re.
1146 5327 1349 5404 Neque
1375 5330 1570 5404 potest
1595 5324 1820 5402 aliquis
1848 5340 1988 5383 cum
2022 5339 2163 5401 pro-

601 5423 920 5484 habitante
951 5419 1176 5492 ‹licei-e,
1223 5417 1416 5477 licum
1462 5437 1584 5477 uon
1617 5418 2059 5495 permissurum
2090 5421 2161 5475 ut

602 5517 740 5575 talis
795 5517 980 5575 imino
1039 5516 1169 5571 sinc
1221 5511 1527 5591 baptismo
1582 5513 1647 5571 in
1697 5531 1762 5570 rc
1819 5509 2155 5580 moriatur,

597 5611 834 5672 etiausi
875 5607 1066 5690 possit
1111 5625 1220 5690 per
1267 5607 1690 5668 miraculosam
1734 5611 1794 5665 ct
1821 5603 2158 5666 extraordi-

1019 467 1258 522 DlSPU'l'.
1293 468 1401 522 xn.
1435 469 1518 521 DE
1545 467 1965 522 NEOESSJTATE
1996 467 2159 520 rim-:1
2191 465 2519 531 QUATENUS
2550 463 2667 517 EST
2697 463 2938 517 IOEDIUH
2970 463 3054 516 An
3086 463 3384 518 SALUTEM.

2251 565 2493 626 nariam
2510 563 2967 644 providentiam
2996 563 3173 623 illum
3208 563 3416 625 invita
3436 583 3749 633 conservare

2252 659 2447 719 donec
2480 658 2863 738 baptizetur3
2912 663 3004 718 est
3040 657 3207 718 enim
3235 657 3350 718 hoc
3386 664 3582 720 eontra
3612 681 3749 726 com·

2252 769 2507 814 munem
2538 769 2784 812 sensum
2810 750 3121 821 Ecclesiae,
3163 759 3221 812 et
3250 757 3457 812 contra
3481 756 3750 832 experien-

2250 846 2403 905 tiam
2419 860 2438 921 ;
2490 845 2641 904 alias
2664 863 2879 906 omnes
2910 844 3337 905 catechumeni
3366 845 3467 924 qni
3514 850 3750 909 moriun-

2250 945 2353 999 tur
2400 944 2543 1000 ante
2590 938 2963 1017 baptismum
3000 937 3066 998 in
3117 955 3185 998 re
3239 945 3602 1016 susceptum,
3650 961 3751 1003 non

2251 1037 2773 1112 consequerentur
2792 1032 3077 1110 gloriam,
3102 1030 3264 1110 quod
3292 1037 3447 1091 esset
3472 1049 3750 1097 erroneum

2252 1127 2489 1201 dicerc3
2544 1143 2692 1204 ergo
2738 1124 2956 1186 eodem
3004 1125 3187 1186 modo
3244 1123 3747 1205 philosophandum

2250 1226 2343 1281 est
2392 1220 2469 1280 de
2515 1219 2637 1281 fide
2664 1218 2973 1298 explicita,
3018 1219 3358 1299 praesertim
3404 1224 3751 1299 supponendo

2250 1313 2409 1394 quod
2452 1331 2580 1374 non
2624 1313 2702 1372 sit
2730 1313 2795 1373 in
2822 1329 2891 1372 re
2934 1313 3279 1373 necessaria
3308 1313 3385 1373 ad
3423 1313 3755 1391 justificatio-

2250 1424 2418 1467 nem.
2468 1405 2767 1468 Probatur
2814 1405 3275 1485 consequentia,
3306 1406 3445 1484 quia
3484 1405 3755 1468 licetintc-

2249 1501 2381 1561 rior
2426 1499 2579 1560 fides
2618 1499 2904 1579 explicita
2926 1500 3151 1560 Christi
3175 1506 3240 1559 et
3271 1499 3594 1578 baptismus
3614 1501 3755 1561 diffe-

2252 1598 2416 1669 rant,
2448 1594 2605 1654 sicut
2632 1599 2801 1654 actus
2847 1593 3110 1653 interior
3149 1597 3213 1653 et
3236 1591 3534 1666 exterior,
3575 1593 3756 1654 nihilo-

2252 1689 2458 1749 minus
2486 1689 2618 1749 haec
2658 1687 3011 1748 differentia
3032 1686 3097 1746 in
3128 1685 3345 1746 ordine
3373 1685 3451 1745 ad
3476 1691 3757 1747 necessita-

2250 1787 2379 1842 tem
2410 1781 2742 1843 materialis
2760 1787 2873 1856 est,
2904 1799 3050 1840 nam
3072 1779 3421 1840 formaliter
3438 1785 3671 1859 utraque
3688 1789 3757 1841 est

2250 1876 2578 1936 necessitas
2600 1875 2867 1955 positiva
2893 1878 2985 1951 (ut
3006 1875 3093 1935 sic
3121 1874 3375 1948 dicam,)
3404 1891 3506 1937 seu
3526 1893 3592 1935 ex
3620 1876 3759 1936 insti-

2252 1970 2521 2044 tutione,
2552 1975 2613 2030 et
2638 1986 2767 2029 non
2790 1987 2867 2029 cx
2892 1968 3231 2028 intrinseca
3252 1967 3485 2030 ratione
3507 1965 3758 2045 justifica·

2252 2063 2461 2138 tioniS,
2494 2069 2555 2122 et
2592 2061 2866 2141 alioquin
2895 2060 3127 2121 eisdem
3178 2060 3386 2122 verbis
3404 2061 3469 2120 in
3496 2061 3759 2140 Scriptura

2258 2155 2627 2236 exprimitur
2638 2177 2656 2230 3
2704 2173 2852 2233 ergo
2894 2153 2974 2216 ab
2999 2173 3125 2215 una
3152 2155 3234 2214 ad
3264 2151 3513 2216 alteram
3558 2156 3758 2234 opinio-

2257 2266 2402 2309 nem
2452 2247 2522 2308 fit
2558 2253 3018 2325 argumentum.
3080 2247 3257 2322 Quod
3288 2247 3532 2308 tandem
3580 2248 3758 2308 coufir-

2256 2341 2416 2402 mari
2439 2347 2637 2419 potest
2664 2341 3095 2402 constituendo
3130 2346 3423 2400 eventum
3450 2341 3512 2399 in
3534 2359 3660 2418 quc,
3682 2359 3757 2400 ca·

2256 2434 2664 2495 techumcnus
2694 2435 3032 2494 instructus
3060 2435 3125 2494 iu
3148 2433 3273 2494 fide
3308 2433 3413 2493 Dei
3439 2441 3496 2494 et
3526 2434 3755 2494 Ecclesia

2256 2530 2322 2587 in
2370 2528 2727 2601 communi,
2764 2534 2827 2588 et
2872 2528 3153 2587 nondum
3199 2526 3435 2587 habens
3466 2543 3759 2604 expressam

2256 2621 2541 2682 notitiam
2571 2620 2815 2696 Christi,
2854 2621 3083 2681 incidat
3120 2621 3188 2681 in
3224 2619 3439 2681 mortis
3476 2619 3759 2698 periculum

2258 2733 2403 2776 cum
2433 2713 2877 2793 impedimento
2894 2731 3043 2774 usus
3058 2714 3319 2774 rationis
3338 2735 3355 2787 ;
3378 2729 3517 2772 nam
3540 2711 3630 2771 illc
3648 2719 3760 2770 tunc

2254 2814 2451 2888 potest
2478 2815 2541 2867 et
2578 2805 2759 2867 debet
2803 2807 3125 2886 baptirari,
3156 2813 3219 2867 ct
3254 2806 3578 2885 baptizatus
3606 2811 3759 2883 potest

2254 2905 2463 2962 statim
2494 2900 2650 2960 mori
2668 2922 2685 2975 ;
2730 2918 2880 2978 ergo
2908 2901 3229 2980 perveniet
3261 2900 3472 2960 statim
3520 2899 3587 2957 ad
3612 2897 3758 2956 beati·

2255 2994 2560 3068 tudinem,
2620 2993 2861 3053 etiamsi
2924 2994 2991 3053 in
3058 2993 3161 3052 via
3210 2991 3557 3071 explicitam
3610 2990 3756 3050 fidem

2256 3086 2481 3148 Christi
2529 3105 2655 3147 non
2698 3087 2883 3147 fuerit
2938 3091 3329 3147 consecutus.
3377 3083 3759 3162 Consequentia

2254 3181 2418 3241 clara
2438 3185 2551 3257 est,
2580 3181 2724 3262 quia
2751 3180 3094 3259 baptismus
3109 3179 3393 3239 ‚remittit
3412 3195 3641 3238 omnem
3664 3177 3754 3236 cul·

2254 3291 2397 3353 pam
2446 3281 2509 3334 et
2555 3289 2832 3352 poenam,
2886 3279 2948 3334 et
2976 3274 3063 3333 ita
3088 3274 3291 3352 aperit
3328 3273 3576 3350 januam
3620 3269 3755 3345 regui

2254 3367 2545 3427 coelorum
2584 3368 2717 3429 sine
2752 3366 2881 3426 ullo
2924 3365 3395 3445 impedimento.
3436 3361 3755 3424 Antecedens

2252 3477 2399 3521 vero
2429 3461 2822 3521 manifestum
2850 3458 3119 3533 videtur,
3170 3459 3323 3538 quia
3351 3473 3519 3518 casus
3556 3471 3661 3514 nou
3684 3471 3754 3512 so·

2252 3553 2383 3613 lum
2414 3553 2809 3632 speculative,
2842 3549 2948 3612 sed
2980 3552 3169 3611 etiam
3196 3551 3465 3629 practice
3490 3555 3573 3609 est
3610 3545 3756 3625 possi·

2250 3643 2427 3719 bilis-3
2460 3663 2660 3724 neque
2690 3645 2861 3705 enim
2881 3643 3167 3704 existimo
3212 3661 3391 3722 posse
3419 3659 3551 3701 cum
3582 3638 3753 3718 proha-

2250 3737 2487 3800 bilitate
2536 3739 2752 3816 negari
2798 3739 2865 3800 iu
2910 3757 2983 3799 eo
3016 3755 3159 3798 casu
3201 3735 3623 3818 baptizandum
3656 3749 3753 3793 esse

2250 3830 2785 3892 catechumenum.

2334 3927 2431 3987 ⁴7.
2482 3923 2884 3997 Quorumdam
2923 3923 3250 4004 responsio.
3276 3955 3361 3970 —
3385 3923 3749 4002 Retorquetur.

2250 4050 2331 4064 -
2358 4019 2578 4078 Dicunt
2610 4017 2801 4096 aliqui
2856 4017 3299 4095 baptizandum
3345 4017 3579 4096 quidem
3614 4029 3751 4084 ease,

2248 4129 2376 4171 non
2405 4112 2552 4189 quia
2580 4129 2689 4189 per
2737 4129 2800 4170 se
2830 4115 2892 4170 et
2913 4111 3094 4188 juxta
3138 4111 3333 4189 ipsius
3358 4110 3449 4170 rei
3482 4107 3751 4170 veritatem

2246 4206 2334 4264 ita
2375 4203 2728 4264 iaciendum
2758 4211 2951 4278 esset,
3006 4203 3110 4263 sed
3158 4203 3309 4282 quia
3364 4208 3561 4264 nostra
3596 4197 3753 4276 opini-

2246 4298 2353 4356 nio
2394 4301 2487 4356 est
2529 4295 2885 4375 probabilis,
2916 4303 2980 4357 et
3023 4295 3089 4355 in
3131 4295 3405 4358 favorem
3456 4295 3649 4355 animae
3682 4307 3751 4348 se-

2244 4388 2493 4467 quenda
2521 4390 2587 4448 in
2638 4389 2815 4467 praxi
2844 4389 2910 4448 in
2952 4387 3213 4448 articulo
3253 4387 3628 4448 necessitatis.
3664 4381 3749 4440 Sed

2244 4481 2550 4560 imprimis
2602 4479 2719 4540 hoc
2760 4483 2906 4541 satis
2956 4489 3047 4542 est
3092 4489 3165 4540 ut
3214 4499 3361 4542 vem
3404 4483 3483 4540 sit
3523 4474 3747 4538 assertio·

2246 4574 2481 4635 scilicet
2523 4575 2590 4634 in
2640 4575 2849 4654 aliquo
2892 4593 3036 4636 casu
3074 4593 3249 4654 posse
3292 4576 3551 4654 aliquem
3582 4585 3751 4650 penve-

2246 4668 2383 4728 nire
2424 4666 2503 4727 ad
2536 4667 2822 4744 gloriam,
2868 4669 2977 4747 qui
3015 4669 3082 4728 in
3138 4669 3239 4729 via
3290 4685 3415 4728 nou
3455 4663 3649 4726 habuit
3670 4677 3747 4718 ac·

2244 4759 2478 4821 tualem
2523 4760 2710 4820 fidem
2776 4761 3129 4840 explicitam
3203 4761 3429 4822 Christi
3468 4801 3483 4832 ,
3538 4765 3591 4817 et
3637 4753 3749 4813 iude

2245 4856 2433 4914 etiam
2466 4853 2730 4916 infertur
2759 4854 2877 4916 hoc
2925 4856 3201 4916 medium
3232 4873 3359 4916 non
3404 4871 3525 4914 esse
3554 4865 3749 4924 semper

2245 4949 2313 5008 in
2346 4967 2413 5009 re
2442 4949 2851 5009 necessarium
2882 4969 2898 5024 ;
2948 4953 3094 5029 quia
3118 4949 3170 5009 si
3198 4949 3320 5010 tale
3350 4955 3520 5022 esset,
3546 4949 3747 5024 propter

2242 5040 2480 5101 nullam
2516 5043 2873 5120 opinionem
2916 5041 3049 5103 fieri
3080 5049 3283 5122 posset
3324 5047 3391 5101 ut
3416 5041 3537 5101 sinc
3564 5036 3653 5096 illo
3674 5032 3745 5091 ul-

2243 5125 2396 5197 ‘tima
2439 5135 2603 5196 salus
2645 5135 3027 5197 obtineretur
3050 5153 3071 5214 ;
3120 5143 3181 5198 et
3237 5135 3455 5197 deiude
3496 5133 3623 5193 hinc
3666 5145 3746 5186 su-

2242 5229 2437 5288 mitur
2472 5247 2775 5308 magnum
2802 5229 3099 5290 indicium
3134 5231 3320 5290 talem
3364 5229 3537 5289 fuisse
3562 5217 3742 5285 Christi

2242 5322 2722 5396 institutionem,
2756 5323 2902 5402 quia
2942 5323 3073 5383 haec
3123 5331 3215 5384 est
3257 5322 3449 5402 magis
3491 5311 3741 5380 favorabi-

2240 5415 2314 5474 lis
2351 5415 2533 5474 saluti
2562 5417 2940 5493 animarum,
2973 5424 3035 5478 et
3061 5417 3282 5478 melius
3309 5415 3423 5476 hoc
3445 5412 3609 5475 modo
3636 5423 3741 5486 pro·

2240 5509 2443 5568 visum
2496 5515 2588 5569 est
2638 5509 2925 5570 omnibus
2976 5510 3435 5572 necessitatibus
3478 5500 3739 5571 humanis,

2238 5603 2409 5664 salva
2440 5603 2700 5684 alicujus
2732 5603 2873 5664 fidei
2904 5605 3265 5666 necessitate
3294 5603 3354 5663 in
3390 5620 3453 5663 re
3492 5601 3625 5684 ipsa.
3654 5595 3741 5654 ne·
