3900 6217
569 394 689 453 291

654 500 714 558 7.
758 495 1039 559 Aliorum
1069 497 1266 559 evasio
1291 498 1910 577 probabilior.—-Non
1938 504 2138 563 tamen

575 590 989 669 satisfacit.—
1006 589 1212 655 Verior
1235 592 1542 672 responsio
1566 609 1639 653 em
1663 592 1928 656 Nicolao
1943 610 2132 675 papa.

576 715 658 730 —
681 684 879 757 Quare
907 689 1240 744 occurrunt
1263 682 1392 761 alii,
1424 684 1890 763 distinguendas
1915 704 2043 748 esse
2070 687 2136 746 in

575 778 857 838 Romano
917 776 1212 837 Pontifice
1267 776 1601 854 dignitates
1663 778 1817 839 duas
1873 798 1890 842 :
1949 777 2138 839 aliam

578 870 820 933 Summi
865 870 1174 931 pontificis
1207 871 1390 931 totius
1427 872 1727 949 Ecclesiae,
1759 871 1835 934 de
1863 891 1987 952 qua
2013 892 2138 934 non

581 963 660 1023 sit
697 981 899 1024 sermo
927 963 994 1023 in
1026 962 1230 1025 verbis
1274 963 1505 1040 allatis3
1538 965 1726 1026 aliam
1772 966 2143 1028 Patriarchae

583 1054 947 1132 Occidentis,
991 1055 1328 1117 secundum
1379 1075 1568 1137 quam
1612 1058 1722 1119 fiat
1766 1059 2177 1140 comparatio·

583 1149 747 1208 inter
762 1148 1179 1210 patriarcham
1193 1148 1463 1211 Alexand
1470 1150 1680 1211 riuum
1691 1156 1753 1212 et
1767 1152 2047 1213 Romanu
2057 1170 2142 1227 m,

584 1246 678 1315 ut,
705 1239 957 1315 scilicet,
991 1241 1275 1305 Ecclesiae
1306 1262 1442 1323 quae
1468 1244 1801 1323 designatae
1827 1251 2006 1306 erant
2037 1246 2148 1305 Pa-

584 1330 870 1396 triarchae
889 1334 1304 1397 Alexandrino
1325 1337 1412 1398 ita
1430 1336 1520 1398 illi
1543 1338 1668 1399 sint
1685 1338 1836 1399 subd
1844 1338 1967 1413 itae,
1991 1339 2149 1399 sicut

585 1425 869 1487 Ecclesiae
886 1427 1228 1489 Occidentis
1245 1428 1666 1492 subdebantur
1682 1432 1962 1493 Romano
1978 1434 2151 1513 Epis-

590 1536 766 1597 copo,
803 1525 874 1580 ut
916 1520 1284 1583 Patriarchae
1325 1528 1622 1602 spectato.
1667 1524 1758 1585 Ita
1802 1523 2150 1605 intelligere

591 1612 758 1672 visus
783 1619 874 1673 est
900 1613 1065 1674 hunc
1092 1614 1297 1675 locum
1325 1616 1683 1679 Theodorus
1707 1618 2055 1695 Balsamon,
2085 1621 2151 1681 in

592 1704 988 1784 Expositione
1006 1705 1194 1785 hujus
1213 1710 1495 1783 canonis,
1513 1716 1574 1770 et
1595 1710 1900 1785 Rufliuu8‚
1917 1711 2025 1773 lib.
2050 1714 2148 1789 10,

590 1815 725 1880 cap.
750 1799 812 1875 6,
837 1800 1122 1878 quamvis
1149 1807 1360 1863 auctor
1383 1801 1486 1864 hic
1508 1802 1733 1866 limitet
1756 1804 1944 1866 talem
1967 1806 2155 1884 juris-

591 1890 926 1953 dictionem
979 1893 1263 1974 Episcopi
1315 1896 1579 1957 Romani
1635 1897 1714 1958 ad
1772 1897 2157 1961 suburbanos

593 1984 948 2064 Episcopos,
996 1986 1390 2067 maximeque
1435 1990 1668 2051 vicinos
1709 1991 1944 2065 Romee,
1990 1993 2156 2071 quod

595 2078 728 2137 sine
755 2078 882 2138 ullo
920 2079 1328 2143 fundamento
1368 2083 1603 2145 scribit.
1636 2084 1810 2145 Unde
1838 2084 1944 2145 illa
1972 2104 2159 2165 expo-

596 2171 738 2232 sitio
783 2190 932 2233 sano
976 2173 1157 2235 modo
1203 2175 1514 2238 intellecta
1553 2176 1890 2257 probabilis
1934 2184 2047 2252 est,
2096 2185 2159 2240 et

597 2269 798 2343 potest
837 2284 965 2327 esse
1011 2266 1178 2327 utilis
1217 2268 1296 2328 ad
1345 2268 1776 2349 intelligendas
1820 2270 2159 2333 locutiones

596 2357 774 2436 aliaS,
821 2376 959 2438 quae
1003 2359 1071 2420 in
1111 2362 1298 2422 variis
1332 2361 1484 2423 locis
1530 2363 1944 2443 reperiuntur,
1980 2372 2052 2425 ut
2090 2365 2159 2425 in

597 2449 833 2528 synodo
883 2454 1162 2515 Romana
1205 2453 1321 2515 sub
1349 2456 1693 2534 Agathone,
1725 2475 1863 2537 quae
1895 2456 2161 2521 refertur

599 2546 836 2607 actione
864 2550 903 2609 4
930 2552 1116 2607 sextae
1141 2548 1388 2627 synodi,
1416 2556 1479 2610 ct
1497 2551 1562 2610 in
1590 2550 1846 2629 epistola
1866 2552 2163 2613 Constan-

597 2637 718 2699 tini
765 2640 1154 2719 imperatoris
1173 2686 1194 2716 ,
1247 2658 1384 2720 quae
1433 2642 1635 2704 eidem
1685 2650 1872 2705 sextae
1923 2646 2162 2725 synodo

601 2732 966 2811 praefigitur,
1020 2739 1083 2795 et
1131 2733 1196 2795 in
1233 2735 1490 2814 epistola
1535 2736 1836 2814 Flaviani,
1882 2740 2162 2819 Episcopi

601 2826 1258 2905 Constantinopolitani
1306 2829 1387 2889 ad
1430 2830 1697 2891 Leonem
1739 2833 1788 2907 1,
1836 2831 1905 2893 in
1938 2831 2163 2911 quibus

601 2919 857 2998 quidam
887 2920 1167 3001 Episcopi
1195 2921 1584 3001 peculiariter
1615 2924 1904 2985 dicuntur
1930 2924 2163 2986 subditi

601 3014 898 3093 Episcopo
927 3013 1205 3075 Romano
1215 3031 1236 3091 3
1269 3015 1606 3096 eademque
1643 3016 1854 3097 phrasi
1895 3018 2165 3079 Concilia

602 3107 907 3169 nonnulla
952 3108 1393 3170 patriarchalia
1440 3116 1756 3171 vocantur.
1807 3110 1964 3172 Vide
2014 3110 2166 3173 Tur-

603 3202 876 3275 rianum,
915 3202 1184 3262 secundo
1220 3208 1434 3263 contra
1473 3201 1912 3280 Centuriator.,
1966 3206 2165 3285 capite

602 3295 785 3356 tertio
799 3317 816 3370 ;
849 3296 1407 3372 Turrecrematam,
1436 3296 1597 3357 libro
1630 3298 1840 3374 tertio,
1871 3300 2072 3377 capite
2097 3302 2160 3361 3.

603 3387 1017 3449 Nihilominus
1061 3394 1275 3449 tamen
1317 3389 1484 3451 dicta
1516 3390 1816 3469 expositio
1857 3391 2167 3470 applicata

603 3480 682 3542 ad
717 3499 1014 3543 canonem
1049 3480 1309 3542 Concilii
1335 3481 1566 3543 Nicaeni
1592 3501 1720 3543 non
1747 3484 2005 3544 omnino
2034 3484 2165 3565 pla·

604 3580 720 3651 cet,
751 3581 886 3635 tum
915 3575 1060 3655 quia
1084 3574 1152 3635 in
1183 3593 1254 3637 eo
1277 3575 1572 3651 Concilio,
1597 3582 1664 3636 ut
1689 3576 1983 3652 vidimus,
2014 3595 2169 3656 proe-

603 3668 874 3729 mittitur
895 3667 1192 3747 primatus
1210 3668 1476 3730 Romani
1495 3668 1774 3749 Episcopi
1785 3684 1805 3746 3
1822 3675 1957 3729 tum
1979 3670 2169 3729 etiam

605 3762 750 3842 quia
777 3779 905 3822 non
929 3762 999 3822 fit
1026 3760 1114 3821 ibi
1137 3764 1538 3840 comparatio,
1564 3761 1668 3822 sed
1693 3763 1896 3841 potius
1919 3780 1999 3823 ex
2025 3779 2172 3822 con-

605 3853 933 3917 suetudine
961 3854 1240 3933 Episcopi
1270 3854 1535 3915 Romani
1564 3854 1846 3915 redditur
1872 3872 2057 3915 causa
2079 3854 2173 3915 di-

605 3948 860 4027 gnitatis
891 3946 1322 4009 conservandae
1356 3946 1422 4006 in
1453 3945 1871 4007 Patriarchatu
1898 3946 2170 4008 Alexan-

606 4042 824 4117 drin03
858 4059 982 4100 non
1012 4044 1104 4101 est
1148 4046 1358 4099 autem
1402 4038 1588 4117 hujus
1632 4030 1722 4099 r'ei
1772 4056 1977 4115 causa,
2008 4038 2172 4118 quod

608 4136 925 4197 Romanus
952 4132 1032 4193 sit
1061 4130 1416 4193 patriarcha
1443 4130 1508 4191 in
1544 4130 1895 4203 Occidente,
1927 4131 2033 4193 sed
2066 4150 2173 4211 po-

608 4229 733 4290 tius
775 4245 964 4309 quam
1005 4226 1290 4287 Nicolaus
1336 4226 1496 4303 Papa
1543 4224 1606 4285 in
1649 4223 1908 4303 epistola
1949 4224 2025 4285 ad
2060 4225 2171 4286 Mi·

611 4321 889 4383 chaelem
907 4318 1340 4399 imperatorem
1359 4324 1525 4379 recte
1541 4318 1787 4378 videtur
1801 4317 2172 4397 intelligere,

610 4414 860 4489 scilicet,
893 4418 958 4473 in
993 4410 1412 4473 Alexandrino
1454 4410 1753 4491 Episcopo
1801 4428 2175 4471 conservan-

613 4508 758 4569 dam
786 4525 914 4569 esse
942 4506 1118 4566 illam
1146 4505 1538 4583 dignitatem,
1565 4503 1711 4582 quia
1732 4504 2031 4582 Episcopo
2060 4503 2177 4564 Ro-

614 4618 802 4663 mano
829 4598 1042 4679 parilis
1063 4616 1194 4659 mos
1215 4604 1305 4658 est
1324 4596 1492 4657 illam
1512 4595 1938 4657 conservandi.
1962 4595 2178 4675 ltaque

614 4694 816 4755 voluit
831 4690 1174 4754 Concilium
1195 4708 1339 4751 eum
1358 4706 1590 4749 morem
1609 4687 2003 4749 retinendum
2024 4706 2175 4764 esse,

618 4806 804 4868 quem
828 4787 1164 4867 Episcopus
1183 4786 1498 4847 Romanus
1519 4802 1632 4845 sua
1652 4783 2015 4844 auctoritate
2038 4800 2181 4843 con-

618 4882 920 4956 firmarat,
961 4880 1026 4940 iu
1073 4897 1196 4957 quo
1243 4878 1449 4958 potius
1493 4876 1853 4957 comprobat
1895 4876 2183 4955 Episcopi

622 4972 890 5039 Romani
940 4972 1342 5051 dignitatem,
1396 4988 1584 5050 quam
1641 4970 1736 5030 illi
1785 4968 2039 5047 deroget
2049 4984 2070 5047 3
2122 4976 2186 5029 et

621 5068 786 5129 hanc
808 5065 1254 5148 expositionem
1282 5080 1494 5124 veram
1522 5081 1676 5137 esse,
1705 5068 1930 5143 praeter
1954 5052 2185 5122 Nicolai

623 5160 1094 5235 auctoritatem,
1147 5164 1210 5219 et
1257 5158 1595 5239 ipsummet
1641 5161 2035 5231 contextum,
2087 5156 2187 5217 cui

627 5255 858 5335 optime
894 5251 1179 5333 quadrat,
1223 5250 1458 5331 patebit
1483 5250 1750 5328 amplius
1779 5268 1858 5310 ex
1889 5246 2182 5318 dicendiS,

623 5365 771 5410 cum
792 5345 1185 5408 ostendemus
1215 5342 1650 5424 patriarchales
1665 5342 2000 5420 dignitates
2020 5348 2081 5401 et
2097 5340 2191 5401 di·

625 5442 927 5502 visionem
955 5455 1170 5500 earum
1206 5436 1568 5498 auctoritate
1595 5434 1859 5496 Romani
1886 5431 2191 5513 pontificis

625 5534 814 5594 fuisse
829 5532 1212 5607 constitutas,
1225 5536 1288 5592 et
1310 5528 1390 5590 ab
1417 5528 1525 5590 illo
1539 5545 1780 5608 semper
1801 5527 1878 5588 de
1883 5524 2184 5607 pendisse.

1643 398 1880 453 DISPUT.
1917 400 1979 451 X.
2017 398 2096 451 DE
2129 398 2337 453 SUHMO
2370 400 2708 453 PoN'nFlcss.

2301 502 2359 563 8.
2390 500 2739 578 Secundum
2762 498 3101 563 Concilium
3130 502 3421 578 generale,
3444 508 3584 585 quod
3606 509 3698 571 fuit

2218 594 2963 673 Constantinopolitanum
2988 594 3036 669 1,
3057 594 3313 655 Romani
3334 598 3607 660 Pontificis
3630 602 3700 661 di·
3796 650 3798 685 ἱ

2220 688 2518 767 gnitatem
2549 689 2736 749 etiam
2769 686 3045 766 agnovit,
3092 698 3161 747 ut
3196 692 3355 767 patet
3392 708 3459 750 ex
3493 693 3702 771 epistola
3796 694 3798 735 ³

2219 782 2413 861 ipsius
2440 780 2695 843 Concilii
2722 780 2800 840 ad
2828 780 3159 840 Damasum
3186 780 3426 860 Papam,
3449 801 3607 861 quam
3632 805 3706 847 re-

2222 873 2343 935 fert
2367 874 2696 947 Theodor.,
2723 872 2883 933 libro
2912 873 2951 933 5
2978 890 3104 932 suae
3134 873 3426 949 Historiae,
3460 879 3628 955 capite
3649 882 3680 939 9
3690 897 3705 957 ;

2222 972 2286 1027 et
2333 985 2412 1028 ex
2465 966 2759 1047 rescripto
2802 964 3045 1026 Damasi
3087 964 3164 1025 ad
3194 964 3351 1027 idem
3392 968 3707 1047 Concilium,

2223 1060 2478 1135 ibidem,
2502 1078 2557 1120 c.
2590 1061 2686 1134 10,
2709 1058 2817 1120 ubi
2839 1058 2925 1119 sic
2951 1059 3071 1118 ait:
3099 1058 3266 1131 Quod
3282 1064 3470 1123 vestra
3491 1062 3711 1127 charitas

2224 1152 2585 1233 Apostolicoe
2616 1152 2796 1217 Sedis
2836 1153 3229 1215 reverentiam
3255 1152 3492 1216 debitam
3520 1156 3710 1229 tribuit,
3800 1195 3802 1219 ι

2226 1252 2343 1307 etc.
2382 1247 2659 1307 Tertium
2701 1246 3043 1306 Concilium
3084 1246 3235 1305 item
3280 1247 3563 1324 generale,
3586 1252 3714 1328 quod

2227 1346 2320 1400 est
2350 1339 2639 1419 Ephesin.
2672 1340 2722 1413 1,
2758 1337 2917 1398 hanc
2957 1338 3143 1399 etiam
3188 1336 3535 1415 dignitatem
3568 1358 3719 1419 agno-

2228 1432 2341 1509 vit,
2369 1437 2502 1492 tum
2540 1431 2685 1511 quia
2722 1430 3007 1511 CyrilluS,
3040 1431 3383 1513 patriarcha
3422 1431 3723 1493 Alexandri-

2230 1544 2371 1599 nus,
2406 1525 2654 1606 praefuit
2694 1524 2989 1601 Concilio,
3031 1529 3105 1585 ut
3140 1525 3403 1585 vicarius
3441 1531 3499 1586 et
3532 1524 3724 1603 legatus

2231 1620 2539 1681 Coelestini
2580 1620 2636 1697 13
2667 1625 2800 1679 tum
2830 1618 3018 1679 etiam
3058 1620 3207 1699 quia
3251 1618 3568 1681 Concilium
3600 1620 3728 1680 affir-

2234 1718 2364 1773 mat
2408 1730 2472 1773 se
2500 1730 2577 1773 ex
2608 1710 2900 1773 mandato
2938 1710 3248 1773 Coelestini
3274 1710 3596 1789 deposuisse
3620 1712 3728 1771 Nes·

2233 1806 2487 1880 torium,
2521 1810 2584 1865 et
2628 1805 2751 1865 alia
2797 1824 2934 1883 quoe
2981 1804 3339 1866 referuntur
3384 1802 3459 1863 ab
3491 1804 3729 1881 Evagri0,

2233 1897 2341 1959 lib.
2374 1901 2399 1959 1
2438 1899 2621 1971 Hist.,
2649 1917 2782 1977 cap.
2810 1900 2872 1974 ἢ,
2902 1900 2964 1971 4,
2991 1903 3051 1958 et
3077 1895 3497 1975 sequentibus,
3524 1902 3579 1956 et
3602 1916 3631 1956 a
3654 1898 3732 1956 Ni·

2236 1990 2441 2071 ceph.,
2470 1991 2579 2052 lib.
2610 1994 2711 2065 14,
2747 2010 2881 2071 cap.
2927 1992 3005 2051 34
3042 1996 3103 2051 et
3129 1992 3232 2051 38.
3264 1988 3543 2049 Eamdcm
3568 1996 3735 2049 ancto-

2236 2085 2484 2146 ritatem
2508 2085 2838 2165 saepissime
2860 2089 3117 2145 testatur
3138 2082 3470 2144 Concilium
3494 2090 3735 2160 quartum

2238 2180 2546 2259 generale,
2593 2178 2760 2257 quod
2807 2183 2897 2239 est
2942 2174 3453 2250 Chalcedonense,
3482 2174 3579 2234 ubi
3616 2194 3739 2253 saepe

2238 2272 2358 2333 Leo
2405 2272 2627 2333 dicitur
2668 2269 3033 2331 universalis
3082 2269 3440 2348 EpiscopuS,
3478 2275 3533 2327 et
3574 2268 3742 2327 Pastor

2239 2365 2411 2427 urbis
2438 2366 2675 2441 Romae,
2706 2382 2842 2443 quae
2870 2370 2959 2423 est
2990 2367 3175 2442 caput
3204 2360 3479 2421 omnium
3504 2359 3744 2421 Eri-lesia-

2239 2477 2401 2519 rum.
2434 2458 2607 2519 Unde
2641 2456 2991 2534 Gregorius,
3022 2454 3163 2515 libr.
3198 2456 3263 2528 4,
3293 2454 3463 2533 epist.
3496 2454 3585 2526 32,
3612 2470 3745 2512 cotn-

2242 2556 2545 2611 memorat
2602 2550 2670 2610 in
2734 2548 2983 2628 Synodo
3036 2545 3511 2608 Chalcedonensi
3562 2562 3747 2604 nomen

2240 2644 2606 2707 universalis
2648 2638 2945 2723 Episcopi
2988 2638 3274 2701 Pontifici
3320 2640 3581 2700 Romano
3616 2636 3749 2696 obla-

2242 2745 2377 2797 tum
2417 2736 2602 2797 fuisse
2630 2735 2711 2796 ob
2741 2735 3042 2795 honorem
3072 2734 3136 2795 S.
3182 2732 3370 2794 Petri.
3403 2730 3649 2791 Tandem
3676 2746 3750 2789 ac-

2240 2832 2411 2891 tione
2444 2830 2517 2891 16
2539 2830 2704 2889 illius
2728 2828 2983 2888 Concilii
3004 2844 3218 2887 omnes
3238 2826 3447 2888 Patres
3468 2824 3750 2904 primatum

2242 2924 2526 2985 tribuunt
2552 2940 2811 2984 romano
2841 2920 3143 2982 Pontifici.

2325 3018 2386 3079 9.
2436 3015 2697 3094 Objicics
2725 3037 2738 3075 ε
2778 3016 2844 3075 in
2886 3015 3101 3077 eodem
3130 3013 3403 3075 Concilio
3436 3011 3661 3091 aequalis
3686 3008 3751 3069 di-

2246 3110 2449 3189 gnitas
2478 3108 2670 3169 tribui
2696 3108 2939 3170 videtur
2970 3108 3271 3187 Episcopo
3301 3105 3747 3181 Constantinopo-

2244 3201 2475 3279 lita1103
2522 3220 2650 3263 non
2678 3219 2827 3281 ergo
2874 3202 3191 3263 Romanus
3218 3200 3457 3261 cunctis
3490 3198 3740 3279 praecellit.

2244 3295 2584 3357 Occurrunt
2601 3294 2911 3371 nonnulli,
2936 3294 3102 3355 illius
3116 3292 3378 3358 Concilii
3400 3308 3644 3353 canones
3659 3308 3751 3351 esse

2244 3387 2530 3463 incertos,
2571 3388 2718 3467 quia
2753 3388 2852 3449 vel
2882 3388 3114 3449 conditi
3156 3392 3307 3448 sunt
3347 3383 3674 3447 absentibus
3695 3382 3756 3442 le-

2248 3482 2407 3559 gatis
2447 3480 2824 3560 apostolicis,
2870 3485 2941 3541 ut
2980 3481 3169 3541 sentit
3215 3479 3566 3552 Liberatus,
3604 3476 3761 3554 capite

2247 3571 2585 3633 tredecimo
2623 3572 2959 3647 Breviarii3
2996 3573 3095 3633 vel
3136 3579 3303 3633 certe
3346 3566 3765 3631 contradicenti·

2249 3664 2385 3737 bus,
2427 3671 2498 3725 ut
2542 3664 2629 3725 ibi
2674 3664 3002 3726 indicatur.
3034 3664 3233 3738 Quam
3281 3663 3364 3725 ob
3406 3678 3634 3724 causam
3674 3660 3767 3719 Leo

2253 3758 2417 3838 Papa
2458 3759 2628 3819 illam
2674 3756 2983 3818 actionem
3022 3776 3150 3819 non
3194 3756 3501 3838 probavit,
3538 3760 3604 3813 ut
3640 3758 3771 3831 patet

2253 3869 2329 3911 ex
2359 3850 2617 3930 epistola
2639 3850 2860 3911 Leonis
2906 3850 2983 3910 ad
3012 3850 3401 3911 Marcianum
3444 3848 3767 3925 Augustum,

2254 3951 2317 4005 et
2368 3942 2625 4022 epistola
2679 3943 2757 4003 ad
2818 3942 3201 4003 Pulcheriam
3230 3987 3249 4017 ,
3306 3948 3372 4002 et
3432 3938 3671 4019 epistola
3712 3934 3773 3994 ad

2251 4037 2686 4111 Anatholium;
2714 4037 3003 4117 idemque
3026 4037 3211 4097 sentit
3238 4034 3539 4107 GelasiuS‚
3562 4032 3631 4091 de
3654 4030 3775 4089 Vin-

2252 4131 2391 4192 culo
2448 4129 2857 4190 anathematis
2881 4174 2900 4204 ‚
2948 4136 3011 4191 et
3056 4128 3317 4208 epistola
3368 4126 3447 4187 ad
3498 4124 3777 4203 Episcopus

2254 4222 2597 4283 Dardaniae.
2628 4221 2753 4282 Alii
2794 4239 2942 4282 vero
2982 4225 3207 4301 putant
3249 4221 3423 4281 hunc
3460 4218 3651 4278 locum
3676 4229 3779 4273 esse

2256 4320 2615 4393 corruptum
2654 4332 2693 4373 a
2732 4312 3431 4392 constantinopolitanis
3443 4326 3464 4390 3
3492 4324 3631 4370 nam
3664 4304 3782 4365 Gre-

2256 4409 2490 4488 gorius,
2523 4406 2629 4466 lib.
2669 4406 2732 4480 5,
2764 4408 2940 4484 epist.
2992 4408 3069 4465 14
3111 4406 3328 4465 scribit
3368 4400 3785 4466 Chalcedonen-

2256 4518 2386 4561 sem
2435 4500 2756 4578 Synodum
2802 4500 2866 4558 in
2922 4500 3188 4577 quodam
3237 4498 3378 4558 loco
3424 4496 3497 4560 ab
3540 4488 3785 4557 Ecclesia

2262 4591 2930 4673 Constantinopolitana
2956 4607 3081 4653 esec
3104 4590 3424 4667 falsatam.
3458 4586 3573 4649 Sed
3598 4583 3685 4643 his
3708 4580 3785 4640 vi-

2258 4686 2438 4746 detur
2464 4683 2729 4760 obstare,
2761 4683 2925 4763 quod
2967 4683 3035 4743 in
3066 4685 3103 4744 6
3134 4683 3399 4761 synodo,
3426 4698 3561 4742 can.
3587 4677 3676 4750 36,
3709 4690 3787 4734 ca-

2260 4798 2387 4839 non
2433 4778 2539 4839 ille
2585 4778 2810 4838 citatur
2852 4783 2916 4837 et
2957 4772 3359 4856 approbatur.
3406 4772 3571 4835 Nihil
3612 4778 3789 4829 tamen

2264 4872 2484 4947 obstat,
2517 4870 2664 4950 quia
2692 4876 2930 4930 certum
2967 4876 3061 4929 est
3085 4886 3189 4930 eos
3226 4884 3496 4929 canones
3536 4880 3655 4924 non
3684 4875 3791 4921 esse

2265 4964 2461 5025 editos
2503 4963 2783 5041 legitima
2822 4959 3083 5041 synod0,
3130 4966 3201 5021 ut
3248 4964 3419 5040 patet
3469 4976 3545 5020 ex
3576 4952 3791 5018 Nicolao

2267 5058 2450 5137 Papa,
2485 5056 2743 5136 epistola
2791 5055 2870 5115 ad
2922 5053 3285 5117 Michaelem
3340 5054 3789 5133 imperatorem3

2266 5149 2549 5229 quamvis
2580 5154 2791 5210 autem
2834 5146 2967 5209 haec
3006 5162 3154 5207 vera
3194 5148 3341 5223 sint,
3388 5144 3589 5205 adhuc
3625 5154 3793 5201 canon

2266 5242 2369 5303 ille
2397 5240 2575 5301 nobis
2602 5240 2770 5301 favet
2792 5244 2836 5313 ¹,
2869 5238 3017 5318 quia
3044 5244 3291 5298 tantum
3320 5235 3600 5299 coneedit
3626 5228 3795 5293 arehi-

2267 5335 2549 5415 episcopo
2590 5330 3263 5411 Constantinopolitano
3305 5328 3667 5409 dignitatem
3708 5338 3797 5402 pa-

2354 5528 2369 5560 ¹
2403 5522 2557 5584 Vide
2582 5520 2980 5596 Tui-rianum,
3006 5517 3113 5581 lib.
3141 5516 3219 5583 de
3246 5518 3288 5579 6
3312 5514 3587 5599 Synodo.
