3900 6217
777 369 949 424 SECT.
982 372 1020 424 1.
1056 369 1139 421 AN
1172 368 1351 422 rmus
1381 363 1827 420 ulnAcuLouuu
1854 363 1951 420 811·
1987 362 2196 420 mmm
2229 364 2355 420 CUM
2387 365 2530 420 Fiet:
2563 365 2932 420 CATnoucA.

242 465 475 530 Metui.
507 484 697 544 nono,
731 466 979 545 quando
1022 465 1295 526 Christus
1323 463 1645 542 Dominus,
1677 463 1817 524 illu-

244 562 607 622 minaturus
626 559 925 640 quosdam
950 577 1158 628 caecoS.
1185 560 1440 638 exigens
1458 558 1538 620 ab
1561 558 1684 619 illis
1711 575 1819 618 ne-

246 655 584 714 cessariam
612 653 823 724 fidem,
856 653 1010 714 dixit
1033 668 1051 712 ε
1078 649 1337 715 Creditis
1368 653 1515 734 quia
1537 654 1661 716 ltoec
1684 671 1820 734 poe-

246 764 387 808 nam
412 751 613 826 facere
640 744 842 808 vobis?
876 746 1167 807 dixerunt
1199 761 1214 804 ε
1268 745 1503 826 Utique,
1543 747 1816 808 Domine.

254 840 431 902 Tum
480 842 685 918 tetiqit
724 839 923 904 oculos
953 857 1152 902 eoram
1193 840 1393 902 dicens
1422 864 1444 899 .·
1479 837 1824 902 Secundam

240 934 427 1014 fidem
458 938 727 996 cestram
742 935 862 1014 fiat
886 934 1084 1005 vobim
1120 939 1183 994 et
1212 933 1411 1012 capite
1435 933 1670 994 decimo
1702 939 1823 992 ter-

248 1028 366 1102 tio,
396 1027 467 1088 in
494 1027 621 1090 fine
639 1047 654 1089 ε
672 1029 819 1090 Non
844 1028 989 1106 fecit
1014 1026 1098 1090 ibi
1125 1027 1382 1091 virtutes
1410 1025 1659 1097 multas,
1678 1044 1823 1105 pro-

240 1125 389 1202 pter
411 1121 899 1186 incredulitatem
926 1120 1193 1184 illoram.
1240 1122 1387 1182 Erat
1427 1137 1576 1198 ergo
1610 1137 1819 1180 neces-

246 1214 417 1274 saria
458 1215 812 1276 credulitas.
848 1215 929 1274 De
959 1215 1165 1290 terti0,
1206 1214 1397 1276 etiam
1436 1213 1684 1274 videtur
1712 1231 1821 1292 per

248 1325 315 1368 se
356 1307 763 1368 manifestum
808 1325 939 1368 esse
993 1307 1404 1370 necessariam
1444 1305 1616 1368 illam
1661 1305 1820 1368 fidu-

247 1401 439 1477 ciam,
466 1406 535 1462 ut
558 1420 634 1462 ex
676 1401 912 1464 eisdem
939 1408 1000 1462 et
1030 1401 1167 1462 aliis
1194 1401 1521 1482 Scripturae
1550 1399 1699 1464 locis
1727 1398 1817 1459 sa-

246 1494 367 1556 cile
391 1494 599 1576 colligi
630 1502 849 1576 potest.
878 1497 1029 1556 Nam
1052 1494 1363 1556 interdum
1389 1493 1587 1554 utitur
1616 1491 1819 1572 Scrip-

249 1595 397 1650 tura
438 1591 696 1652 nomine
742 1591 1159 1666 credulitati-5,
1208 1589 1523 1650 interdum
1566 1587 1820 1650 nomine

248 1685 646 1764 confidentiae,
679 1691 741 1744 et
773 1683 1045 1745 Christus
1086 1685 1377 1746 Dominus
1419 1702 1579 1764 saepe
1615 1680 1765 1744 dicit
1798 1699 1813 1740 ε

254 1778 579 1854 Cenfidite,
613 1780 917 1860 confidite,
944 1785 1061 1842 etc.
1096 1780 1273 1856 Item,
1305 1781 1453 1860 quia
1482 1795 1668 1838 nemo
1715 1794 1822 1856 po-

250 1877 371 1934 test
398 1891 581 1934 orare
620 1879 690 1933 ut
729 1878 995 1952 oportet,
1036 1873 1157 1934 nisi
1197 1881 1399 1954 speret
1439 1877 1502 1934 et
1553 1867 1821 1932 confidat

253 1968 443 2026 etiam
493 1971 566 2026 ut
612 1973 853 2046 oportet
866 1988 885 2042 3
939 1966 1237 2028 miracula
1292 1973 1500 2028 autem
1550 1964 1821 2026 maxime

248 2059 661 2142 perficiuntur
688 2060 969 2122 oratione
997 2059 1436 2122 convenienter
1455 2058 1635 2121 facta.

328 2151 568 2227 &Quid
603 2170 721 2214 nou
751 2153 846 2214 ita
875 2155 1122 2216 certam.
1155 2185 1236 2198 -
1264 2154 1348 2214 De
1389 2151 1499 2213 illo
1541 2169 1686 2212 vero
1733 2169 1825 2212 se-

248 2247 455 2310 cundo
480 2245 739 2326 judicie,
765 2265 863 2308 res
883 2253 975 2307 est
1004 2246 1215 2308 dubia.
1250 2243 1406 2308 Nam
1431 2263 1505 2306 ex
1530 2262 1651 2306 una
1680 2263 1820 2324 par·

246 2347 309 2402 te
360 2340 616 2400 videtur
663 2338 1043 2418 impossibile
1094 2337 1215 2398 tale
1267 2337 1603 2418 judicium,
1675 2336 1823 2416 quia

248 2441 319 2494 ut
342 2433 581 2514 aliquis
604 2433 811 2494 credat
834 2439 1000 2494 certo
1029 2451 1093 2494 se
1118 2433 1447 2504 facturum,
1474 2431 1569 2492 vel
1602 2430 1823 2491 obten-

248 2535 465 2589 turum
506 2545 545 2587 a
578 2526 699 2587 Deo
728 2525 844 2586 hoc
882 2544 1037 2606 opus
1080 2525 1551 2600 miraculosum,
1580 2529 1824 2604 oportet

247 2629 313 2682 ut
356 2620 458 2682 vel
492 2619 553 2681 id
601 2617 829 2680 habeat
866 2637 945 2682 ex
1002 2617 1379 2680 revelatione
1434 2617 1668 2695 divina,
1726 2617 1827 2679 vel

244 2713 459 2793 aliqua
487 2713 595 2774 via
620 2719 806 2774 certa.
840 2713 1121 2773 Primum
1142 2730 1267 2774 non
1298 2711 1485 2772 habet
1519 2711 1721 2772 locum
1755 2711 1822 2772 in

248 2807 540 2889 praesenti
566 2807 849 2884 materia,
869 2807 1019 2886 quia
1045 2793 1214 2867 nulla
1243 2811 1411 2867 extat
1431 2797 1569 2865 talis
1589 2806 1823 2866 revela-

256 2905 338 2962 tio
368 2902 475 2962 Dei
506 2899 933 2982 particulariS,
964 2899 1069 2960 sed
1098 2899 1301 2960 solum
1327 2899 1653 2978 generaliS,
1686 2916 1823 2978 quae

262 2995 475 3075 pendet
522 3013 606 3057 ex
644 2993 856 3055 multis
898 2993 1377 3054 circumstantiis
1418 2997 1481 3052 et
1522 2991 1823 3053 conditio-

256 3087 455 3164 nibus,
486 3107 649 3168 quas
670 3106 799 3148 nou
824 3092 993 3149 certo
1016 3091 1079 3148 et
1106 3083 1431 3146 manifeste
1458 3091 1696 3145 constat
1723 3085 1826 3147 hic

250 3189 307 3244 et
355 3199 531 3244 nunc
586 3181 987 3242 intervenire.
1048 3178 1188 3240 Alia
1243 3185 1453 3240 autem
1505 3177 1608 3238 via
1658 3185 1823 3240 certa

246 3276 423 3338 nulla
454 3293 591 3338 esse
612 3280 833 3356 potest.
868 3273 1169 3350 Primum,
1202 3273 1350 3352 quia
1384 3279 1559 3334 actus
1587 3273 1691 3334 ille
1721 3273 1825 3334 de-

248 3369 353 3432 bet
382 3389 519 3432 esse
548 3366 1037 3450 supernaturalis
1049 3382 1073 3446 3
1116 3372 1181 3428 at
1208 3383 1337 3427 non
1380 3373 1473 3427 est
1512 3365 1635 3427 alia
1666 3367 1823 3428 ratio

250 3463 747 3544 supernaturalis
772 3463 839 3524 in
870 3480 995 3543 qua
1014 3462 1203 3544 possit
1220 3460 1472 3522 fundari
1498 3466 1671 3522 actus
1694 3479 1824 3523 cer-

252 3565 369 3635 tuS,
416 3559 543 3620 nisi
586 3557 878 3620 revelatio
924 3557 1172 3634 divina3
1216 3573 1433 3634 quare,
1480 3561 1595 3618 etc.
1648 3555 1823 3618 Unde

252 3651 321 3712 fit
348 3645 657 3728 secundO,
682 3657 753 3712 ut
776 3649 1228 3728 talejuilicium
1254 3649 1453 3710 solum
1477 3649 1664 3730 possit
1684 3649 1824 3712 fun-

252 3748 383 3810 dari
430 3748 501 3808 in
548 3747 919 3825 conjectmis
963 3744 1274 3817 humaniS,
1330 3750 1517 3824 atque
1563 3743 1717 3806 adeo
1754 3753 1825 3807 ut

255 3859 381 3904 non
420 3841 615 3921 possit
657 3857 787 3900 esse
814 3845 1015 3901 certus
1044 3839 1175 3908 sine
1200 3837 1561 3914 formidine,
1594 3840 1715 3900 nisi
1745 3839 1825 3900 sit

256 3935 649 4008 temerarius,
686 3953 794 3996 seu
824 3934 991 3995 nuda
1020 3931 1390 3994 certitudine
1426 3932 1816 3996 adhaesionis.

258 4030 653 4090 Contrarium
698 4045 869 4104 vero,
917 4026 1155 4088 scilicet
1197 4025 1387 4087 talem
1436 4035 1675 4088 actum·
1692 4045 1822 4090 esse

256 4123 701 4198 necessarium,
734 4121 968 4182 indicat
1011 4120 1362 4200 Eutymius,
1406 4121 1823 4200 Matthlgdeci·

258 4235 361 4280 mo
423 4217 638 4292 tertio,
692 4220 753 4276 et
793 4214 1034 4276 decimo
1094 4214 1378 4294 septimo,
1446 4215 1523 4274 Et
1578 4215 1825 4278 videtur

258 4311 468 4382 inboc
498 4310 778 4386 fundari,
804 4309 955 4390 quia
982 4307 1117 4370 sine
1145 4306 1257 4368 tali
1278 4307 1518 4385 judicio
1546 4327 1675 4372 non
1716 4328 1825 4390 po-

258 4410 372 4467 test
398 4403 623 4467 haberi
643 4403 754 4464 illa
778 4402 961 4464 firma
987 4400 1219 4463 fiducia
1244 4418 1382 4480 quae
1406 4401 1475 4464 in
1501 4402 1610 4464 tali
1640 4421 1827 4483 opere

260 4505 349 4560 ost
376 4498 743 4562 necessaria.
788 4496 943 4558 Mihi
988 4495 1259 4558 breviter
1285 4495 1617 4559 dicendum
1656 4497 1829 4561 vide·

258 4591 539 4654 turiuud
561 4591 896 4670 judicium,
926 4590 979 4651 si
1004 4588 1211 4649 debito
1246 4587 1429 4651 modo
1460 4589 1825 4670 explicetur,

256 4705 389 4748 non
450 4705 583 4748 esse
628 4687 890 4748 omnino
938 4684 1355 4764 impossibile3
1418 4686 1615 4766 posito
1656 4685 1827 4747 enim

256 4779 441 4842 firmo
490 4799 747 4842 assensu
798 4779 969 4857 fidei,
1022 4798 1123 4842 me
1165 4779 1565 4841 obtenturum
1618 4797 1655 4840 a
1700 4777 1827 4842 Deo

256 4875 565 4954 quidquid
612 4875 873 4956 petiero,
926 4876 978 4936 si
1023 4873 1229 4936 debite
1282 4879 1515 4954 petam,
1570 4878 1633 4935 et
1684 4891 1827 4934 cum

258 4967 721 5030 conditionibus
743 4987 899 5048 quas
926 4968 1201 5030 Christus
1230 4967 1295 5028 iu
1324 4967 1453 5028 suis
1476 4967 1829 5046 promissio—

256 5059 441 5122 nibus
480 5062 769 5142 requirit,
800 5062 935 5124 fieri
972 5068 1172 5142 potest
1221 5067 1292 5122 ut
1336 5060 1559 5140 aliquis
1613 5059 1715 5122 hic
1766 5066 1829 5124 et

260 5173 449 5232 nunc,
474 5163 543 5218 et
571 5157 693 5218 hoc
740 5158 809 5218 in
846 5175 1054 5236 opere,
1109 5173 1237 5218 non
1284 5155 1499 5216 divina
1550 5155 1657 5216 sed
1697 5172 1827 5216 mo·

258 5248 372 5308 rali
430 5250 701 5328 quadam
744 5250 1115 5332 certitudine
1156 5249 1421 5328 judicet,
1462 5265 1827 5310 concurrere

258 5342 467 5404 omnia
516 5345 869 5418 necessaria
920 5343 1001 5404 ad
1044 5343 1503 5422 impetrandum
1560 5342 1829 5404 miracu-

258 5432 415 5512 lum,
454 5435 587 5498 sive
616 5436 771 5517 quia
802 5436 911 5498 illa
940 5436 1281 5499 ⁴manifeste
1312 5435 1500 5514 videt,
1528 5435 1655 5496 sive
1683 5434 1831 5516 quia

260 5527 445 5590 simul
472 5530 667 5592 etiam
707 5531 967 5611 juvatur
1006 5529 1269 5594 interius
1317 5528 1553 5594 auxilio
1598 5528 1731 5606 Dei,
1762 5531 1832 5588 ut

3347 365 3462 426 221

1895 464 2083 544 possit
2119 465 2206 526 ita
2233 462 2624 542 existimare;
2665 485 2743 528 ex
2771 465 2999 546 quibus
3027 468 3268 534 elicitur
3313 471 3469 534 illud

1896 557 2200 638 judicium
2231 567 2494 636 certum,
2524 558 2734 638 aliquo
2774 561 2956 624 modo
2997 563 3200 626 simile
3233 565 3469 644 judicio

1898 651 2294 730 Theologico‚
2337 652 2434 713 vel
2466 653 2840 732 prudentiali
2863 676 2882 730 3
2914 673 3053 733 quae
3081 659 3295 719 omnia
3341 676 3468 720 non

1902 763 2034 806 esse
2063 745 2464 824 impossibilia
2488 765 2598 825 per
2619 765 2682 808 se
2709 753 2902 826 patet.
2941 749 3078 810 Non
3111 756 3316 814 tamen
3341 771 3471 814 cre-

1902 837 1983 900 do
2003 839 2356 916 hujusmodi
2370 840 2677 918 judicium
2712 859 2840 902 esse
2878 842 3238 923 simpliciter
3263 864 3469 908 neces-

1903 933 2160 1008 sarium,
2191 938 2326 994 tum
2355 933 2500 1012 quia
2525 933 2698 996 nulla
2725 939 2816 994 est
2843 935 3000 996 ratio
3022 955 3158 1016 quae
3187 945 3363 1016 cogat
3389 939 3468 1000 ad

1904 1025 2281 1106 exigendum
2300 1025 2457 1087 illud
2471 1043 2490 1106 3
2514 1033 2650 1089 tum
2671 1028 2885 1104 etiam,
2918 1031 3064 1108 quia
3087 1031 3166 1091 ad
3193 1031 3468 1092 debitam

1902 1118 2224 1195 fiduciam,
2253 1125 2314 1182 et
2348 1119 2798 1182 excludendam
2841 1139 3090 1184 omnem
3133 1123 3469 1187 dubitatio·

1900 1231 2047 1274 nem
2075 1213 2651 1292 reprehensibilem,
2693 1215 2841 1278 satis
2888 1223 2978 1276 est
3017 1216 3280 1280 firmiter
3299 1219 3472 1298 judi-

1898 1325 2063 1382 care,
2095 1325 2220 1368 non
2251 1308 2449 1368 solum
2485 1307 2548 1370 in
2579 1324 2828 1386 genere,
2860 1309 2966 1370 sed
3001 1311 3190 1372 etiam
3239 1311 3306 1372 in
3353 1312 3469 1374 hoc

1897 1401 2086 1476 fact0,
2118 1420 2216 1464 me
2244 1403 2723 1482 impetraturum
2758 1403 2921 1482 quod
2965 1404 3247 1482 intendo,
3289 1407 3472 1470 certi-

1898 1495 2114 1556 tudine
2169 1495 2628 1572 conditionata,
2696 1495 2779 1562 Si
2823 1516 2937 1580 per
2987 1516 3079 1560 me
3127 1516 3246 1560 non
3294 1505 3470 1564 stete-

1899 1591 2013 1664 rit,
2048 1594 2166 1650 etc.
2199 1588 2370 1662 Quod
2403 1590 2589 1650 etiam
2633 1609 2668 1650 a
2698 1589 2875 1668 signo
2902 1590 2998 1652 vel
3028 1591 3246 1654 affectu
3277 1599 3464 1673 patet.

1902 1682 2056 1744 Nam
2082 1699 2220 1743 cum
2248 1680 2472 1762 aliquis
2501 1689 2853 1762 patraturus
2887 1690 2980 1745 est
3007 1685 3380 1748 miraculum
3402 1687 3470 1748 in

1902 1773 2026 1836 alio
2056 1774 2332 1852 homine,
2362 1783 2562 1856 potest
2586 1775 2812 1838 habere
2845 1775 3031 1840 fidem
3063 1778 3232 1840 illam
3263 1781 3472 1860 requi-

1902 1867 2085 1928 sitam
2126 1869 2258 1931 sine
2302 1887 2462 1930 nova
2508 1869 2920 1950 revelatione;
2973 1877 3036 1932 et
3078 1878 3286 1935 tamen
3343 1891 3470 1935 non

1902 1967 2106 2042 potest
2154 1961 2316 2024 ferre
2353 1963 2661 2043 judicium
2705 1964 2792 2024 ita
2843 1973 3104 2043 certum,
3156 1967 3304 2047 quia
3343 1985 3470 2032 non

1902 2055 2137 2134 pendet
2174 2068 2324 2118 tunc
2370 2075 2446 2117 ex
2505 2056 2649 2117 solis
2709 2058 2950 2120 actibus
2987 2061 3252 2140 propriis
3283 2106 3303 2137 ,
3362 2061 3470 2124 sed

1904 2147 2095 2208 etiam
2139 2167 2217 2210 ex
2259 2148 2658 2230 dispositione
2696 2149 2973 2227 alterius,
3026 2171 3166 2233 quae
3207 2154 3300 2215 illi
3343 2171 3470 2216 nou

1904 2244 2054 2302 satis
2082 2250 2250 2303 certo
2278 2250 2512 2304 constat
2540 2244 2674 2306 sine
2703 2245 3116 2322 revelatione3
3149 2265 3320 2328 ergo,
3348 2255 3465 2312 eto.

1986 2334 2048 2395 6.
2080 2332 2340 2398 Dubium
2366 2337 2710 2412 secandum,
2741 2335 2837 2400 cui
2853 2337 3040 2402 simul
3061 2345 3119 2403 et
3145 2343 3472 2424 quaestioni

1901 2427 2246 2510 principali
2295 2449 2422 2494 ana
2459 2431 2786 2494 assertione
2825 2431 3472 2514 satisfit—Probatur

1896 2521 2099 2602 primo
2127 2540 2202 2584 esc
2234 2519 2586 2603 Scriptura.
2607 2558 2684 2569 —
2705 2523 2800 2588 Et
2818 2525 3235 2604 confirmatur.
3265 2562 3342 2574 -
3369 2527 3470 2592 Ai-

1905 2620 2040 2676 tera
2068 2615 2324 2694 quaestio
2356 2621 2468 2690 est,
2501 2616 2800 2695 quidnam
2828 2616 3080 2680 illorum
3109 2621 3323 2697 trium,
3361 2641 3471 2684 no·

1904 2707 2075 2771 mine
2093 2709 2239 2788 fidei
2263 2708 2692 2774 miraculorum
2719 2709 3120 2790 significetur.
3160 2713 3255 2774 Ad
3279 2715 3466 2794 quod,

1904 2808 1968 2862 et
2003 2801 2079 2862 ad
2109 2808 2302 2862 totam
2347 2803 2633 2864 sectionis
2672 2803 3147 2883 dubitationem,
3201 2807 3470 2870 breviter

1903 2895 2245 2975 respondeo
2270 2894 2456 2958 fidem
2488 2895 2683 2973 illam,
2710 2915 2898 2977 quam
2923 2899 3238 2980 Scriptura
3264 2902 3470 2981 requi·

1906 2989 1989 3048 rit
2021 2989 2101 3050 ad
2129 2989 2431 3069 patranda
2455 2989 2775 3066 miracula,
2822 2991 3025 3072 quoad
3063 2993 3470 3056 substantiam

1907 3089 1970 3143 et
1999 3082 2352 3158 essentiam,
2399 3101 2528 3143 esse
2554 3083 2759 3163 ipsum
2788 3089 2997 3146 actum
3043 3084 3369 3148 Catholicae
3399 3087 3471 3148 fl·

1906 3174 2030 3252 dei,
2060 3179 2147 3235 ita
2177 3175 2454 3236 elicitum
2474 3183 2532 3238 et
2551 3177 2926 3257 applicatum
2953 3178 3033 3239 ad
3060 3177 3177 3242 hoc
3203 3183 3471 3258 particu-

1906 3268 2038 3330 lare
2063 3268 2323 3344 factum,
2378 3275 2450 3329 ut
2501 3273 2685 3348 possit
2733 3289 3031 3349 generare
3077 3271 3249 3334 illam
3300 3272 3469 3334 fidu⁴

1906 3363 2095 3438 ciam,
2121 3367 2184 3424 et
2225 3367 2397 3424 actus
2427 3363 2579 3424 alios
2621 3366 2996 3426 necessarios
3028 3365 3104 3427 ad
3135 3367 3474 3446 impetran-

1904 3456 2057 3518 dum
2093 3457 2483 3518 miraculum.
2527 3456 2701 3518 Hanc
2749 3458 3205 3522 conclusionem
3256 3467 3471 3524 tenent

1904 3559 2186 3611 auctores
2231 3549 2512 3611 secundae
2555 3552 2905 3628 sententiae,
2961 3559 3023 3614 et
3068 3570 3206 3616 eam
3247 3554 3470 3634 colligo

1903 3643 2212 3722 imprimis
2244 3642 2406 3706 clare
2442 3661 2522 3705 ex
2562 3645 2763 3724 primo
2791 3644 2870 3705 ad
2915 3646 3193 3708 Corinth.
3225 3647 3470 3710 decimo

1903 3739 2088 3799 tertio
2121 3753 2139 3797 ι
2173 3737 2256 3800 Si
2282 3738 2536 3800 habuero
2565 3755 2791 3802 omnem
2803 3739 3004 3819 fidem,
3026 3739 3120 3804 ita
3141 3747 3213 3806 at
3239 3747 3469 3808 montes

1905 3836 2276 3904 transferam
2299 3875 2321 3908 ,
2382 3830 2491 3892 ubi
2543 3849 2826 3912 expresse
2875 3831 3152 3914 loquitur
3209 3835 3287 3896 de
3346 3834 3469 3900 fide

1902 3923 2266 4003 Theologali
2291 3931 2354 3984 et
2380 3924 2705 4001 catholica,
2728 3935 2790 3987 et
2818 3942 2956 3986 eam
2977 3935 3292 4004 comparat
3322 3947 3466 3991 cum

1904 4017 2240 4093 charitate;
2273 4017 2439 4079 unde
2465 4025 2674 4099 postea
2696 4017 3040 4082 concludit:
3063 4021 3322 4085 Manent
3345 4023 3470 4088 Itoec

1904 4113 2055 4186 tria,
2071 4113 2247 4189 fides,
2273 4128 2410 4193 spes
2437 4116 2492 4176 et
2517 4111 2807 4176 charitas.
2829 4109 3059 4174 Similis
3085 4112 3254 4175 locus
3278 4111 3467 4178 estad

1902 4205 2093 4268 Hebr.
2131 4204 2483 4267 undecimo.
2517 4205 2674 4267 Nam
2695 4204 2805 4266 illa
2830 4205 2974 4282 fide,
2996 4223 3186 4287 quam
3213 4205 3442 4270 definio

1903 4305 2003 4360 rat
2043 4316 2168 4362 esse
2189 4298 2596 4364 substantiam
2649 4305 2795 4375 etc„
2827 4305 2884 4362 et
2907 4299 3041 4361 sine
3080 4319 3206 4381 qua
3230 4298 3470 4362 dixerat

1906 4409 2030 4456 esse
2060 4390 2424 4473 impossibile
2447 4345 2686 4472 placbe
2712 4391 2856 4470 Deo,
2888 4390 3040 4452 dicit
3071 4399 3315 4474 patrata
3341 4413 3470 4458 esse

1906 4485 2204 4548 miracula
2237 4507 2251 4546 ε
2294 4487 2461 4564 Hac,
2500 4485 2722 4566 inquit,
2755 4485 2876 4563 fide
2913 4490 3300 4568 susceperunt
3331 4506 3470 4550 ma-

1906 4580 2086 4643 tieres
2114 4581 2182 4643 de
2212 4581 2650 4644 resurrectione
2668 4585 2934 4644 mortuos
2955 4597 3122 4658 auor,
3147 4587 3291 4657 etc„
3322 4589 3468 4658 etc„

1905 4674 1971 4736 id
1996 4680 2113 4750 est,
2141 4673 2550 4735 obtinuerunt
2569 4675 3083 4736 resurrectionem
3102 4692 3356 4736 suorum
3379 4675 3473 4736 vi·

1906 4786 2141 4831 rorum.
2200 4769 2501 4829 Praeterea
2549 4767 2909 4830 testimonia
2969 4785 3160 4849 supra
3210 4768 3474 4838 adducta

1908 4880 1984 4924 ex
2013 4861 2231 4925 Matth.
2265 4861 2431 4924 idem
2466 4862 2611 4923 satis
2641 4861 3035 4924 confirmant.
3067 4861 3223 4924 Nam
3254 4861 3473 4926 eadem

1907 4956 2060 5018 fides
2088 4955 2534 5018 miraculorum
2581 4963 2834 5018 vocatur
2879 4955 3230 5035 credulitas,
3284 4964 3347 5020 et
3379 4959 3472 5021 ei-

1906 5050 2050 5112 dem
2078 5050 2304 5112 dicitur
2333 5069 2684 5131 repugnare
2723 5050 3009 5129 dubium,
3047 5053 3268 5115 Matth.
3312 5052 3473 5116 deci·

1907 5163 2012 5206 mo
2060 5152 2281 5224 quarto
2311 5163 2326 5208 :
2353 5147 2613 5210 Modieoe
2652 5147 2797 5227 fidei
2814 5191 2836 5222 ‚
2886 5165 3072 5228 quare
3127 5147 3474 5212 dubitasti?

1908 5239 2126 5300 Matth.
2154 5239 2194 5301 8
2224 5260 2238 5298 :
2273 5237 2419 5303 Noa
2443 5240 2648 5303 inveni
2676 5243 2913 5304 tantam
2923 5243 3103 5321 fidem
3129 5239 3196 5302 iat
3223 5243 3429 5305 Israel
3449 5266 3476 5316 ;

1908 5339 1972 5394 et
1995 5332 2202 5394 subdit
2234 5349 2249 5393 ε
2300 5333 2476 5406 Vade,
2510 5336 2672 5398 sieut
2711 5335 3026 5398 credidisti
3068 5335 3186 5412 fiat
3209 5335 3338 5398 ‘tibi
3356 5361 3382 5408 ;
3413 5343 3476 5397 et

1909 5430 2098 5492 Marc.
2129 5429 2168 5489 9
2205 5445 2220 5490 :
2257 5427 2472 5493 Urmia
2518 5426 2838 5512 possibilia
2881 5431 3028 5491 sunt
3071 5429 3335 5492 credenti
3341 5453 3370 5503 ,·
3413 5435 3477 5492 et

1912 5525 2056 5586 Luc.
2089 5527 2160 5584 -ΙἾ
2192 5543 2206 5587 :
2241 5522 2321 5588 Si
2349 5523 2680 5588 habueritis
2710 5523 2883 5601 fidem
2908 5523 3068 5586 sicat
3087 5541 3348 5602 ,eranum
3371 5540 3476 5603 sy-
