3900 6217
593 404 713 471 484

593 514 673 576 ad
703 512 964 575 dubium
987 510 1401 573 necessarium
1439 518 1533 575 est
1555 516 1628 573 ut
1655 510 1797 573 talis
1832 511 2149 593 suspensio

594 608 831 669 oriatur
869 624 948 667 ex
991 604 1198 685 aliqua
1239 604 1616 683 cognitione,
1653 624 1765 685 per
1805 622 1994 685 quam
2021 622 2155 665 mo-

595 701 723 762 tiva
749 698 1060 779 proposita
1101 698 1178 758 ad
1214 697 1592 759 credendum
1638 699 1756 759 hoc
1783 699 1880 759 vel
1913 704 2153 759 contra·

593 796 781 869 rium,
828 792 1260 855 insufficientia
1299 793 1766 865 existimentur3
1803 792 1905 853 sed
1952 792 2153 853 Chris-

595 884 1048 947 tianushabens
1075 884 1265 946 talem
1290 884 1815 946 existimationem
1835 883 1912 945 de
1929 884 2154 945 verita-

592 988 654 1041 te
681 980 822 1041 fidei
847 1024 866 1054 ,
902 996 974 1039 eo
999 980 1129 1058 ipso
1158 985 1324 1039 errat
1356 979 1422 1039 in
1448 977 1604 1053 fide3
1635 996 1782 1057 ergo
1815 977 1867 1037 si
1887 976 1950 1036 id
1972 976 2155 1037 faciat

593 1091 740 1135 cum
764 1072 1125 1153 pertinacia,
1151 1072 1480 1134 haereticus
1517 1078 1628 1132 est.
1657 1071 2040 1132 Antecedens
2065 1070 2155 1131 vi-

595 1168 774 1229 detur
800 1184 909 1247 per
927 1184 992 1227 se
1015 1165 1433 1240 manifestum3
1464 1166 1612 1245 quia
1639 1165 2151 1245 quotiescumque

593 1259 937 1322 intellectus
956 1276 1083 1321 non
1110 1259 1514 1319 necessitatur
1544 1258 1622 1319 ad
1664 1274 2006 1331 assensum,
2038 1274 2149 1335 po-

593 1358 713 1415 test
744 1350 932 1412 homo
961 1370 1072 1433 pro
1097 1369 1207 1412 sua
1233 1350 1514 1413 libertate
1543 1350 1723 1412 ilium
1751 1349 2145 1430 suspendere,

593 1464 723 1507 non
759 1444 908 1523 quia
949 1444 1210 1519 dubitet,
1256 1444 1362 1505 sed
1412 1444 1561 1523 quia
1607 1443 1740 1503 vult
1771 1444 2027 1504 fortasse
2072 1442 2149 1503 de

595 1539 730 1600 aliis
753 1537 935 1600 rebus
953 1538 1258 1613 dubitare,
1289 1543 1399 1597 aut
1416 1537 1711 1617 cogitare,
1734 1544 1841 1597 aut
1863 1556 1977 1617 pro
2000 1543 2149 1597 tunc

592 1633 848 1695 omnino
877 1630 957 1692 ab
977 1638 1121 1691 actu
1153 1648 1406 1693 cessare.
1439 1630 1606 1691 Alias
1635 1631 1744 1709 qui
1786 1647 1914 1691 non
1961 1629 2149 1691 elice-

594 1731 689 1788 ret
715 1732 921 1787 actum
947 1722 1094 1785 fidei
1136 1724 1644 1802 quotiescumque
1690 1722 1901 1802 aliqua
1931 1739 2151 1802 propo-

595 1820 737 1882 sitio
764 1818 956 1880 menti
998 1816 1284 1892 occurrit,
1332 1822 1396 1877 et
1425 1814 1755 1889 dubitaret,
1790 1821 1853 1877 et
1881 1816 2153 1895 graviter

595 1917 898 1995 peccaret,
929 1908 1092 1990 quod
1121 1914 1214 1969 est
1251 1907 1622 1984 absurdum3
1664 1927 1811 1987 ergo
1837 1926 1968 1970 non
2008 1924 2147 1969 om-

597 2007 694 2066 nis
717 2002 1034 2083 suspensio
1063 2008 1235 2063 actus
1257 2000 1403 2063 fidei
1428 2007 1518 2063 est
1546 2001 1886 2077 dubitati03
1913 1999 2151 2081 aliquid

595 2115 744 2177 ergo
796 2095 966 2158 aliud
1025 2093 1380 2157 addendum
1442 2100 1554 2156 est.
1621 2094 1798 2157 Unde
1849 2093 2149 2174 probatur

525 2233 528 2235 v
594 2194 796 2273 prima
827 2188 1286 2267 consequentia,
1316 2188 1463 2267 quia
1497 2187 1654 2248 nihil
1686 2187 1855 2249 aliud
1891 2185 2150 2266 cogitari

595 2288 794 2364 potest
819 2282 885 2343 in
933 2280 1046 2342 tali
1087 2281 1486 2360 suspensione
1523 2280 1963 2357 necessarium,
2000 2280 2145 2356 nisi,

596 2376 760 2459 quod
817 2374 1110 2456 procedat
1153 2392 1231 2435 ex
1273 2372 1705 2436 insufficientia
1745 2374 1963 2435 motivi
2004 2392 2149 2453 cog·

595 2473 729 2533 nita
769 2484 832 2531 et
865 2470 1308 2547 consequenter
1327 2468 1604 2546 judicata
1625 2466 1704 2527 ab
1735 2484 1808 2527 eo
1830 2466 1938 2547 qui
1968 2466 2147 2528 dubi-

595 2571 722 2639 tat;
753 2562 853 2625 vel
881 2562 931 2623 si
952 2561 1092 2640 quis
1113 2560 1282 2621 aliud
1303 2560 1600 2640 requirat,
1631 2566 1872 2639 oportet
1897 2558 2148 2621 utillud

593 2657 862 2720 declaret
891 2674 904 2713 t
935 2652 1096 2715 mihi
1123 2653 1289 2715 enim
1314 2652 1586 2733 profecto
1613 2672 1742 2715 non
1765 2654 2055 2729 occurrit,
2085 2661 2151 2715 et

595 2770 668 2814 ex
693 2768 760 2813 re
795 2750 928 2828 ipsa
961 2747 1203 2808 videtur
1237 2746 1354 2807 hoc
1384 2746 1804 2823 manifestum,
1849 2764 1999 2807 nam
2040 2747 2149 2827 qui

593 2844 857 2913 dubitat,
898 2859 1026 2903 non
1067 2842 1190 2901 alia
1235 2841 1476 2901 ratione
1518 2840 1792 2915 dubitat,
1837 2842 1958 2903 nisi
2002 2843 2152 2923 quia

593 2937 998 3001 sufficientem
1047 2936 1350 2996 rationem
1394 2934 1470 2995 ad
1513 2934 1973 2996 assentiendum
2020 2951 2149 2995 non

593 3031 832 3093 invenit
847 3043 868 3107 3
918 3044 1089 3107 ergo,
1143 3033 1214 3087 ut
1263 3026 1503 3087 dubitet
1537 3026 1820 3088 rationali
1851 3033 1914 3087 et
1954 3026 2149 3087 libero

591 3124 800 3199 modo,
829 3128 1014 3203 prout
1055 3137 1224 3183 nunc
1261 3120 1614 3199 loquimur,
1661 3138 1906 3181 necesse
1945 3127 2039 3181 est
2080 3126 2153 3181 ut

591 3223 921 3296 cognoscat
963 3214 1135 3277 illam
1177 3212 1674 3274 insufficientiam
1722 3214 1964 3289 motivi,
1994 3214 2149 3275 etin

590 3330 702 3373 sua
749 3315 960 3371 mente
1001 3308 1187 3369 talem
1232 3307 1404 3368 illam
1458 3314 1702 3385 reputet
1718 3328 1737 3383 ;
1806 3324 1957 3387 ergo
2006 3324 2149 3371 vera

591 3402 898 3466 dubitatio
924 3400 1112 3463 talem
1136 3401 1594 3481 dispositionem
1619 3402 1686 3462 in
1715 3400 2030 3462 intellectu
2048 3419 2148 3462 re-

591 3497 802 3578 quirit.
854 3496 996 3555 Haec
1043 3499 1254 3555 autem
1301 3494 1672 3555 existimatio
1723 3511 1832 3555 seu
1877 3496 2147 3573 cognitio

588 3591 741 3652 falsa
766 3596 860 3651 est
876 3604 897 3666 3
929 3589 1092 3649 unde
1129 3606 1257 3649 non
1285 3586 1550 3649 babetur
1589 3588 1722 3648 sine
1752 3586 1960 3667 aliquo
1980 3588 2147 3666 judi-

589 3684 684 3745 cio
732 3699 990 3745 erroneo
1009 3725 1030 3756 ,
1089 3680 1234 3761 quia
1285 3681 1562 3759 judicare
1620 3679 1778 3740 nihil
1831 3680 2001 3741 aliud
2054 3686 2148 3741 est

586 3793 776 3857 quam
789 3791 1152 3853 cognoscere
1169 3772 1402 3853 aliquid
1420 3772 1544 3834 tale
1563 3789 1692 3834 esse
1711 3772 1812 3834 vel
1829 3791 1956 3833 non
1978 3791 2105 3835 esse
2122 3788 2143 3851 3

589 3886 736 3947 erga
775 3868 920 3929 talis
970 3866 1272 3928 dubitatio
1293 3931 1298 3937 ,
1318 3864 1580 3927 includit
1625 3865 1934 3945 judicium
1982 3884 2147 3927 erro-

589 3978 778 4023 neum
820 3961 888 4021 in
934 3958 1080 4035 fide,
1127 3978 1201 4023 ac
1242 3959 1502 4041 proinde
1539 3978 1665 4021 non
1716 3965 1810 4021 est
1847 3960 1981 4022 sine
2022 3958 2147 4021 hae-

589 4072 735 4116 resi.

669 4149 768 4208 14.
820 4146 1248 4227 consto-malm.
1277 4178 1360 4193 -—
1402 4145 1556 4211 Cani
1583 4148 1782 4210 evasio
1819 4148 2148 4224 manifeste

584 4240 773 4323 falsa.
798 4272 880 4285 —
900 4240 976 4300 Et
993 4237 1396 4301 confirmatur
1425 4241 1810 4321 simpliciter,
1842 4246 1904 4302 et
1934 4239 2015 4301 ad
2036 4240 2148 4301 ho-

586 4334 848 4405 minem,
873 4332 1019 4412 quia
1045 4333 1132 4393 sic
1168 4332 1456 4394 dubitans
1493 4334 1726 4394 amittit
1763 4332 2049 4395 habitum
2073 4333 2143 4393 fi-

588 4423 690 4486 dei
717 4425 969 4501 infusae3
994 4443 1143 4505 ergo
1171 4433 1264 4487 est
1291 4425 1639 4504 haereticus3
1671 4443 1818 4505 ergo
1846 4427 1951 4488 illa
1972 4426 2148 4488 dubi·

586 4518 740 4578 tatio
769 4525 858 4579 est
879 4518 1146 4579 haeresis.
1185 4518 1568 4581 Antecedens
1596 4519 1932 4581 admittunt
1956 4520 2143 4595 Cano,

589 4617 652 4671 et
673 4610 782 4671 alii
809 4617 1088 4673 auctores
1115 4612 1440 4672 contrarias
1481 4614 1824 4687 sententias,
1865 4622 1928 4673 et
1961 4614 2148 4674 meri-

588 4709 692 4775 to;
726 4704 870 4783 quia
907 4702 993 4763 sic
1021 4702 1310 4763 dubitans
1335 4710 1430 4764 est
1461 4703 1858 4783 indispositus
1898 4706 1978 4766 ad
2016 4723 2147 4767 cre-

589 4792 862 4855 dendum
883 4794 1115 4875 aliquid
1131 4795 1208 4856 de
1227 4794 1348 4857 fide
1363 4796 1686 4873 catholica,
1709 4798 1866 4859 sicut
1879 4805 2142 4880 oportet,

587 4888 652 4949 id
695 4894 804 4964 est,
846 4895 1010 4948 certo
1053 4893 1114 4949 et
1155 4886 1438 4963 firmiter,
1465 4891 1644 4969 juxta
1672 4890 1828 4951 illud
1865 4891 2147 4971 Symboli

588 4980 947 5041 Athanasii:
981 4980 1142 5043 Hoec
1166 4987 1257 5044 est
1281 4984 1432 5059 fides
1459 4983 1790 5058 catholica,
1819 5002 1999 5065 quam
2020 4986 2150 5048 ‘nisi

588 5074 839 5155 quisque
858 5072 1004 5152 fidel
1033 5078 1126 5137 ter
1151 5074 1530 5158 firmiterque
1567 5075 1904 5153 crediderit,
1939 5078 2150 5141 salvus

587 5183 708 5227 non
730 5183 856 5229 esse
870 5166 1094 5245 poterit
1117 5190 1146 5239 ;
1193 5169 1303 5247 qni
1351 5178 1560 5230 autem
1595 5169 1670 5231 de
1714 5188 1842 5231 uno
1883 5169 2145 5245 dubitat,

587 5275 830 5319 necesse
861 5264 952 5319 est
974 5264 1044 5319 ut
1085 5258 1163 5321 de
1204 5260 1492 5321 omnibus
1541 5262 1805 5337 dubitet,
1835 5264 1983 5343 quia
2022 5282 2149 5325 non

589 5359 680 5412 est
731 5353 932 5430 major
973 5353 1132 5413 ratio
1161 5355 1546 5417 certitudinis
1587 5356 1654 5415 in
1691 5374 1816 5419 uno
1859 5376 2046 5438 quam
2082 5360 2151 5419 in

587 5444 712 5505 alio
726 5461 747 5523 3
775 5447 932 5507 sicut
959 5446 1067 5527 qui
1096 5465 1293 5508 unum
1313 5454 1523 5527 negat,
1553 5450 1779 5511 virtute
1801 5452 2015 5512 omnia
2042 5468 2151 5515 ne·

587 5544 717 5619 gat,
750 5540 897 5621 quia
925 5557 1054 5600 non
1096 5548 1187 5601 est
1215 5540 1416 5619 major
1442 5542 1602 5603 ratio
1633 5542 1921 5605 credendi
1947 5562 2147 5607 unum

1175 410 1413 465 msrnr.
1447 408 1576 466 XIX.
1613 414 1694 465 DE
1725 406 2110 466 lenELmus
2141 408 2501 475 Apos'rA'rts,
2537 412 2653 466 sm}
2688 410 3048 477 HAERETlClS,
3084 411 3215 465 Ere.

2230 530 2415 593 quam
2446 512 2640 588 aliud,
2667 532 2738 575 ac
2762 520 3083 593 propterea
3108 518 3302 573 totam
3326 510 3511 573 fidem
3526 512 3738 595 amittit;
3834 526 3836 591 ξ

2232 606 2399 667 idem
2428 624 2575 686 ergo
2607 608 2795 668 estin
2835 605 3179 666 dubitante.
3226 604 3435 665 Prima
3476 622 3609 667 vero
3631 624 3743 667 con-
3834 616 3836 621 ⁴

2234 700 2555 779 sequeutia
2597 698 2915 779 probatur,
2944 698 3093 777 quia
3132 696 3235 759 ille
3273 702 3369 757 est
3396 696 3674 775 infideli53
3699 706 3747 759 ct
3835 684 3836 737 Ῐ

2236 811 2361 852 nou
2392 810 2671 873 paganus
2726 810 2839 852 nec
2881 792 3162 868 Judaeus3
3217 808 3367 868 ergo
3413 796 3503 850 est
3542 788 3747 853 haereti·
3835 846 3836 851 ,

2234 902 2344 945 cus
2368 930 2387 960 ,
2442 885 2589 963 quia
2638 904 2765 945 non
2816 889 2907 945 est
2960 882 3083 943 alia
3132 882 3364 961 species
3421 882 3743 945 infidelium.

2234 978 2581 1058 Respondet
2601 979 2765 1039 Cano
2784 976 2962 1039 illum
2984 996 3114 1044 esse
3133 974 3446 1037 infidelem
3468 976 3745 1055 privative,
3835 1044 3836 1047 Ἴ

2236 1090 2361 1131 non
2391 1072 2715 1147 contrarie,
2758 1077 2819 1133 et
2846 1072 2983 1132 ideo
3024 1069 3139 1131 sub
3167 1068 3289 1129 illis
3327 1068 3631 1149 speciebus
3649 1088 3749 1130 non

2231 1167 2556 1228 contineri.
2602 1165 2722 1227 Sed
2752 1166 2869 1225 hoc
2914 1165 3159 1227 videtur
3190 1162 3515 1224 manifeste
3542 1162 3747 1237 falsum,

2231 1260 2376 1339 quia
2412 1277 2596 1322 nemo
2620 1265 2712 1321 est
2756 1257 3021 1319 infidelis
3048 1256 3380 1337 privative,
3410 1254 3531 1315 nisi
3556 1256 3652 1333 qui
3679 1257 3751 1315 ni-

2229 1352 2320 1414 hil
2371 1353 2603 1428 credit,
2651 1352 2751 1415 vel
2792 1352 3003 1413 omnia
3065 1351 3319 1428 ignorat
3372 1348 3748 1427 culpabiliter5

2230 1464 2377 1508 nam
2401 1446 2508 1526 qui
2532 1446 2719 1506 fidem
2746 1446 2967 1507 Christi
2987 1442 3200 1518 habet,
3228 1442 3375 1503 licet
3403 1441 3627 1521 aliquid
3650 1460 3749 1503 non

2231 1538 2438 1600 credat
2466 1546 2716 1619 propter
2752 1538 3169 1617 ignorantiam
3212 1533 3581 1615 culpabilem
3596 1579 3613 1608 ,
3652 1552 3749 1596 non

2231 1637 2322 1693 est
2348 1631 2637 1709 infidelis,
2675 1630 2954 1711 utsupra
2984 1630 3220 1690 dictum
3244 1634 3377 1701 est3
3406 1633 3473 1687 at
3504 1644 3638 1685 vero
3660 1626 3747 1687 iste

2232 1725 2340 1804 qui
2365 1724 2439 1809 de
2464 1742 2592 1786 uno
2614 1725 2875 1786 articulo
2902 1723 3166 1796 dubitat,
3196 1721 3471 1782 aliorum
3493 1718 3661 1779 fidem
3678 1736 3747 1781 re-

2231 1818 2412 1894 tinet,
2468 1824 2772 1898 quantum
2808 1806 2889 1879 ad
2929 1834 3273 1891 assensum,
3318 1820 3385 1875 et
3410 1812 3741 1874 voluntatem

2231 1910 2556 1989 credendi;
2588 1930 2735 1991 ergo
2767 1928 2893 1972 non
2920 1914 3119 1990 potest
3148 1907 3272 1969 dici
3298 1905 3569 1968 infidelis
3586 1907 3739 1985 priva·

2228 2005 2389 2080 tive3
2426 2010 2486 2066 et
2519 2011 2815 2085 pneterea
2866 2003 2995 2065 sola
3024 2002 3286 2083 privatio
3320 2017 3599 2061 assensus
3622 1999 3741 2059 cirea
3835 2064 3836 2073 χ

2229 2116 2426 2158 unum
2469 2096 2801 2160 articulum
2836 2115 2962 2158 non
2990 2102 3085 2157 est
3123 2094 3439 2156 sufficiens
3482 2092 3745 2171 dispositio

2229 2192 2305 2253 ad
2334 2190 2671 2253 tollendam
2698 2196 2891 2252 totam
2920 2189 3131 2265 fidem,
3163 2187 3286 2249 nisi
3316 2186 3643 2247 intercedat
3661 2184 3745 2246 ali·
3835 2178 3836 2231 ἶ

2228 2301 2352 2363 qua
2379 2283 2694 2365 dispositio
2724 2283 3033 2345 contraria
3072 2280 3436 2343 certitudini
3476 2278 3650 2339 totius
3692 2277 3747 2337 fi-

2228 2378 2352 2453 dei,
2379 2384 2452 2439 ut
2468 2380 2600 2458 jam
2637 2376 2892 2458 probavi
2920 2382 2982 2437 et
3008 2374 3357 2451 declaravi3
3410 2390 3555 2451 ergo
3580 2376 3641 2431 ut
3670 2370 3747 2431 ille

2228 2472 2309 2533 sit
2335 2471 2623 2548 infidelis,
2661 2486 2905 2533 necesse
2928 2473 3019 2530 est
3056 2477 3128 2529 ut
3155 2484 3285 2528 non
3314 2472 3558 2527 tantum
3586 2464 3747 2543 priva·
3835 2472 3836 2535 j

2227 2564 2376 2642 tive,
2418 2563 2523 2625 sed
2567 2564 2753 2625 etiam
2810 2562 3117 2624 contrarie
3166 2560 3307 2621 talis
3336 2558 3419 2620 sit
3439 2574 3459 2636 3
3508 2563 3593 2619 est
3632 2574 3748 2633 ergo
3835 2562 3836 2569 ’

2227 2655 2574 2734 haereticuS,
2607 2662 2668 2718 et
2714 2660 3159 2736 consequenter
3182 2654 3318 2733 ipsa
3354 2650 3645 2711 dubitatio
3679 2654 3750 2708 est

2228 2749 2499 2827 haeresis,
2521 2750 2669 2830 quia
2709 2749 3035 2811 haereticus
3058 2744 3137 2807 ab
3164 2745 3388 2806 haeresi
3434 2742 3749 2803 denomina·
3835 2814 3836 2821 ἵ

2230 2850 2354 2918 tur,
2398 2850 2468 2905 ut
2516 2846 2779 2905 sectione
2808 2842 3090 2923 sequenti
3116 2840 3349 2900 dicam.
3394 2836 3577 2915 (vide
3600 2850 3749 2913 supra

2228 2938 2415 3013 dicta,
2446 2937 2602 3017 disp.
2638 2939 2737 3012 16,
2773 2942 2917 2997 sect.
2948 2938 3047 3013 1.)

2314 3032 2412 3091 15.
2456 3030 2560 3093 Ad
2583 3031 2854 3110 prim-um
2882 3029 3347 3106 fundamentum
3392 3027 3463 3087 in
3508 3042 3659 3086 num.
3698 3025 3745 3082 9.

2228 3124 2441 3186 -Ad
2476 3124 2800 3187 secundum
2835 3123 2982 3183 ibid.
3026 3154 3105 3167 —
3152 3121 3357 3200 Atque
3408 3120 3498 3179 ita
3538 3133 3749 3195 respon·

2230 3234 2369 3277 sum
2402 3222 2491 3277 est
2534 3217 2611 3278 ad
2640 3216 2980 3297 principale
3020 3214 3505 3275 fundamentum
3546 3214 3747 3271 contra·

2227 3310 2335 3370 riae
2365 3310 2707 3386 sententiae,
2738 3308 3036 3389 quiajam
3074 3306 3459 3393 declaratum
3504 3308 3593 3365 est
3626 3318 3745 3379 quo-

2225 3403 2411 3464 modo
2458 3420 2605 3465 vera
2647 3402 2948 3463 dubitatio
2988 3418 3112 3461 non
3152 3405 3241 3461 est
3278 3401 3416 3461 sine
3447 3398 3639 3476 aliquo
3672 3410 3747 3453 er·

2225 3514 2363 3557 rore
2390 3498 2688 3575 positivo:
2723 3514 2847 3556 non
2876 3494 3126 3575 quidem
3156 3494 3319 3554 circa
3347 3490 3661 3552 articulum
3686 3485 3745 3545 de

2226 3607 2351 3669 quo
2374 3590 2714 3664 dubitatur,
2746 3588 2949 3667 quoad
2972 3587 3297 3648 veritatem
3322 3587 3477 3665 ejus,
3509 3585 3745 3660 respectu

2226 3682 2401 3761 cujus
2428 3682 2653 3742 dicitur
2677 3682 2810 3742 hoeo
2850 3680 3155 3741 dubitatio
3188 3680 3503 3758 negativa,
3538 3674 3630 3735 sed
3672 3689 3744 3732 re-

2227 3780 2437 3854 spectu
2464 3773 2847 3836 certitudinis
2886 3772 3107 3834 debita»,
3149 3774 3389 3833 motivo
3430 3769 3569 3831 fidei
3606 3764 3744 3827 suffi-

2226 3867 2458 3929 cienter
2486 3868 2817 3947 proposito.
2850 3867 2927 3927 Et
2956 3865 3173 3927 eadem
3206 3864 3522 3946 responsio
3564 3866 3649 3921 est
3684 3855 3743 3916 ad

2228 3960 2591 4036 secundum,
2625 3960 2769 4039 quia
2796 3959 2914 4021 hoc
2948 3958 3171 4021 sufficit
3209 3966 3278 4019 ut
3307 3954 3605 4019 dubitatio
3642 3968 3741 4011 non

2226 4060 2470 4114 tantum
2526 4054 2851 4134 privative,
2882 4054 2989 4114 sed
3044 4052 3235 4115 etiam
3290 4048 3591 4114 contrarie
3628 4041 3741 4103 fidei

2226 4155 2593 4228 opponatur.

2307 4243 2405 4302 16.
2458 4238 2640 4305 Circa
2668 4240 2915 4303 tertium
2931 4240 3389 4311 fundamentum
3400 4238 3469 4301 iu
3498 4236 3669 4299 eodem
3690 4250 3739 4293 u.

2224 4334 2287 4409 9,
2305 4333 2601 4397 sententia
2631 4334 2858 4407 (Ia-etr„
2880 4331 3073 4416 Araq.
3104 4339 3163 4397 et
3186 4330 3741 4413 Aaor.-Jmpu9m-
3835 4380 3836 4385 ,

2227 4430 2352 4490 tur·
2378 4460 2462 4473 —
2487 4428 2639 4493 Vara
2672 4427 2960 4489 resolutio
3012 4426 3165 4489 dicti
3214 4425 3572 4509 aryumenti.
3594 4452 3667 4467 —
3689 4420 3744 4478 ln
3835 4414 3836 4471 Ξ

2224 4521 2409 4583 tertio
2442 4537 2587 4581 vero
2620 4524 2988 4598 argumento
3020 4518 3189 4579 illins
3234 4517 3576 4597 opinionis,
3618 4509 3743 4592 peti-

2228 4622 2331 4675 tur
2374 4632 2455 4674 an
2483 4613 2723 4692 opinari
2760 4612 2835 4673 de
2877 4610 3066 4672 rebus
3091 4609 3260 4686 fidei,
3290 4626 3535 4671 assensu
3560 4606 3744 4685 opina·

2226 4706 2355 4766 tivo
2401 4706 2540 4766 illas
2590 4705 2892 4767 credendo
2918 4748 2933 4775 ,
2978 4704 3057 4765 ad
3100 4703 3383 4765 haeresim
3430 4700 3737 4783 pertineat;

2226 4799 2291 4859 id
2314 4799 2483 4859 enim
2510 4798 2823 4859 affirmant
2850 4798 3082 4873 Castro,
3112 4798 3381 4875 Aragon.
3414 4801 3477 4857 et
3501 4794 3660 4854 Azor.
3688 4788 3741 4846 in

2225 4891 2377 4953 locis
2398 4892 2619 4967 citatis,
2650 4891 2943 4970 quoniam
2958 4891 3045 4951 sic
3058 4890 3321 4970 opinans
3348 4888 3601 4959 dubitat,
3622 4894 3740 4943 cum

2229 4984 2440 5066 opinio
2490 4985 2765 5047 includat
2794 4984 3231 5059 formidinem,
3260 4982 3521 5045 formido
3564 4982 3739 5038 autem

2230 5079 2517 5158 quaedam
2562 5077 2865 5138 dubitatio
2911 5078 2993 5139 sit
3034 5076 3325 5139 timorem
3364 5070 3629 5136 salsitatis
3660 5068 3740 5126 in·

2230 5170 2457 5233 ducens
2476 5187 2497 5248 ;
2543 5176 2607 5232 et
2654 5169 2924 5249 allegant
2978 5169 3047 5230 D.
3099 5168 3315 5230 Thom.
3344 5213 3364 5243 ,
3414 5168 3479 5227 in
3514 5167 3543 5225 1
3576 5168 3735 5241 part„

2230 5271 2444 5345 quaest.
2497 5266 2611 5337 32,
2644 5270 2759 5327 art.
2807 5264 2869 5326 4.
2922 5265 3366 5327 Verumtamen
3414 5260 3531 5321 hoo
3578 5252 3737 5315 nimis

2228 5362 2581 5438 rigorosum
2611 5364 2725 5435 est,
2758 5364 2819 5420 et
2854 5358 3051 5419 multa
3078 5356 3319 5435 indiget
3343 5350 3732 5417 declaratione.

2228 5454 2382 5513 Nam
2410 5453 2717 5532 imprimis
2754 5453 2822 5513 D.
2852 5451 3143 5525 Thomas,
3172 5449 3321 5511 locis
3350 5446 3541 5511 citatis
3562 5440 3733 5502 solum

2228 5546 2377 5607 dicit
2405 5548 2649 5626 opinari
2672 5546 2896 5608 falsum
2919 5546 2987 5607 in
3008 5545 3269 5607 materia
3304 5542 3464 5617 fidei,
3492 5554 3607 5601 esse
3630 5532 3735 5593 hae·
