3900 6217
678 411 848 464 SECT.
887 409 967 463 ΙΙΙ.
1004 409 1168 472 Quot)
1199 407 1427 471 Bonum,
1461 407 1540 460 m·
1572 406 1688 459 SUB
1717 405 1844 468 Qua
1875 405 2148 458 RATIONE
2180 405 2277 458 sn·
2310 405 2639 466 nnmerum,
2675 407 2808 459 E‘rc.

165 515 409 599 cipiendi
433 514 506 576 de
533 531 672 592 spe:
709 511 862 572 solet
883 512 1054 572 euim
1085 509 1332 570 definiri
1359 507 1700 588 expectatio

165 616 374 675 futurae
405 605 823 679 beatitudiniS,
877 609 948 664 ut
995 609 1164 683 patet
1193 620 1265 664 ex
1293 603 1604 680 Magistro,
1632 599 1700 661 in

165 711 216 779 ἢ,
249 703 506 764 distinet.
537 701 622 761 26
637 715 656 775 ;
688 703 1008 779 expectare
1036 703 1244 758 autem
1271 714 1398 756 non
1427 700 1520 754 est
1545 693 1702 754 desi-

166 799 378 860 derare.
433 793 844 856 confirmatur
875 792 1100 870 primo,
1141 807 1290 850 nam
1339 787 1472 848 fleri
1503 792 1700 867 potest

167 898 227 953 ut
249 888 462 967 aliquis
484 887 786 948 desideret
807 883 1067 960 bonum,
1091 887 1384 944 ettamen
1413 899 1538 942 non
1563 897 1698 959 spe-

167 991 249 1044 ret
291 999 354 1042 se
399 985 894 1041 consecuturum.
935 975 1241 1049 Secunde,
1294 991 1430 1054 spes
1471 974 1696 1049 inlusa,

167 1075 452 1156 praecipue
480 1072 720 1133 videtur
751 1069 1052 1150 respicere
1091 1085 1236 1129 eum
1265 1068 1332 1128 in
1359 1083 1544 1146 quem
1569 1083 1701 1144 spe·-

169 1185 377 1241 ramus,
417 1165 668 1240 scilicet,
711 1163 904 1223 Deum
917 1177 938 1238 ;
973 1161 1346 1222 desiderium
1375 1166 1583 1220 autem
1608 1159 1704 1219 ni-

166 1261 240 1324 hil
281 1260 542 1339 respicit,
574 1257 696 1318 nisi
730 1273 862 1318 rem
891 1255 1321 1316 desideratam.
1353 1251 1703 1334 Responde-

169 1363 290 1416 tur:
323 1352 457 1412 ideo
489 1349 698 1412 addidi
727 1351 794 1410 in
815 1347 1034 1410 ultima
1057 1354 1229 1428 parte
1265 1345 1700 1421 conclusioniS,

166 1449 273 1510 laoeo
320 1443 786 1508 denominatione
822 1451 878 1505 et
921 1444 1158 1505 ratione
1179 1439 1493 1522 distinqui.
1522 1438 1700 1500 Unde

169 1539 306 1600 ratio
349 1536 640 1598 desiderii
689 1542 751 1596 ct
795 1553 1025 1596 nomen
1072 1535 1258 1595 latius
1297 1537 1466 1613 patet
1511 1550 1546 1610 q
1555 1547 1700 1592 uam

167 1632 279 1712 spei
295 1653 312 1706 3
344 1647 490 1690 nam
519 1627 890 1690 desiderium
919 1628 1143 1688 dicitur
1163 1628 1366 1688 omnis
1392 1624 1700 1705 appetitus

167 1726 292 1788 boni
319 1724 610 1794 absentis,
660 1723 788 1783 sive
829 1722 911 1782 sit
951 1737 1062 1801 per
1089 1721 1342 1780 modum
1369 1725 1544 1780 actus
1567 1735 1700 1796 per·

171 1818 292 1880 fecti
323 1823 386 1878 et
417 1815 708 1891 efficacis,
763 1815 892 1876 sive
930 1813 1276 1893 imperfecti
1307 1829 1421 1892 per
1445 1810 1702 1871 modum

170 1911 469 1973 velleitatis
491 1925 513 1986 3
541 1911 716 1984 item,
747 1909 876 1970 sive
892 1907 1046 1969 illud
1067 1907 1300 1967 bonum
1329 1905 1408 1966 sit
1434 1905 1704 1965 arduum

169 2007 278 2066 sive
313 2003 492 2064 facile
520 2009 583 2064 et
611 2001 1142 2082 proportionatum
1183 1999 1538 2080 appetenti;
1600 1995 1706 2057 de·-

168 2100 336 2178 nique
377 2098 510 2158 sive
559 2097 824 2176 propriis
873 2093 1132 2169 viribuS,
1189 2095 1318 2154 sive
1358 2091 1577 2153 alienis
1626 2090 1708 2150 sit

168 2190 630 2271 comparandum
646 2205 667 2267 ς
719 2207 856 2269 spes
881 2205 1029 2250 vero
1061 2187 1370 2266 imprimis
1397 2184 1708 2264 significat

167 2299 346 2347 actum
378 2283 726 2365 perfectum
759 2301 870 2362 per
913 2282 1165 2343 modum
1209 2281 1548 2341 voluntatis
1573 2278 1708 2340 effi-

169 2379 328 2454 cacis,
373 2386 435 2440 et
468 2395 584 2457 per
611 2395 680 2438 se
718 2381 1002 2436 versatur
1030 2377 1192 2436 circa
1219 2373 1454 2436 bonum
1497 2373 1706 2452 aliquo

173 2473 332 2533 modo
375 2470 671 2544 difficile3
705 2469 869 2530 unde
893 2487 1057 2548 saepe
1099 2469 1296 2530 tendit
1343 2468 1410 2528 in
1444 2467 1704 2543 bouum,

171 2565 312 2644 quod
337 2581 462 2626 non
493 2571 630 2624 tam
667 2563 752 2624 ab
777 2568 1060 2642 sperante
1087 2578 1274 2640 quam
1299 2559 1382 2620 ab
1405 2559 1530 2620 alio
1559 2577 1708 2639 pen-

173 2660 260 2719 det
271 2681 288 2733 3
317 2664 378 2718 et
399 2657 548 2718 ideo
585 2673 714 2717 non
754 2655 951 2716 solum
977 2655 1222 2733 respicit
1244 2655 1480 2715 bonum
1501 2671 1708 2732 spera·

171 2759 307 2828 tum,
332 2752 434 2814 sed
462 2751 658 2813 etiam
691 2750 846 2812 illud
869 2767 907 2812 a
933 2768 1082 2829 quo,
1106 2749 1206 2810 vel
1233 2766 1344 2828 per
1369 2767 1554 2829 quem
1575 2765 1704 2827 spc-

172 2854 340 2918 ratur,
367 2853 672 2926 tanquam
701 2844 1075 2925 principium⁴
1095 2843 1306 2923 aliquo
1333 2842 1518 2903 modo
1539 2842 1708 2902 illius

175 2940 316 3001 honi.
345 2940 646 3014 Quamvis
675 2939 866 3017 igitur
907 2941 977 2998 in
1008 2938 1320 3017 proposito
1339 2935 1505 2997 idem
1538 2941 1710 2995 actus

179 3033 388 3094 realiter
409 3035 492 3093 sit
529 3051 665 3112 spes
695 3037 758 3093 et
789 3031 1187 3103 desiderium,
1219 3030 1588 3090 desiderium
1617 3033 1711 3088 ta-

177 3143 294 3186 men
313 3125 542 3188 dicitur
573 3143 652 3188 ex
687 3125 806 3186 hoe
831 3125 1032 3184 solum
1075 3122 1240 3203 quod
1269 3129 1364 3184 est
1403 3122 1710 3203 appetitus

173 3218 299 3279 boni
324 3215 635 3295 absentis3
667 3235 805 3298 spes
831 3235 980 3280 vero
1007 3218 1259 3291 dieitur,
1291 3223 1592 3297 quatenus
1617 3220 1710 3276 est

171 3317 349 3372 motus
379 3313 694 3393 perfectus
743 3312 813 3371 in
837 3311 1070 3372 bonum
1107 3311 1405 3387 arduum3
1455 3316 1515 3370 et
1569 3309 1709 3369 ideo

175 3405 430 3481 involvit,
481 3412 561 3466 ut
600 3423 736 3486 spes
780 3415 892 3479 est,
941 3404 1308 3466 relationem
1353 3405 1432 3464 ad
1479 3419 1626 3462 eum
1673 3419 1712 3462 a

175 3517 298 3578 quo,
332 3500 428 3560 vel
455 3517 576 3579 per
607 3515 790 3579 quem
823 3515 1141 3578 speramus
1169 3497 1292 3558 tale
1320 3495 1581 3572 bonum,
1633 3497 1714 3558 ad

175 3611 298 3652 eum
333 3595 589 3654 modum
641 3611 764 3672 quo
813 3592 1074 3653 intentio
1125 3591 1267 3651 finis
1318 3591 1577 3652 involvit
1611 3609 1716 3652 vo-

175 3685 450 3747 luntatem
495 3687 884 3763 mediorum3
916 3691 978 3745 et
1015 3685 1128 3744 hoc
1168 3683 1349 3744 modo
1384 3701 1602 3744 verum
1628 3689 1718 3744 est

175 3785 354 3840 actum
381 3780 514 3859 spei
544 3779 763 3840 infiisoe
812 3779 1111 3856 respicere
1151 3783 1213 3838 et
1257 3777 1422 3838 bona
1449 3785 1714 3858 sperata,

177 3879 226 3931 et
245 3873 446 3945 Deum,
480 3881 558 3933 ut
577 3877 886 3934 auctorem
907 3869 1158 3932 illorum
1182 3870 1510 3948 bonorum,
1538 3874 1720 3952 juxta

173 3965 306 4024 illud
349 3966 604 4028 Genesis
635 3967 741 4026 15:
781 3965 936 4030 Noli
976 3966 1206 4036 timere.
1250 3965 1583 4041 Abraham,
1615 3983 1716 4050 eqo

172 4063 450 4138 protector
477 4065 628 4122 naus
653 4077 811 4134 omn,
843 4058 908 4118 in
937 4077 1124 4138 quem
1147 4077 1373 4138 speras,
1407 4067 1466 4124 et
1495 4078 1716 4124 merces

181 4159 272 4215 tim
313 4173 538 4237 maffia
581 4153 790 4229 nimis,
847 4171 1033 4233 quam
1073 4173 1301 4233 speras,
1354 4155 1608 4230 Deinde,
1649 4161 1719 4216 ut

179 4253 258 4306 est
297 4245 694 4324 desiderium,
729 4248 830 4308 hic
875 4255 1050 4309 actus
1101 4267 1229 4309 non
1271 4251 1530 4328 requirit
1553 4249 1719 4328 judi-

181 4341 324 4400 cium
346 4343 506 4420 quod
529 4343 658 4402 tale
691 4341 924 4401 bonum
953 4342 1034 4401 sit
1061 4343 1585 4422 consequendum,
1613 4341 1720 4403 sed

180 4431 356 4495 solum
405 4436 570 4515 quod
620 4435 700 4494 sit
739 4435 975 4495 honum
1020 4435 1209 4510 mihi3
1259 4443 1472 4496 tamen
1527 4446 1596 4496 ut
1643 4438 1724 4496 sit

179 4529 461 4606 perfectus
489 4535 694 4589 motus
741 4530 892 4608 spei,
949 4537 1174 4608 proeter
1204 4531 1721 4590 existimationem

181 4621 246 4682 de
282 4623 550 4684 bonitate
577 4623 828 4702 objecti,
866 4623 1126 4702 requirit
1171 4625 1622 4701 persuasionem
1643 4625 1725 4686 de

183 4717 558 4793 possibilitate
590 4716 910 4777 obtinendi
931 4717 1052 4778 tale
1075 4715 1335 4791 bonum,
1361 4723 1545 4796 atque
1568 4717 1723 4779 adeo

183 4809 248 4868 de
267 4809 576 4872 voluntate
601 4809 760 4888 ejus,
791 4811 902 4888 qui
925 4811 1180 4870 daturus
1201 4817 1296 4870 est
1315 4811 1622 4871 auxilium
1645 4810 1724 4871 ad

183 4902 288 4962 tale
322 4903 556 4964 bonum
602 4903 1131 4982 consequendum,
1163 4910 1234 4963 et·
1257 4903 1524 4984 denique
1552 4904 1628 4964 de
1652 4903 1725 4964 fl-

183 4993 414 5058 delitate
465 4996 967 5076 promissionum,
1039 5013 1180 5076 quoe
1247 4997 1330 5056 ab
1377 4997 1510 5076 ipso
1557 4996 1730 5057 factm

185 5094 344 5166 sunt;
374 5098 437 5149 et
483 5089 600 5150 hae
649 5089 888 5150 natione
933 5107 1093 5168 spes,
1120 5096 1190 5151 ut
1229 5089 1392 5149 intra
1425 5087 1724 5165 dicemus,

185 5184 424 5259 requ2rit
449 5182 633 5244 fidem
670 5184 1040 5243 excitantem
1070 5187 1134 5242 et
1159 5189 1516 5243 moventem
1543 5199 1728 5260 appe-

185 5275 350 5334 titum
375 5273 452 5334 ad
476 5275 664 5336 istum
693 5273 900 5336 actum
919 5274 1286 5354 perfectum,
1321 5293 1359 5335 a
1386 5291 1510 5354 quo
1540 5275 1728 5334 etiam

187 5361 394 5426 fiducia
431 5367 817 5442 nominatur,
847 5367 926 5428 de
953 5385 1078 5446 quo
1128 5368 1292 5428 vide.
1318 5367 1532 5429 divum
1569 5368 1730 5427 ΤΙιο-

191 5475 362 5534 mam,
387 5468 602 5540 quast.
635 5463 773 5538 128,
801 5463 977 5524 artie.
1003 5466 1064 5538 i,
1090 5462 1166 5521 ad
1195 5465 1259 5539 2,
1291 5469 1353 5522 et
1378 5463 1518 5536 ⁴29,
1549 5462 1724 5522 artic.

193 5555 243 5611 u.
272 5556 358 5614 Ad
380 5556 784 5635 objectionem
811 5575 962 5636 crgo
1000 5561 1266 5636 negatur
1289 5573 1488 5636 spem,
1511 5573 1728 5636 quam·

3220 403 3337 465 607

1779 508 1872 568 vis
1923 505 2173 568 realiter
2216 507 2295 568 sit
2342 505 2508 566 idem
2559 507 2721 586 quod
2771 505 3164 583 desiderium,
3212 529 3338 572 non

1779 616 1954 679 posse
1982 599 2371 660 denominari
2416 600 2928 680 expectationem.
2962 601 3121 662 sicut
3148 601 3341 665 deno-

1779 695 2095 768 minatur3
2126 694 2275 768 imo,
2309 693 2358 753 si
2373 694 2767 754 attendamus
2785 709 3179 757 communem
3212 715 3341 759 mo-

1779 785 1929 846 dum
1956 786 2364 866 concipiendi,
2392 786 2547 847 nihil
2576 785 2740 847 aliud
2765 795 2855 849 est
2878 798 3199 867 expectare
3227 789 3339 851 ali·

1779 879 1950 958 quid,
1977 897 2163 958 qnam
2194 878 2538 941 desiderare
2558 886 2628 941 ut
2656 882 2883 957 veniat,
2910 885 3223 962 supposito
3240 885 3342 964 ju·

1781 973 1940 1033 dicio
1988 974 2153 1052 quod
2196 980 2527 1036 venturum
2558 975 2658 1036 sit.
2707 975 2797 1036 Ad
2830 976 3091 1056 primam
3119 979 3343 1041 confir-

1783 1066 2143 1140 mationem,
2182 1068 2589 1148 respondetur
2636 1069 3007 1130 desiderium
3059 1069 3343 1134 iuefficax

1783 1177 1892 1239 per
1929 1160 2184 1220 modum
2222 1159 2567 1238 velleitatiS,
2612 1179 2783 1240 posse
2834 1179 2962 1223 csse
3006 1163 3073 1222 in
3117 1181 3188 1224 eo
3233 1167 3345 1245 qui

1783 1269 1907 1314 non
1935 1260 2161 1332 sperat,
2214 1271 2337 1314 non
2385 1272 2531 1316 vero
2575 1255 2949 1316 desiderium
2999 1255 3340 1335 perfectum

1782 1365 1892 1426 per
1935 1346 2189 1406 modum
2239 1348 2499 1409 efficacis
2545 1347 2924 1409 intentionis
2986 1349 3079 1408 Ad
3127 1369 3343 1412 secun·

1781 1442 1922 1502 dam
1980 1441 2512 1504 confirmationem
2555 1488 2575 1518 ,
2627 1447 2796 1522 patet
2846 1461 2925 1503 cx
2982 1442 3161 1503 dictis
3217 1463 3345 1506 rcs-

1779 1535 2017 1616 ponsi0.

1865 1631 1958 1691 13.
1996 1629 2209 1693 Tertia
2235 1629 2533 1692 conclusio
2564 1631 2904 1712 tripartita.
2932 1664 3012 1678 —
3038 1631 3349 1696 Probatur

1772 1723 1985 1802 prima
2011 1741 2184 1804 pars.
2236 1757 2315 1766 —-
2368 1721 2506 1783 Dico
2532 1723 2715 1784 tertio
2758 1745 2772 1782 :
2820 1723 2884 1784 hi
2914 1731 3085 1786 actus
3114 1727 3345 1788 amoris

1782 1817 2313 1897 concupiscentias,
2364 1823 2424 1876 et
2470 1815 2756 1878 desiderii
2802 1817 2899 1878 vel
2949 1819 3078 1898 spei
3118 1821 3224 1898 qui
3267 1819 3346 1880 ab

1783 1910 1888 1971 illo
1935 1911 2253 1986 oriuntur,
2297 1909 2375 1970 ad
2418 1911 2697 1972 eamdem
2750 1929 2995 1991 prorsus
3053 1914 3347 1976 virtutem

1786 2009 2087 2084 spectant,
2118 2022 2257 2083 quae
2284 2021 2412 2064 non
2438 2010 2531 2065 est
2558 2003 2847 2081 charitas,
2879 2011 2941 2066 et
2968 2021 3349 2088 consequen-

1788 2105 1882 2158 ter
1910 2098 2028 2158 erit
2056 2116 2211 2177 spes.
2258 2098 2576 2159 Conclusio
2605 2100 2874 2160 sumitur
2909 2117 2981 2160 ex
3016 2101 3159 2161 divo
3186 2101 3347 2160 Tho·

1787 2209 1915 2266 ma,
1958 2198 2074 2252 art.
2117 2193 2179 2264 6,
2224 2191 2290 2252 in
2337 2209 2503 2270 corp.
2532 2241 2549 2264 ,
2593 2197 2655 2253 et
2697 2192 2776 2253 ad
2828 2193 2889 2266 3,
2921 2199 2983 2254 et
3039 2195 3217 2274 plane
3255 2211 3348 2254 se-

1787 2288 2000 2366 quitur
2036 2303 2112 2346 cx
2144 2285 2362 2361 dictis3
2413 2303 2559 2346 nam
2596 2285 2772 2346 radix
2807 2286 3091 2358 desiderii
3127 2295 3188 2348 et
3220 2287 3350 2366 spei

1786 2384 1877 2439 est
1905 2397 2119 2454 amor3
2164 2397 2310 2458 ergo
2340 2379 2616 2458 ejusdem
2646 2379 2891 2440 virtutis
2922 2386 3015 2441 est
3040 2397 3247 2440 amare
3277 2379 3352 2439 il-

1785 2470 1895 2532 lud
1943 2471 2203 2547 bonum,
2252 2479 2313 2532 et
2357 2471 2511 2533 illud
2550 2489 2821 2551 sperare,
2865 2472 2915 2532 si
2957 2471 3176 2532 absens
3218 2471 3346 2532 sit:

1787 2571 1957 2645 patet
1972 2565 2433 2644 consequentia,
2457 2567 2599 2644 quia
2620 2564 2834 2626 eadem
2861 2565 3053 2626 virtus
3075 2571 3353 2626 versatur

1789 2661 1950 2720 circa
1982 2666 2153 2720 actus
2180 2676 2291 2739 per
2319 2675 2383 2720 se
2412 2657 2749 2734 ordinatos,
2781 2675 3045 2738 quorum
3071 2675 3234 2718 unus
3262 2662 3354 2718 est

1787 2751 1963 2833 quasi
2000 2751 2177 2813 radix
2213 2750 2515 2827 alioru>m3
2551 2758 2685 2812 tum
2726 2753 2911 2813 etiam
2955 2753 3101 2831 quia
3136 2752 3201 2811 in
3230 2750 3354 2811 illis

1788 2847 2076 2908 omnihus
2108 2845 2346 2906 actibus
2374 2845 2679 2906 retinetur
2702 2846 2918 2907 eadem
2940 2846 3100 2906 ratio
3129 2845 3355 2906 forma·

1790 2940 1866 3000 lis
1895 2945 2175 3019 respectu
2218 2941 2489 3001 virtutis.
2538 2941 2685 3001 ltem
2726 2939 2801 2999 ad
2847 2939 3128 3000 eamdem
3158 2937 3356 2999 virtu-

1791 3037 1916 3092 tem
1962 3039 2195 3112 spectat
2230 3031 2530 3093 voluntas*
2571 3031 2830 3111 simplex
2874 3031 3049 3105 finiS,
3093 3029 3356 3090 intentio

1791 3125 1945 3203 ejuS,
2004 3131 2065 3185 et
2113 3124 2331 3186 electio
2372 3125 2742 3187 mediorum.
2794 3123 3089 3185 Similiter
3136 3121 3357 3183 eadem

1789 3217 2031 3279 ratione
2056 3235 2265 3280 amare
2286 3219 2481 3279 Deum
2514 3225 2575 3279 et
2606 3216 2953 3280 desiderare
2975 3215 3066 3276 illi
3092 3213 3352 3288 bouum,

1789 3317 1852 3373 et
1873 3312 2017 3372 odio
2035 3312 2263 3374 habere
2288 3312 2521 3373 malum
2546 3311 2731 3388 illius,
2753 3310 3068 3391 pertinent
3092 3307 3166 3370 ad
3190 3319 3358 3370 eam·-

1793 3405 1934 3466 dem
1965 3405 2348 3466 charitatem.
2386 3405 2661 3466 Tandem
2685 3396 2967 3484 'ejusdcm
2998 3403 3238 3463 virtutis
3268 3408 3360 3462 est

1794 3515 2007 3560 amare
2039 3499 2297 3574 bonum,
2328 3499 2574 3578 quando
2604 3505 2695 3558 est
2722 3497 2966 3568 absens,
2997 3503 3059 3556 et
3086 3493 3358 3574 gaudere

1797 3593 1872 3654 de
1899 3593 2027 3668 ilio,
2054 3594 2304 3673 quando
2333 3599 2424 3654 est
2445 3609 2737 3673 proeseus3
2766 3591 2866 3653 sed
2894 3590 3108 3651 eadem
3136 3589 3355 3663 virtus,

1800 3704 1939 3766 quae
1985 3687 2292 3747 desiderat
2337 3686 2435 3746 vel
2474 3690 2678 3765 sperat
2714 3685 2934 3745 absens
2948 3731 2968 3760 ,
3015 3682 3243 3762 gaudet
3282 3681 3361 3742 de

1799 3783 2107 3859 praesenti,
2152 3785 2221 3839 ut
2255 3780 2344 3840 ait
2372 3779 2439 3840 D.
2478 3779 2741 3839 Thomas
2768 3824 2786 3854 ,
2834 3777 2899 3837 in
2943 3776 3102 3837 dicta
3142 3789 3355 3854 quaest.

1797 3875 1915 3951 283
1951 3891 2099 3952 ergo
2131 3873 2207 3935 de
2250 3874 2453 3952 primo
2480 3873 2559 3934 ad
2599 3872 2885 3933 ultimum
2920 3871 3132 3932 eadem
3164 3869 3361 3929 virtus

1799 3987 1936 4048 quae
1965 3973 2156 4042 amat,
2198 3968 2501 4028 desiderat
2533 3975 2595 4027 et
2627 3971 2851 4045 sperat.
3090 3959 3105 3970 “

1882 4063 1977 4122 14.
2008 4061 2319 4124 Probatur
2335 4061 2592 4124 secunda
2610 4057 3086 4139 para—Tertia
3105 4072 3364 4140 pars.—

1797 4159 1936 4219 Jam
1969 4175 2117 4217 vero
2144 4154 2310 4235 quod
2336 4155 2405 4214 in
2436 4153 2741 4233 proposito
2766 4151 2900 4212 hoec
2924 4151 3115 4212 virtus
3140 4168 3263 4211 non
3286 4151 3365 4211 sit

1801 4249 2091 4324 charitas,
2131 4247 2431 4328 probatur
2471 4263 2544 4307 ex
2582 4245 2763 4306 dictis
2789 4245 2852 4306 in
2889 4245 3092 4325 prima
3121 4241 3366 4304 conclu-

1802 4343 1997 4420 sione,
2024 4343 2133 4404 ubi
2160 4340 2537 4403 ostendimus
2565 4339 2751 4398 istum
2776 4355 3052 4398 amorem
3076 4354 3202 4396 non
3226 4353 3365 4416 per-

1804 4441 1999 4498 tinere
2042 4437 2116 4497 ad
2166 4435 2569 4509 charitatem;
2620 4449 2768 4510 ergo
2810 4449 3013 4510 neque
3056 4430 3367 4510 pertinent

1802 4531 2023 4610 reliqui
2052 4537 2245 4591 aeine.
2296 4527 2372 4588 Et
2402 4525 2825 4600 confirmatur,
2864 4539 3007 4583 nam
3042 4527 3212 4582 actus
3238 4521 3369 4600 spei

1803 4625 2107 4704 perfectus
2136 4623 2199 4684 iu
2230 4640 2341 4682 sua
2382 4621 2582 4701 specie
2623 4624 2820 4699 potest
2852 4616 2991 4677 elici
3025 4615 3103 4675 ab
3146 4631 3218 4674 eo
3262 4613 3369 4693 qui

1804 4735 1932 4778 non
1973 4716 2157 4776 habet
2198 4713 2605 4792 charitatem3
2659 4729 2806 4790 ergo
2847 4727 3023 4771 amor
3053 4708 3371 4787 concupis-

1803 4810 2046 4881 cautim,
2088 4810 2153 4868 iu
2185 4825 2305 4886 quo
2338 4823 2474 4885 spes
2512 4805 2847 4880 fundatur,
2894 4819 3002 4863 seu
3035 4801 3231 4861 virtus
3262 4800 3371 4861 eli-

1807 4903 1983 4964 ciens
1999 4901 2135 4962 illos
2160 4906 2355 4976 actuS,
2387 4917 2513 4959 non
2537 4905 2631 4959 est
2656 4896 2940 4957 charitas.
2976 4896 3063 4954 Ex
3090 4907 3212 4972 quo
3236 4899 3371 4952 tan-

1807 4996 1949 5056 dem
1992 4993 2379 5055 concluditur
2417 5009 2547 5052 esse
2584 5007 2779 5070 spem,
2825 4989 2971 5068 quia
3004 4987 3203 5046 virtus
3243 4986 3374 5045 haec

1809 5089 2195 5166 Theologalis
2240 5093 2351 5163 est,
2398 5101 2537 5146 cum
2582 5085 2860 5165 proxime
2898 5085 3175 5140 versetur
3210 5077 3375 5138 circa

1809 5184 2043 5244 bonnm
2077 5187 2140 5242 et
2166 5181 2503 5241 bonitatem
2531 5179 2894 5249 increatam,
2938 5178 3001 5234 et
3025 5189 3148 5233 non
3181 5177 3272 5232 est
3300 5170 3375 5230 fi-

1810 5277 1916 5337 des
1946 5293 2147 5355 neque
2176 5274 2494 5350 charita33
2537 5289 2686 5349 crgo
2719 5283 2897 5349 spes·;
2944 5283 3116 5340 nam,
3162 5282 3378 5326 secun·

1810 5370 1963 5429 dum
2012 5385 2222 5428 veram
2270 5367 2692 5443 T'heologiam,
2743 5381 2870 5424 non
2913 5366 3059 5422 sunt
3092 5359 3212 5419 nisi
3250 5365 3377 5418 tres

1809 5462 2069 5522 virtutes
2094 5458 2498 5538 Theologieae:
2534 5459 2608 5518 Et
2628 5455 3051 5528 confirmatur,
3080 5463 3228 5513 nam
3248 5471 3379 5512 ccr-

1807 5561 1942 5616 tum
1966 5559 2059 5615 est
2076 5561 2282 5615 actum
2306 5553 2436 5632 spei
2458 5551 2763 5632 pertinere
2782 5547 2859 5610 ad
2882 5549 3173 5610 virtutem
3198 5546 3329 5626 spei
3354 5566 3372 5621 ;
