3900 6217
575 376 730 431 SECT.
765 377 828 429 11.
863 378 946 429 AN
980 378 1201 429 Liceat
1241 378 1480 431 COGERE
1511 378 1630 431 HOS
1663 379 1762 431 1va
1767 378 1983 431 {nt-:LES
2017 380 2099 431 AD
2134 378 2497 432 AUDOENDAM
2528 376 2733 430 Fini-2111.

163 495 315 573 quitur
337 480 574 545 virtualis
599 476 826 539 coactio
852 476 929 537 ad
953 476 1167 551 fidem,
1192 477 1342 555 quia
1361 495 1486 536 non
1509 475 1602 535 di-

161 592 298 649 vimus
321 581 474 643 licere
497 570 860 655 principibus
899 570 1027 631 solo
1065 590 1176 631 suo
1205 570 1461 633 arbitrio
1487 571 1604 631 hoc

159 697 268 740 onus
289 676 578 751 imponere,
615 664 715 725 sed
743 682 884 725 cum
915 663 1246 743 prudentia
1289 670 1350 725 et
1389 665 1604 725 mode-

155 775 344 839 ratione,
357 766 511 843 jnxta
527 764 902 821 occurrentes
918 758 1430 832 circumstantia5‚
1448 758 1600 817 utin

155 861 362 940 exemplo
377 859 626 919 Romano
645 851 1030 913 considerare
1058 852 1220 913 licet.
1252 852 1464 913 Altera
1497 869 1602 912 ve·

154 977 200 1021 ro
223 951 450 1016 limitatio
474 945 636 1007 valde
669 946 895 1025 placet,
921 947 1068 1025 quia
1095 945 1171 1007 de
1199 946 1318 1033 bac
1345 945 1602 1005 coactio-

153 1070 206 1111 ne
231 1042 566 1125 judicandum
613 1044 730 1113 est,
783 1038 944 1100 sicut
971 1039 1048 1100 de
1089 1057 1272 1119 poena
1313 1037 1604 1117 imposita

151 1162 234 1205 non
261 1134 556 1199 observanti
578 1132 778 1211 legem
804 1132 1078 1211 aliquam
1115 1132 1382 1205 civilem,
1421 1131 1518 1209 cuj
1531 1149 1602 1190 us

147 1229 476 1309 transgressio,
515 1226 752 1305 politice
798 1224 1130 1304 loquendo,
1179 1244 1295 1285 nce
1329 1224 1602 1285 multum

149 1322 496 1405 rempublicam
519 1318 852 1399 perturbat,
877 1336 1080 1399 neque
1104 1318 1370 1379 multum
1395 1316 1602 1396 gravis

149 1420 423 1481 aestimatur.

201 1514 242 1571 6.
278 1508 514 1573 Secunda
541 1506 815 1571 assortiat.
851 1539 932 1553 —
980 1506 1144 1571 Unde
1167 1506 1488 1587 probatum.
1521 1538 1604 1551 —

149 1606 245 1667 Dico
275 1600 533 1663 secundo:
573 1600 742 1663 nullo
773 1600 957 1663 modo
1004 1599 1144 1661 licet
1168 1598 1448 1663 infideles
1473 1618 1602 1661 non

155 1698 344 1759 subditos
363 1713 558 1771 cogere
581 1694 658 1755 ad
689 1693 876 1755 fidem
901 1692 1271 1754 audiendam
1297 1711 1314 1753 ε
1343 1692 1478 1753 haec
1507 1712 1603 1753 as·

151 1790 274 1849 sertio
295 1786 460 1847 multo
496 1787 722 1847 certior
759 1791 851 1847 est
885 1804 1072 1865 quam
1109 1786 1488 1865 praecedens,
1540 1792 1604 1847 et

151 1884 204 1941 ita
219 1889 282 1941 est
302 1880 682 1941 communiter
705 1886 970 1957 recepta,
997 1886 1059 1939 et
1083 1878 1378 1957 probatur
1401 1880 1604 1957 prima

149 1982 184 2035 et
201 1973 406 2033 secunda
425 1973 654 2033 ratione
683 1972 965 2033 seeundae
987 1972 1336 2044 sententias,
1359 1978 1420 2031 et
1447 1990 1602 2051 prae-

149 2068 288 2127 zertim
309 2072 520 2143 quarta,
551 2084 738 2144 quam
757 2067 846 2127 ita
862 2065 1108 2127 declaro
1134 2072 1196 2125 et
1215 2084 1407 2143 urgeo
1413 2110 1433 2140 ,
1455 2066 1603 2143 quia

147 2160 286 2219 amnis
307 2160 532 2235 coactio,
561 2160 696 2220 sive
723 2160 974 2234 directa,
1005 2160 1131 2221 sive
1159 2158 1463 2219 indirecta
1497 2159 1598 2234 sit,

146 2253 324 2331 requirit
366 2254 424 2312 in
475 2259 732 2330 cogente
791 2253 1061 2332 aliquam
1105 2253 1601 2331 jurisdictionem

145 2366 212 2405 seu
231 2352 544 2425 potestatem
572 2346 640 2407 in
671 2364 818 2407 eum
857 2364 1043 2423 quem
1066 2346 1254 2421 cogit,
1282 2346 1430 2425 quia
1459 2364 1603 2407 cum

145 2443 278 2500 omnis
299 2441 504 2501 coactio
520 2440 628 2502 fiat
656 2440 982 2502 inferendo
1012 2420 1248 2519 ali'quid
1273 2441 1450 2516 mali,
1477 2459 1604 2502 non

144 2542 274 2611 auti-st
293 2552 400 2595 esse
423 2534 604 2609 licita,
639 2535 766 2595 nisi
795 2553 902 2613 per
929 2535 1306 2613 superiorem
1331 2534 1605 2613 aliquam

144 2633 407 2703 potestatem
423 2642 444 2704 3
472 2636 535 2687 at
578 2646 730 2689 vero
771 2627 1083 2689 christiani
1125 2627 1434 2707 principes
1467 2628 1608 2688 nul-

144 2735 222 2775 iam
243 2716 432 2779 habent
457 2726 822 2797 potestatem
857 2720 956 2779 vel
995 2718 1485 2797 jurisdictionem
1538 2721 1606 2780 in

143 2820 214 2869 nos
235 2811 496 2874 infideles:
537 2832 716 2891 ergo·
766 2812 1065 2874 Probatur
1093 2812 1320 2887 minor,
1350 2817 1486 2871 tum
1529 2831 1606 2872 ex

144 2901 242 2977 ipsis
259 2906 516 2981 terminis,
549 2907 703 2985 quia
732 2912 1164 2986 supponuntur
1189 2924 1316 2965 non
1337 2904 1567 2967 subditi
1581 2920 1602 2982 3

144 3002 231 3053 lum
263 3000 413 3057 etiam
449 3000 594 3077 quia
626 3000 908 3061 Ecclesia
957 2999 1194 3059 nullam
1238 3004 1606 3079 potestatem

143 3089 424 3163 ÷pi1itualem
471 3092 666 3153 habet
710 3094 778 3153 in
826 3092 938 3153 hos
976 3091 1276 3167 infideleS,
1325 3096 1397 3151 ut
1435 3109 1605 3151 nunc
1669 3165 1677 3171 ,

144 3200 356 3259 appono,
384 3191 442 3245 et
486 3186 696 3246 die-am
723 3186 910 3247 latius
967 3186 1236 3247 sectione
1279 3184 1600 3263 sequenti3

143 3290 272 3351 teque
305 3277 472 3337 etiam
513 3278 713 3339 habet
755 3278 1248 3357 jurisdictionem
1296 3285 1608 3357 tempora-

144 3385 231 3436 em,
255 3368 376 3445 quia
413 3370 536 3431 haer
575 3378 675 3431 est
728 3372 795 3433 in
841 3373 1224 3452 principibus
1253 3379 1314 3434 et
1357 3372 1635 3450 regibus·

143 3476 302 3533 eorum,
325 3463 424 3539 qui
458 3464 524 3523 in
552 3482 672 3525 suo
705 3466 920 3525 ordine
943 3472 1089 3525 sunt
1109 3466 1384 3544 supremi
1399 3482 1418 3543 ;
1459 3483 1608 3543 ergo

143 3551 248 3611 tullo
274 3554 432 3615 titulo
456 3563 662 3635 potest
687 3577 816 3619 esse
838 3559 1005 3637 justa
1027 3558 1166 3618 talis
1199 3559 1452 3619 coactio.

176 3646 218 3703 7.
253 3644 346 3712 Fit
363 3653 514 3713 satis
541 3652 920 3734 arqumentis
935 3650 1168 3731 prioris
1181 3650 1508 3713 sententie.
1529 3684 1610 3697 —

143 3736 188 3797 ld
193 3740 445 3818 primum.
477 3776 556 3791 -
579 3744 688 3807 Ad
712 3747 1050 3807 secundum.
1086 3776 1166 3789 —
1193 3742 1295 3807 Ad
1333 3744 1602 3807 tertium.

143 3832 262 3895 —Aa
281 3842 566 3913 quartum.
599 3870 688 3883 —
709 3839 920 3917 Neque
961 3844 1179 3898 contra
1211 3837 1366 3897 hanc
1413 3856 1606 3899 asser-

143 3924 290 3987 ionem
315 3928 548 3991 obstant
582 3937 960 4008 argumenta
988 3931 1208 4011 prioris
1237 3932 1556 3992 sententiae
1583 3951 1600 4005 3

144 4016 172 4075 d
215 4020 454 4095 primum
505 4024 682 4085 enim
737 4024 1180 4103 respondemus
1238 4030 1605 4102 potestatem

145 4112 415 4176 radicandi
441 4119 690 4195 praecise
732 4123 1041 4197 sumptam
1071 4136 1198 4178 non
1242 4136 1369 4178 esse
1406 4125 1606 4197 potes-

144 4208 254 4264 item
283 4208 738 4285 jurisdictioniS,
789 4212 894 4271 sed
937 4227 1064 4272 esse
1117 4217 1364 4271 tanturn
1411 4213 1608 4271 virtu-

144 4314 220 4365 ειη,
241 4307 298 4361 ut
321 4302 400 4361 sic
429 4303 630 4367 dicam
637 4348 657 4378 ,
685 4304 1079 4364 illuminandi
1104 4323 1214 4384 per
1236 4304 1604 4377 doctrinam,

143 4392 278 4453 tideo
299 4396 618 4458 efficaciam
652 4399 783 4477 ejus
804 4418 930 4459 non
953 4416 1082 4459 esse
1101 4400 1362 4478 positam
1387 4400 1454 4459 in
1481 4401 1605 4460 vir-

145 4490 210 4543 ile
231 4490 488 4567 cogendi,
527 4492 637 4552 sed
672 4494 742 4551 in
795 4491 1063 4552 efficacia
1089 4491 1285 4566 verbi,
1321 4496 1476 4553 etin
1507 4512 1606 4553 os-

144 4578 330 4641 msione
368 4584 617 4661 spiritus
646 4591 710 4646 ct
749 4586 1016 4659 virtutiS‚
1054 4590 1128 4644 ut
1168 4586 1326 4645 dixit
1353 4586 1598 4645 Paulus.

143 4666 490 4737 'erumtamen
541 4696 670 4737 non
721 4678 1000 4756 sequitur
1033 4676 1197 4758 hane
1238 4683 1602 4757 potestatem

143 4778 202 4821 sse
239 4764 656 4846 frustraneam,
699 4770 868 4849 quia,
900 4769 1217 4831 moraliter
1259 4770 1598 4848 loquendO,

143 4872 200 4915 on
225 4858 462 4922 deerunt
487 4864 598 4942 qui
619 4862 964 4923 voluntarie
990 4863 1270 4939 audiant,
1307 4865 1359 4923 si
1389 4864 1468 4924 sit
1497 4864 1607 4943 qui

143 4950 371 5027 raedicet3
417 4962 479 5015 et
520 4956 670 5016 hinc
707 4955 786 5017 ad
812 4956 1178 5031 secundum,
1211 4956 1376 5036 quod
1405 4974 1608 5030 sume-

144 5050 249 5102 ntur
273 5062 340 5105 ex
375 5046 662 5125 analogia
705 5054 766 5109 et
803 5048 1212 5109 similitudine
1253 5050 1331 5109 ad
1383 5049 1600 5111 verba:

144 5152 321 5199 uorum
349 5141 708 5221 remiseritis
749 5146 1018 5223 peccata,
1049 5141 1234 5203 facile
1281 5148 1450 5221 patet
1481 5160 1604 5201 res-

144 5230 298 5290 ansio.
343 5234 488 5293 Nam
531 5236 810 5313 potentia
844 5235 1202 5295 remittendi
1235 5242 1488 5313 peccata
1516 5241 1608 5296 est

144 5324 320 5383 nestas
366 5326 832 5403 jurisdictionis,
881 5333 944 5386 et
981 5329 1236 5387 omnino
1265 5327 1608 5388 formaliter

144 5416 302 5490 espicit
333 5418 647 5479 subditum
668 5434 690 5497 ;
725 5426 790 5480 et
815 5419 1020 5481 inhoc
1049 5426 1138 5481 est
1161 5420 1346 5498 longe
1367 5420 1608 5481 diversa

145 5509 226 5565 ftio
255 5509 314 5568 in
339 5510 442 5571 illa
470 5518 789 5591 potestate,
828 5519 890 5575 et
929 5514 997 5574 iu
1043 5519 1336 5593 potestate
1382 5514 1606 5593 praedi-

3126 374 3243 434 443

1681 476 1896 553 candi3
1955 476 2023 537 in
2080 477 2195 537 hoc
2244 482 2455 537 autem
2504 481 2709 556 potest
2755 474 2985 535 servari
3039 474 3247 554 aliqua

1683 571 2021 649 proportio,
2045 570 2205 650 quod
2230 571 2388 630 sicut
2416 588 2557 630 cum
2584 569 2693 629 illa
2721 573 3021 646 potestate
3046 569 3245 629 absol-

1684 664 1869 725 vendi
1929 664 2328 742 conjunctum
2384 670 2477 723 est
2530 669 2905 742 praeceptum
2958 661 3243 723 divinum

1685 756 2041 831 confitendi,
2074 757 2161 817 ita
2202 774 2344 817 eum
2384 762 2682 836 potestate
2732 762 2791 816 et
2830 756 2973 833 jure
3022 756 3245 834 praedi-

1681 849 1865 911 candi
1897 849 2111 923 fidem,
2134 849 2316 909 datur
2342 850 2531 910 etiam
2564 856 2937 926 praeceptum
2958 848 3243 909 divinum

1681 942 1979 1003 audiendi
2004 949 2067 1003 et
2093 942 2466 1017 suscipiendi
2491 941 2705 1019 illam;
2756 949 2849 1003 est
2884 948 3092 1003 autem
3122 942 3249 1001 dis-

1683 1036 1944 1113 crimen,
1995 1037 2145 1115 quia
2172 1041 2549 1118 praeceptum
2578 1035 2916 1099 confitendi
2958 1035 3123 1095 cadit
3178 1036 3245 1097 in

1682 1149 1785 1191 eos
1809 1133 1913 1209 qui
1935 1130 2071 1209 jam
2093 1136 2237 1191 sunt
2264 1129 2541 1191 membra
2566 1128 2871 1204 Ecclesiae,
2898 1135 2961 1190 et
2982 1128 3242 1189 omnino

1680 1230 1936 1303 possunt
1966 1242 2072 1303 per
2114 1224 2397 1285 eamdem
2441 1222 2771 1284 Ecclesiam
2824 1222 2901 1281 ad
2929 1222 3089 1281 illud
3126 1222 3245 1281 im-

1679 1316 1979 1397 plendum
2024 1316 2355 1396 compelli3
2396 1316 2565 1378 aliud
2612 1323 2821 1377 autem
2870 1319 3246 1395 praeceptum

1683 1410 2153 1489 comprehendit
2206 1409 2345 1470 illos
2399 1410 2587 1471 etiam
2638 1410 2745 1489 qui
2795 1428 2923 1469 non
2980 1409 3251 1469 subsunt

1683 1502 1981 1579 Ecclesiae,
2040 1512 2105 1565 et
2140 1505 2400 1566 omnino
2440 1522 2567 1565 non
2618 1508 2871 1584 possunt
2916 1522 3027 1581 per
3072 1504 3245 1564 illam

1685 1600 1994 1679 compelli.
2030 1600 2122 1661 Ad
2154 1600 2407 1661 tertium
2434 1598 2859 1679 respondetur,
2890 1597 3043 1658 illud
3066 1599 3241 1677 prin-

1685 1694 1918 1773 cipium
1966 1694 2043 1756 de
2088 1693 2490 1767 correlativiS,
2536 1692 2737 1754 solum
2782 1691 3013 1753 habere
3040 1692 3245 1753 locum

1680 1786 1748 1846 in
1781 1786 1880 1845 his
1921 1804 2063 1866 quae
2088 1787 2427 1847 necessaria
2456 1791 2601 1847 sunt
2624 1786 2701 1846 ad
2726 1802 2904 1846 usum
2926 1787 3249 1866 potestatis

1683 1897 1987 1941 concessoe
2022 1880 2183 1940 circa
2208 1896 2406 1941 unum
2432 1897 2509 1939 ex
2548 1879 2965 1955 correlativis3
2997 1880 3064 1940 in
3092 1896 3247 1957 proe-

1684 1974 1844 2033 senti
1887 1980 2099 2033 autem
2138 1971 2217 2033 ad
2266 1990 2449 2033 usum
2490 1972 2807 2052 potestatis
2841 1972 3243 2052 praedicandi,

1683 2086 1811 2128 non
1845 2084 1975 2128 esse
2000 2068 2433 2135 necessarium,
2480 2072 2552 2126 ut
2582 2066 2688 2126 alii
2714 2067 2947 2145 possint
2996 2066 3132 2145 cogi
3164 2066 3246 2127 ad

1681 2161 2087 2235 audiendum,
2130 2160 2236 2221 sed
2278 2161 2426 2221 satis
2462 2166 2554 2221 est
2586 2166 2659 2220 ut
2696 2159 2861 2221 licite
2906 2161 3143 2240 possint
3184 2168 3247 2222 et

1681 2254 1949 2315 debeant
1974 2253 2321 2314 voluntarie
2348 2254 2599 2331 audire3
2644 2259 2707 2314 et
2736 2254 2899 2313 idem
2926 2258 3019 2315 est
3059 2254 3135 2315 de
3159 2254 3247 2315 al-

1685 2355 1816 2410 tero
1845 2347 2170 2427 principio.
2200 2347 2375 2409 Unde
2418 2354 2587 2427 patet
2610 2348 2927 2426 responsio
2956 2348 3033 2408 ad
3064 2366 3247 2427 quar-

1685 2448 1844 2515 tum,
1875 2458 2023 2500 nam
2049 2446 2139 2501 est
2160 2440 2347 2518 longe
2375 2441 2515 2501 dive
2526 2459 2624 2501 rsa
2664 2440 2823 2501 ratio
2849 2442 2926 2502 de
2944 2447 3245 2520 potestate

1684 2533 2011 2594 resistendi
2063 2533 2279 2612 inique
2332 2533 2813 2613 impedientibus
2865 2534 3246 2613 proedicatio-

1686 2644 1854 2702 nem,
1890 2624 1986 2687 vel
2015 2626 2091 2686 de
2114 2632 2413 2704 potestate
2437 2627 2696 2704 cogendi
2724 2627 2801 2688 ad
2824 2625 3201 2687 audiendum
3222 2645 3239 2699 ;

1686 2738 1834 2779 nam
1880 2719 2032 2780 illud
2064 2720 2232 2798 prius
2260 2724 2351 2779 est
2378 2720 2652 2780 medium
2690 2720 3008 2784 moraliter
3036 2736 3243 2779 neces—

1686 2813 1942 2888 sarium,
1986 2819 2049 2873 et
2075 2812 2369 2892 supponit
2394 2813 2716 2890 injuriam,
2758 2830 2944 2891 quam
2979 2812 3125 2873 licet
3151 2830 3247 2873 re·-

1685 2905 1943 2984 pellere3
1987 2912 2285 2966 neutrum
2312 2912 2517 2966 autem
2557 2906 2781 2967 horum
2823 2907 2885 2966 in
2922 2906 3247 2985 posteriori
3312 2924 3318 2933 ·

1686 3000 2027 3075 invenitur,
2054 3005 2117 3060 et
2140 2999 2396 3059 omnino
2414 3018 2541 3059 non
2570 3006 2661 3060 est
2688 2999 2909 3060 similis
2935 3001 3115 3062 ratio.

1768 3097 1822 3155 8.
1875 3093 2255 3173 objwtio.--
2296 3093 2449 3160 Vera
2468 3094 2706 3157 solatia
2725 3126 2807 3139 —-
2842 3092 3003 3167 Quid
3015 3096 3245 3171 facien-

1689 3190 1828 3251 dwm
1846 3232 1865 3262 ,
1901 3188 1960 3249 si
2002 3204 2115 3248 rem
2136 3190 2193 3248 et
2214 3187 2511 3267 minaces
2537 3187 2711 3270 requi
2734 3188 3063 3268 impediant
3080 3206 3249 3269 prce-

1689 3284 1986 3345 dicatores
2041 3298 2113 3341 ne
2162 3282 2516 3359 proedicent.
2549 3314 2631 3328 --
2678 3280 2798 3343 Sed
2849 3280 2994 3342 hinc
3048 3283 3246 3343 oritur

1688 3373 2194 3447 difficulta5‚nam
2227 3391 2303 3433 ex
2334 3374 2511 3435 dictis
2526 3376 2829 3455 sequitur,
2848 3375 2899 3433 si
2928 3376 3248 3453 contingat

1686 3468 1754 3527 in
1777 3466 1987 3545 aliquo
2009 3483 2203 3543 regno
2223 3466 2481 3543 infideli,
2514 3473 2642 3527 tam
2674 3486 2883 3546 regem
2912 3486 3100 3547 quam
3122 3468 3246 3547 pri-

1688 3565 1884 3619 mates
1944 3560 2126 3637 regni
2187 3557 2353 3619 nolle
2432 3561 2759 3621 admittere
2816 3562 3245 3640 praedicatores

1689 3653 2031 3731 Evangelii,
2092 3671 2291 3731 neque
2338 3655 2693 3734 permittere
2744 3663 2815 3716 ut
2871 3656 3035 3715 intra
3091 3654 3246 3715 fines

1689 3764 1830 3806 suos
1877 3744 2333 3823 ingrediantur,
2365 3764 2491 3806 non
2538 3765 2715 3826 posse
2767 3748 3097 3808 Ecclesiam
3149 3748 3243 3808 uti

1687 3838 1895 3917 aliquo
1942 3838 2149 3898 medio
2197 3838 2492 3913 violente,
2532 3840 2629 3900 vel
2664 3842 3001 3915 coactione,
3038 3846 3106 3900 ut
3158 3840 3248 3901 ibi

1687 3931 2092 4011 Evangelium
2128 3932 2499 4011 praedicetur
2509 3948 2528 4009 ;
2564 3933 2730 4010 quod
2755 3932 2999 3993 videtur
3026 3934 3245 3994 incon-

1683 4026 1965 4100 veniens,
2004 4024 2150 4103 quia
2180 4030 2327 4083 tunc
2360 4043 2486 4084 non
2513 4024 2731 4085 fuisset
2752 4025 2845 4085 illi
2880 4026 3053 4104 genti
3078 4026 3245 4086 suffi-

1687 4118 1918 4179 cienter
1970 4118 2323 4195 provisum5
2371 4134 2539 4196 ergO‚
2592 4124 2705 4178 ete.
2748 4118 3006 4197 Sequela
3054 4124 3243 4197 patet,

1688 4209 1838 4289 quia
1858 4216 2011 4270 tunc
2039 4215 2167 4269 tota
2188 4209 2294 4269 illa
2323 4227 2477 4287 gens
2494 4228 2621 4270 non
2651 4210 2785 4270 vult
2812 4210 3029 4271 audire
3046 4212 3246 4271 Evan-

1688 4303 1922 4382 gelium
1954 4326 1971 4377 3
2007 4304 2110 4364 sed
2148 4322 2277 4365 non
2308 4309 2507 4382 potest
2546 4305 2683 4383 cogi
2724 4305 2802 4365 ad
2840 4304 3246 4379 audiendum,

1687 4404 1757 4457 ut
1784 4398 2021 4457 dictum
2052 4404 2143 4456 est
2154 4414 2173 4473 3
2202 4414 2373 4475 ergo.
2406 4396 2499 4456 Ad
2529 4396 2645 4457 hoe
2674 4396 2863 4476 aliqui
2886 4397 3247 4475 simpliciter

1687 4490 2031 4551 concedunt
2066 4490 2404 4569 sequelam,
2437 4492 2581 4569 quia
2611 4490 2756 4551 inde
2788 4508 2916 4551 non
2968 4490 3247 4569 sequitur

1686 4602 1810 4643 nou
1873 4601 2005 4643 esse
2053 4582 2413 4643 homiuibus
2460 4582 2836 4643 sufficienter
2900 4584 3242 4662 provisum,

1683 4677 1786 4737 sed
1813 4675 2009 4736 solum
2045 4677 2326 4755 sequitur
2352 4694 2477 4735 non
2502 4695 2633 4737 esse
2655 4677 2745 4739 ita
2758 4675 3083 4736 efficaciter
3110 4694 3249 4756 pro-

1682 4770 1909 4845 visum,
1954 4770 2107 4848 quin
2138 4769 2422 4829 homines
2460 4769 2699 4829 malitia
2738 4787 2851 4830 sua
2889 4770 3124 4849 possint
3150 4788 3250 4830 re-

1687 4862 1924 4937 sistere,
1979 4868 2042 4923 et
2072 4863 2278 4923 media
2328 4862 2540 4923 salutis
2568 4862 2890 4941 impedire,
2940 4862 3105 4941 quod
3158 4872 3251 4923 est

1687 4955 2026 5035 probabile.
2082 4955 2496 5016 Nihilominus
2556 4956 2875 5030 existimo,
2932 4954 3249 5015 moraliter

1687 5048 2021 5128 loquendo,
2052 5055 2201 5109 tuuc
2242 5066 2371 5109 esse
2415 5048 2649 5110 licitam
2682 5049 2953 5128 aliquam
2987 5050 3251 5109 coactio·

1687 5160 1856 5216 nem,
1892 5148 1955 5202 et
1995 5142 2305 5220 imprimis
2347 5142 2399 5202 si
2429 5142 2777 5220 respublica
2810 5141 3076 5202 infidelis
3101 5142 3248 5201 velit

1685 5235 1914 5295 habere
1945 5236 2391 5315 praedicatores,
2416 5244 2476 5296 et
2505 5254 2614 5295 rex
2638 5234 2905 5296 infidelis
2924 5234 3243 5315 impediat,

1687 5334 1888 5408 potest
1912 5329 2257 5407 respublica
2285 5328 2376 5388 illi
2402 5330 2699 5403 resistere,
2725 5335 2787 5390 et
2814 5329 2881 5388 in
2910 5330 3027 5389 hoo
3046 5334 3250 5407 potest

1679 5422 1892 5500 juvari
1920 5440 1956 5482 a
1984 5422 2369 5510 principibus
2424 5420 2795 5496 christianiS,
2826 5427 2897 5481 ut
2932 5440 3043 5482 rex
3087 5422 3245 5481 invi·

1685 5520 1787 5575 tus
1844 5514 1989 5575 fidei
2028 5514 2530 5594 praedicationem
2584 5516 2923 5594 permittat,
2983 5513 3131 5595 quia
3180 5512 3248 5575 in
