3900 6217
629 383 794 450 secr.
827 383 888 450 11.
925 382 1010 449 Ait
1041 383 1218 452 rmus
1247 396 1560 462 amman
1593 379 1868 448 itini-run
1903 381 1965 449 iis
2000 385 2385 464 votunnre,
2424 391 2503 455 m·
2536 389 2802 464 omisit.

207 497 462 584 praeccdit,
487 514 601 558 non
625 499 710 556 est
731 502 904 556 aetus
923 494 1261 574 charitatis,
1291 505 1364 558 ut
1383 507 1546 559 recte
1568 511 1674 556 no·

205 597 324 657 tavit
345 595 402 654 D.
426 589 691 664 Thomas,
711 588 874 650 dicta
901 591 1234 669 quaestione
1253 600 1500 671 quarta,
1526 591 1674 651 arti·

203 689 308 750 culo
343 685 595 764 septimo,
621 682 694 744 ad
739 683 1052 762 quintum.
1112 684 1287 758 Quod
1316 703 1442 746 non
1470 684 1670 746 solum

201 789 270 842 est
288 795 466 840 verum
491 775 824 852 actualiter,
865 779 1012 857 quia
1039 783 1188 838 tunc
1217 797 1342 840 non
1367 778 1610 839 elicitur
1635 797 1674 839 a

199 875 457 948 charitate,
493 888 564 932 eo
587 870 748 952 quod
774 871 1066 951 praecedit
1092 871 1288 944 illam,
1328 873 1433 934 sed
1483 873 1672 934 etiam

193 964 630 1047 aptitudinaliter,
653 970 722 1025 ut
749 964 838 1025 ita
863 983 998 1026 rem
1019 965 1344 1045 explicem,
1378 967 1524 1046 quia
1546 985 1671 1028 non

191 1071 266 1123 est
287 1067 430 1120 actus
455 1065 624 1119 natus
650 1058 788 1120 elici
817 1077 854 1119 a
893 1059 1217 1135 charitate,
1249 1067 1384 1121 tum
1411 1062 1556 1140 quia
1579 1068 1671 1123 est

189 1155 326 1232 quasi
343 1158 552 1212 remota
573 1151 894 1231 dispositio
919 1152 1000 1213 ad
1027 1153 1204 1214 illam
1232 1171 1249 1226 3
1295 1160 1430 1215 tum
1473 1155 1672 1215 maxi-

187 1265 268 1308 me
281 1246 400 1326 quia
422 1263 538 1306 non
563 1250 656 1306 est
677 1263 856 1306 amor
873 1245 1002 1322 Dei,
1031 1265 1146 1308 nec
1164 1254 1417 1328 propter
1431 1247 1674 1310 bonita-

186 1349 284 1402 tm
322 1340 413 1400 Dei
453 1339 821 1400 immediate.
883 1340 1059 1401 Unde
1099 1343 1368 1402 sumitur
1421 1344 1580 1404 ratio
1635 1361 1674 1404 a

189 1436 354 1518 priori,
386 1434 520 1514 quia
544 1435 847 1494 motivum
876 1433 1064 1514 hujus
1091 1434 1340 1498 virtutis
1363 1443 1455 1498 est
1486 1436 1673 1517 longe

187 1533 433 1590 diversum
482 1545 520 1588 a
566 1528 798 1588 motivo
827 1528 1169 1605 charitatiS,
1213 1547 1362 1591 nam
1407 1531 1674 1593 charitas

187 1622 326 1684 habet
357 1637 458 1702 pro
505 1619 742 1698 objecto
772 1620 1019 1682 formali
1047 1621 1245 1702 ipsam
1279 1623 1388 1684 Dei
1435 1622 1674 1684 honita-

185 1725 306 1786 tem;
329 1716 446 1776 hoec
465 1719 672 1774 alitem
699 1717 896 1775 virtus
915 1713 1106 1776 habet
1135 1733 1252 1796 pro
1279 1715 1522 1796 objecto
1547 1718 1675 1779 for-

187 1810 300 1870 mali
315 1809 694 1881 honestatem,
719 1825 860 1888 quae
889 1808 958 1868 in
984 1808 1288 1870 credendo
1319 1811 1670 1872 invenitur:

191 1903 364 1962 motiva
380 1907 570 1960 autem
603 1899 896 1962 formalia
925 1908 1093 1977 sunt,
1123 1921 1263 1981 quae
1283 1903 1675 1984 distinguunt

189 1991 373 2055 habitus
403 1999 460 2054 et
485 1994 773 2065 virtutes;
819 2011 1017 2073 neque
1045 2013 1242 2074 major
1267 1997 1426 2056 ratio
1459 1997 1675 2059 distin-

185 2088 352 2147 c.ionis
381 2087 686 2147 invenitur
715 2087 878 2148 inter
905 2083 1297 2165 religionem,
1331 2090 1504 2152 verbi
1535 2109 1674 2168 gra-

183 2181 264 2256 tia,
297 2187 346 2241 et
368 2180 742 2252 charitatem,
780 2199 968 2261 quam
995 2181 1159 2243 inter
1199 2181 1360 2244 hanc
1379 2185 1673 2246 virtutem

191 2283 238 2334 et
257 2274 490 2333 eamdem
518 2272 907 2336 charitatem.

243 2367 288 2426 6.
311 2365 684 2430 corollas-icem
695 2366 1502 2449 prunum-Seoundmm-
1519 2373 1678 2436 ffer-

191 2459 452 2522 tim-Et
467 2477 537 2522 ex
556 2461 682 2522 hac
701 2463 1036 2524 assertione
1057 2463 1426 2544 intelligitur
1446 2466 1671 2544 prime,

187 2555 402 2638 quamvis
419 2561 578 2616 actus
599 2555 756 2618 fidei
777 2557 844 2618 in
865 2558 1118 2619 homine
1138 2559 1303 2638 justo
1332 2558 1520 2640 possit
1541 2561 1677 2623 fieri

181 2669 242 2710 ex
269 2646 454 2710 affectu
499 2649 848 2725 charitatis„
894 2656 1104 2712 tamen
1150 2653 1514 2716 charitatem
1549 2672 1676 2715 non

175 2761 282 2804 esse
301 2742 572 2824 proprium
601 2742 901 2805 habitum
923 2744 1268 2806 elicientem
1290 2746 1577 2810 aflectum
1605 2747 1676 2809 fi-

177 2837 282 2911 -dei,
294 2844 502 2916 propter
519 2836 915 2900 honestatem
967 2839 1133 2918 ejus;
1166 2841 1270 2900 sed
1301 2840 1499 2902 solum
1548 2861 1678 2903 esse

189 2929 538 3008 imperantem,
567 2931 739 2992 sieut
767 2936 966 3010 potest
993 2939 1198 2994 actum
1231 2933 1549 3014 religionis
1579 2936 1679 2998 vel

189 3021 394 3084 :aliarum
436 3024 749 3086 virtutum
807 3027 1150 3104 imperare,
1196 3033 1258 3087 et
1297 3027 1386 3088 ita
1442 3029 1682 3108 perfec-

187 3115 371 3191 tioilla,
391 3135 562 3196 quam
591 3119 778 3180 addit
803 3117 946 3179 fidei
983 3119 1099 3180 hoc
1126 3120 1458 3199 imperium
1480 3123 1676 3184 chari·

183 3209 308 3278 tatis,
329 3213 654 3272 extrinseca
700 3211 790 3272 illi
815 3217 930 3284 est,
961 3219 1088 3272 tam
1117 3214 1320 3292 quoad
1366 3215 1676 3276 certitudi-

184 3315 494 3380 nem,quam
533 3303 750 3384 quoad
801 3304 1190 3366 honestatem
1227 3306 1405 3381 fidei3
1455 3315 1516 3370 et
1544 3309 1680 3371 ideo

181 3391 372 3456 habitus
419 3397 532 3476 piae
583 3397 940 3460 affectionis
954 3444 974 3475 ,
1031 3400 1106 3460 de
1152 3419 1274 3480 qua
1324 3409 1677 3476 tractamus,

181 3489 520 3569 propinquius
565 3499 634 3554 et
663 3495 868 3572 magis
916 3495 1250 3556 intrinsece
1293 3513 1356 3556 se
1387 3495 1576 3556 habet
1603 3498 1680 3558 ad

175 3581 337 3658 fidem,
383 3603 562 3665 quam
593 3586 889 3648 charitas.
933 3587 1233 3661 Secunde,
1285 3590 1560 3668 sequitur
1603 3607 1681 3650 ex

171 3671 310 3734 dictis
347 3677 496 3738 hanc
521 3679 832 3740 virtutem
866 3697 993 3742 non
1037 3699 1168 3743 esse
1206 3681 1677 3761 Theologalem:

173 3769 435 3846 probatur,
471 3772 624 3852 quia
678 3789 808 3833 non
839 3779 932 3834 est
977 3773 1268 3851 charitas,
1311 3779 1384 3836 ut
1414 3776 1678 3852 ostendi,

171 3869 266 3922 eta
291 3864 508 3926 fortiori
538 3881 676 3926 non
704 3872 798 3928 est
839 3883 998 3946 spes,
1033 3873 1100 3928 ut
1130 3886 1242 3947 per
1279 3887 1344 3931 se
1391 3875 1580 3948 patet,
1618 3877 1682 3931 et

168 3973 339 4017 omnes
361 3957 632 4018 fatentur
657 3973 674 4018 ε
715 3958 1123 4039 distinguitur
1142 3964 1328 4023 etiam
1357 3963 1436 4024 ab
1461 3962 1682 4024 habitu

163 4044 300 4124 fidei,
325 4050 424 4128 qui
445 4063 536 4112 est
567 4053 642 4112 in
673 4049 1014 4129 intellectu,
1039 4072 1225 4134 quem
1245 4055 1516 4116 diximus
1555 4074 1683 4118 esse

163 4145 436 4221 propriam
457 4148 757 4208 virtutem
777 4147 1216 4228 Theologalem
1235 4169 1251 4224 3
1271 4167 1418 4230 ergo
1441 4169 1568 4211 non
1593 4155 1684 4211 est

165 4235 506 4318 Theologalis
539 4242 771 4301 virtus.
805 4241 984 4302 Ratio
1037 4259 1186 4303 vero
1241 4261 1279 4304 a
1325 4245 1522 4323 priori
1561 4249 1679 4320 est,

165 4331 282 4406 quia
293 4329 412 4393 haec
435 4336 636 4396 virtus
653 4351 782 4394 non
806 4334 1062 4413 attingit
1091 4336 1284 4397 Deum
1299 4336 1679 4412 immediate,

167 4425 296 4500 quod
339 4434 426 4488 est
450 4428 870 4490 necessarium
911 4429 990 4490 ad
1027 4430 1318 4492 virtutem
1347 4429 1686 4509 Theologu-

165 4512 297 4592 lem3
333 4522 429 4582 sed
452 4521 818 4583 immediate
845 4528 1124 4584 versatur
1142 4522 1209 4582 in
1233 4522 1493 4584 materia
1521 4539 1686 4584 crea-

151 4635 234 4704 tas
259 4615 473 4676 scilieet
497 4617 663 4676 eirca
692 4621 902 4677 actum
940 4615 1254 4692 credendi,
1299 4617 1406 4695 qui
1450 4620 1688 4684 ,creatus

155 4729 234 4796 est,
282 4706 416 4770 licet
463 4725 574 4790 per
615 4709 796 4770 illum
841 4708 1105 4786 attingat
1155 4709 1420 4771 mediate
1465 4711 1684 4786 Deum,

150 4801 290 4891 «μαῖ’
317 4819 442 4862 non
471 4803 718 4878 sufficit,
747 4804 904 4863 sicut
921 4801 1074 4862 alias
1095 4802 1218 4862 late
1245 4801 1689 4864 deelaravimus

145 4905 196 4966 in
217 4899 446 4972 vihtute
462 4897 807 4976 religionis,
838 4895 944 4956 lib.
977 4898 1037 4972 3,
1081 4913 1216 4975 cap.
1249 4899 1307 4957 2.
1355 4896 1530 4957 Unde
1557 4903 1688 4957 tan-

147 4999 256 5062 dem
277 5023 352 5066 ω,
369 4991 682 5051 *inluditur
705 4991 874 5050 hune
890 4988 1176 5050 habitum
1205 5005 1334 5050 esse
1353 4991 1690 5069 quamdam

144 5095 392 5160 virtutem
465 5083 788 5153 moralem,
847 5083 1008 5144 sicut
1048 5087 1142 5143 est
1194 5081 1447 5162 religio;
1503 5091 1691 5164 atque

147 5187 270 5249 adeo
299 5191 358 5252 in
380 5211 434 5273 q.
457 5195 540 5239 ἰο
564 5193 744 5240 sensu
772 5177 839 5236 in
865 5174 1132 5237 secunda
1159 5178 1495 5237 assertione
1517 5177 1691 5239 illam

146 5279 434 5346 dixerimus
510 5269 834 5346 moralem,
873 5269 1202 5343 nimirum,
1242 5275 1312 5328 ut
1359 5287 1398 5330 a
1434 5271 1688 5332 Theolo-

145 5373 248 5446 μιῇ
269 5377 515 5458 distingi
543 5364 713 5424 titur·

213 5471 262 5528 ῑ,
297 5471 573 5538 Ργαηιῑαι
601 5477 689 5521 νη
723 5459 1010 5524 virtutem-
1043 5462 1288 5543 quidam
1317 5465 1541 5539 putant
1571 5478 1694 5524 ease

147 5561 510 5630 obedientiam,
531 5603 608 5614 -
659 5555 1054 5640 quiciwntecr
1092 5556 1152 5618 ai
1182 5555 1536 5638 intelliyant
1567 5572 1694 5634 spo-

427 5689 524 5736 ΙΙΙ.

3192 393 3313 462 909

1755 495 1989 560 etalem·
2018 533 2099 544 -
2130 500 2291 561 Hinc
2328 517 2478 562 vero
2508 502 2717 562 statim
2755 497 2955 562 oritur
2982 499 3309 579 dubitatio,

1753 609 2043 669 quaenam
2072 593 2267 653 virtus
2302 595 2551 654 moralis
2591 594 2725 656 haec
2769 596 2870 657 sit.
2921 596 3183 669 Quidam
3218 597 3313 658 di-

1754 691 1904 745 cunt
1931 703 2061 746 esse
2086 687 2374 749 virtutem
2402 688 2793 764 obedientiae,
2828 693 2971 770 quia
2996 709 3107 771 per
3127 691 3313 753 affec-

1755 785 1889 840 tum
1939 779 2084 841 fidei
2139 781 2469 860 subjicitur
2517 782 2861 844 intellectus
2894 783 2971 844 ad
3022 784 3309 846 obedien-

1754 872 1904 934 dum
1947 874 2105 946 Deo;
2136 874 2332 934 virtus
2362 880 2572 936 autem
2600 875 2969 938 obedientiae
3010 880 3312 958 compleo-

1755 967 1906 1026 titur
1931 984 2183 1028 omnem
2212 969 2562 1044 materiam,
2598 969 2665 1029 in
2699 987 2821 1049 qua
2848 971 3134 1032 obeditur
3161 973 3307 1051 Deo,

1753 1059 1952 1138 qualis
1976 1062 2245 1122 maxime
2265 1069 2359 1122 est
2386 1062 2645 1124 materia
2662 1062 2827 1137 fidei,
2844 1063 3024 1142 juxta
3054 1065 3207 1126 illud
3234 1067 3311 1126 ad

1756 1153 1932 1214 Rom.
1968 1158 1995 1214 1
2032 1175 2046 1214 ε
2092 1153 2193 1217 Ad
2220 1155 2591 1218 obediendum
2614 1156 2759 1236 fidei
2788 1159 2851 1218 in
2879 1159 3149 1221 <inanibus
3176 1177 3313 1241 qen-

1755 1247 1933 1320 tilms,
1962 1254 2023 1309 et
2060 1248 2284 1308 citatur
2313 1266 2422 1327 pro
2447 1247 2563 1308 hac
2588 1250 2893 1309 sententia
2912 1251 2982 1312 D.
3016 1252 3308 1329 ThomaS,

1755 1344 1791 1402 3
1819 1349 2006 1421 part„
2034 1347 2253 1421 quaest.
2288 1344 2348 1418 7,
2380 1341 2623 1403 articul.
2654 1343 2714 1402 2.
2748 1343 2865 1403 Sed
2894 1344 3027 1404 haec
3064 1351 3312 1407 senten·

1754 1437 1839 1497 tia
1880 1453 2022 1495 vera
2051 1453 2175 1494 non
2211 1441 2321 1510 est,
2356 1439 2504 1514 quia
2538 1435 2769 1515 duplex
2796 1443 2888 1498 est
2918 1437 3305 1500 obedientia:

1753 1547 1878 1589 uua
1897 1527 2258 1602 materialis,
2287 1546 2423 1606 quae
2443 1539 2766 1590 exercetur
2793 1530 2859 1589 in
2888 1530 3313 1594 observatione

1751 1623 2035 1682 omnium
2070 1626 2557 1700 praeceptorum3
2590 1631 2651 1684 et
2678 1621 2796 1684 hoc
2824 1624 3007 1684 modo
3040 1626 3171 1686 sine
3201 1627 3314 1686 du-

1754 1714 1856 1775 bio
1882 1714 2072 1776 habet
2098 1715 2301 1775 locum
2326 1716 2513 1776 etiam
2546 1716 2613 1776 in
2642 1715 2763 1776 fide
2788 1735 2805 1788 ς
2835 1723 2897 1778 et
2928 1719 3013 1779 ita
3042 1717 3315 1798 loquitur

1755 1809 1979 1870 Paulus
2032 1827 2242 1888 supra,
2285 1827 2469 1888 quem
2522 1809 2750 1888 allegat
2806 1817 2865 1872 et
2910 1811 3193 1872 imitatur
3238 1813 3309 1874 D.

1751 1901 2041 1962 Thomas.
2084 1901 2229 1962 Haec
2280 1919 2427 1962 vero
2474 1902 2823 1963 obedientia
2872 1922 2999 1965 non
3048 1912 3139 1966 est
3184 1923 3317 1986 spe-

1752 1994 1923 2054 cialis
1992 1995 2206 2070 virtus,
2246 2002 2307 2057 et
2353 1995 2489 2056 ideo
2542 1995 2698 2056 sicut
2741 1997 2807 2056 in
2858 1996 2995 2058 aliis
3040 1998 3315 2060 materiis

1753 2086 2090 2148 moralibus
2132 2106 2259 2149 non
2300 2088 2569 2150 excludit
2619 2091 3043 2152 necessitatem
3088 2093 3319 2170 specia-

1753 2179 1905 2240 lium
1958 2181 2302 2257 virtutum,
2346 2183 2432 2242 ita
2474 2201 2675 2260 neque
2724 2184 2789 2242 in
2838 2185 3148 2262 praesenti.
3180 2185 3319 2247 Alia

1754 2281 1846 2334 est
1871 2275 2223 2336 obedientia
2262 2275 2537 2336 formalis
2562 2319 2582 2350 ,
2623 2293 2761 2354 quae
2810 2277 3077 2338 intendit
3114 2277 3321 2339 obser·

1755 2369 2073 2430 vationem
2109 2369 2423 2448 praecepti,
2470 2369 2724 2448 praecise
2762 2373 2911 2448 quia
2941 2377 3315 2451 praeceptum

1756 2466 1894 2535 est,
1943 2466 2007 2520 et
2053 2462 2245 2522 veluti
2292 2463 2369 2522 ad
2415 2463 2801 2524 reddendum
2842 2465 2945 2541 jus
2988 2482 3168 2524 suum
3219 2483 3319 2524 su-

1757 2555 2009 2634 periori,
2054 2563 2117 2618 et
2160 2556 2292 2617 haec
2328 2563 2419 2616 est
2460 2556 2739 2636 specialis
2786 2558 2983 2618 virtus
3024 2557 3316 2619 obedien·

1756 2651 1884 2724 tiae,
1914 2669 2054 2711 cum
2083 2669 2205 2730 qua
2232 2669 2358 2712 non
2387 2657 2585 2732 potest
2622 2651 2724 2712 hic
2752 2652 3001 2712 habitus
3030 2653 3173 2714 fidei
3210 2671 3316 2714 co·-
3408 2722 3421 2732 ,

1757 2745 2037 2806 incidere
2070 2790 2088 2820 ‚
2136 2745 2283 2824 quia
2330 2745 2633 2806 motivum
2676 2747 2810 2824 ejus
2851 2763 2977 2806 uon
3025 2754 3113 2807 est
3156 2747 3314 2809 ratio

1755 2839 2070 2918 praerepti,
2098 2838 2203 2899 scd
2242 2839 2371 2898 sola
2402 2839 2710 2914 bonosum,
2742 2857 2881 2920 quae
2908 2839 3223 2901 invenitur
3248 2839 3316 2900 in

1757 2932 2066 2992 credendo
2106 2932 2321 3011 primae
2353 2933 2638 3008 veritati,
2684 2949 2823 3011 quae
2862 2939 2957 2992 est
2992 2934 3151 2994 ratio
3195 2932 3320 2994 for·

1757 3025 1938 3086 malis
1965 3025 2150 3105 longe
2178 3025 2439 3100 diversa,
2477 3033 2547 3086 ut
2572 3026 2823 3104 attingit
2849 3026 2919 3087 D.
2951 3026 3219 3086 Thomas
3252 3026 3313 3086 Ξ.

1758 3121 1820 3192 2,
1852 3125 2068 3199 quaest.
2102 3121 2167 3195 4,
2192 3119 2371 3179 artic.
2405 3119 2465 3194 7,
2498 3118 2576 3180 ad
2598 3121 2663 3193 33
2698 3125 2759 3181 et
2790 3119 2924 3180 ideo
2954 3137 3077 3180 non
3110 3120 3316 3180 minus

1759 3211 2165 3290 distinguitur
2182 3211 2287 3274 hic
2306 3211 2557 3272 habitus
2578 3231 2616 3272 a
2648 3213 2869 3273 virtute
2897 3211 3146 3291 speciali
3175 3212 3317 3274 obe·

1757 3306 2031 3381 dientioe,
2066 3323 2252 3384 quam
2282 3305 2419 3366 alioe
2446 3307 2705 3367 virtutes
2740 3307 3001 3368 morales
3038 3307 3317 3386 particu-

1757 3399 1938 3460 lar-ea.
1977 3399 2149 3460 Unde
2179 3399 2367 3460 etiam
2396 3399 2709 3460 immerito
2737 3399 3104 3460 recentiores
3122 3397 3319 3479 aliqui

1759 3492 2119 3572 praedictam
2182 3491 2549 3553 sententiam
2618 3492 2693 3553 de
2744 3492 3095 3553 obedientia
3144 3493 3317 3552 attri-

1759 3584 1964 3645 buunt
1989 3584 2272 3660 Medinoe,
2318 3585 2487 3646 citat.
2531 3603 2665 3664 cap.
2701 3587 2763 3660 2,
2806 3603 2948 3645 cum
2992 3585 3193 3645 solum
3242 3585 3319 3646 de

1759 3677 2035 3758 generali
2064 3677 2415 3738 obedientia
2430 3679 2515 3739 ihi
2544 3677 2855 3759 loquatur,
2885 3685 2949 3739 et
2975 3683 3184 3758 aperte
3216 3697 3319 3740 vo·

1760 3777 1858 3833 cet
1894 3771 2229 3851 imperium
2254 3777 2317 3832 et
2356 3772 2551 3832 animi
2579 3777 2894 3851 pietatem.

1840 3866 1900 3926 8.
1949 3864 2089 3927 Alii
2102 3870 2330 3946 putant
2360 3883 2487 3928 esso
2510 3865 2879 3948 reliyionem.
2911 3899 2987 3910 -
3008 3859 3151 3930 Non
3178 3863 3315 3945 pla-

1761 3965 1913 4023 cent.
1941 3989 2025 4004 —
2046 3958 2167 4018 Alii
2194 3958 2479 4020 tribuunt
2505 3958 2673 4019 hunc
2714 3959 2997 4020 effectum
3030 3959 3319 4020 credendi

1765 4051 2075 4129 religioni,
2107 4057 2169 4110 et
2194 4051 2283 4111 ita
2314 4053 2529 4112 dicunt
2558 4051 2725 4113 hunc
2754 4053 3035 4112 habitum
3065 4071 3195 4114 esse
3232 4053 3249 4112 i
3258 4073 3323 4132 p-

1763 4162 1892 4205 sam
1925 4144 2221 4206 virtutem
2246 4144 2563 4224 religionis
2586 4152 2771 4225 prout
2799 4145 2958 4206 eirca
2977 4145 3168 4206 talem
3198 4163 3325 4206 ma-

1761 4238 1985 4298 teriam
2029 4249 2342 4299 versatur:
2398 4238 2559 4299 sicut
2597 4238 2924 4316 Cajetanus
2968 4239 3119 4298 alins
3166 4238 3327 4298 dixit

1767 4333 2199 4411 poenitentiam
2242 4349 2372 4392 esse
2420 4332 2617 4411 ipsam
2648 4331 3037 4410 religionem.
3072 4332 3149 4392 Et
3188 4331 3327 4392 lun·

1765 4424 2131 4484 dementum
2158 4429 2359 4504 potest
2386 4443 2517 4485 esse
2548 4425 2737 4498 idem,
2770 4426 2915 4504 quia
2944 4424 3165 4502 religio
3187 4424 3323 4485 red-

1765 4519 1856 4578 dit
1879 4519 2003 4579 Deo
2040 4536 2224 4580 omne
2253 4517 2530 4579 debitum
2552 4538 2567 4591 ς
2614 4519 2777 4580 iuter
2801 4519 2906 4578 illa
2930 4526 3163 4593 autem,
3188 4536 3327 4598 quae

1767 4613 1890 4673 Deo
1937 4611 2233 4674 debemus
2257 4657 2277 4688 ,
2342 4631 2540 4674 unum
2588 4622 2681 4672 est
2742 4612 2911 4673 fides.
2963 4613 3115 4672 Item
3183 4616 3330 4692 quia

1765 4705 2073 4766 creden⁰do
2100 4705 2290 4766 etiam
2336 4705 2593 4766 colimus
2638 4707 2851 4781 Deum,
2882 4713 2941 4768 et
2970 4706 3191 4784 religio
3236 4711 3327 4766 est

1763 4799 1963 4859 virtus
2008 4816 2147 4877 quae
2194 4805 2401 4858 movet
2454 4799 2529 4858 ad
2590 4799 2921 4859 colendum
2958 4799 3176 4859 Deum.
3208 4799 3325 4859 Ve-

1764 4898 2121 4952 rumtamen
2150 4909 2353 4970 neque
2392 4891 2512 4952 hoc
2542 4891 2763 4971 placet,
2794 4899 2865 4951 ut
2908 4893 3094 4952 citato
3122 4910 3256 4970 cap.
3288 4895 3327 4951 3

1766 4987 1844 5047 de
1869 4986 2095 5064 Relig„
2128 5003 2304 5046 num.
2335 4989 2393 5054 3,
2426 4988 2631 5064 attigi,
2661 4987 2806 5065 quia
2835 4987 3119 5066 proprius
3146 4987 3327 5047 affec-

1769 5087 1870 5142 tus
1921 5080 2067 5141 fidei
2132 5099 2258 5140 non
2318 5086 2410 5140 est
2465 5080 2743 5142 formalis
2794 5081 3048 5142 allectus
3088 5080 3331 5140 colendi

1769 5177 1993 5251 Deum,
2025 5175 2129 5236 scd
2154 5173 2354 5236 solum
2390 5177 2765 5237 assentiendi
2790 5175 3143 5236 testimonio
3173 5175 3329 5236 divi·

1766 5287 1850 5330 no
1887 5275 2135 5349 propter
2163 5269 2573 5346 honestatem,
2607 5287 2743 5348 quae
2772 5270 2839 5328 in
2866 5269 2977 5329 tali
3016 5269 3136 5330 fide
3162 5286 3333 5349 repe-

1769 5364 1950 5424 ritur.
1998 5363 2173 5424 Unde
2210 5363 2341 5424 haec
2392 5364 2585 5424 virtus
2635 5382 2759 5424 non
2797 5364 3083 5439 attendit,
3122 5372 3191 5422 ut
3242 5368 3329 5424 sic

1765 5458 1967 5518 dicam
1990 5503 2011 5533 ,
2082 5458 2387 5518 rationem
2440 5459 2637 5518 cultus
2682 5465 2744 5518 et
2802 5457 3054 5518 honoris
3112 5457 3331 5528 divini,

1767 5553 1932 5631 quod
1964 5559 2057 5614 est
2082 5552 2354 5612 officium
2387 5552 2724 5632 religionis,
2768 5569 2969 5631 neque
3006 5551 3197 5609 etiam
3244 5555 3334 5608 at-

2941 5657 3017 5734 μ
