3900 6217
665 421 834 476 SECT.
869 423 908 475 1.
943 399 1140 476 Ali-m·
1170 420 1294 486 Quo
1323 421 1476 476 mar:
1507 422 1816 476 HAERETICI
1847 423 1987 476 SINT
2019 425 2155 478 IPSO
2186 427 2386 480 nero
2420 428 2942 485 Excomnfflmcxrt.

187 512 616 593 religiosorum
671 519 1090 600 superioribus
1137 539 1264 582 non
1305 521 1536 583 fuerint
1583 541 1746 603 prae-

183 609 378 670 venti.
455 612 898 676 Verumtamen
977 633 1181 695 neque
1261 615 1394 677 haec
1473 616 1748 679 clausula

184 703 280 762 Pii
327 705 412 764 IV
437 704 620 768 hodie
650 707 852 769 locum
899 708 1111 782 habet,
1165 716 1237 770 ut
1291 717 1454 771 recte
1485 711 1750 772 advertit

181 795 416 872 Periba,
465 798 534 858 in
579 799 924 862 Comment.
977 803 1186 868 citato,
1217 809 1282 863 et
1331 803 1486 863 Azor
1536 823 1744 882 supra,

181 905 242 965 q.
275 891 386 964 425
418 891 724 971 imprimis
771 896 920 973 quia
943 896 1108 956 dic-ta
1149 896 1516 957 constitutio
1545 897 1750 976 quoad

181 981 350 1043 hanc
378 983 714 1046 clausulam
743 1005 870 1047 non
900 988 1148 1049 videtur
1169 1007 1284 1048 usn
1307 995 1568 1068 recepta.
1603 989 1652 1049 N
1659 989 1750 1048 ul-

182 1073 284 1136 lus
307 1076 478 1138 enim
505 1076 934 1156 religiosorum
955 1081 1234 1159 superior
1255 1081 1444 1142 audet
1469 1080 1746 1141 subditos

182 1168 252 1228 in
281 1187 470 1230 causa
509 1170 759 1232 heresis
791 1173 1088 1251 judicare.
1129 1173 1358 1236 Deinde
1395 1175 1564 1254 quia,
1623 1174 1752 1235 sive

181 1269 440 1343 recepta
483 1264 690 1337 fuerit,
731 1267 862 1327 sive
889 1285 1037 1342 non,
1065 1268 1300 1330 Sanctae
1329 1268 1750 1348 Inquisitionis

178 1355 464 1416 tribunal
517 1356 704 1419 bodie
754 1357 936 1438 plane
999 1363 1376 1423 contrarium
1443 1361 1744 1423 observat.

179 1447 362 1510 Unde
411 1449 844 1529 religiosorum
889 1452 1176 1528 haereses,
1231 1455 1419 1516 etiam
1473 1472 1602 1516 non
1647 1454 1752 1516 ad-

179 1542 430 1604 monito
473 1544 811 1622 superiore,
841 1544 920 1606 ad
951 1546 1352 1626 inquisitores
1402 1546 1752 1608 deferendas

176 1641 354 1696 sunt.
389 1635 454 1696 ld
493 1636 656 1716 quod
689 1639 758 1698 in
784 1637 1004 1699 haeresi
1041 1639 1372 1700 sacerdotis
1396 1639 1686 1702 secularis
1713 1657 1752 1699 a

178 1725 432 1790 fortiori
459 1729 710 1805 militat,
737 1737 809 1790 nt
837 1737 1004 1809 patet
1025 1738 1162 1794 tum
1189 1750 1268 1794 ex
1295 1733 1494 1806 dictis,
1523 1739 1659 1794 tum
1671 1749 1752 1794 ex

181 1837 318 1899 cap.
355 1819 718 1897 Accusatus,
739 1821 780 1902 ἐ
811 1822 1189 1894 Sacerdotes.
1217 1825 1296 1886 de
1325 1825 1666 1900 Haercticis‚
1687 1825 1756 1884 in

179 1915 248 1985 6,
297 1919 364 1974 et
399 1931 472 1974 ex
518 1915 593 1974 iis
621 1933 760 1994 quas
789 1916 856 1976 in
905 1917 1242 1978 Directorio
1287 1917 1753 1998 Inquisitorum,

185 2006 228 2065 3
261 2025 354 2085 p.,
389 2025 452 2086 q.
481 2008 587 2082 w,
612 2008 810 2069 videri
837 2016 1110 2089 possunt.

267 2100 373 2160 28.
419 2099 586 2172 Quas
607 2118 817 2182 poenas
841 2101 1124 2165 incurrat
1150 2103 1256 2183 quoi
1299 2119 1416 2164 non
1443 2103 1760 2168 denuntiat

64 2238 79 2251 .
177 2192 254 2255 do
295 2190 536 2255 koereei.
582 2224 665 2239 —
691 2193 920 2255 L‘ltimo
949 2195 1318 2274 interrogari
1359 2202 1557 2275 potest
1601 2213 1756 2276 quas

179 2301 410 2364 poenas
443 2285 542 2348 vel
571 2303 712 2366 quae
741 2287 1136 2348 incommoda
1161 2290 1460 2364 incurrat,
1491 2289 1600 2368 qui
1627 2307 1752 2350 non

177 2377 520 2440 denuntiat
533 2379 923 2456 hoereticnm,
952 2399 1094 2443 cum
1125 2388 1394 2444 tenetur.
1428 2383 1632 2444 Primo
1660 2383 1756 2444 di·

179 2471 352 2534 citur
379 2471 616 2534 incurri
643 2475 1362 2536 excommunicationem.
1401 2477 1492 2536 lla
1523 2477 1754 2550 Penne,

179 2565 252 2624 in
273 2565 532 2640 Dii-eet„
553 2567 594 2628 2
615 2585 676 2645 p.
683 2611 706 2642 ,
729 2573 1062 2629 comment.
1086 2570 1149 2643 2,
1172 2573 1234 2629 et
1251 2569 1403 2629 citat
1424 2571 1756 2648 Extravag.

179 2657 474 2736 Gregorii
506 2660 610 2734 lx,
653 2677 790 2738 qnae
827 2661 1066 2740 incipit,
1109 2662 1722 2725 Escommunicamus
1731 2687 1759 2735 ,-

187 2751 298 2811 sed
330 2752 424 2811 ibi
449 2769 578 2812 non
607 2752 806 2814 fertur
835 2755 1390 2815 excommunicatio
1417 2755 1548 2832 ipso
1575 2755 1760 2830 sacto,

191 2845 302 2906 sed
325 2844 590 2906 ferenda
613 2845 842 2908 dicitur
863 2846 964 2908 his
992 2847 1234 2908 verbis:
1262 2847 1766 2910 Boeoommuuica·

195 2939 388 3002 tionis
433 2943 738 3003 sententia
767 2942 1162 3022 procedatur,-
1189 2947 1398 3001 tamen
1430 2959 1540 3020 per
1567 2941 1766 3002 edicta

198 3031 640 3111 Inquisitorum
679 3033 832 3094 solet
868 3033 1000 3113 ipso
1049 3033 1212 3094 facto
1251 3034 1525 3113 imponi,
1569 3039 1632 3093 et
1679 3036 1776 3093 ita·

191 3126 564 3202 incurritur,
609 3128 730 3188 nisi
770 3127 1048 3207 legitima
1081 3145 1268 3189 causa
1301 3127 1548 3208 culpam
1585 3145 1768 3190 exeu-

189 3226 310 3295 set,
335 3226 410 3281 ut
431 3221 672 3282 notavit
686 3220 856 3283 idem
884 3221 1118 3297 Penne,
1139 3239 1366 3282 comm.
1395 3221 1472 3281 18
1489 3220 1766 3298 ejusdem

185 3313 412 3392 partis.
444 3314 728 3376 Secundo
743 3313 968 3376 dicitur
991 3313 1348 3393 hujusmodi
1377 3331 1506 3374 non
1528 3313 1766 3374 denun-

185 3407 368 3466 cians
407 3405 544 3466 fieri
595 3406 674 3468 de
719 3407 936 3468 haeresi
985 3413 1324 3487 suspectus,
1373 3405 1538 3486 quod
1577 3408 1768 3467 sentit

187 3499 429 3572 Castro,
464 3498 526 3558 d.
557 3498 604 3560 l.
636 3501 698 3574 Ξ,
726 3519 858 3580 cap.
891 3503 992 3562 25.
1023 3500 1144 3561 Sed
1173 3499 1621 3561 moderandum
1648 3499 1766 3558 hoc

185 3597 310 3665 est,
349 3590 600 3670 quando
638 3591 776 3654 alioe
815 3593 1294 3654 circumstantiae
1316 3592 1580 3670 juvant3
1616 3607 1764 3651 nam

187 3682 326 3744 sola
353 3683 460 3744 illa
491 3684 742 3746 omissio
767 3703 881 3765 per
902 3704 966 3746 se
994 3703 1122 3745 non
1149 3685 1399 3756 sufficit,
1429 3693 1502 3745 ut
1526 3683 1766 3744 notavit

187 3777 412 3854 Rojas,
463 3777 526 3838 d.
567 3777 730 3856 sing.
775 3781 839 3854 3,
885 3798 949 3840 n.
993 3779 1093 3839 18.
1133 3778 1340 3840 Tertio
1379 3777 1606 3838 dicitur
1650 3776 1764 3836 iste

185 3869 556 3948 puniendus
581 3878 651 3932 ut
675 3870 884 3932 fautor
909 3871 1371 3946 hoereticorum3
1409 3871 1497 3932 ita
1530 3871 1761 3944 Penne,

189 3965 232 4023 2
267 3981 360 4040 p.,
389 3969 719 4024 comment.
751 3965 864 4042 783
895 3969 1324 4026 verumtamen
1354 3961 1620 4023 nimium
1649 3960 1766 4021 hoc

187 4054 472 4129 videtur,
499 4061 572 4115 ut
599 4056 764 4118 infra
801 4056 1027 4131 dicam,
1061 4055 1382 4117 tractando
1407 4056 1485 4116 de
1513 4054 1768 4116 fautori-

191 4147 344 4223 bus,
377 4154 444 4208 et
482 4146 622 4208 ideo
649 4148 852 4227 magis
886 4148 1090 4230 placet
1113 4149 1281 4228 quod
1309 4149 1466 4210 dixit
1493 4147 1760 4208 Simanc.

191 4259 431 4319 supra,
503 4259 680 4302 num.
757 4244 860 4316 11,
917 4241 1097 4303 illum
1165 4241 1554 4321 puniendum
1633 4256 1766 4301 csse

191 4334 342 4394 aliis
391 4335 614 4414 poenis,
661 4335 954 4414 prudenti
1001 4335 1260 4396 arbitrio
1299 4334 1762 4413 Inquisitorum,

189 4433 505 4506 tanquam
522 4427 1003 4504 inobedientem,
1023 4434 1088 4489 et
1109 4445 1324 4490 eorum
1353 4427 1630 4488 officium
1649 4426 1766 4486 im-

191 4519 576 4599 pedientem.

669 4747 1115 4810 DISPUTATIO
1153 4747 1308 4809 XXI.

340 4969 420 5014 DE
462 4969 646 5016 1>AEle
687 4969 1122 5016 SPJRITUALIBUS
1161 4965 1617 5014 HAERETIGORUH.

281 5177 570 5238 Diximus
633 5195 762 5239 esse
823 5179 892 5239 in
947 5175 1214 5238 Ecclesia
1267 5181 1631 5256 potestatem
1687 5174 1766 5235 ad

205 5271 554 5346 puniendos
591 5269 908 5331 haereticos
939 5291 954 5330 x
983 5277 1342 5348 cer-tumque
1367 5273 1462 5330 est
1487 5274 1550 5328 et
1585 5285 1766 5347 expe·

201 5364 476 5424 timento
517 5363 664 5424 satis
706 5369 944 5423 constat
983 5379 1115 5422 esse
1155 5364 1222 5422 in
1271 5359 1540 5422 Ecclesia
1585 5377 1763 5422 usum

207 5457 344 5518 talis
365 5458 708 5538 potestatiS,
735 5464 798 5518 et
819 5456 958 5517 ideo
980 5457 1390 5517 necessarium
1417 5455 1606 5518 estad
1631 5473 1770 5535 par-

203 5552 496 5614 ticulares
527 5567 736 5630 poenas
759 5550 1154 5626 descendere,
1185 5557 1248 5611 et
1275 5551 1548 5629 singulas
1576 5549 1771 5628 expli-

3271 431 3382 491 531

1827 539 1987 585 care.
2029 525 2434 588 DistInximus
2461 535 2671 589 autem
2709 529 2845 590 illas
2874 531 2942 590 in
2978 531 3393 610 superioribus

1827 615 1895 677 in
1939 617 2093 678 duos
2120 619 2388 695 ordines„
2424 620 2653 682 scilicet
2680 623 3095 701 spiritualium
3138 629 3201 684 et
3241 629 3396 684 tem-

1829 710 2137 789 poralium
2172 729 2522 790 poenarum,
2562 725 2675 774 sun
2715 715 3154 794 temporalibus
3182 733 3396 796 corpo-

1827 802 1989 863 rales
2044 805 2233 865 etiam
2272 805 2865 885 comprehendendo,
2913 809 3085 869 Prius
3120 827 3271 888 ergo
3318 809 3395 870 de

1827 895 2247 973 spiritualibus
2278 897 2761 978 disputationem
2800 901 3205 978 instituimus,
3248 902 3394 982 quia

1828 995 1891 1048 et
1931 990 2165 1067 priores
2189 999 2359 1066 sunt,
2404 998 2466 1052 et
2508 994 2709 1073 magis
2754 996 3019 1076 propriae
3058 995 3395 1076 spiritualis

1827 1083 2147 1160 potestatis
2159 1099 2179 1160 ;
2213 1089 2421 1164 postea
2447 1102 2595 1146 vcro
2634 1086 2711 1147 de
2742 1087 2995 1168 reliquis
3023 1089 3319 1150 dicemus.

2472 1326 2686 1378 SEcho
2720 1328 2760 1378 1.

1895 1512 2115 1576 Uia-um
2160 1514 2429 1578 hoeretioi
2467 1517 2599 1595 ipso
2638 1523 2799 1598 sacto
2840 1522 3335 1586 excommunicati

2307 1610 2457 1684 sint,
2503 1614 2562 1673 et
2600 1628 2715 1690 quo
2739 1613 2910 1691 jure.

1923 1833 1982 1890 1.
2028 1829 2255 1893 Prima
2312 1833 2629 1910 sententia,
2670 1834 2977 1900 Itoerelicos
3004 1839 3154 1917 jure
3198 1841 3399 1904 divino

1837 1940 1963 1986 esse
2004 1925 2565 1988 excommunicatos.
2598 1959 2679 1973 —
2705 1925 3031 1993 Fundetur
3073 1932 3271 2012 primo
3328 1937 3398 1996 in

1843 2013 2220 2097 Scriptum.
2262 2047 2347 2062 -—
2386 2017 2777 2082 Conveniunt
2808 2039 3023 2083 omnes
3057 2023 3353 2088 Catholici
3377 2072 3397 2102 ,

1836 2115 2089 2188 propter
2126 2108 2242 2169 hoc
2271 2107 2565 2170 delictum
2597 2111 2951 2188 impositam
2997 2131 3125 2177 esse
3154 2135 3400 2180 excom-

1837 2201 2275 2261 municationis
2319 2217 2590 2280 poenam,
2630 2222 2767 2282 quoe
2808 2207 2942 2286 ipso
2980 2207 3142 2270 lacto
3193 2209 3395 2272 incur-

1833 2298 2053 2369 ratur3
2096 2293 2468 2356 dissentiunt
2496 2303 2704 2357 autem
2750 2299 2817 2358 in
2854 2300 3214 2378 explicando
3259 2305 3400 2383 juro

1839 2401 1963 2464 quo
1984 2384 2127 2445 talis
2152 2403 2337 2465 poena
2364 2386 2489 2447 lata
2513 2393 2626 2464 est,
2648 2407 2685 2449 a
2712 2407 2835 2468 qua
2863 2395 3278 2456 controversia
3306 2397 3402 2457 in-

1840 2478 2043 2556 cipere
2072 2485 2315 2558 oportet
2341 2494 2360 2556 ;
2416 2497 2565 2540 nam
2590 2481 2927 2544 decidendo
2950 2483 3147 2559 illam,
3178 2489 3402 2550 verita-

1840 2577 1969 2630 tem
2017 2571 2213 2650 ipsam
2272 2571 2793 2635 confirmabimus.
2840 2577 2947 2636 Est
3005 2595 3154 2656 ergo
3202 2583 3403 2660 prima

1842 2663 2180 2739 sententia,
2224 2679 2363 2743 quae
2398 2665 2665 2727 affirmat
2704 2667 3021 2730 haereticos
3083 2689 3212 2734 esse
3259 2675 3403 2752 jure

1845 2755 2059 2815 divino
2110 2757 2695 2819 excommunicatos.
2730 2760 2817 2820 lta
2860 2767 3031 2824 tenet
3072 2765 3313 2841 Driedo,
3354 2766 3399 2826 l.

1845 2849 1884 2907 2
1927 2848 2005 2908 de
2044 2847 2351 2910 Libertate
2401 2849 2757 2926 christiana,
2790 2871 2845 2913 c.
2890 2853 2930 2915 8
2956 2875 2973 2928 ;
3000 2861 3063 2917 et
3090 2857 3401 2934 Latomus,

1845 2947 2061 3001 contra
2111 2941 2291 3002 Luth.
2312 2957 2332 3019 3
2364 2947 2427 3002 et
2450 2942 2697 3019 Echius,
2727 2945 2792 3004 in
2842 2945 3199 3010 Euchiridio
3223 2995 3239 3021 ‚
3288 2949 3404 3010 sub

1844 3033 2027 3094 titulo
2058 3035 2135 3094 de
2165 3033 2385 3095 Haerct.
2418 3033 2850 3096 comburendis
2866 3052 2887 3114 3
2920 3038 3185 3100 Almain.
3216 3043 3405 3102 etiam

1845 3125 1912 3185 in
1941 3127 2005 3200 4,
2036 3127 2179 3187 dist.
2210 3127 2308 3201 18,
2342 3145 2402 3206 q.
2438 3129 2497 3202 1,
2526 3128 2595 3187 in
2622 3127 2769 3203 fine,
2814 3130 3001 3190 simul
3038 3131 3195 3192 dixit
3247 3133 3406 3194 hanc

1845 3235 2169 3280 censuram
2214 3235 2341 3280 esse
2379 3219 2817 3299 Apostolicam,
2850 3227 2914 3282 et
2954 3223 3031 3284 de
3076 3224 3213 3302 jure
3248 3225 3405 3286 divi-

1847 3328 1952 3385 n0,
1998 3312 2263 3372 sentiens
2308 3329 2439 3372 esse
2465 3313 2653 3374 latam
2704 3313 2785 3373 ab
2819 3314 3149 3394 Apostolis,
3178 3336 3305 3378 non
3334 3326 3407 3378 ut

1845 3404 1924 3465 ab
1954 3404 2327 3480 auctoribus,
2358 3403 2464 3465 sed
2496 3411 2564 3464 ut
2590 3425 2627 3468 a
2665 3408 3227 3486 promulgatoribus
3248 3411 3405 3489 juris

1845 3496 2066 3557 divini.
2118 3497 2410 3558 Eamdem
2450 3501 2661 3559 tuetur
2715 3499 2961 3576 Pcnha,
2992 3502 3059 3560 in
3098 3503 3395 3564 addition.

1845 3589 1924 3650 ad
1954 3589 2234 3667 Eymer„
2266 3587 2333 3649 in
2366 3589 2585 3650 Direct.
2624 3589 3091 3668 Inquisitorum,
3126 3601 3299 3672 [arte
3338 3595 3401 3670 Ξ,

1844 3689 2179 3742 comment.
2214 3682 2315 3757 ¹2,
2355 3682 2433 3742 ad
2475 3699 2532 3742 c.
2564 3683 3195 3758 Exoommmioamm‚
3233 3690 3289 3760 1,
3326 3687 3405 3748 de

1845 3775 2075 3836 Haeret.
2101 3795 2119 3848 ;
2142 3773 2421 3848 Decian.‚
2448 3774 2514 3834 in
2544 3781 2722 3834 tract.
2754 3777 3085 3851 criminal.,
3109 3779 3149 3839 l.
3174 3781 3236 3854 5,
3262 3796 3403 3840 cum

1845 3867 2127 3945 allegatis
2168 3883 2279 3944 per
2302 3881 2471 3940 eum,
2511 3883 2564 3925 c.
2600 3867 2701 3927 11.
2748 3867 3015 3930 Fundari
3048 3877 3243 3948 potest
3272 3872 3405 3932 hoec

1845 3957 2151 4020 sententia
2190 3959 2258 4018 in
2302 3958 2425 4018 illis
2450 3957 2599 4019 locis
2642 3959 2973 4039 Scripturae
2996 4007 3018 4038 ,
3062 3964 3128 4022 in
3180 3963 3405 4043 quibus

1845 4051 2321 4114 communicatio
2370 4067 2509 4112 cum
2556 4051 2857 4113 haereticis
2905 4053 3216 4132 prohibita
3264 4065 3397 4118 est:

1845 4163 1995 4206 nam
2018 4145 2187 4206 idem
2215 4161 2347 4205 esse
2373 4144 2616 4205 videtur
2644 4148 3205 4224 excommunicare,
3236 4149 3401 4229 quud

1846 4238 2471 4301 communicationem
2502 4238 2891 4300 interdicere.
2934 4241 3035 4302 Sic
3065 4243 3272 4318 Joan„
3298 4263 3397 4324 ep.

1844 4335 1907 4409 2,
1937 4333 2196 4394 dicitur:
2232 4333 2367 4396 Nec
2390 4348 2496 4392 ave
2522 4331 2657 4393 illis
2680 4332 3003 4404 diaemtis‚·
3030 4335 3193 4395 etad
3220 4337 3396 4403 Rom.

1847 4428 1963 4488 16:
2002 4424 2315 4489 Dedimus
2351 4425 2425 4487 ab
2462 4423 2635 4496 min
2668 4430 2731 4485 et
2765 4430 2794 4485 1
2836 4426 2913 4485 ad
2942 4427 3080 4487 Cor.
3114 4430 3197 4489 5:
3250 4429 3405 4494 Cwm

1845 4519 2141 4600 ejusmodi
2179 4535 2283 4581 nec
2318 4518 2513 4582 cibum
2546 4535 2821 4588 mmm
2858 4524 2919 4579 et
2940 4521 2981 4579 2
3006 4519 3085 4579 ad
3125 4521 3400 4583 Thessal.

1849 4617 1918 4674 3:
1948 4613 2395 4675 Denuntiamus
2420 4608 2580 4672 vobis
2620 4613 2852 4688 fratres
2889 4612 2957 4672 in
2996 4614 3232 4676 nomino
3276 4616 3403 4676 Do-

1843 4707 2002 4768 mini
2026 4707 2179 4769 Jesu
2209 4704 2463 4779 christi,
2488 4707 2562 4766 ut
2601 4705 2979 4767 subtrahatis
3014 4722 3117 4767 vos
3140 4707 3212 4769 ab
3241 4709 3404 4771 omni

1843 4803 2045 4878 fratre
2072 4797 2415 4861 ambulante
2444 4797 2811 4871 inordinate,
2842 4801 2899 4860 et
2938 4813 3059 4860 non
3083 4803 3403 4862 secundum

1847 4891 2233 4956 traditionem
2251 4907 2431 4971 quam
2458 4891 2777 4970 accepistis
2796 4908 2837 4953 a
2856 4889 3045 4954 nobis.
3070 4892 3169 4953 Isti
3193 4899 3403 4954 autem

1844 4993 1991 5047 sunt
2029 4985 2309 5046 haeretici
2338 5029 2357 5060 ,
2400 4991 2461 5046 et
2510 4985 2601 5045 ita
2648 4984 2727 5045 de
2777 4984 2899 5044 illis
2938 4984 3243 5046 intellexit
3286 4989 3409 5067 Cy-

1845 5083 2073 5162 prian„
2106 5079 2287 5161 epist.
2329 5080 2430 5154 55,
2460 5085 2523 5139 et
2564 5078 2701 5138 loco
2740 5077 2913 5138 verbi
2954 5080 3398 5154 denuntiamus,

1803 5221 1810 5224 -
1845 5176 1998 5254 legit
2037 5173 2464 5258 proedpimm;
2489 5181 2553 5234 ct
2570 5171 2790 5233 eodem
2818 5171 3003 5233 modo
3030 5171 3182 5250 legit
3206 5172 3403 5235 Theo·

1846 5269 2027 5350 phil„
2060 5275 2123 5330 et
2147 5269 2359 5330 addit:
2389 5265 2751 5343 vanificum
2772 5266 2969 5348 magis
2989 5265 3229 5341 faciens
3242 5285 3405 5348 proe·

1847 5365 2103 5442 coptum,
2144 5364 2277 5425 ait:
2304 5361 2451 5426 Non
2483 5377 2591 5421 nos
2609 5360 3027 5440 proeoip³mus,
3056 5360 3165 5421 sed
3200 5358 3409 5423 Claris-

1851 5461 1971 5518 tus.
2004 5457 2073 5516 ln
2100 5473 2227 5534 quo
2254 5456 2351 5534 jus
2378 5453 2660 5514 divinum
2688 5453 2980 5513 insinuat.
3016 5451 3188 5525 Quod
3216 5453 3405 5512 etiam

1850 5548 2094 5608 videtur
2136 5554 2345 5627 aperte
2386 5546 2581 5607 latum
2609 5562 2650 5604 a
2678 5545 2891 5620 Paulo,
2928 5543 3005 5605 ad
3032 5544 3165 5606 Gal.
3196 5547 3225 5604 1
3254 5563 3267 5604 :
3324 5545 3411 5607 Si
