3900 6217
599 394 772 447 SECT.
804 394 885 447 Vt.
920 395 1004 447 AN
1035 394 1198 447 PAPA
1231 394 1432 447 snum.
1461 392 1762 447 existens
1795 394 1957 447 Para
1986 393 2383 456 Necssssanlo.
2418 394 2549 448 DUH
2581 394 2774 458 vwrr,
2805 396 2940 448 mc.

221 518 338 563 men
353 542 374 574 ,
416 495 607 557 adhuc
651 500 852 575 potest
895 512 1026 559 esse
1067 512 1250 557 verus
1288 496 1478 576 Papa,
1517 494 1734 557 eadem

221 594 426 656 ratione
469 588 732 669 poterit,
783 596 914 650 aeto
975 588 1273 651 delictum
1319 588 1428 650 fiat
1489 592 1732 664 notum,

217 684 453 767 quandiu
476 682 548 743 de
579 681 690 743 illo
719 698 846 743 non
877 682 1327 761 pronunciatur
1375 682 1682 745 sententia
1715 702 1732 755 ;

219 790 329 841 tum
367 776 502 856 qnia
545 776 754 837 nullus
792 776 1012 837 incidit
1057 777 1124 837 in
1161 793 1436 856 poenam,
1467 777 1588 839 nisi
1637 774 1737 836 vel

216 878 324 955 ipso
357 872 540 945 facto,
583 870 680 933 vel
737 888 848 949 per
893 871 1260 933 sententiam
1295 888 1312 943 ς
1364 878 1500 933 tum
1546 869 1736 931 etiam

215 969 336 1048 quia
381 966 464 1027 sic
531 964 768 1043 majora
835 964 1227 1027 incommoda
1279 972 1684 1045 sequerentur
1712 978 1734 1041 3

215 1060 588 1123 incideremus
623 1059 931 1119 nimirum
961 1059 1028 1119 in
1055 1058 1322 1121 dubium
1361 1065 1596 1138 quanta
1632 1058 1736 1120 de·-

213 1156 356 1215 heret
383 1170 506 1213 esse
531 1150 816 1225 infamia,
847 1158 920 1212 ut
943 1168 984 1213 a
1011 1151 1318 1230 dignitate
1341 1152 1562 1215 cadere
1591 1170 1736 1213 cen-

213 1250 449 1318 seretur3
493 1244 900 1324 sequerentur
931 1261 1082 1323 ergo
1115 1243 1468 1319 schismata,
1497 1250 1560 1305 et
1595 1262 1734 1325 per-

211 1341 363 1419 plexa
395 1338 606 1399 omnia
645 1336 1072 1413 redderentur,
1123 1338 1429 1417 praecipue
1467 1338 1543 1412 si,
1599 1341 1734 1415 post

209 1431 522 1507 infamiam,
554 1449 664 1511 per
690 1431 819 1492 vim
838 1429 936 1493 vel
960 1431 1144 1493 modo
1170 1430 1294 1492 alio
1320 1434 1614 1491 retineret
1641 1446 1733 1491 se·-

211 1526 286 1587 dis
316 1523 773 1603 possessionem,
805 1523 1132 1605 pluresque
1177 1528 1354 1585 actus
1375 1524 1474 1606 sui
1517 1540 1734 1583 mune-

208 1619 275 1678 ris
305 1623 628 1678 exerceret.
657 1616 1073 1678 Confirmatur
1115 1616 1386 1679 secundo
1429 1618 1734 1695 urgentis-

207 1712 368 1784 sime,
409 1709 559 1789 qnia
614 1710 666 1770 si
723 1708 1026 1771 accideret
1073 1712 1300 1790 Papam
1367 1709 1735 1771 haereticum

209 1804 316 1865 fieri
357 1804 540 1865 etiam
607 1804 978 1867 exteriorem
999 1850 1020 1879 ,
1065 1805 1168 1864 sed
1221 1804 1530 1864 occultum
1551 1848 1572 1879 ,
1625 1803 1733 1882 qui

209 1902 384 1976 postca
408 1895 798 1977 resipisceret
825 1914 898 1959 ac
926 1912 1070 1957 vere
1098 1896 1448 1975 poeniteret,
1473 1895 1735 1958 omnino

209 1988 458 2049 evaderet
494 1988 872 2068 perplexum
903 2006 1053 2051 nam
1081 1990 1134 2049 si
1160 2008 1269 2068 per
1312 1989 1596 2049 hoeresim
1637 2006 1736 2049 ce-

211 2083 330 2143 cidit
375 2099 412 2142 a
455 2080 794 2160 dignitate,
839 2082 1024 2145 debet
1072 2083 1330 2143 omnino
1374 2081 1738 2162 pontificatu

208 2174 408 2250 cedere,
437 2175 608 2253 quod
641 2182 736 2237 est
763 2176 1226 2255 gravissimum,
1261 2180 1324 2237 et
1361 2174 1489 2237 fere
1523 2180 1738 2235 contra

205 2270 284 2347 jus
302 2275 556 2344 naturae,
577 2288 646 2331 se
672 2269 972 2331 nimirum
999 2270 1258 2350 prodere
1285 2291 1302 2344 ς
1337 2269 1602 2331 retinere
1627 2286 1738 2329 au·

210 2370 310 2423 tem
345 2362 764 2441 episcopatum
797 2381 922 2423 non
959 2368 1183 2443 posset,
1225 2363 1373 2443 quia
1409 2362 1738 2423 intrinsece

211 2454 408 2515 malum
441 2460 623 2516 esset.
676 2456 854 2517 Unde
879 2458 999 2537 ipsi
1029 2458 1217 2519 etiam
1246 2455 1572 2517 contrarios
1599 2472 1736 2515 sen-

211 2546 386 2607 tentiae
423 2550 714 2609 auctores
763 2549 1040 2611 fatentur
1065 2594 1088 2625 ,
1133 2549 1198 2610 in
1253 2566 1328 2610 eo
1377 2564 1522 2608 casu
1561 2564 1738 2626 posse

213 2640 438 2701 retinere
477 2642 936 2723 episcopatum,
965 2649 1156 2723 atque
1193 2660 1324 2705 esse
1366 2658 1583 2703 revera
1625 2641 1737 2702 Pa-

213 2750 347 2811 pam,
385 2752 521 2812 qnae
559 2740 664 2797 est
703 2738 1055 2798 communis
1087 2736 1396 2799 sententia
1441 2735 1736 2796 Canonis-

216 2832 399 2902 tarum,
429 2846 574 2889 cum
606 2828 847 2905 Glossa,
873 2850 926 2891 c.
960 2828 1148 2893 Nunc
1167 2835 1389 2903 autem,
1420 2829 1479 2891 d.
1513 2832 1612 2891 21.
1645 2828 1736 2891 Ex

225 2936 308 2996 quo
345 2921 613 2983 sumitur
655 2929 872 2985 contra
923 2940 1028 2983 eos
1068 2929 1356 3001 apertum
1407 2940 1739 3003 argumen-

231 3018 318 3073 tum
327 3035 342 3087 ;
383 3033 528 3075 nam
554 3034 679 3095 per
714 3017 1147 3097 poenitentiam
1171 3035 1298 3078 non
1330 3017 1676 3078 restituitur
1701 3034 1740 3076 a

226 3104 310 3165 Deo
341 3106 576 3187 Papalis
603 3109 906 3188 dignitas,
937 3110 1098 3171 sicut
1115 3110 1358 3189 gratia3
1387 3110 1739 3171 inauditum

223 3206 288 3258 cst
315 3202 492 3277 enim,
521 3202 645 3283 qui
679 3221 861 3265 verus
890 3204 1054 3282 Papa
1081 3220 1208 3265 nou
1237 3204 1339 3278 sit,
1374 3222 1412 3263 a
1449 3203 1574 3264 Deo
1603 3202 1739 3265 fieri

221 3292 404 3371 Papam
429 3295 566 3357 sine
583 3296 922 3358 hominum
951 3297 1252 3359 electione
1279 3304 1341 3359 et
1367 3297 1734 3358 ministerio.

215 3385 442 3449 Tandem
487 3388 655 3451 fidos
681 3408 810 3451 non
835 3396 928 3451 est
969 3391 1324 3453 omnimode
1369 3391 1736 3467 necessarie,

216 3489 270 3537 ut
291 3478 458 3541 homo
485 3483 567 3544 sit
603 3500 804 3563 capax
843 3482 1180 3563 spiritualis
1215 3490 1278 3545 et
1317 3484 1739 3545 ecclesiastica

219 3666 370 3729 talem
407 3671 912 3749 jurisdictionem
961 3672 1324 3751 exigentes3
1369 3690 1518 3751 ergo
1543 3717 1564 3748 ,
1617 3678 1733 3737 etc.

213 3762 552 3827 Antecedens
589 3772 772 3846 patet
809 3766 1156 3844 manifeste,
1187 3767 1414 3847 quippe
1438 3770 1508 3829 in
1539 3773 1741 3829 extre-

213 3870 296 3913 ma
317 3860 673 3921 necessitate
715 3861 1000 3923 sacerdos
1035 3860 1362 3921 hoereticus
1406 3866 1602 3939 potest
1631 3860 1740 3923 ab·

211 3946 430 4025 solvere,
452 3957 522 4011 ut
545 3951 618 4013 in
648 3954 907 4015 materia
933 3953 1020 4015 de.
1038 3954 1405 4033 poenitentia
1431 3959 1496 4014 et
1523 3972 1758 4015 censu--

215 4040 282 4099 ris
305 4042 582 4121 docetur,
611 4047 784 4125 quod
823 4064 952 4109 non
993 4046 1063 4108 fit
1107 4048 1242 4109 sine
1282 4047 1736 4125 jurisdictione.

276 4134 326 4195 5.
363 4135 458 4197 Aa
489 4140 954 4215 fundaminis
980 4140 1350 4205 contrarium
1379 4141 1450 4202 in
1475 4158 1642 4203 nam.
1673 4142 1734 4201 2.

213 4226 666 4311 -Adprimam
703 4233 1207 4315 confirmationem
1229 4232 1378 4297 ibid.
1399 4266 1482 4281 —
1507 4231 1610 4297 Aa
1649 4251 1744 4297 so-

217 4322 448 4387 rmidam.
471 4356 552 4371 -—
573 4324 687 4389 Aa
710 4328 979 4391 uniam.
1003 4356 1086 4373 —
1102 4326 1192 4387 Ex
1221 4344 1344 4407 quo
1369 4326 1742 4389 fundamen-

217 4415 328 4473 tum
344 4419 665 4481 contraria
691 4420 1016 4481 sententiae
1032 4422 1186 4493 ruit;
1217 4421 1378 4481 sicut
1395 4420 1565 4483 enim
1589 4420 1740 4482 fides

215 4520 319 4566 non
355 4515 440 4571 est
470 4511 956 4575 fundamentum
985 4514 1402 4576 necessarium
1430 4514 1510 4576 ad
1539 4519 1741 4594 potcs-

217 4603 375 4663 tatem
399 4604 656 4683 ordinis,
694 4624 838 4687 quae
863 4624 978 4669 suo
1009 4606 1193 4669 modo
1217 4607 1602 4687 praestantior
1619 4612 1733 4683 est,

221 4690 290 4752 ita
327 4712 512 4776 neque
553 4698 1048 4776 jurisdictionis;
1095 4700 1176 4761 ad
1220 4698 1354 4761 hoec
1398 4698 1631 4773 nullus,
1666 4703 1741 4759 ut

221 4786 390 4863 medo,
409 4798 620 4855 auctor
637 4793 825 4869 dicet,
851 4811 996 4855 cum
1016 4792 1466 4873 probabilitatis
1489 4790 1736 4867 umbra,

223 4895 312 4955 per
332 4882 508 4945 solam
535 4886 900 4951 interiorem
927 4882 1215 4949 haeresim
1241 4886 1444 4949 amitti
1471 4885 1739 4964 dignita-

225 4977 326 5034 tem
361 4980 655 5057 papalem,
697 4982 980 5061 quamvis
1008 4983 1090 5043 sit
1138 4986 1374 5042 certum
1420 4978 1626 5041 amitti
1667 4978 1740 5039 fi-

227 5062 363 5127 dem.
407 5070 526 5133 Nec
547 5073 815 5135 adducta
851 5075 1210 5136 testimonia
1259 5078 1403 5133 sunt
1451 5071 1532 5133 ad
1578 5088 1733 5145 rem,

229 5159 346 5232 quia
367 5180 483 5225 non
519 5174 614 5227 est
649 5185 852 5229 sermo
889 5168 967 5229 de
1004 5166 1412 5229 fundamento
1453 5164 1742 5245 jurisdic-

233 5248 384 5313 tionis
403 5265 508 5317 aut
531 5260 852 5337 dignitatis
877 5261 1322 5335 ecclesiasticae,
1362 5260 1468 5321 sed
1500 5258 1578 5321 de
1609 5258 1740 5338 pri-

233 5346 394 5407 mario
439 5350 830 5417 fundamento
886 5354 1074 5415 totius
1131 5352 1413 5415 Ecclesiae.
1459 5356 1524 5413 et
1561 5350 1740 5429 justi-

237 5436 616 5522 Reatinum-ac
651 5449 928 5509 omnium
957 5448 1266 5509 honorum
1297 5444 1736 5526 spiritualium,

237 5536 372 5610 quod
398 5545 482 5599 est
505 5539 768 5604 Christus
793 5549 856 5604 et
878 5540 1030 5603 fides
1053 5542 1224 5621 ejus;
1267 5558 1384 5603 uec
1429 5540 1618 5600 etiam
1665 5554 1744 5599 ex

3250 395 3371 455 317

1811 493 1978 557 facto
2006 495 2231 557 Christi
2260 513 2403 557 cum
2428 494 2608 557 Petro
2644 494 2909 557 sumitur
2930 495 3246 575 probabile
3274 516 3373 561 ar-

1815 595 2225 669 gumentum3
2252 590 2402 651 alias
2422 590 2641 651 eodem
2676 592 2861 655 modo
2896 594 3127 655 diceret
3149 591 3372 671 aliquis

1815 682 2181 743 charitatem
2222 700 2353 745 esse
2400 683 2879 747 fundamentum
2923 684 3253 766 pontificiae
3280 686 3375 747 di-

1817 776 2094 854 gnitatis,
2125 778 2273 857 quia
2307 778 2493 839 etiam
2526 777 2802 840 Christus
2833 784 3081 841 Petrum
3112 779 3375 839 interro-

1816 870 1985 947 gavit
2035 886 2118 931 au
2171 888 2235 931 se
2284 876 2521 933 amaret
2539 886 2558 947 3
2608 871 2808 933 solum
2840 888 3025 950 ergo,
3066 878 3139 932 ut
3187 889 3374 950 supra

1817 966 2005 1024 etiam
2054 964 2347 1036 diximus,
2399 966 2667 1025 sectione
2717 965 2781 1041 4,
2826 984 3003 1027 num.
3063 968 3125 1041 4,
3180 966 3375 1026 voluit

1817 1057 2090 1119 Christus
2120 1059 2439 1121 ostendere
2486 1076 2625 1139 quoe
2674 1066 2876 1121 essent
2920 1060 3265 1121 necessaria
3304 1061 3373 1121 in

1815 1149 2133 1228 Pontifice‚
2162 1158 2234 1214 ut
2264 1154 2703 1215 convenienter
2730 1157 2931 1232 posset
2960 1170 3219 1215 munere
3260 1171 3373 1215 suo

1811 1242 1993 1321 fungi
2009 1258 2028 1319 ;
2060 1250 2123 1305 et
2150 1244 2365 1305 eodem
2396 1244 2522 1307 fere
2550 1246 2735 1307 modo
2766 1244 3109 1323 loquuntur
3138 1246 3369 1321 Patres,

1813 1337 1924 1415 qui
1951 1342 2249 1415 praeterea
2277 1336 2497 1397 volunt
2534 1336 2897 1399 haereticum
2935 1339 3159 1401 mereri
3194 1339 3371 1401 omui

1812 1429 2113 1507 dignitate
2160 1436 2223 1490 et
2259 1431 2686 1509 jurisdictione
2732 1432 2999 1511 privari3
3050 1432 3391 1495 interdum

1813 1524 2002 1585 etiam
2045 1530 2243 1603 agunt
2286 1524 2362 1585 de
2412 1524 2665 1604 privatis
2711 1525 3031 1605 episcopis,
3060 1527 3373 1605 supposito

1806 1617 1950 1696 jure
1988 1617 2420 1692 ecclesiastico,
2458 1614 2537 1679 de
2574 1636 2699 1698 quo
2750 1617 2915 1681 infra
2952 1620 3245 1681 dicemus,
3279 1620 3376 1680 Ad

1813 1712 2063 1772 tertiam
2112 1710 2645 1774 confirmationem
2679 1714 2867 1775 unico
2893 1712 3081 1773 verbo
3126 1732 3379 1794 respon-

1812 1803 2015 1879 detur,
2050 1805 2275 1883 Papam
2304 1804 2665 1867 haereticum
2693 1824 2821 1867 non
2860 1824 2993 1867 esse
3026 1806 3378 1867 membrum

1813 1897 2120 1972 Ecclesiae,
2152 1896 2357 1977 quoad
2386 1898 2803 1961 substantiam
2834 1906 2897 1961 et
2940 1898 3206 1961 {ormam
3252 1918 3380 1981 qua

1813 1990 2275 2051 constituuntur
2319 1990 2602 2055 membra
2640 1992 2951 2067 Ecclesiae,
2998 2010 3125 2055 esse
3165 2001 3377 2055 tamen

1817 2088 2003 2162 caput
2028 2084 2227 2163 quoad
2258 2084 2529 2145 officium
2570 2091 2633 2145 et
2673 2085 3019 2163 influxum3
3050 2085 3213 2165 quod
3248 2104 3375 2147 non

1815 2182 1910 2238 est
1943 2176 2327 2251 mirandum,
2358 2178 2505 2256 quia
2530 2196 2657 2238 non
2684 2184 2777 2239 est
2816 2179 3093 2257 primum
3120 2184 3183 2240 et
3218 2196 3378 2257 prm-

1817 2272 2068 2349 cipuum
2102 2276 2287 2349 caput
2327 2289 2439 2331 sua
2472 2270 2705 2333 virtute
2744 2270 3036 2347 influens,
3067 2271 3173 2333 sed
3200 2270 3378 2351 quasi

1819 2364 2313 2439 instrumentale,
2336 2370 2399 2426 et
2427 2366 2727 2427 vicarium
2748 2366 2928 2445 primi
2950 2366 3189 2445 capitis,
3212 2366 3379 2445 quod

1815 2462 2037 2537 potens
2061 2463 2153 2518 est
2192 2456 2505 2519 influxum
2532 2458 2917 2537 spiritualem
2950 2459 3241 2521 membris
3270 2458 3379 2521 tri-

1821 2550 2039 2626 buere,
2069 2550 2168 2611 vel
2216 2568 2325 2629 per
2374 2556 2560 2629 caput
2612 2566 2894 2627 aeneum,
2934 2551 3378 2631 proportionali

1817 2643 1987 2705 enim
2024 2643 2267 2704 ratione
2306 2661 2417 2721 per
2453 2643 2775 2706 haereticos
2814 2642 3131 2706 interdum
3180 2644 3378 2724 bapti-

1815 2742 1936 2811 zat,
1968 2736 2281 2797 interdum
2312 2736 2502 2797 etiam
2529 2735 2819 2811 absolvit,
2844 2743 2917 2797 ut
2940 2735 3178 2798 dictum
3208 2744 3322 2798 est.

1895 2830 1957 2889 6.
2006 2826 2218 2893 Tertia
2244 2830 2502 2893 assertio
2533 2827 2971 2893 eommunis.-
2984 2829 3128 2890 Dico
3150 2830 3375 2891 tertio:

1817 2921 1869 2982 si
1900 2923 2067 3001 Papa
2084 2922 2163 2981 sit
2181 2922 2503 2983 haereticus
2522 2928 2583 2983 et
2600 2920 3060 2999 incorrigibilis,
3084 2941 3223 2983 cum
3255 2924 3379 3002 pri·

1819 3032 1997 3077 mum
2042 3032 2152 3094 per
2186 3015 2532 3094 legitimam
2560 3014 2843 3077 Ecclesiae
2886 3015 3377 3094 jurisdictionem

1817 3108 2123 3169 sententia
2170 3107 2577 3169 declaratoria
2608 3107 2884 3169 criminis
2928 3108 2997 3168 iu
3046 3126 3190 3169 eum
3239 3124 3381 3187 pro-

1817 3202 2037 3277 fertur,
2082 3200 2308 3262 desinit
2331 3219 2459 3263 esse
2492 3203 2675 3281 Papa.
2709 3200 2817 3263 Est
2850 3202 3196 3263 communis
3222 3203 3378 3263 Doc-

1821 3300 2061 3369 torum3
2098 3294 2414 3374 colligitur
2445 3313 2522 3357 ex
2552 3296 2865 3357 Clemente
2892 3296 2942 3368 Ι,
2968 3294 3228 3374 epistola
3255 3296 3378 3375 pri·

1821 3406 1945 3463 ma,
1978 3386 2087 3448 uhi
2110 3387 2199 3448 ait
2233 3390 2483 3449 Petrum
2529 3388 2805 3449 docuisse
2848 3387 3213 3449 haereticum
3258 3390 3379 3450 Pa-

1819 3498 1965 3561 pam
1988 3498 2119 3543 esse
2147 3480 2604 3560 deponendum.
2638 3480 3137 3543 Fundamentum
3166 3487 3379 3543 autem

1819 3575 1935 3635 hoc
1962 3581 2076 3651 est,
2103 3574 2251 3655 quia
2278 3574 2713 3653 gravissimum
2746 3574 2905 3636 foret
2932 3581 3380 3637 nocumentum

1819 3669 2105 3730 Ecclesiae
2148 3669 2339 3729 talem
2392 3668 2623 3731 habere
2668 3676 2997 3749 pastorem,
3044 3686 3159 3731 nec
3204 3686 3381 3750 posse

1819 3760 1938 3824 sibi
1980 3760 2307 3823 subvenire
2343 3761 2410 3822 in
2450 3768 2580 3823 tam
2611 3760 2787 3837 gravi
2818 3761 3129 3842 pericu103
3160 3769 3381 3843 proete-

1819 3870 1930 3915 rea
1954 3860 2170 3915 contra
2196 3852 2567 3933 dignitatem
2584 3854 2871 3917 Ecclesiae
2894 3854 3043 3916 facit
3069 3856 3381 3918 subditam

1821 3966 2077 4010 manere
2116 3947 2405 4010 haeretico
2434 3946 2741 4023 Pontifici,
2772 3964 2971 4027 neque
2998 3965 3171 4027 posse
3200 3948 3381 4011 illum

1821 4060 1860 4104 a
1881 4060 1944 4103 se
1977 4040 2325 4122 depellere3
2354 4059 2505 4101 nam
2537 4040 2738 4121 qualis
2766 4048 2857 4103 est
2882 4042 3169 4123 princeps
3188 4048 3251 4105 et
3278 4062 3381 4105 sa-

1821 4136 2061 4212 cerdos,
2118 4134 2263 4197 talis
2310 4134 2467 4197 solet
2518 4133 2861 4197 existimari
2918 4134 3177 4215 populus
3206 4157 3222 4197 ε
3264 4134 3381 4199 hoc

1821 4230 1974 4291 item
1988 4228 2363 4289 confirmant
2380 4228 2653 4289 rationes
2674 4227 2897 4307 prioris
2909 4228 3255 4304 sententiae,
3272 4228 3383 4291 illa

1820 4322 2155 4403 praecipue,
2188 4321 2354 4402 quod
2378 4320 2631 4383 baeresis
2657 4326 2731 4385 ut
2760 4339 2972 4385 cancor
2992 4322 3209 4404 serpit,
3240 4340 3381 4401 pno-

1819 4422 1958 4497 pter
1980 4415 2144 4494 quod
2167 4414 2429 4489 malum,
2450 4413 2752 4492 haeretici,
2769 4415 2972 4494 quoad
2995 4412 3132 4475 fieri
3155 4421 3376 4494 potest,

1819 4508 2056 4569 vitandi
2084 4512 2251 4583 sunt,
2278 4507 2477 4568 multo
2505 4523 2653 4568 vero
2682 4506 2879 4585 magis
2900 4510 3107 4585 pastor
3132 4506 3383 4569 hoereti-

1817 4617 1959 4678 cus3
1990 4600 2301 4681 quomodo
2340 4605 2553 4661 autem
2596 4598 2785 4661 vitari
2826 4604 3045 4679 potest,
3082 4600 3135 4660 si
3174 4606 3383 4681 pastor

1819 4712 1950 4757 esse
1976 4710 2106 4755 non
2138 4692 2424 4754 desinat?

1899 4790 1960 4849 7.
2013 4786 2301 4849 Primnum
2344 4783 2587 4848 dubim
2644 4782 2808 4849 circa
2854 4786 3271 4849 assertionem.
3300 4816 3384 4833 -

1821 4880 2224 4955 Quorumdam
2250 4878 2579 4959 responsio.
2602 4910 2685 4925 —
2729 4877 2936 4945 Verior
2958 4878 3287 4959 responsio.
3300 4910 3385 4925 --

1817 4974 1994 5035 Circa
2021 4971 2184 5033 hanc
2210 4988 2357 5031 vero
2398 4970 2862 5033 conclusionem
2905 4977 3054 5033 sunt
3082 4972 3385 5033 nonnulla

1819 5064 2203 5145 explicanda.
2240 5062 2469 5138 Primo,
2499 5080 2538 5123 a
2581 5080 2705 5143 quo
2733 5063 2880 5125 ferri
2918 5063 3141 5127 debeat
3166 5063 3386 5143 hujus-

1822 5159 1993 5221 modi
2019 5158 2345 5219 sententia.
2386 5155 2653 5230 Quidam
2696 5157 2867 5219 enim
2900 5156 3119 5219 dicunt
3162 5176 3201 5217 a
3240 5158 3383 5219 Car-

1822 5252 2133 5314 dinalibus
2159 5249 2517 5324 ferendam3
2554 5260 2619 5311 et
2658 5250 2954 5329 potuisset
2990 5250 3243 5329 quidem
3274 5252 3386 5312 Ec-

1819 5347 2005 5409 clesia
2022 5346 2183 5407 hanc
2209 5360 2461 5405 causam
2488 5343 2611 5403 illis
2636 5345 3047 5419 committere,
3074 5344 3385 5424 praecipue

1822 5440 1876 5500 si
1923 5456 2003 5500 ex
2050 5456 2369 5517 consensu,
2411 5434 2506 5495 vel
2553 5435 2941 5497 ordinatione
2994 5454 3383 5497 summorum

1825 5532 2195 5597 Pontificum
2241 5532 2329 5593 ita
2358 5534 2517 5593 esset
2556 5536 2884 5605 statutum,
2924 5530 3085 5591 sicut
3120 5530 3199 5591 de
3226 5532 3384 5593 elec-
