3900 6217
516 396 635 457 688

518 614 645 655 mo.
676 595 831 655 Nam
860 594 911 653 si
936 593 1075 673 quis
1108 593 1177 655 in
1204 600 1479 655 extrema
1520 595 1786 655 existens
1820 594 2080 655 necessi-

517 693 645 749 tate
664 687 921 767 accipiat
946 686 1217 747 alienum
1246 692 1318 747 ιιι
1342 686 1458 748 61111
1484 686 1829 762 subveniat,
1874 692 2082 765 postea

518 781 773 843 veniens
790 780 867 839 ad
887 779 1273 858 pinguiorem
1288 779 1601 841 fortunam
1612 827 1627 853 ,
1643 785 1891 841 tenetur
1904 780 2080 841 resti-

518 881 693 934 tuere
713 890 733 951 ;
764 890 911 952 ergo
946 873 998 933 si
1043 873 1198 935 alter
1232 872 1611 950 subveniret,
1650 880 1849 953 potest
1888 875 2078 936 etiam

518 966 797 1044 obligare
820 967 897 1027 ad
924 967 1398 1033 restitutionem.
1430 966 1591 1045 quod
1638 973 1925 1028 mutuare
1963 973 2072 1029 est.

518 1060 903 1123 Antecedens
926 1066 1017 1121 est
1058 1059 1395 1121 multorum
1444 1060 1923 1138 Theologorum,
1969 1061 2078 1122 Ri-

520 1154 755 1229 chardi,
796 1152 1089 1226 Durandi,
1119 1151 1438 1229 GabrieliS,
1470 1152 1537 1213 16
1564 1154 1627 1227 4,
1653 1153 1923 1215 distinct.
1963 1156 2038 1217 15
2056 1176 2074 1229 3

518 1246 787 1321 Mediae,
815 1245 961 1305 Cod.
993 1244 1069 1305 de
1097 1245 1410 1319 Restitut.,
1436 1251 1655 1323 quaest.
1694 1248 1773 1323 33
1804 1252 1867 1305 et
1882 1245 2075 1321 Glos„

517 1332 587 1401 in
614 1358 741 1419 reg.
778 1341 1121 1415 Peccatwm,
1142 1339 1221 1399 de
1250 1338 1465 1416 Regul.
1491 1340 1671 1417 juriS,
1708 1340 1774 1401 in
1798 1340 1875 1413 63
1906 1346 1971 1401 et
1989 1340 2078 1401 vi-

518 1434 700 1495 detur
728 1432 935 1509 colligi
962 1450 1039 1495 cx
1066 1451 1197 1512 cap.
1236 1432 1319 1495 Si
1345 1433 1505 1512 quis,
1550 1438 1725 1493 extra
1750 1432 1827 1492 de
1868 1432 2070 1495 furtis.

518 1525 931 1587 Confirmatur
952 1526 1224 1587 secundo
1250 1544 1329 1587 ex
1356 1525 1573 1587 Genes.
1622 1527 1721 1599 25,
1757 1525 1865 1585 ubi
1890 1526 2082 1587 Jacob

516 1620 675 1681 Esau
718 1627 991 1681 extreme
1036 1619 1329 1685 esurienti
1380 1618 1613 1679 cibaria
1658 1619 1972 1690 vendidit3
2021 1625 2084 1681 et

516 1713 801 1775 similiter
842 1712 1103 1792 Joseph,
1132 1712 1348 1773 Genes.
1382 1714 1449 1773 4⁴
1510 1719 1573 1773 et
1622 1712 1741 1786 42,
1777 1713 2081 1791 oppressis

514 1806 681 1869 fame
724 1806 1111 1869 ‘frumentum
1170 1803 1475 1869 vendebat
1484 1820 1505 1882 3
1560 1810 1622 1867 et
1672 1804 1894 1865 Tobias
1944 1823 2081 1865 mu-

517 1906 697 1961 tuum
744 1898 914 1959 dedit
957 1896 1205 1970 Gabelo,
1246 1896 1359 1957 sub
1400 1896 1867 1977 chyrograph03
1898 1897 2082 1959 deni-

518 2012 636 2073 que
661 1993 811 2055 facit
836 1992 935 2054 lex
960 1991 1045 2055 Si
1060 1990 1491 2073 proluitamfi.
1517 1991 1919 2070 Proescriptis
1946 2008 2078 2053 ver-

520 2088 635 2151 bis.
670 2086 1022 2147 Notandum
1057 2102 1167 2164 pro
1194 2083 1499 2144 decisione
1527 2089 1638 2157 est,
1670 2083 1954 2145 homines
1979 2086 2073 2143 in·

516 2181 765 2245 terdum
814 2197 1021 2241 carere
1066 2177 1246 2239 rebus
1302 2176 1656 2237 necessariis
1712 2176 1968 2237 omniuo
2017 2181 2080 2237 et

518 2270 901 2350 simpliciter,
934 2270 1245 2333 interdum
1268 2274 1509 2331 tantum
1532 2270 1868 2329 secundum
1900 2269 2075 2347 quid,

518 2364 667 2441 quia
694 2362 835 2425 licet
856 2362 959 2425 hic
982 2368 1255 2437 careant,
1290 2361 1520 2425 habent
1544 2361 1730 2437 alibi3
1766 2361 1862 2421 vel
1888 2363 1939 2422 si
1975 2380 2079 2421 ca-

518 2462 659 2517 rent
688 2456 805 2517 1166
836 2474 1061 2535 genere
1113 2456 1443 2530 bonorum,
1492 2454 1726 2517 hahent
1770 2454 1926 2529 alia,
1983 2455 2079 2517 vel

518 2548 753 2610 habent
793 2550 1157 2610 industriam
1190 2566 1315 2628 qua
1354 2548 1533 2608 facile
1563 2548 1797 2627 possint
1828 2566 2078 2627 compa·

518 2642 805 2718 rare,.vel
829 2643 1173 2722 proximam
1202 2660 1377 2720 spem
1408 2642 1825 2721 comparandi.

599 2737 659 2797 2.
692 2736 912 2799 Prima
944 2736 1259 2799 conclusio.
1286 2766 1369 2781 --
1396 2735 1539 2796 Dico
1574 2735 1804 2813 primo:
1838 2736 2080 2815 simpli-

519 2830 670 2893 citer
727 2848 995 2891 asserere
1054 2837 1425 2909 praeceptum
1464 2828 1870 2908 eleemosynae
1920 2847 2079 2889 nuu-

518 2941 707 3003 quam
730 2922 1001 3001 obligare
1020 2924 1097 2983 ad
1124 2922 1506 2996 donandum,
1540 2938 1737 3001 neque
1758 2924 1931 3002 pium
1961 2928 2074 2997 est,

516 3034 721 3095 neque
748 3018 1010 3096 practice
1039 3014 1375 3095 probabile.
1410 3016 1553 3075 11616
1582 3015 1887 3077 conclusio
1928 3014 2078 3075 satis

520 3116 690 3191 patet
718 3128 795 3171 ex
838 3109 1017 3169 dictis
1060 3109 1127 3169 in
1158 3108 1401 3169 duabus
1443 3107 1815 3169 sectionibus
1858 3126 2080 3187 pioece-

520 3202 811 3265 dentibus
828 3218 847 3278 ;
878 3220 1025 3263 116111
1052 3207 1124 3262 ιιι
1164 3219 1293 3263 non
1320 3218 1621 3278 negemus
1663 3207 1947 3261 mutuum
1981 3201 2078 3261 in—

520 3296 767 3358 terdum
799 3313 931 3357 esse
959 3312 1132 3375 posse
1174 3312 1327 3373 opus
1370 3292 1825 3367 misericordiae,
1868 3300 2078 3355 tamen

519 3389 889 3469 regulariter
938 3389 1251 3468 Scriptura
1283 3394 1346 3449 et
1396 3388 1602 3449 Patres
1633 3387 1884 3447 nomine
1926 3387 2084 3449 elee-

520 3502 797 3563 mosynae
850 3481 1208 3561 intelligunt
1259 3480 1604 3542 absolutam
1656 3480 2080 3557 donationem,

520 3585 591 3639 ut
640 3577 953 3656 colligitur
1002 3594 1079 3637 ex
1128 3577 1304 3637 Lucae
1350 3578 1451 3649 10,
1492 3575 1559 3635 in
1602 3574 1893 3654 parabola
1930 3576 2084 3635 11161-

521 3672 725 3734 dentis
784 3672 852 3731 in
900 3669 1189 3744 latrones,
1246 3674 1308 3728 et
1358 3686 1495 3747 cap.
1549 3671 1613 3727 11
1648 3689 1663 3727 :
1724 3669 1883 3730 Date
1944 3668 2084 3731 elee-

520 3782 857 3845 mosynam,
888 3771 1035 3838 etc„
1064 3769 1125 3823 et
1164 3780 1297 3840 cap.
1338 3762 1415 3821 14
1448 3777 1465 3820 ε
1498 3759 1646 3823 Cum
1682 3762 1839 3842 facis
1886 3763 2082 3824 couvi-

521 3858 709 3933 cium,
736 3864 850 3919 etc.
880 3857 957 3917 Et
979 3856 1113 3917 haec
1140 3861 1231 3916 est
1260 3855 1544 3916 omnium
1573 3862 1853 3916 veterum
1888 3854 2080 3915 Theo·

519 3955 805 4034 logorum
846 3951 1059 4031 opinio
1071 3996 1089 4026 ,
1128 3952 1197 4011 in
1240 3951 1319 4023 4,
1360 3948 1635 4009 distinct.
1678 3950 1755 4009 15
1777 3964 1798 4026 ;
1848 3954 1911 4009 et
1950 3948 2084 4009 divi

520 4048 771 4123 Thom,
806 4046 1009 4106 citatis
1035 4043 1185 4104 locis
1217 4044 1281 4103 in
1312 4042 1683 4122 praecedenti
1718 4049 1893 4115 sect.;
1932 4043 2082 4103 item

524 4141 676 4217 Soti,
712 4140 781 4201 in
826 4140 890 4216 4,
947 4138 1058 4199 lib.
1108 4138 1184 4198 de
1226 4138 1463 4213 Justit„
1494 4145 1706 4217 quaest.
1748 4141 1809 4212 ’1,
1838 4147 1960 4197 art.
2013 4140 2036 4197 1
2059 4152 2082 4213 ;

520 4234 828 4295 Sal-ment.
852 4278 875 4309 ,
932 4232 1001 4292 in
1056 4234 1095 4293 2
1154 4240 1315 4312 part.
1386 4232 1669 4307 Defens.,
1728 4232 1968 4292 monito
2018 4233 2082 4307 4,

522 4345 700 4389 num.
752 4330 792 4388 5
838 4333 899 4387 ct
952 4328 991 4387 6
1005 4343 1028 4403 ;
1082 4326 1375 4402 Cordub.,
1430 4327 1537 4387 lib.
1600 4330 1659 4401 1,
1712 4332 1929 4405 quaest.
1977 4328 2080 4401 26,

526 4422 603 4483 ad
632 4426 667 4483 7
692 4437 711 4498 3
741 4421 997 4496 Medio„
1028 4420 1106 4482 dc
1132 4421 1459 4495 Eleemos,
1488 4439 1624 4499 cap.
1666 4423 1729 4495 6,
1758 4426 1820 4482 et
1856 4420 1933 4481 de
1969 4421 2085 4482 Re-

522 4516 750 4591 stitut.,
777 4520 997 4595 quaest.
1028 4518 1088 4591 3,
1118 4532 1257 4595 cap.
1295 4518 1351 4591 1,
1382 4521 1443 4575 et
1471 4514 1759 4575 aliorum.

604 4614 663 4674 3.
702 4610 979 4674 Secunda
1012 4610 1332 4674 conclusio.
1370 4640 1443 4655 -
1492 4608 1803 4673 Probatur
1850 4610 2085 4672 ratione

522 4713 579 4770 et
618 4704 921 4783 ecemplis.
948 4734 1029 4749 —
1068 4704 1207 4763 Dico
1246 4702 1513 4764 secundo
1545 4702 1643 4761 :ei
1692 4702 1801 4780 qui
1840 4706 2084 4762 tantum

522 4798 861 4861 secundum
903 4796 1049 4878 quid
1095 4796 1350 4875 indiget,
1391 4796 1537 4857 satis
1565 4794 1933 4855 subvenitur
1973 4812 2084 4873 per

521 4898 838 4966 mutuum,
884 4890 983 4951 vel
1012 4889 1483 4964 commodando,
1521 4888 1618 4948 vol
1649 4888 1837 4948 etiam
1866 4886 2080 4947 vendi-

522 4986 714 5046 tione.
760 4986 849 5044 lta
876 4986 1232 5063 exprimunt
1259 4982 1467 5062 plures
1502 5000 1578 5042 ex
1622 4980 1823 5041 citatis
1868 4980 2086 5040 Docto-

521 5078 715 5153 ribus,
771 5094 845 5137 ac
880 5076 1135 5136 fortasse
1166 5075 1285 5135 1166
1324 5079 1571 5135 tantum
1613 5072 1945 5135 intendunt
1979 5071 2086 5132 alii

520 5190 637 5252 pro
658 5170 861 5250 prima
891 5168 1180 5248 opinione
1208 5167 1397 5228 611611.
1432 5167 1610 5229 Ratio
1652 5171 1768 5241 est,
1814 5166 1964 5246 quia
1984 5164 2087 5225 ille

524 5264 667 5325 talis
692 5282 821 5324 non
852 5260 1213 5342 simpliciter
1241 5260 1519 5339 indiget3
1564 5277 1714 5338 ergo
1742 5276 1943 5337 neque
1971 5274 2086 5336 ego

520 5364 736 5419 teneor
760 5354 1121 5435 simpliciter
1146 5353 1206 5414 61
1234 5353 1408 5427 dare;
1438 5352 1599 5412 idem
1626 5356 1865 5412 constat
1880 5368 2090 5411 exem-

520 5449 660 5530 plis.
696 5452 854 5511 Nam
880 5449 933 5509 si
960 5448 1101 5528 quis
1128 5448 1338 5509 Romae
1364 5445 1628 5523 indiget,
1659 5443 1849 5505 habet
1876 5452 2088 5504 tamen

520 5543 767 5605 divitias
807 5541 981 5617 alibi,
1028 5542 1177 5601 satis
1218 5544 1311 5601 est
1358 5544 1667 5611 mutuare,
1707 5536 1807 5599 vel
1853 5536 2088 5597 credita

1452 399 1689 463 msPUT.
1726 400 1831 451 vn.
1867 399 1949 453 ΒΕ
1981 399 2317 453 PRAEGEPTO
2350 400 2794 455 ELEEHOSYNAE.

516 500 582 564 in
612 507 870 583 tempore
894 497 1265 563 necessitatis
1286 500 1480 563 illias.
1506 500 1922 563 Confirmatur
1948 501 2077 579 pri-
2109 504 2126 517 ’

2159 502 2422 581 pecunia
2447 503 2734 565 vendere.
2769 504 2924 563 Item
2951 504 3004 563 si
3027 520 3196 564 nunc
3221 510 3556 583 6616166111,
3581 510 3674 573 ha·

2159 594 2264 657 bet
2301 602 2510 657 tamen
2553 602 2788 657 certam
2835 614 3027 675 spem,
3083 595 3178 657 vel
3213 597 3312 675 jus
3351 598 3596 663 habendi
3621 606 3678 667 in

2160 686 2467 759 futurum,
2495 706 2622 749 non
2664 696 2832 749 caret
2853 687 3236 768 simpliciter,
3266 692 3571 767 quiaillud
3595 697 3680 773 jus

2161 788 2222 841 et
2249 800 2384 860 spes
2413 781 2801 843 aestimabilia
2831 788 2976 843 sunt
3001 782 3239 861 preti03
3269 800 3413 861 ergo
3439 786 3593 861 satis,
3623 797 3682 851 ut

2160 874 2394 935 credito
2441 875 2502 935 ei
2533 873 2740 950 detur,
2774 882 2835 935 et
2859 894 2984 935 nou
3014 874 3224 952 gratis.
3261 876 3566 953 Praeterea,
3591 883 3682 959 qui

2157 970 2582 1028 necessitatem
2609 985 2862 1046 gravem
2907 968 2970 1028 in
3013 972 3178 1027 statu
3215 970 3468 1047 patienti
3487 972 3680 1034 subve-

2157 1060 2273 1135 nit,
2317 1066 2388 1120 ut
2433 1060 2762 1139 pristinum
2807 1066 3038 1121 statum
3065 1060 3330 1121 retineat
3367 1068 3427 1123 et
3463 1080 3684 1145 reeupe-

2158 1160 2276 1229 ret,
2311 1160 2510 1234 potest
2536 1154 2706 1215 haud
2749 1156 2936 1215 dubie
2960 1174 3024 1215 se
3053 1173 3298 1216 servare
3339 1155 3680 1222 indemnem.

2157 1247 2434 1327 Denique
2464 1248 2630 1309 idem
2663 1254 2756 1309 est
2796 1248 2872 1311 de
2901 1248 3160 1320 artifice,
3207 1254 3388 1325 atque
3409 1249 3482 1311 de
3505 1270 3574 1311 eo
3594 1256 3682 1331 qui

2159 1340 2396 1402 viribus
2415 1349 2479 1403 et
2499 1341 2848 1403 conditione
2871 1346 3052 1420 aptus
3077 1347 3170 1401 est
3191 1340 3268 1401 ad
3291 1340 3684 1423 laborandum,

2159 1435 2282 1495 nisi
2297 1440 2520 1514 ‚postea
2556 1441 2794 1495 certum
2822 1435 2904 1494 sit
2931 1433 3216 1511 indigere
3243 1433 3322 1494 de
3367 1441 3572 1495 caetero
3596 1456 3688 1499 sua

2161 1532 2288 1588 tota
2317 1532 2452 1587 arte
2479 1533 2541 1587 et
2567 1528 2902 1603 industria,
2930 1526 3010 1587 ad
3058 1526 3544 1587 subveniendum
3567 1529 3686 1606 sihi,

2161 1626 2224 1681 et
2248 1619 2508 1680 familias
2529 1636 2550 1697 ;
2576 1638 2722 1681 nam
2753 1627 2902 1680 tunc
2926 1620 3060 1698 jam
3089 1612 3446 1697 simpliciter
3461 1620 3686 1699 indiget,

2163 1720 2226 1775 et
2253 1712 2420 1774 idem
2456 1720 2546 1775 est
2575 1714 2651 1776 de
2677 1715 2814 1775 viro
2853 1713 3072 1794 nobili,
3099 1714 3280 1792 cujus
3301 1714 3482 1774 statui
3501 1733 3690 1794 repug-

2161 1812 2276 1867 nat
2303 1813 2364 1869 et
2393 1826 2518 1867 non
2539 1808 2715 1869 decet
2739 1807 3042 1867 laborare.

2239 1902 2302 1961 4.
2351 1902 2566 1963 Tertia
2605 1902 2925 1965 conclusio.
2953 1900 3203 1959 -Dico
3229 1900 3441 1961 tertio:
3475 1901 3694 1980 quando

2158 1994 2509 2054 necessitati
2539 1994 2806 2074 proximi
2832 1992 3208 2054 sufficienter
3242 1992 3585 2054 subvenitur
3604 2012 3700 2073 per

2161 2104 2344 2147 usum
2371 2088 2460 2147 rei
2485 2105 2626 2166 qnae
2653 2105 2778 2147 non
2801 2086 3012 2147 statim
3031 2085 3441 2158 consumitur,
3463 2088 3600 2147 satis
3619 2094 3700 2147 est

2157 2180 2572 2241 commodare.
2615 2180 2867 2259 Explico
2899 2179 3326 2241 assertionem.
3359 2180 3460 2239 Est
3487 2181 3612 2259 quis
3642 2180 3698 2241 in

2159 2280 2434 2333 extremo
2485 2274 2754 2351 periculo
2805 2280 2875 2333 ut
2918 2272 3332 2333 interficiatur
3393 2272 3470 2333 ab
3512 2272 3696 2348 hoste,

2158 2365 2280 2425 nisi
2305 2381 2463 2443 equo
2491 2371 2746 2426 utatur:
2795 2367 3052 2427 omnino
3094 2365 3320 2426 satisfit
3345 2365 3436 2426 illi
3461 2384 3702 2427 commo-

2157 2458 2396 2534 dand03
2441 2466 2503 2519 et
2549 2459 2625 2519 ad
2669 2458 2788 2519 hoc
2835 2472 3018 2537 urget
3057 2460 3362 2537 obligatio
3413 2460 3700 2539 utriusque

2159 2552 2384 2631 partis3
2413 2552 2574 2613 ratio
2607 2558 2722 2627 est,
2752 2552 2901 2631 quia
2923 2551 3028 2612 ille
3061 2552 3310 2631 indiget
3342 2570 3452 2613 usu
3477 2550 3579 2633 pro
3599 2554 3698 2614 boc

2159 2651 2459 2724 tempore,
2489 2662 2618 2705 non
2660 2651 2868 2706 autem
2913 2645 3196 2705 dominio
3223 2652 3336 2705 aut
3366 2664 3482 2705 usu
3509 2664 3702 2725 perpe-

2159 2744 2289 2799 tuo.
2347 2739 2785 2815 Confirmatur‚
2824 2758 2970 2800 nam
3013 2740 3066 2799 si
3097 2738 3206 2799 ille
3235 2740 3430 2799 invito
3477 2738 3702 2801 domino

2159 2833 2464 2911 acciperet
2519 2851 2753 2912 equum
2793 2833 2874 2893 ad
2911 2833 3090 2893 illum
3133 2851 3342 2909 usum,
3375 2833 3478 2893 1116
3521 2832 3698 2908 finito,

2157 2931 2471 2987 teneretur
2490 2926 2722 3007 absque
2751 2925 2942 2986 dubio
2963 2926 3288 2987 restituere
3303 2970 3320 2998 ‚
3349 2926 3462 2986 nisi
3483 2924 3626 2987 forte
3645 2926 3702 2987 in

2159 3018 2292 3098 ipso
2321 3019 2550 3079 actuali
2581 3038 2693 3079 usu
2725 3026 3072 3080 moreretur
3097 3018 3336 3098 absque
3361 3019 3534 3099 culpa
3565 3020 3704 3079 acci-

2158 3114 2410 3193 pientis,
2437 3115 2584 3193 quia
2635 3120 2784 3173 tunc
2829 3130 3030 3193 neque
3075 3114 3322 3173 ratione
3355 3113 3700 3193 acceptionis

2162 3207 2305 3284 (fuit
2331 3208 2498 3267 enim
2529 3205 2740 3287 justa),
2781 3224 2988 3285 neque
3021 3206 3268 3267 ratione
3307 3206 3399 3267 rei
3437 3213 3698 3285 6666111111,

2163 3300 2312 3379 quia
2351 3317 2480 3360 non
2537 3306 2730 3377 extat,
2786 3300 3111 3360 restituere
3169 3304 3500 3375 teneretur,
3541 3308 3702 3379 atque

2163 3393 2318 3454 adeo
2349 3392 2464 3453 soli
2481 3392 2736 3453 domino
2764 3394 2970 3473 periit.
3507 3464 3510 3467 ⁴

2243 3487 2302 3547 ὅ.
2347 3483 2584 3559 Quarta
2609 3486 2928 3549 conclusio.
2951 3520 3035 3535 --
3055 3488 3208 3549 Dico
3239 3492 3490 3567 quarto:
3519 3486 3582 3545 in
3611 3502 3704 3545 ex-

2163 3583 2362 3639 trema
2385 3580 2767 3653 necessitate,
2789 3579 2844 3639 si
2872 3580 3202 3643 subventio
3231 3580 3340 3640 fiat
3359 3597 3462 3658 per
3487 3580 3702 3657 resipso

2161 3688 2276 3731 usu
2307 3671 2832 3751 consumptibileS,
2865 3672 2996 3734 fieri
3033 3673 3224 3735 debet
3253 3690 3364 3754 per
3383 3670 3698 3732 absolutam

2163 3762 2588 3827 donationem.
2623 3767 2728 3826 Est
2746 3767 3094 3827 communis
3111 3766 3366 3827 illorum
3389 3772 3702 3837 auctorum,

2162 3860 2226 3917 et
2253 3858 2532 3936 sequitur
2552 3876 2629 3919 ex
2655 3858 2877 3937 prima.
2899 3860 3054 3920 Nam
3079 3860 3132 3919 si
3161 3865 3532 3940 praeceptum
3557 3857 3702 3917 elee-

2164 3966 2458 4028 mosymoe
2489 3938 2826 4030 aliquando
2863 3951 3100 4031 obligat
3135 3954 3216 4013 ad
3255 3952 3505 4013 liberam
3537 3950 3702 4009 dona·

2163 4042 2424 4118 tionem,
2457 4050 2622 4105 certe
2649 4044 2924 4105 maxime
2957 4044 3022 4104 in
3051 4054 3337 4107 extrema
3379 4043 3702 4104 necessitate

2164 4152 2374 4196 rerum
2405 4154 2522 4197 usu
2567 4138 3166 4217 consumptibilium,
3208 4145 3270 4200 et
3315 4138 3624 4219 praecipue,
3657 4133 3704 4193 si

2163 4228 2274 4289 fiat
2305 4229 2558 4292 donatio
2585 4248 2664 4291 ex
2691 4230 2876 4292 rebus
2911 4230 3263 4312 superfluis.
3309 4231 3590 4303 Secundo,
3627 4230 3702 4287 ita

2164 4327 2380 4383 teneor
2407 4323 2758 4397 subvenire,
2801 4325 2957 4385 sicut
2999 4326 3158 4387 alter
3190 4327 3330 4405 jure
3355 4330 3546 4405 potest
3569 4320 3703 4382 acci-

2167 4431 2349 4493 pere3
2399 4417 2506 4479 sed
2534 4417 2643 4497 qui
2683 4419 2866 4479 estin
2898 4425 3178 4479 extrema
3217 4418 3581 4489 necessitate,
3609 4430 3702 4493 po-

2165 4516 2284 4571 test
2311 4511 2400 4571 ita
2429 4512 2704 4591 accipere
2731 4519 2794 4572 et
2821 4530 3211 4589 consumere,
3245 4520 3318 4573 ut
3339 4511 3493 4573 nibil
3519 4516 3704 4571 tenea-

2151 4608 2269 4664 'tur
2312 4604 2670 4677 restituere;
2707 4622 2880 4683 ergO,
2909 4614 2973 4666 et
3009 4606 3177 4685 quod
3203 4606 3272 4667 in
3301 4607 3415 4665 hoc
3445 4621 3578 4663 casu
3611 4601 3706 4661 da-

2165 4704 2302 4758 tum
2337 4698 2596 4760 domino
2623 4705 2735 4772 est,
2766 4705 2954 4778 atque
2979 4698 3060 4761 ab
3088 4700 3426 4779 accipiente
3451 4711 3706 4758 consum-

2165 4796 2374 4871 ptum,
2405 4791 2566 4851 nulli
2594 4790 2870 4871 subjacet
2891 4792 3292 4853 restitutioni.
3323 4791 3510 4870 Major
3537 4790 3703 4867 patet,

2163 4884 2312 4963 quia
2331 4884 2384 4945 si
2407 4902 2534 4944 non
2557 4890 2716 4945 esset
2731 4885 2948 4946 eadem
2967 4884 3267 4963 obligatio
3285 4884 3468 4945 unius
3483 4883 3554 4943 ad
3573 4880 3706 4940 dan-

2169 4978 2344 5053 dum,
2382 4984 2444 5039 et
2462 4978 2720 5039 facultas
2750 4978 3004 5042 alterius
3023 4978 3104 5039 ad
3128 4978 3564 5058 recipiendum,
3585 4990 3706 5053 pos-

2169 5077 2261 5133 set
2283 5071 2432 5132 oriri
2451 5070 2684 5132 bellum
2709 5071 2946 5150 justum
2969 5090 3048 5131 ex
3069 5076 3330 5150 utraque
3355 5075 3538 5149 parte.
3571 5068 3705 5127 Item

2168 5164 2315 5243 quia
2341 5162 2648 5243 accipiens
2675 5169 2876 5243 potest
2903 5164 3068 5243 juste
3095 5162 3338 5225 nollese
3357 5160 3616 5239 obligare
3636 5154 3706 5216 ad

2167 5256 2576 5319 reddendum.
2619 5257 2820 5318 Mino'r
2855 5264 2945 5319 oet
2994 5255 3384 5318 communior
3427 5249 3706 5314 sententia

2167 5351 2522 5425 Doctorum,
2550 5368 2702 5429 quos
2729 5350 3075 5425 citavimu3‚
3119 5366 3190 5410 ac
3215 5349 3287 5409 D.
3321 5348 3532 5407 Thom.
3561 5346 3619 5405 2.
3647 5342 3703 5416 Ξ,

2167 5449 2385 5523 quaest.
2411 5444 2514 5519 66,
2543 5448 2660 5503 art.
2704 5446 2762 5505 7.
2797 5443 3100 5522 Ratioque
3125 5448 3238 5517 aet,
3283 5438 3564 5520 quoniam
3611 5434 3705 5495 1116

2171 5544 2382 5616 postea
2407 5556 2528 5598 non
2559 5544 2804 5598 tenetur
2835 5537 3111 5612 reddere,
3142 5536 3267 5597 sive
3295 5534 3525 5596 ratione
3550 5544 3704 5590 acce-
