3900 6217
766 410 937 467 ssscT.
968 410 1029 468 n.
1066 412 1211 479 00AE
1242 412 1789 471 SUPERNATURALIS
1822 414 2004 472 nnus
2037 412 2134 472 sn·
2167 412 2482 472 Pnopmun
2514 414 2848 483 omsscwn,
2871 419 3007 473 mc.

270 512 586 585 mentum,
636 518 699 575 et
733 514 813 576 ad
834 514 1035 577 Deum
1060 517 1257 579 tendit
1276 522 1345 580 ut
1372 518 1513 581 finis
1548 538 1845 601 superna-

270 602 499 664 turalis
557 610 653 667 est
682 651 699 679 ,
762 608 989 686 quibus
1042 611 1388 673 rationibus
1452 614 1723 677 maxime
1780 614 1845 674 in

264 696 621 779 Theologia
674 702 1104 764 consideratur
1122 727 1141 779 3
1188 705 1334 785 quia
1381 724 1531 768 vero
1592 708 1841 787 propria

262 792 431 852 ratio
484 794 679 872 hujus
724 794 871 858 fidei
921 801 1215 879 supponit
1278 818 1676 864 communem
1708 847 1726 877 ,
1782 808 1844 864 et

268 885 443 962 quia,
490 888 870 967 regulariter
897 890 1239 971 loquendo,
1268 912 1397 956 non
1445 900 1845 977 comparatur

270 978 405 1039 sine
438 979 657 1061 aliquo
678 981 1023 1047 ministerio
1054 992 1115 1047 et
1138 989 1315 1067 quasi
1346 988 1656 1068 adjutorio
1694 988 1842 1051 fidei

264 1070 593 1149 humanae,
620 1076 764 1138 ideo
794 1096 923 1140 non
964 1084 1170 1159 potest
1200 1081 1541 1163 Theologia
1587 1084 1841 1145 omnino

260 1166 643 1231 abstrahere
683 1171 765 1231 ab
792 1172 889 1234 his
930 1174 1277 1237 rationibus
1322 1178 1833 1253 considerandis;

258 1278 399 1321 non
428 1268 651 1323 tamen
676 1270 742 1326 ut
766 1273 978 1346 partes
997 1270 1229 1349 proprii
1255 1270 1481 1351 objecti
1511 1289 1619 1331 eas
1642 1271 1841 1332 consi-

256 1350 475 1429 derat,
502 1355 619 1418 sed
652 1357 747 1418 vel
770 1362 1313 1441 praesupponendo
1336 1362 1494 1439 illas,
1518 1364 1621 1425 vel
1651 1363 1842 1445 expli-

256 1448 473 1509 cando
502 1458 813 1529 quantum
841 1454 955 1515 sibi
984 1456 1409 1518 necessarium
1434 1465 1549 1519 est.

336 1542 407 1601 3.
456 1542 650 1607 Fides
676 1546 882 1609 diviua
930 1548 1193 1612 includit
1220 1551 1366 1615 tria.
1410 1584 1493 1597 —
1526 1550 1789 1615 Dubiwm
1817 1578 1841 1614 .-

260 1636 567 1715 quodnam
587 1639 837 1702 illorum
866 1642 1056 1705 trium
1075 1644 1162 1705 sit
1187 1642 1445 1709 materia
1468 1645 1652 1726 hujus
1676 1649 1843 1709 trac-

258 1734 457 1791 tatus.
490 1762 575 1777 -—
598 1732 708 1794 Est
754 1740 964 1796 autem
1014 1736 1538 1799 considerandum
1576 1739 1839 1800 ulterius

254 1818 465 1883 fidem
492 1822 773 1887 divinam
798 1827 913 1889 tria
940 1848 1053 1909 per
1091 1848 1157 1891 se
1186 1830 1527 1907 includere,
1554 1832 1839 1909 habitum

252 1930 383 1974 seu
410 1914 635 1978 lumen
654 1918 824 1997 fidei,
847 1928 1057 1984 actum
1078 1924 1237 2005 ejuS,
1262 1932 1323 1987 et
1344 1926 1681 2005 objectum,
1701 1944 1838 2007 quae

248 2008 409 2085 tria,
443 2012 763 2092 sigillatim
794 2016 982 2077 etiam
1008 2026 1279 2099 sumpta,
1310 2020 1515 2081 solent
1539 2018 1602 2081 in
1634 2020 1839 2099 Scrip-

244 2108 407 2165 tura
436 2108 695 2169 nomine
724 2107 873 2171 fidei
908 2111 1281 2193 significari3
1322 2132 1474 2175 nam
1502 2114 1579 2175 de
1609 2113 1839 2175 doctri-

244 2215 369 2271 na,
403 2216 521 2260 seu
554 2200 803 2281 objecto
842 2202 989 2267 fidei
1029 2206 1393 2287 intelligitur
1418 2206 1570 2268 illud
1598 2206 1680 2267 ad
1720 2206 1839 2269 Ga·

242 2290 371 2352 lat.
404 2296 437 2353 1
486 2311 503 2352 z
540 2290 692 2356 Gom
726 2296 984 2360 venisset
1032 2299 1205 2376 fides,
1254 2307 1403 2374 etc„
1454 2306 1519 2363 et
1558 2318 1697 2381 cap.
1734 2302 1775 2361 3
1817 2319 1832 2361 ε

246 2382 375 2447 Ba,-
396 2386 627 2450 auditu
646 2388 794 2464 fidei
810 2414 839 2463 ;
872 2396 937 2453 et
964 2391 1045 2452 ad
1072 2394 1299 2472 Ephes.
1332 2396 1407 2455 4:
1454 2394 1625 2458 Unus
1647 2395 1834 2469 Deus,

243 2494 385 2541 ima
402 2480 561 2556 fides
580 2506 611 2554 ,·
632 2488 693 2543 et
718 2484 1095 2564 Apocalyps.
1126 2488 1165 2546 2
1190 2504 1204 2547 ε
1228 2486 1375 2551 Nou
1400 2488 1639 2568 negasti
1662 2487 1840 2567 fidem

246 2590 457 2635 meam
470 2598 505 2647 ;
540 2580 605 2635 et
630 2576 717 2637 ita
750 2578 937 2639 etiam
969 2578 1121 2639 dixit
1150 2580 1553 2655 Athanasius,
1572 2581 1637 2641 in
1659 2580 1840 2660 Sym-

250 2663 406 2727 bolo
444 2668 646 2733 :Hoeo
686 2676 777 2734 est
794 2674 948 2751 fides
980 2672 1308 2747 catholica,
1335 2692 1515 2757 quam
1548 2674 1678 2736 nisi
1704 2672 1839 2755 qvis

254 2762 526 2839 firmiter
543 2762 920 2845 fideliterque
948 2767 1285 2843 crediderit,
1324 2787 1474 2829 nam
1514 2767 1671 2830 fides
1695 2786 1834 2848 quae

268 2852 565 2930 creditur,
598 2856 917 2938 objectum
948 2864 1041 2921 est
1068 2860 1310 2922 virtutis
1352 2861 1523 2923 fidei.
1560 2864 1650 2924 De
1690 2866 1834 2923 actu

270 2965 425 3009 vero
464 2950 825 3033 intelligitur
873 2954 1023 3015 illud
1054 2954 1333 3019 Matthaei
1360 2958 1399 3018 9
1433 2975 1447 3017 :
1487 2954 1833 3020 Secundum

258 3042 441 3121 fidem
468 3050 734 3111 vestram
758 3048 879 3125 fiat
903 3050 1109 3125 vobis-,-
1141 3056 1202 3113 et
1229 3051 1385 3113 illud
1420 3050 1501 3112 ad
1530 3052 1707 3111 Rom.
1742 3054 1772 3112 1
1811 3069 1825 3111 ε

258 3132 449 3201 Fides
486 3142 695 3203 vestra
720 3142 1131 3208 annunciam-
1166 3145 1234 3209 in
1274 3146 1555 3209 universo
1588 3144 1829 3218 mundo,

258 3238 319 3293 et
366 3234 440 3293 in
482 3239 617 3295 toto
659 3236 860 3315 capite
889 3236 1220 3301 undecimo
1261 3238 1343 3301 ad
1386 3240 1700 3315 HebraeOS,
1727 3256 1834 3299 eo-

252 3326 405 3387 dem
436 3326 633 3389 modo
664 3329 931 3405 sumitur
954 3329 1133 3407 fides,
1164 3350 1309 3393 cum
1334 3332 1423 3393 illi
1452 3332 1606 3393 varii
1646 3332 1834 3393 effec-

246 3426 356 3481 tus
398 3420 789 3497 tribuuntur,
821 3428 885 3484 et
911 3424 1151 3503 quoties
1180 3424 1245 3487 in
1274 3426 1591 3507 Scriptura
1612 3425 1830 3507 praeci-

244 3514 429 3595 pitur
462 3512 623 3577 fides
666 3522 969 3597 tanquam
1018 3518 1099 3579 ad
1141 3519 1407 3581 salutem
1450 3520 1827 3592 necessaria,

246 3606 329 3668 de
354 3608 489 3670 hac
514 3608 642 3671 fide
668 3628 876 3671 sermo
904 3616 1017 3684 est,
1050 3612 1197 3692 quia
1225 3618 1539 3692 proecepta
1571 3611 1648 3673 de
1680 3610 1832 3673 acti-

244 3700 374 3762 bus
426 3700 681 3764 dantur.
714 3703 803 3765 De
844 3704 1058 3767 habitu
1088 3710 1299 3769 autem
1338 3704 1483 3767 fidei
1522 3709 1689 3768 recte
1739 3704 1831 3764 in-

248 3794 567 3875 telligitur
600 3786 777 3873 illud,
822 3806 847 3857 1
897 3796 979 3860 ad
1016 3799 1290 3861 Corinth.
1334 3802 1411 3861 13
1450 3818 1464 3860 :
1500 3798 1687 3863 Nunc
1728 3816 1832 3862 aw-

248 3892 375 3951 tem
404 3895 660 3953 manent
685 3888 813 3955 tria
838 3892 981 3967 Itoeo,
1022 3892 1195 3971 fides,
1230 3900 1347 3955 etc.
1379 3912 1394 3966 ;
1429 3894 1579 3955 etin
1607 3891 1831 3954 eodem

249 4000 453 4043 sensu
492 3983 775 4064 loquitur
805 3984 1266 4061 Tridentium,
1311 3986 1589 4049 sessione
1631 3988 1825 4059 sexta,

252 4076 465 4155 capite
496 4074 791 4155 septimo,
834 4096 976 4139 cum
1004 4079 1149 4141 dicit
1176 4080 1244 4140 in
1279 4078 1722 4159 justificatione
1747 4077 1831 4139 si-

258 4170 391 4231 mul
436 4170 692 4231 infundi
732 4170 955 4245 fidem,
996 4192 1174 4253 spem
1221 4180 1284 4235 et
1332 4174 1717 4235 charitatem.
1762 4176 1834 4235 Et

264 4264 423 4325 ultra
448 4265 573 4326 has
598 4263 1108 4345 significatione8‚
1142 4266 1497 4339 invenimus
1531 4272 1658 4329 tres
1678 4266 1833 4329 alias

256 4354 323 4419 in
362 4356 715 4438 Scriptura,
746 4358 1127 4438 pertinentes
1154 4360 1339 4423 etiam
1386 4359 1469 4422 ad
1508 4359 1699 4423 fidem
1733 4378 1834 4420 su-

252 4450 685 4531 pernaturalis
714 4452 971 4533 ordiniS,
1016 4451 1271 4531 scilicet,
1318 4460 1627 4533 quatenus
1675 4452 1831 4515 fides

248 4545 608 4623 requiritur
633 4544 711 4605 ad
742 4546 1065 4621 miracula,
1108 4565 1250 4625 quae
1283 4547 1508 4609 dicitur
1538 4545 1697 4608 fides
1720 4545 1831 4607 mi-

246 4636 626 4699 raculorum
668 4658 780 4701 seu
823 4638 1165 4721 signorum,
1203 4643 1266 4702 et
1305 4646 1617 4720 quatenus
1662 4657 1832 4720 quae-

250 4730 405 4791 dam
454 4728 619 4793 fides
663 4734 918 4812 ponitur
950 4734 1113 4794 inter
1150 4734 1380 4814 gratias
1410 4730 1601 4814 gratis
1627 4732 1826 4803 datae,

251 4828 317 4887 et
360 4825 489 4887 alia
520 4824 689 4887 inter
716 4826 953 4889 fructus
988 4827 1249 4907 Spiritus
1290 4828 1517 4890 Sancti.
1549 4825 1833 4887 Dubitari

252 4938 414 4999 ergo
441 4926 653 5001 potest
681 4940 763 4981 an
789 4920 969 4996 fides,
1006 4928 1075 4983 ut
1117 4923 1252 4981 haec
1291 4920 1499 4982 omnia
1526 4919 1833 4999 complec-

252 5012 433 5087 titur,
468 5014 549 5075 sit
574 5014 902 5094 proprium
935 5015 1251 5095 obJectum
1290 5014 1477 5093 hujus
1509 5012 1823 5086 doctrinae,

250 5105 362 5169 vel
406 5104 527 5167 sub
562 5126 686 5187 qua
730 5105 995 5170 ratione.
1042 5108 1111 5169 In
1148 5126 1275 5186 quo
1320 5106 1590 5169 breviter
1618 5104 1830 5166 dicen-

256 5198 413 5261 dum
436 5206 531 5261 cst
555 5200 686 5261 haec
715 5200 926 5263 omnia
964 5200 1218 5281 quidem
1262 5199 1553 5283 explicari
1597 5198 1661 5258 in
1710 5197 1830 5258 bac

256 5294 523 5355 materia
546 5310 567 5371 ;
614 5300 853 5369 tamen,
910 5312 988 5355 ex
1040 5294 1353 5355 communi
1402 5308 1717 5355 consensu
1768 5293 1830 5351 et

258 5394 473 5449 mente
509 5387 999 5467 Theologorum,
1029 5387 1238 5467 ipsum
1266 5386 1569 5462 habitum,
1599 5403 1711 5447 seu
1738 5384 1829 5445 lu-

260 5500 408 5543 men
434 5480 584 5543 fidei
613 5500 757 5544 esse
779 5482 1104 5563 proprium
1131 5482 1443 5561 objectum
1470 5482 1659 5561 huius
1688 5480 1831 5541 doc-

262 5575 455 5643 trinae.
501 5576 667 5641 Nam
704 5575 973 5637 materia
1014 5595 1127 5638 seu
1168 5576 1481 5658 objectum
1526 5560 1831 5639 creditum

3409 412 3488 477 {3

1924 538 2042 601 per
2073 520 2267 583 fidem
2313 520 2512 583 solum
2557 520 2998 583 denominatur
3023 520 3181 585 fides
3224 520 3306 583 ab
3351 522 3486 604 ipso

1926 614 2165 689 habitu,
2198 634 2311 677 seu
2341 620 2484 677 actu
2503 614 2671 689 fidei,
2706 621 2768 675 et
2795 614 2879 676 ita
2909 616 3109 677 solum
3137 617 3488 679 considera-

1924 712 2028 770 tur
2072 714 2382 789 quatenus
2423 709 2762 772 terminare
2816 716 3020 789 potest
3057 712 3488 775 habitudinem

1922 802 2072 863 fidei
2098 802 2179 863 ad
2202 803 2408 884 ipsum
2431 822 2446 875 ς
2478 801 2728 863 habitus
2751 820 2896 864 vero
2923 810 2984 865 et
3011 809 3186 866 actus
3208 804 3352 867 licet
3374 824 3490 886 per

1922 912 1992 956 se
2021 914 2094 957 ac
2141 897 2565 977 principaliter
2593 894 3090 972 considerentur,
3121 901 3336 959 tamen
3381 900 3488 960 ha-

1922 988 2088 1051 bitus
2121 995 2216 1051 est
2259 989 2437 1070 quasi
2477 988 2678 1051 forma
2725 1006 3126 1069 permanens,
3161 996 3224 1053 et
3263 990 3488 1072 princi-

1922 1084 2097 1162 pium
2139 1083 2334 1163 ipsius
2374 1088 2572 1157 actus,
2618 1081 2888 1162 ideoque
2929 1087 3234 1165 tanquam
3274 1086 3488 1166 praeci-

1920 1194 2118 1259 puum
2161 1177 2478 1255 objectum
2507 1175 2694 1237 totius
2729 1175 3024 1239 doctrinae
3051 1179 3342 1258 ponitur;
3385 1198 3488 1241 re-

1920 1270 2093 1350 liqua
2143 1286 2291 1331 vero
2345 1268 2820 1331 considerantur
2875 1272 3176 1351 tanquam
3241 1290 3486 1336 annexa

1923 1363 2040 1444 ipsi
2078 1362 2250 1424 fidei.

2003 1460 2064 1519 4.
2119 1454 2388 1520 Sabor-ta
2425 1456 2890 1538 quoestiunoula.
2918 1488 3000 1503 -
3016 1458 3385 1541 Expeditior.
3405 1494 3486 1506 -

1924 1550 2048 1613 Sed
2090 1552 2499 1631 interrogabit
2527 1551 2768 1633 aliquiS,
2805 1567 2949 1613 cum
2982 1552 3196 1613 lumen
3233 1553 3380 1616 fidei
3409 1556 3487 1616 sit

1921 1646 2192 1725 primum
2241 1644 2614 1724 principium
2661 1652 2722 1706 et
2773 1644 3252 1709 fundamentum
3299 1648 3484 1710 totius

1919 1738 2296 1817 Theologioe,
2317 1742 2379 1798 et
2402 1738 2678 1800 omnium
2699 1740 2969 1819 partium
2991 1740 3148 1819 ejus,
3170 1742 3484 1819 quomodo

1921 1848 2061 1893 esse
2097 1831 2296 1911 possit
2327 1831 2646 1911 obiectum
2679 1832 2942 1912 alicujus
2979 1832 3172 1913 partis
3203 1834 3484 1913 ejusdem

1917 1924 2300 2007 Theologioe,
2333 1926 2480 2002 quia
2509 1924 2667 1986 ratio
2693 1925 2923 2005 obJ'ecti
2956 1927 3146 1987 habet
3177 1927 3485 1991 rationem

1918 2020 2206 2091 termini;
2237 2036 2365 2080 non
2409 2024 2617 2097 potest
2642 2024 2854 2081 autem
2879 2019 3045 2082 idem
3075 2037 3214 2081 esse
3255 2023 3486 2101 princi-

1918 2112 2094 2193 pium
2149 2118 2212 2173 et
2265 2114 2568 2173 terminus
2623 2116 2912 2192 respectu
2963 2113 3248 2194 ejusdem
3271 2158 3286 2189 ‚
3340 2134 3482 2177 cum
3599 2133 3608 2139 ·

1918 2206 2128 2267 dicant
2183 2204 2526 2266 contrarias
2581 2204 3002 2267 habitudines.
3077 2208 3236 2271 Item
3269 2255 3284 2284 ,
3338 2210 3485 2291 quia

1920 2298 2075 2360 alias
2129 2298 2226 2359 vel
2278 2304 2599 2379 peteretur
2662 2299 3034 2380 principium
3071 2300 3138 2364 in
3201 2304 3485 2367 discursu

1918 2393 2060 2455 talis
2113 2392 2431 2466 doctrinae,
2471 2391 2572 2453 vel
2613 2398 2928 2470 oporteret
2967 2394 3050 2456 ad
3101 2396 3271 2459 aliud
3300 2398 3484 2461 altius

1918 2485 2293 2566 principium
2320 2484 2491 2546 illam
2519 2486 2855 2547 resolvere.
2893 2488 3336 2554 Verumtamen
3363 2494 3484 2555 hoc

1918 2579 2103 2641 facile
2134 2578 2462 2659 expeditur
2493 2584 2554 2639 et
2605 2578 2984 2661 intelligitur,
3027 2585 3482 2649 considerando

1918 2672 2136 2733 lumen
2179 2671 2596 2733 intellectuale
2631 2688 2768 2733 esse
2804 2674 3170 2737 reflexivum
3201 2676 3268 2739 in
3320 2680 3483 2763 seip-

1916 2783 2057 2826 sum
2085 2784 2100 2838 ;
2131 2782 2281 2825 nam
2313 2764 2664 2826 intellectus
2697 2771 2794 2826 est
2817 2767 3192 2849 principium
3219 2788 3486 2853 cognos-

1915 2858 2098 2920 cendi
2149 2876 2241 2932 se,
2295 2864 2358 2919 et
2385 2858 2599 2919 lumen
2654 2857 2866 2939 gloriae
2897 2865 2991 2922 est
3039 2864 3226 2925 etiam
3254 2866 3483 2946 princi-

1913 2950 2088 3030 pium
2119 2948 2370 3011 videndi
2396 2951 2695 3031 seipsum,
2727 2958 2792 3013 et
2814 2954 2898 3013 ita
2913 2952 2978 3015 in
3007 2956 3104 3017 his
3133 2974 3264 3019 non
3290 2976 3483 3038 repu—

1916 3050 2112 3127 gnant
2145 3044 2266 3105 inae
2309 3045 2583 3106 rationes
2610 3045 2895 3126 principii
2921 3052 2982 3109 et
3021 3050 3292 3127 termini,
3333 3052 3481 3133 quia

1915 3136 2049 3199 sola
2077 3138 2318 3199 ratione
2347 3142 2412 3199 et
2446 3138 2954 3201 denominatione
2987 3141 3475 3225 distinguuntur.

1916 3231 2019 3294 Sic
2051 3249 2201 3311 ergo
2229 3231 2445 3292 lumen
2475 3230 2625 3293 fidei
2665 3239 2760 3294 est
2787 3233 3160 3315 principium
3185 3239 3478 3301 credendi

1912 3326 2119 3406 ipsum
2155 3344 2172 3399 ;
2229 3344 2380 3387 nam
2424 3324 2647 3386 eadem
2694 3324 2822 3387 fide
2873 3328 3186 3390 credimus
3237 3330 3480 3394 infundi

1912 3419 2097 3481 nobis
2119 3418 2335 3493 fidem,
2369 3425 2431 3479 et
2460 3418 2632 3479 illam
2659 3436 2798 3481 esse
2823 3425 3385 3500 supernaturalem,
3419 3430 3481 3487 et

1914 3512 2036 3573 alia
2081 3512 2464 3593 hujusmodi.
2493 3514 2696 3593 Atque
2737 3514 2822 3575 ita
2859 3512 2929 3576 fit
2965 3520 3036 3577 ut
3055 3516 3251 3595 possit
3277 3520 3481 3581 Theo-

1909 3604 2080 3687 logia
2109 3624 2184 3667 ex
2226 3604 2546 3686 principiis
2600 3605 2850 3669 creditis
2887 3607 2966 3669 de
3019 3609 3156 3688 ipsa
3185 3608 3311 3673 fide
3358 3610 3480 3674 dis-

1912 3716 2193 3775 currere,
2243 3702 2304 3759 et
2332 3698 2624 3777 colligere
2649 3700 2804 3760 alias
2829 3701 3244 3781 proprietates
3272 3704 3477 3767 eidem

1908 3790 2059 3854 fidei
2085 3791 2528 3853 convenientes
2577 3792 2712 3853 sine
2739 3793 3040 3871 petitione
3076 3796 3383 3877 principii,
3416 3806 3481 3861 et

1914 3886 2047 3948 sine
2075 3886 2456 3953 resolutione
2497 3885 2579 3947 ad
2603 3886 2788 3948 altius
2815 3888 3224 3971 principium3
3267 3899 3329 3954 et
3357 3893 3478 3955 hoc

1912 3977 2102 4041 modo
2118 3983 2324 4058 potest
2348 3978 2506 4041 fides
2533 3998 2670 4041 esse
2693 3998 2840 4059 pars
2871 3981 3096 4062 objecti
3119 3983 3296 4046 fidei.

1995 4076 2052 4135 5.
2107 4074 2262 4137 Ordo
2315 4077 2372 4136 et
2426 4070 2772 4137 disto-ibam
2823 4074 3006 4155 hujus
3049 4081 3376 4141 tractatus.
3399 4110 3481 4126 —-

1912 4170 2003 4229 Ex
2043 4168 2270 4248 quibus
2295 4166 2553 4227 tandem
2578 4172 2822 4228 constat
2867 4168 3007 4246 quis
3035 4170 3189 4231 ordo
3229 4189 3268 4231 a
3296 4172 3479 4233 nobis

1915 4260 2264 4323 servandus
2294 4260 2372 4322 sit
2401 4260 2466 4320 in
2497 4261 2616 4321 hac
2644 4260 2907 4322 materia
2935 4264 3294 4339 tractanda;
3331 4284 3479 4327 nam

1912 4372 2060 4415 cum
2077 4354 2156 4417 de
2183 4354 2410 4415 virtute
2432 4352 2580 4414 fidei
2609 4358 2968 4429 tractemus,
3003 4355 3082 4417 de
3099 4356 3262 4419 vitiis
3291 4358 3480 4420 etiam

1912 4446 1998 4511 illi
2064 4446 2389 4509 contrariis
2443 4447 2799 4507 necessario
2849 4446 3188 4511 dicendum
3247 4457 3362 4526 est,
3418 4457 3480 4513 et

1910 4541 2054 4604 ideo
2081 4542 2145 4602 in
2175 4540 2332 4602 duas
2364 4546 2576 4620 partes
2600 4539 2979 4620 principales
3011 4542 3339 4606 materiam
3385 4544 3480 4606 di-

1908 4636 2231 4697 videmus:
2269 4633 2472 4715 prima
2511 4634 2628 4694 erit
2681 4634 2762 4695 de
2805 4636 3055 4709 virtute,
3092 4654 3232 4717 quae
3278 4638 3478 4719 magis

1911 4727 2292 4810 speculativa
2331 4734 2457 4801 est;
2511 4729 2791 4790 secunda
2816 4748 2967 4793 vero
3011 4731 3090 4793 de
3119 4732 3302 4807 vitiis,
3335 4750 3476 4813 quse

1908 4823 2042 4885 fere
2071 4828 2202 4884 tota
2223 4828 2318 4883 est
2345 4821 2602 4883 moralis
2626 4868 2643 4896 ,
2677 4821 2826 4901 quia
2853 4824 2918 4883 in
2946 4824 3170 4887 illa-est
3195 4826 3479 4890 conside-

1909 4916 2179 4977 randum
2209 4915 2286 4977 de
2317 4916 2640 4995 praeceptis
2665 4914 2835 4991 fidei,
2868 4917 3026 4979 etde
3049 4921 3320 4999 peccatis
3347 4921 3480 5001 qui·

1908 5010 2029 5070 bus
2061 5008 2398 5082 violantur,
2430 5013 2492 5069 et
2535 5008 2614 5069 de
2651 5009 2854 5087 poenis
2883 5028 3020 5089 qnae
3073 5012 3192 5073 illis
3218 5030 3480 5094 respon-

1910 5100 2082 5162 dent.
2129 5099 2406 5161 Priorem
2432 5118 2583 5162 vero
2615 5104 2859 5179 partem
2889 5104 2955 5162 in
2985 5111 3254 5184 quatuor
3279 5125 3481 5168 mem-

1908 5194 2025 5254 bra
2053 5192 2419 5275 partiemur.
2458 5194 2732 5254 Primum
2767 5195 2884 5255 erit
2909 5195 2989 5256 de
3027 5198 3298 5275 obJecto‚
3329 5201 3475 5278 qnia

1912 5288 1994 5348 ab
2019 5287 2124 5348 illo
2159 5286 2424 5348 sumitur
2450 5286 2690 5366 species
2715 5286 2958 5348 virtutis
2980 5307 2996 5361 ;
3029 5291 3376 5352 secundum
3399 5294 3476 5354 de

1874 5386 2077 5456 ‘actu,
2116 5381 2264 5460 quia
2299 5397 2416 5459 per
2448 5378 2620 5440 illum
2651 5380 2842 5441 etiam
2875 5380 3126 5443 habitus
3155 5384 3444 5465 specifica

1908 5478 2042 5549 tur3
2067 5474 2318 5536 tertium
2344 5472 2422 5535 de
2447 5473 2688 5550 habitu,
2716 5476 2779 5535 et
2806 5478 3096 5553 quartum
3116 5474 3194 5538 de
3219 5478 3480 5541 annexis

1909 5569 2122 5633 virtuti
2162 5567 2337 5629 fidei.
