3900 6217
671 316 846 370 ‘Sl-:GU
881 316 964 369 IV.
998 317 1082 369 AN
1115 314 1318 369 OMNES
1349 314 1604 369 FmELEs
1635 312 2005 367 TENEANTUR
2041 314 2402 368 uffinmlcos
2432 313 2759 377 sumemus,
2794 315 2931 369 Ere.

216 424 330 485 tur.
358 414 542 478 —Ad
563 412 733 476 hunc
757 429 966 475 autem
1010 414 1267 475 modum
1302 411 1760 493 explicandum,

211 518 447 594 oportet
498 510 874 587 distinguere
920 511 1122 569 varios
1166 508 1382 570 modos
1437 506 1766 567 denuntia·

213 610 470 677 tionum,
505 609 566 663 et
591 603 700 683 qui
727 608 934 663 nostro
961 603 1246 664 instituto
1278 602 1627 663 deserviant
1655 601 1761 660 de-

209 700 408 761 finire.
454 696 794 757 Canonistae
833 697 1067 775 igitur,
1114 715 1270 778 qnos
1320 696 1603 756 imitatur
1653 694 1761 753 So·

212 800 323 867 tuS,
355 792 420 850 in
447 788 793 851 Reiectione
825 788 900 850 de
935 790 1209 870 tegendo
1237 794 1492 865 secreto,
1525 786 1758 848 memb.

210 890 268 959 2,
317 888 536 963 quaest.
580 885 641 959 5,
688 893 954 961 quatuor
1007 884 1241 963 species
1281 880 1766 944 denuntiationis

211 978 618 1054 distinguunt,
653 982 724 1035 ut
769 976 969 1038 videri
997 983 1194 1058 potest
1226 976 1559 1038 novissime
1596 972 1762 1053 apud

210 1070 510 1146 Farinac„
549 1064 616 1131 in
661 1074 840 1131 tract.
887 1071 965 1132 de
1013 1069 1268 1146 Haeresi‚
1299 1076 1512 1148 quaest.
1551 1069 1690 1140 185,
1727 1084 1765 1127 a

209 1182 379 1225 num.
433 1164 516 1224 60
548 1184 562 1224 :
615 1163 1056 1241 evangelicam,
1091 1162 1474 1235 canonicam,
1517 1159 1762 1239 regula·

211 1275 332 1319 rem
361 1263 424 1316 et
445 1256 842 1335 judicialem3
873 1262 1301 1319 verumtamen
1329 1255 1470 1316 duae.
1517 1259 1763 1315 tantum

211 1370 243 1413 a
271 1348 446 1409 nobis
473 1349 542 1409 in
572 1350 882 1429 proposito
909 1349 1368 1427 distinguendas
1395 1355 1559 1425 sunt,
1603 1347 1763 1407 scili·-

212 1449 321 1518 cet,
344 1442 704 1520 evangelica
731 1448 794 1503 et
813 1441 1126 1519 judicialis
1135 1458 1158 1520 ς,
1178 1460 1322 1503 nam
1353 1442 1646 1503 canonica
1667 1458 1763 1502 re-

215 1554 352 1597 vera
377 1553 506 1595 non
531 1535 937 1613 distinguitur
964 1534 1044 1595 ab
1069 1534 1449 1613 evangelica,
1476 1533 1763 1614 quamvis

213 1628 365 1687 inter
413 1644 519 1691 eas
567 1627 774 1708 plures
809 1626 1188 1688 differentias
1230 1628 1412 1689 Sotus
1452 1628 1764 1707 assignare

215 1726 460 1781 conetur
491 1738 510 1780 ε
545 1738 760 1781 omnes
797 1722 966 1783 enim
993 1719 1400 1781 accidentales
1423 1726 1592 1795 sunt,
1623 1726 1687 1780 et
1713 1718 1767 1779 si

215 1831 328 1891 qna
353 1812 752 1875 denuntiatio
801 1814 1098 1878 canonica
1139 1814 1217 1875 ab
1245 1812 1623 1895 ¹evangelica
1652 1811 1769 1873 dif-

216 1904 345 1979 fert,
373 1905 440 1964 in
475 1904 838 1984 judicialem
879 1906 1136 1981 incidit3
1188 1912 1253 1967 et
1297 1905 1462 1966 idem
1509 1906 1766 1967 omnino

215 2005 298 2059 est
323 1998 396 2059 de
423 1998 723 2077 regulari,
759 2006 828 2059 ut
855 2017 929 2061 ex
961 1998 1235 2061 dicendis
1275 1999 1531 2079 patebit.
1573 2000 1649 2058 Et
1680 1998 1769 2059 ita

213 2090 337 2151 illas
383 2097 634 2156 tantum
679 2093 832 2155 duas
869 2094 1098 2172 species
1138 2092 1426 2154 distinxit
1469 2091 1764 2172 sylvest„

215 2184 369 2243 verb.
417 2186 858 2258 Dementiatioe
893 2186 1100 2265 Rojas,
1131 2184 1429 2264 singulari
1481 2188 1540 2259 1,
1587 2201 1762 2246 num.

217 2279 317 2350 1023
347 2282 408 2337 et
435 2272 804 2341 Emmanuel
844 2278 1209 2358 Rodriguez,
1255 2279 1319 2337 in
1372 2283 1638 2338 tractatu
1690 2277 1768 2339 de

219 2370 426 2431 Ordine
451 2370 809 2451 judiciario,
842 2391 895 2433 c.
940 2374 1000 2433 4.
1055 2372 1528 2450 Distinguuntur
1553 2376 1767 2431 autem

219 2464 507 2543 praecipue
537 2465 684 2525 duas
713 2464 834 2525 illae
862 2464 1383 2539 denuntiationeS,
1411 2464 1558 2543 quia
1583 2482 1769 2525 evan-

218 2556 394 2634 gelica
465 2557 676 2619 tendit
731 2576 839 2637 per
907 2574 970 2617 se
1025 2558 1227 2637 primo
1273 2574 1345 2619 ac
1389 2557 1636 2636 praecise
1688 2557 1765 2618 ad

221 2648 710 2712 emendationem
744 2650 984 2725 fratris;
1031 2668 1178 2710 nam
1225 2651 1492 2729 pertinet
1519 2650 1597 2710 ad
1634 2667 1768 2710 cor-

221 2744 538 2805 rectionem
587 2741 950 2816 fraternam,
993 2742 1069 2803 de
1099 2759 1223 2823 qua
1259 2742 1532 2804 Christus
1581 2743 1763 2819 dixit,

222 2835 416 2897 Matth.
443 2837 522 2897 18
563 2854 580 2899 ς
631 2836 710 2898 Si
747 2842 802 2897 te
843 2838 1126 2910 audierit,
1159 2835 1434 2900 lucratur
1462 2836 1585 2897 eris
1619 2840 1766 2914 fra-

225 2934 356 2991 tum
393 2934 588 2993 tuum.
627 2929 737 2991 Ubi
787 2930 1170 3006 Augustinus
1196 2935 1370 2989 notat
1399 2927 1486 2989 ibi
1527 2928 1764 3007 signifi-

223 3023 332 3083 cari
359 3022 548 3086 finem
570 3023 967 3085 correctionis
1006 3040 1138 3083 esse
1163 3022 1372 3083 fratris
1399 3021 1756 3099 utilitatem,

223 3114 278 3173 id
301 3122 406 3188 est,
431 3116 960 3177 emendationem.
995 3117 1070 3175 Et
1109 3116 1276 3175 idem
1314 3114 1577 3175 habetur
1600 3132 1762 3195 saepe

221 3205 452 3284 injure,
481 3228 534 3269 c.
566 3210 789 3282 Novit,
821 3209 898 3269 de
919 3209 1201 3285 Judiciis,
1234 3228 1368 3289 cap.
1397 3208 1606 3290 Super
1638 3210 1757 3284 his,

224 3300 288 3362 de
312 3300 838 3377 Accusationibus,
879 3310 944 3363 et
985 3320 1121 3382 cap.
1178 3300 1262 3365 Si
1295 3300 1650 3382 peccaverit,
1695 3302 1760 3379 2,

221 3400 420 3470 quaest.
445 3398 505 3455 1.
538 3395 623 3457 At
646 3412 792 3455 vero
819 3395 1208 3455 denuntiatio
1227 3395 1538 3473 judicialis
1567 3395 1764 3457 tendit

223 3486 292 3547 ad
315 3488 648 3550 vindictam
677 3488 906 3560 delicti,
949 3495 1012 3550 et
1051 3488 1362 3549 ordinarie
1411 3488 1482 3548 fit
1513 3495 1762 3569 propter

227 3598 531 3641 commune
559 3582 824 3643 bonum.
857 3582 1032 3643 Unde
1055 3582 1244 3643 etiam
1273 3581 1590 3658 differunt,
1616 3582 1763 3661 quia

227 3670 589 3736 denuntiatio
641 3674 998 3753 evangelica
1040 3674 1114 3734 fit
1161 3673 1435 3753 praelato,
1485 3680 1556 3735 ut
1603 3675 1764 3753 patri

225 3764 454 3827 habenti
489 3784 709 3827 curam
751 3766 1084 3846 spiritualis
1129 3767 1344 3828 salutis
1393 3767 1652 3845 subditi,
1703 3775 1765 3829 et

227 3856 346 3919 idco
363 3861 510 3921 solet
535 3860 728 3922 etiam
751 3859 886 3921 haec
904 3859 1296 3921 denuntiatio
1323 3860 1445 3921 dici
1464 3867 1760 3939 paterna;

226 3950 396 4013 altera
431 3970 576 4013 vero
631 3952 1018 4014 denuntiatio
1063 3951 1136 4012 fit
1163 3953 1500 4031 superiori,
1555 3960 1626 4014 nt
1663 3954 1764 4032 ju-

229 4042 330 4103 dici
353 4092 366 4115 ,
406 4050 463 4105 et
497 4045 644 4107 ideo
688 4043 1002 4123 judicialis
1037 4050 1316 4106 vocatur.
1356 4045 1444 4107 Ac
1495 4046 1763 4126 denique

231 4134 317 4195 illa
342 4138 500 4215 prior
531 4156 648 4217 per
664 4154 728 4199 se
748 4143 1027 4198 versatur
1055 4138 1217 4199 circa
1245 4138 1469 4199 delicta
1496 4140 1759 4216 occulta,

231 4232 290 4287 ut
307 4246 378 4292 ex
401 4230 587 4291 verbo
611 4229 721 4291 illo
743 4230 1088 4309 Evangelii,
1115 4229 1195 4294 Si
1223 4234 1565 4312 peccaverit
1587 4234 1654 4307 in
1682 4238 1760 4309 te,

231 4320 534 4399 colligitur,
573 4323 758 4401 juxta
801 4324 1247 4401 expositionem
1276 4326 1631 4404 Augustini,
1660 4324 1766 4386 de-

232 4412 488 4477 clarantis
520 4418 612 4479 In
656 4421 736 4489 te,
768 4416 830 4476 id
861 4422 972 4492 est,
1009 4434 1216 4478 coram
1259 4424 1360 4479 te:
1393 4418 1586 4479 altera
1615 4438 1764 4481 vero

233 4507 565 4583 regulariter
617 4518 895 4569 versatur
933 4509 1097 4570 circa
1133 4510 1360 4573 deli-cta
1387 4512 1654 4591 publica,
1691 4513 1764 4574 li-

233 4606 312 4661 cet
336 4600 396 4660 in
417 4602 624 4682 aliquo
643 4620 786 4663 casu
809 4604 998 4681 possit
1018 4604 1206 4665 etiam
1229 4605 1305 4665 de
1329 4604 1582 4665 occultis
1602 4604 1760 4679 fieri,

235 4697 292 4751 ut
323 4694 698 4768 videbimus;
727 4704 790 4757 et
816 4714 892 4757 ex
931 4694 1026 4757 his
1071 4698 1436 4759 differentiis
1487 4704 1764 4759 constare

233 4791 404 4861 potest
429 4788 797 4850 sufficientia
823 4790 1168 4866 divisioniS,
1197 4792 1345 4869 quia
1367 4809 1481 4851 nec
1503 4795 1766 4870 possunt

237 4892 346 4939 esse
371 4880 566 4957 plures
599 4881 756 4945 fines
783 4882 1294 4959 denuntiationis,
1329 4902 1530 4962 neque
1559 4882 1764 4961 plures

237 4973 494 5049 rationes,
545 4976 662 5039 sub
690 4976 914 5055 quibus
952 4975 1216 5037 crimina
1255 4976 1333 5037 ad
1381 4976 1762 5055 superiorem

239 5061 577 5130 deterantur.
605 5071 780 5133 Unde
807 5068 1195 5130 denuntiatio
1225 5070 1521 5129 canoniea
1548 5069 1645 5129 vel
1670 5087 1764 5129 re-

243 5156 468 5237 gularis,
505 5164 556 5221 si
592 5162 790 5225 solum
830 5163 1093 5224 tendant
1133 5162 1208 5222 ad
1258 5162 1759 5225 emendationem

241 5248 456 5327 fratriS,
509 5257 875 5335 evangelicae
933 5262 1104 5330 sunt,
1161 5254 1484 5333 solumque
1535 5253 1761 5314 addere

237 5354 466 5421 possunt
491 5348 722 5428 aliquas
751 5352 1264 5423 circumstantiaS,
1293 5348 1388 5409 vel
1411 5349 1552 5427 jure
1581 5363 1766 5407 cano-

245 5438 385 5514 nico,
413 5441 502 5502 vel
543 5443 782 5523 speciali
807 5446 952 5525 jure
991 5442 1252 5526 alicujus
1301 5442 1620 5525 religionis
1659 5440 1767 5505 ad-

3288 311 3393 373 52¹

1839 416 2085 494 ,iunctas
2131 430 2147 475 ε
2200 414 2250 475 si
2301 432 2445 475 vero
2494 412 2573 475 ad
2615 414 3005 493 punitionem
3058 417 3123 475 et
3170 410 3406 474 bonum

1843 509 2131 583 aliorum,
2177 508 2274 569 vel
2303 508 2791 581 communitatis,
2823 508 2922 569 vel
2964 506 3220 587 privatas
3262 526 3401 585 per·

1844 620 2012 663 sonae
2070 600 2258 661 etiam
2310 601 2737 661 denuntiantis
2781 600 3035 675 tendat,
3087 600 3396 677 judicialis

1845 703 1958 769 est,
1990 695 2231 757 etiamsi
2264 692 2372 755 fiat
2399 694 2579 773 juxta
2607 694 2711 773 jus
2752 694 3142 766 canonicum,
3173 698 3281 753 aut
3308 712 3405 754 re-

1845 788 2093 867 gulare;
2118 786 2181 847 in
2199 786 2485 867 praeseuti
2514 804 2661 865 ergo
2683 786 2758 847 de
2770 784 3053 864 judiciali
3080 785 3407 847 denuntia·

1845 883 2014 943 tione
2046 886 2404 953 tractamus,
2430 898 2573 941 nam
2603 879 2735 942 haec
2763 878 2888 941 iere
2917 877 3045 939 sola
3074 884 3165 939 est
3194 897 3407 939 neces-

1845 976 2007 1036 saria
2038 974 2117 1034 in‘
2141 972 2258 1034 hoc
2286 972 2511 1035 delicto
2543 993 2558 1031 :
2604 991 2684 1033 au
2710 989 2855 1032 vero
2886 971 3241 1049 evangelica
3270 970 3405 1032 fieri

1844 1067 2035 1149 possit
2088 1064 2422 1146 aliquando
2460 1071 2521 1127 et
2566 1064 2787 1127 debeat
2812 1111 2832 1141 ,
2890 1062 3091 1125 obiter
3142 1063 3405 1143 attinge-

1845 1180 2013 1223 mus.

1929 1259 1988 1319 3.
2035 1254 2529 1319 Denuntiationis
2556 1259 2613 1317 et
2640 1253 3044 1317 accusationis
3084 1250 3407 1315 discrimen

1843 1350 2259 1431 quommdam.
2288 1381 2372 1395 —
2402 1348 2551 1413 Non
2599 1352 2689 1411 ert
2730 1347 3089 1410 universale.
3129 1376 3212 1391 —
3248 1344 3407 1407 Pro·

1834 1443 2046 1525 prium
2082 1443 2426 1507 discrimem
2460 1442 2753 1527 primum.
2777 1472 2859 1486 —
2888 1437 3276 1503 Concludicur
3302 1436 3401 1497 di-

1841 1536 1997 1599 visio
2031 1535 2358 1617 judicialis
2414 1529 2899 1597 denuntiationis.
2917 1531 3131 1593 -Sed
3173 1534 3410 1610 quaeret

1846 1627 2070 1709 aliquis
2096 1627 2405 1708 quomodo
2431 1627 2565 1687 haec
2608 1625 2997 1687 denuntiatio
3032 1624 3112 1683 ab
3158 1639 3405 1683 accusa-

1844 1722 2017 1783 tione
2044 1721 2479 1799 distinguatur,
2510 1722 2679 1799 quia,
2705 1725 2776 1779 ut
2802 1716 2896 1779 illi
2919 1718 3040 1777 duo
3063 1714 3233 1776 modi
3265 1731 3409 1794 pro-

1849 1814 2109 1876 cedendi
2164 1832 2275 1895 per
2333 1812 2866 1874 denuntiationem
2918 1808 3016 1871 vel
3074 1806 3409 1869 accusatio-

1849 1927 2019 1984 nem,
2053 1926 2204 1989 quos
2230 1907 2409 1969 initio
2438 1907 2775 1987 posuimus,
2824 1903 3096 1965 distincti
3124 1904 3269 1976 sint,
3300 1920 3409 1963 ne-

1847 2000 2183 2063 cessarium
2234 2006 2325 2061 est
2375 2000 2537 2061 inter
2574 1998 3109 2060 denuntiationem
3138 2000 3201 2056 et
3227 2013 3409 2056 accu-

1847 2096 2153 2157 sationem
2202 2092 2615 2154 difl'erentiam
2661 2091 2993 2171 assignare.
3043 2092 3118 2151 Et
3156 2088 3407 2169 quidem

1847 2187 2043 2268 aliqui
2066 2206 2169 2249 eas
2197 2186 2591 2265 distinguunt
2612 2203 2687 2246 ex
2714 2182 2861 2259 fine,
2890 2184 2979 2244 ita
2999 2189 3067 2243 ut
3104 2181 3407 2242 accusatio

1847 2280 2062 2343 tendat
2099 2280 2167 2341 in
2210 2278 2687 2340 satisfactionem
2720 2284 2782 2339 et
2808 2275 3199 2337 commodum
3229 2292 3411 2335 accu-

1847 2374 2059 2447 santis»,
2093 2372 2480 2433 denuntiatio
2504 2389 2650 2431 vero
2680 2370 2893 2431 tendat
2918 2370 2985 2429 in
3005 2367 3237 2429 bouum
3257 2366 3409 2427 alio·

1845 2484 2021 2539 rum,
2068 2471 2130 2525 et
2168 2464 2506 2543 praesertim
2547 2480 2915 2536 commune3
2973 2480 3110 2541 quae
3152 2460 3408 2540 quidem

1848 2558 2199 2620 differentia
2249 2555 2621 2635 regulariter
2669 2556 2925 2615 fortasse
2973 2572 3118 2614 vera
3164 2558 3255 2613 est
3274 2599 3294 2629 ,
3344 2559 3408 2615 et

1848 2652 2121 2713 maxime
2150 2650 2215 2710 in
2245 2649 2505 2711 crimine
2533 2645 2784 2708 haeresis
2803 2694 2823 2722 ,
2874 2647 3280 2708 nihilominus
3315 2652 3409 2707 ta·-

1847 2762 1995 2805 men
2038 2762 2166 2803 non
2204 2748 2294 2803 est
2336 2743 2585 2822 propria
2623 2747 2683 2802 et
2724 2740 3126 2816 universalis3
3172 2757 3316 2799 nam
3345 2746 3409 2799 et

1845 2838 2149 2898 accusatio
2177 2834 2312 2897 fieri
2340 2840 2560 2915 potest,
2604 2840 2667 2895 et
2700 2834 3013 2894 interdum
3044 2832 3224 2892 debet
3256 2851 3400 2912 pro-

1847 2939 1985 3011 pter
2034 2947 2362 2991 commune
2394 2928 2649 2999 bonum,
2696 2933 2768 2987 ut
2810 2926 2986 2987 docet
3033 2926 3210 2986 divus
3242 2925 3409 2986 Tho·

1845 3042 1979 3085 mas
2007 3027 2067 3085 2.
2096 3026 2157 3097 2,
2186 3027 2400 3101 quaest.
2433 3021 2535 3095 68,
2560 3027 2678 3081 art.
2714 3024 2771 3095 l,
2804 3026 2866 3080 et
2888 3018 3276 3080 denuntiatio
3298 3018 3410 3079 fie-

1843 3119 1896 3178 ri
1926 3122 2128 3197 potest
2155 3119 2404 3196 propter
2421 3114 2655 3175 bonum
2680 3112 3127 3187 denuntiantis,
3154 3112 3405 3191 quando

1843 3212 2109 3286 scilicet,
2148 3210 2522 3271 denuntians
2571 3225 2858 3269 accusare
2903 3224 3030 3268 non
3079 3212 3281 3286 potest
3326 3224 3405 3267 ex

1843 3304 2084 3364 deiectu
2136 3301 2539 3383 probationiS,
2594 3306 2664 3359 nt
2712 3300 2839 3361 sere
2871 3316 3087 3360 omnes
3124 3304 3403 3359 auctores

1842 3398 2007 3459 infra
2035 3394 2266 3457 citandi
2303 3395 2560 3468 docent3
2598 3400 2661 3453 et
2704 3394 2946 3455 ratione
2974 3398 3176 3473 potest
3226 3392 3406 3455 facile

1843 3490 2105 3563 ostendi,
2130 3488 2278 3568 quia
2306 3494 2567 3568 uterque
2596 3487 2815 3549 modus
2844 3484 3171 3547 accedendi
3201 3484 3277 3546 ad
3307 3504 3409 3546 su-

1841 3583 2147 3663 periorem
2187 3588 2387 3663 potest
2430 3601 2559 3643 esse
2605 3581 2776 3642 utilis
2826 3578 2903 3641 ad
2953 3586 3289 3659 utrumque
3327 3577 3409 3637 fi-

1843 3696 2013 3754 nem,
2064 3683 2125 3738 et
2152 3694 2262 3755 per
2302 3694 2367 3737 se
2414 3674 2613 3736 malus
2646 3693 2773 3735 non
2815 3679 2929 3749 est,
2972 3672 3076 3735 sed
3112 3672 3409 3733 honestus

1845 3789 1977 3833 esse
2004 3775 2225 3850 potest.
2249 3769 2505 3848 Propria
2535 3786 2682 3845 ergo
2714 3766 3066 3827 differentia
3094 3768 3205 3837 est,
3238 3764 3405 3843 quod

1846 3864 1911 3923 in
1941 3861 2323 3923 accusatione
2352 3867 2669 3923 accusator
2705 3859 2777 3921 fit
2806 3877 2947 3939 pars
2976 3858 3138 3919 illius
3162 3856 3405 3935 judicii,

1844 3962 1911 4017 et
1938 3955 2094 4035 petit
2136 3955 2237 4033 jus
2264 3972 2447 4015 suum
2478 3951 2685 4033 aliquo
2720 3950 2928 4019 modo,
2960 3956 3023 4011 et
3049 3950 3227 4031 qnasi
3253 3948 3408 4009 obli-

1843 4054 1950 4127 gat
1982 4048 2252 4127 judicem
2282 4052 2354 4107 ut
2401 4046 2518 4107 sibi
2553 4046 2858 4124 justitiam
2910 4044 3116 4105 iaciat.
3160 4044 3410 4104 Denun-

1843 4143 2029 4203 tiator
2055 4147 2264 4202 autem
2292 4159 2419 4201 non
2466 4139 2537 4200 fit
2575 4158 2737 4219 parS,
2787 4140 2896 4201 sed
2933 4143 3177 4197 tantum
3210 4136 3407 4197 defert

1843 4236 2080 4297 crimen
2109 4234 2189 4295 ad
2224 4234 2510 4294 notitiam
2541 4232 2786 4310 judicia,
2830 4237 2900 4291 ut
2932 4229 3039 4290 ille
3085 4248 3166 4289 ex·
3203 4229 3407 4289 officio

1845 4328 2163 4408 procedat,
2191 4332 2376 4407 prout
2403 4331 2674 4401 tenetur,
2706 4330 2814 4385 aut
2842 4323 3062 4383 melius
3090 4321 3207 4383 sibi
3240 4322 3408 4381 vide·

1847 4421 2035 4482 bitur.
2072 4420 2248 4482 Unde
2298 4419 2577 4497 sequitur
2612 4416 2782 4479 aliud
2823 4416 3150 4476 discrimen
3194 4413 3409 4491 magui

1845 4514 2169 4586 momenti,
2202 4513 2363 4593 quod
2405 4516 2720 4572 accusator
2745 4514 2991 4571 tenetur
3016 4508 3276 4587 probare
3306 4506 3409 4567 de-

1844 4608 2088 4680 lictum,
2124 4608 2399 4687 alioquin
2444 4605 2738 4685 punietur
2752 4626 2769 4679 ;
2817 4602 3212 4663 denuntiator
3261 4617 3410 4660 vero

1845 4701 1920 4762 ad
1974 4699 2399 4779 probationem
2433 4717 2560 4759 non
2612 4698 2875 4776 cogitur,
2927 4702 2999 4756 ut
3046 4698 3284 4755 constat
3332 4710 3412 4754 ex

1846 4794 2007 4855 dicto
2054 4810 2189 4871 cap.
2240 4791 2445 4871 Super
2472 4791 2593 4862 his,
2630 4809 2775 4852 cum
2804 4788 3129 4849 similibus,
3160 4788 3247 4849 Ac
3275 4791 3412 4847 tan-

1844 4888 1988 4947 dem
2038 4885 2183 4945 inde
2230 4891 2323 4945 est
2362 4884 2484 4945 alia
2522 4883 2871 4945 differentia
2899 4880 3244 4943 introducta
3264 4880 3410 4959 jure

1845 4979 2165 5053 canonico,
2195 4978 2357 5057 quod
2400 4980 2707 5040 accusatio
2753 4977 2820 5036 in
2870 4976 3111 5055 scriptis
3138 4980 3230 5034 est
3258 4974 3411 5034 reci-

1841 5072 2095 5152 pienda,
2133 5079 2203 5132 ut
2231 5072 2408 5131 docet
2436 5070 2615 5129 divus
2645 5068 2913 5130 Thomas
2941 5085 3148 5145 supra,
3184 5075 3300 5127 art.
3340 5069 3406 5144 2,

1841 5184 1918 5226 ex
1945 5183 2078 5244 rap.
2106 5162 2564 5234 Accu-satorum,
2611 5166 2673 5233 Ξ,
2721 5168 2937 5241 quaest.
2970 5162 3048 5236 83
3081 5157 3411 5221 denuntia-

1843 5259 2076 5317 tionem
2136 5262 2347 5317 autem
2396 5256 2583 5315 scribi
2628 5274 2754 5316 non
2812 5264 2903 5314 est
2951 5254 3401 5329 necessarium,

1840 5351 2021 5429 juxta
2047 5348 2279 5409 dictum
2326 5354 2511 5429 caput
2542 5347 2747 5427 Super
2776 5346 2895 5409 Itis.
2938 5346 3018 5407 De
3053 5364 3175 5425 quo
3214 5346 3410 5407 videri

1847 5448 2045 5525 potest
2070 5440 2194 5503 Jul.
2235 5441 2423 5518 Clar„
2458 5440 2766 5521 §ultimm
2811 5446 3027 5519 quaest.
3063 5440 3100 5497 '7
3120 5460 3139 5513 ;
3174 5439 3407 5518 Penha,
