<?xml version="1.0" encoding="UTF-8"?>
<!DOCTYPE html PUBLIC "-//W3C//DTD XHTML 1.0 Transitional//EN"
    "http://www.w3.org/TR/xhtml1/DTD/xhtml1-transitional.dtd">
<html xmlns="http://www.w3.org/1999/xhtml" xml:lang="en" lang="en">
 <head>
  <title>
</title>
<meta http-equiv="Content-Type" content="text/html;charset=utf-8" />
  <meta name='ocr-system' content='tesseract 3.04.00' />
  <meta name='ocr-capabilities' content='ocr_page ocr_carea ocr_par ocr_line ocrx_word'/>
</head>
<body>
  <div class='ocr_page' id='page_1' title='image "./rpfranciscisuar00duvagoog_0184.png"; bbox 0 0 3900 6217; ppageno 0'>
   <div class='ocr_carea' id='block_1_1' title="bbox 455 415 578 485">
    <p class='ocr_par' dir='ltr' id='par_1_1' title="bbox 455 415 578 485">
     <span class='ocr_line' id='line_1_1' title="bbox 455 415 578 485; baseline -0.008 0"><span class='ocrx_word' id='word_1_1' title='bbox 455 415 578 485; x_wconf 70' lang='lat'><strong>&#39;166</strong></span> 
     </span>
    </p>
   </div>
   <div class='ocr_carea' id='block_1_2' title="bbox 437 527 2022 5642">
    <p class='ocr_par' dir='ltr' id='par_1_2' title="bbox 446 527 2022 3779">
     <span class='ocr_line' id='line_1_2' title="bbox 458 527 2022 608; baseline 0.001 -18"><span class='ocrx_word' id='word_1_2' title='bbox 458 528 569 590; x_wconf 89' lang='lat' dir='ltr'><strong>alii</strong></span> <span class='ocrx_word' id='word_1_3' title='bbox 596 527 907 601; x_wconf 87' lang='lat' dir='ltr'><strong>Doctores,</strong></span> <span class='ocrx_word' id='word_1_4' title='bbox 940 545 1095 606; x_wconf 88' lang='lat' dir='ltr'><strong>quos</strong></span> <span class='ocrx_word' id='word_1_5' title='bbox 1120 527 1221 588; x_wconf 90' lang='lat' dir='ltr'><strong>hic</strong></span> <span class='ocrx_word' id='word_1_6' title='bbox 1250 536 1311 588; x_wconf 89' lang='lat' dir='ltr'><strong>et</strong></span> <span class='ocrx_word' id='word_1_7' title='bbox 1330 528 1610 608; x_wconf 80' lang='lat' dir='ltr'><strong>sequenti</strong></span> <span class='ocrx_word' id='word_1_8' title='bbox 1628 529 1897 591; x_wconf 83' lang='lat' dir='ltr'>sectione</span> <span class='ocrx_word' id='word_1_9' title='bbox 1926 549 2022 592; x_wconf 90' lang='lat' dir='ltr'><strong>re-</strong></span> 
     </span>
     <span class='ocr_line' id='line_1_3' title="bbox 456 620 2018 702; baseline 0 -18"><span class='ocrx_word' id='word_1_10' title='bbox 456 621 677 698; x_wconf 75' lang='lat' dir='ltr'><strong>feram,</strong></span> <span class='ocrx_word' id='word_1_11' title='bbox 728 625 790 682; x_wconf 90' lang='lat' dir='ltr'><strong>et</strong></span> <span class='ocrx_word' id='word_1_12' title='bbox 835 638 985 700; x_wconf 88' lang='lat' dir='ltr'><strong>quos</strong></span> <span class='ocrx_word' id='word_1_13' title='bbox 1032 620 1292 699; x_wconf 80' lang='lat' dir='ltr'><strong>allegavi</strong></span> <span class='ocrx_word' id='word_1_14' title='bbox 1346 620 1633 701; x_wconf 76' lang='lat' dir='ltr'><strong>praedicta</strong></span> <span class='ocrx_word' id='word_1_15' title='bbox 1673 621 1901 702; x_wconf 89' lang='lat' dir='ltr'><strong>disput.</strong></span> <span class='ocrx_word' id='word_1_16' title='bbox 1960 627 2018 692; x_wconf 93' lang='grc'><strong>1,</strong></span> 
     </span>
     <span class='ocr_line' id='line_1_4' title="bbox 459 715 2020 792; baseline 0.001 -16"><span class='ocrx_word' id='word_1_17' title='bbox 459 722 603 778; x_wconf 84' lang='lat' dir='ltr'><strong>sect.</strong></span> <span class='ocrx_word' id='word_1_18' title='bbox 640 719 699 792; x_wconf 91' lang='grc'><strong>1,</strong></span> <span class='ocrx_word' id='word_1_19' title='bbox 726 733 903 776; x_wconf 88' lang='lat' dir='ltr'><strong>num.</strong></span> <span class='ocrx_word' id='word_1_20' title='bbox 931 717 993 789; x_wconf 77' lang='lat'><strong>2,</strong></span> <span class='ocrx_word' id='word_1_21' title='bbox 1016 721 1077 776; x_wconf 90' lang='lat' dir='ltr'><strong>et</strong></span> <span class='ocrx_word' id='word_1_22' title='bbox 1098 733 1195 776; x_wconf 88' lang='lat' dir='ltr'><strong>res</strong></span> <span class='ocrx_word' id='word_1_23' title='bbox 1212 725 1305 776; x_wconf 92' lang='lat' dir='ltr'><strong>est</strong></span> <span class='ocrx_word' id='word_1_24' title='bbox 1323 715 1579 776; x_wconf 91' lang='lat' dir='ltr'><strong>omnino</strong></span> <span class='ocrx_word' id='word_1_25' title='bbox 1596 724 1783 778; x_wconf 85' lang='lat' dir='ltr'><strong>certa.</strong></span> <span class='ocrx_word' id='word_1_26' title='bbox 1816 717 2020 779; x_wconf 90' lang='lat' dir='ltr'><strong>Primo</strong></span> 
     </span>
     <span class='ocr_line' id='line_1_5' title="bbox 456 808 2010 890; baseline 0.001 -19"><span class='ocrx_word' id='word_1_27' title='bbox 456 827 533 871; x_wconf 84' lang='lat' dir='ltr'><strong>ex</strong></span> <span class='ocrx_word' id='word_1_28' title='bbox 557 827 731 871; x_wconf 77' lang='lat' dir='ltr'><strong>sarra</strong></span> <span class='ocrx_word' id='word_1_29' title='bbox 751 809 1088 890; x_wconf 88' lang='lat' dir='ltr'><strong>Scriptura,</strong></span> <span class='ocrx_word' id='word_1_30' title='bbox 1121 827 1264 871; x_wconf 86' lang='lat' dir='ltr'><strong>nam</strong></span> <span class='ocrx_word' id='word_1_31' title='bbox 1291 808 1539 884; x_wconf 80' lang='lat' dir='ltr'><strong>Paulus,</strong></span> <span class='ocrx_word' id='word_1_32' title='bbox 1572 813 1598 870; x_wconf 89' lang='grc'><strong>1</strong></span> <span class='ocrx_word' id='word_1_33' title='bbox 1628 810 1706 872; x_wconf 87' lang='lat' dir='ltr'><strong>ad</strong></span> <span class='ocrx_word' id='word_1_34' title='bbox 1735 811 2010 873; x_wconf 82' lang='lat' dir='ltr'><strong>Corinth.</strong></span> 
     </span>
     <span class='ocr_line' id='line_1_6' title="bbox 457 903 2018 983; baseline 0.001 -18"><span class='ocrx_word' id='word_1_35' title='bbox 457 905 559 980; x_wconf 87' lang='grc'><strong>13,</strong></span> <span class='ocrx_word' id='word_1_36' title='bbox 603 905 719 964; x_wconf 89' lang='lat' dir='ltr'><strong>tria</strong></span> <span class='ocrx_word' id='word_1_37' title='bbox 762 903 942 983; x_wconf 89' lang='lat' dir='ltr'><strong>ponit</strong></span> <span class='ocrx_word' id='word_1_38' title='bbox 990 905 1299 982; x_wconf 68' lang='lat' dir='ltr'><strong>praecipue</strong></span> <span class='ocrx_word' id='word_1_39' title='bbox 1352 905 1693 965; x_wconf 83' lang='lat' dir='ltr'><strong>necessaria</strong></span> <span class='ocrx_word' id='word_1_40' title='bbox 1742 905 1820 966; x_wconf 88' lang='lat' dir='ltr'><strong>ad</strong></span> <span class='ocrx_word' id='word_1_41' title='bbox 1852 905 2018 966; x_wconf 86' lang='lat' dir='ltr'><strong>salu-</strong></span> 
     </span>
     <span class='ocr_line' id='line_1_7' title="bbox 456 993 2014 1078; baseline 0.001 -20"><span class='ocrx_word' id='word_1_42' title='bbox 456 1003 608 1072; x_wconf 89' lang='lat' dir='ltr'><strong>tem,</strong></span> <span class='ocrx_word' id='word_1_43' title='bbox 630 1003 691 1058; x_wconf 89' lang='lat' dir='ltr'><strong>et</strong></span> <span class='ocrx_word' id='word_1_44' title='bbox 710 995 873 1056; x_wconf 89' lang='lat' dir='ltr'><strong>iuter</strong></span> <span class='ocrx_word' id='word_1_45' title='bbox 892 1013 957 1056; x_wconf 91' lang='lat' dir='ltr'><strong>se</strong></span> <span class='ocrx_word' id='word_1_46' title='bbox 979 994 1291 1072; x_wconf 88' lang='lat' dir='ltr'><strong>distincta,</strong></span> <span class='ocrx_word' id='word_1_47' title='bbox 1312 993 1523 1070; x_wconf 88' lang='lat' dir='ltr'><strong>fidem,</strong></span> <span class='ocrx_word' id='word_1_48' title='bbox 1545 996 1792 1072; x_wconf 86' lang='lat' dir='ltr'><strong>seilicet,</strong></span> <span class='ocrx_word' id='word_1_49' title='bbox 1818 1016 2014 1078; x_wconf 89' lang='lat' dir='ltr'><strong>spem,</strong></span> 
     </span>
     <span class='ocr_line' id='line_1_8' title="bbox 454 1087 2010 1170; baseline 0 -18"><span class='ocrx_word' id='word_1_50' title='bbox 454 1096 517 1152; x_wconf 91' lang='lat' dir='ltr'><strong>et</strong></span> <span class='ocrx_word' id='word_1_51' title='bbox 565 1089 959 1163; x_wconf 83' lang='lat' dir='ltr'><strong>charitatem3</strong></span> <span class='ocrx_word' id='word_1_52' title='bbox 991 1087 1318 1168; x_wconf 80' lang='lat' dir='ltr'><strong>distinguit</strong></span> <span class='ocrx_word' id='word_1_53' title='bbox 1348 1108 1495 1168; x_wconf 92' lang='lat' dir='ltr'><strong>ergo</strong></span> <span class='ocrx_word' id='word_1_54' title='bbox 1540 1089 1727 1152; x_wconf 89' lang='lat' dir='ltr'><strong>fidem</strong></span> <span class='ocrx_word' id='word_1_55' title='bbox 1758 1089 1836 1150; x_wconf 90' lang='lat' dir='ltr'><strong>ab</strong></span> <span class='ocrx_word' id='word_1_56' title='bbox 1864 1109 2010 1170; x_wconf 80' lang='lat' dir='ltr'><strong>spe3</strong></span> 
     </span>
     <span class='ocr_line' id='line_1_9' title="bbox 452 1181 2017 1261; baseline 0.001 -16"><span class='ocrx_word' id='word_1_57' title='bbox 452 1201 603 1261; x_wconf 79' lang='lat' dir='ltr'><strong>ergo</strong></span> <span class='ocrx_word' id='word_1_58' title='bbox 630 1189 691 1244; x_wconf 89' lang='lat' dir='ltr'><strong>et</strong></span> <span class='ocrx_word' id='word_1_59' title='bbox 744 1201 782 1244; x_wconf 88' lang='lat' dir='ltr'><strong>a</strong></span> <span class='ocrx_word' id='word_1_60' title='bbox 817 1181 1065 1258; x_wconf 85' lang='lat' dir='ltr'><strong>fiducia,</strong></span> <span class='ocrx_word' id='word_1_61' title='bbox 1096 1183 1243 1261; x_wconf 85' lang='lat' dir='ltr'><strong>quia</strong></span> <span class='ocrx_word' id='word_1_62' title='bbox 1274 1182 1501 1244; x_wconf 87' lang='lat' dir='ltr'><strong>fiducia</strong></span> <span class='ocrx_word' id='word_1_63' title='bbox 1546 1183 1701 1246; x_wconf 90' lang='lat' dir='ltr'><strong>nihil</strong></span> <span class='ocrx_word' id='word_1_64' title='bbox 1727 1183 1895 1244; x_wconf 88' lang='lat' dir='ltr'><strong>aliud</strong></span> <span class='ocrx_word' id='word_1_65' title='bbox 1926 1191 2017 1246; x_wconf 89' lang='lat' dir='ltr'><strong>est</strong></span> 
     </span>
     <span class='ocr_line' id='line_1_10' title="bbox 452 1274 2016 1359; baseline -0.001 -20"><span class='ocrx_word' id='word_1_66' title='bbox 452 1293 641 1359; x_wconf 88' lang='lat' dir='ltr'><strong>quam</strong></span> <span class='ocrx_word' id='word_1_67' title='bbox 665 1294 799 1356; x_wconf 90' lang='lat' dir='ltr'><strong>spes</strong></span> <span class='ocrx_word' id='word_1_68' title='bbox 822 1274 1026 1352; x_wconf 87' lang='lat' dir='ltr'><strong>firma,</strong></span> <span class='ocrx_word' id='word_1_69' title='bbox 1054 1281 1122 1336; x_wconf 91' lang='lat' dir='ltr'><strong>ut</strong></span> <span class='ocrx_word' id='word_1_70' title='bbox 1158 1294 1344 1356; x_wconf 88' lang='lat' dir='ltr'><strong>supra</strong></span> <span class='ocrx_word' id='word_1_71' title='bbox 1371 1283 1687 1338; x_wconf 87' lang='lat' dir='ltr'><strong>ostensum</strong></span> <span class='ocrx_word' id='word_1_72' title='bbox 1708 1283 1832 1354; x_wconf 81' lang='lat' dir='ltr'><strong>est3</strong></span> <span class='ocrx_word' id='word_1_73' title='bbox 1868 1295 2016 1357; x_wconf 87' lang='lat' dir='ltr'><strong>ergo</strong></span> 
     </span>
     <span class='ocr_line' id='line_1_11' title="bbox 448 1368 2009 1447; baseline 0 -15"><span class='ocrx_word' id='word_1_74' title='bbox 448 1371 603 1433; x_wconf 85' lang='lat' dir='ltr'><strong>fides</strong></span> <span class='ocrx_word' id='word_1_75' title='bbox 647 1368 735 1430; x_wconf 91' lang='lat' dir='ltr'><strong>ibi</strong></span> <span class='ocrx_word' id='word_1_76' title='bbox 787 1374 1114 1430; x_wconf 86' lang='lat' dir='ltr'><strong>numerata</strong></span> <span class='ocrx_word' id='word_1_77' title='bbox 1148 1387 1187 1430; x_wconf 88' lang='lat' dir='ltr'><strong>a</strong></span> <span class='ocrx_word' id='word_1_78' title='bbox 1241 1370 1430 1432; x_wconf 87' lang='lat' dir='ltr'><strong>Paulo</strong></span> <span class='ocrx_word' id='word_1_79' title='bbox 1460 1389 1585 1432; x_wconf 91' lang='lat' dir='ltr'><strong>non</strong></span> <span class='ocrx_word' id='word_1_80' title='bbox 1623 1377 1715 1431; x_wconf 88' lang='lat' dir='ltr'><strong>est</strong></span> <span class='ocrx_word' id='word_1_81' title='bbox 1752 1369 2009 1447; x_wconf 84' lang='lat' dir='ltr'><strong>fiducia3</strong></span> 
     </span>
     <span class='ocr_line' id='line_1_12' title="bbox 453 1462 2012 1542; baseline -0.001 -17"><span class='ocrx_word' id='word_1_82' title='bbox 453 1483 601 1542; x_wconf 85' lang='lat' dir='ltr'><strong>ergo</strong></span> <span class='ocrx_word' id='word_1_83' title='bbox 629 1481 757 1524; x_wconf 91' lang='lat' dir='ltr'><strong>non</strong></span> <span class='ocrx_word' id='word_1_84' title='bbox 789 1469 883 1524; x_wconf 90' lang='lat' dir='ltr'><strong>est</strong></span> <span class='ocrx_word' id='word_1_85' title='bbox 905 1468 1081 1525; x_wconf 83' lang='lat' dir='ltr'><strong>actus</strong></span> <span class='ocrx_word' id='word_1_86' title='bbox 1107 1462 1467 1540; x_wconf 58' lang='lat' dir='ltr'><strong>voluntatis„</strong></span> <span class='ocrx_word' id='word_1_87' title='bbox 1500 1465 1605 1527; x_wconf 86' lang='lat' dir='ltr'><strong>sed</strong></span> <span class='ocrx_word' id='word_1_88' title='bbox 1636 1464 2012 1541; x_wconf 85' lang='lat' dir='ltr'><strong>intellectus,</strong></span> 
     </span>
     <span class='ocr_line' id='line_1_13' title="bbox 452 1557 2016 1638; baseline 0.001 -21"><span class='ocrx_word' id='word_1_89' title='bbox 452 1557 601 1638; x_wconf 88' lang='lat' dir='ltr'><strong>quia</strong></span> <span class='ocrx_word' id='word_1_90' title='bbox 627 1573 752 1618; x_wconf 87' lang='lat' dir='ltr'><strong>non</strong></span> <span class='ocrx_word' id='word_1_91' title='bbox 781 1561 981 1636; x_wconf 87' lang='lat' dir='ltr'><strong>potest</strong></span> <span class='ocrx_word' id='word_1_92' title='bbox 1008 1557 1267 1634; x_wconf 87' lang='lat' dir='ltr'><strong>cogitari</strong></span> <span class='ocrx_word' id='word_1_93' title='bbox 1292 1559 1432 1636; x_wconf 88' lang='lat' dir='ltr'><strong>quis</strong></span> <span class='ocrx_word' id='word_1_94' title='bbox 1462 1557 1619 1619; x_wconf 86' lang='lat' dir='ltr'><strong>alius</strong></span> <span class='ocrx_word' id='word_1_95' title='bbox 1638 1565 1813 1620; x_wconf 89' lang='lat' dir='ltr'><strong>actus</strong></span> <span class='ocrx_word' id='word_1_96' title='bbox 1840 1559 1920 1619; x_wconf 88' lang='lat' dir='ltr'><strong>sit</strong></span> <span class='ocrx_word' id='word_1_97' title='bbox 1949 1559 2016 1619; x_wconf 90' lang='lat' dir='ltr'><strong>in</strong></span> 
     </span>
     <span class='ocr_line' id='line_1_14' title="bbox 452 1649 2013 1731; baseline 0 -19"><span class='ocrx_word' id='word_1_98' title='bbox 452 1650 792 1712; x_wconf 79' lang='lat' dir='ltr'><strong>voluntate.</strong></span> <span class='ocrx_word' id='word_1_99' title='bbox 817 1649 988 1724; x_wconf 91' lang='lat' dir='ltr'><strong>Quod</strong></span> <span class='ocrx_word' id='word_1_100' title='bbox 1016 1655 1225 1712; x_wconf 87' lang='lat' dir='ltr'><strong>autem</strong></span> <span class='ocrx_word' id='word_1_101' title='bbox 1253 1650 1362 1711; x_wconf 86' lang='lat' dir='ltr'><strong>illa</strong></span> <span class='ocrx_word' id='word_1_102' title='bbox 1378 1651 1528 1713; x_wconf 86' lang='lat' dir='ltr'><strong>fides</strong></span> <span class='ocrx_word' id='word_1_103' title='bbox 1544 1653 1623 1712; x_wconf 86' lang='lat' dir='ltr'><strong>sit</strong></span> <span class='ocrx_word' id='word_1_104' title='bbox 1638 1651 2013 1731; x_wconf 75' lang='lat' dir='ltr'><strong>justificanS,</strong></span> 
     </span>
     <span class='ocr_line' id='line_1_15' title="bbox 452 1742 2012 1821; baseline -0.001 -14"><span class='ocrx_word' id='word_1_105' title='bbox 452 1745 597 1807; x_wconf 83' lang='lat' dir='ltr'><strong>satis</strong></span> <span class='ocrx_word' id='word_1_106' title='bbox 614 1742 952 1804; x_wconf 79' lang='lat' dir='ltr'><strong>declaravit</strong></span> <span class='ocrx_word' id='word_1_107' title='bbox 969 1742 1310 1805; x_wconf 82' lang='lat' dir='ltr'><strong>Concilium</strong></span> <span class='ocrx_word' id='word_1_108' title='bbox 1326 1743 1756 1805; x_wconf 90' lang='lat' dir='ltr'><strong>Tridentinum</strong></span> <span class='ocrx_word' id='word_1_109' title='bbox 1779 1763 1923 1808; x_wconf 80' lang='lat' dir='ltr'><strong>sess,</strong></span> <span class='ocrx_word' id='word_1_110' title='bbox 1947 1747 2012 1821; x_wconf 90' lang='grc'><strong>6,</strong></span> 
     </span>
     <span class='ocr_line' id='line_1_16' title="bbox 448 1835 2016 1920; baseline -0.001 -18"><span class='ocrx_word' id='word_1_111' title='bbox 448 1857 583 1920; x_wconf 83' lang='lat' dir='ltr'><strong>cap.</strong></span> <span class='ocrx_word' id='word_1_112' title='bbox 617 1839 679 1914; x_wconf 82' lang='lat'><strong>7,</strong></span> <span class='ocrx_word' id='word_1_113' title='bbox 704 1837 853 1898; x_wconf 88' lang='lat' dir='ltr'><strong>dum</strong></span> <span class='ocrx_word' id='word_1_114' title='bbox 882 1836 1031 1899; x_wconf 89' lang='lat' dir='ltr'><strong>dicit</strong></span> <span class='ocrx_word' id='word_1_115' title='bbox 1044 1837 1111 1899; x_wconf 91' lang='lat' dir='ltr'><strong>in</strong></span> <span class='ocrx_word' id='word_1_116' title='bbox 1132 1835 1567 1916; x_wconf 76' lang='lat' dir='ltr'><strong>justificatione</strong></span> <span class='ocrx_word' id='word_1_117' title='bbox 1589 1838 1721 1900; x_wconf 85' lang='lat' dir='ltr'><strong>haec</strong></span> <span class='ocrx_word' id='word_1_118' title='bbox 1755 1838 1877 1900; x_wconf 88' lang='lat' dir='ltr'><strong>tria</strong></span> <span class='ocrx_word' id='word_1_119' title='bbox 1902 1840 2016 1901; x_wconf 91' lang='lat' dir='ltr'><strong>ho-</strong></span> 
     </span>
     <span class='ocr_line' id='line_1_17' title="bbox 448 1929 2010 2012; baseline 0.001 -18"><span class='ocrx_word' id='word_1_120' title='bbox 448 1932 683 1994; x_wconf 85' lang='lat' dir='ltr'><strong>minem</strong></span> <span class='ocrx_word' id='word_1_121' title='bbox 713 1931 1021 2012; x_wconf 88' lang='lat' dir='ltr'><strong>recipere,</strong></span> <span class='ocrx_word' id='word_1_122' title='bbox 1047 1929 1257 2006; x_wconf 78' lang='lat' dir='ltr'><strong>iidem,</strong></span> <span class='ocrx_word' id='word_1_123' title='bbox 1298 1949 1469 2011; x_wconf 90' lang='lat' dir='ltr'><strong>spem</strong></span> <span class='ocrx_word' id='word_1_124' title='bbox 1511 1938 1575 1993; x_wconf 90' lang='lat' dir='ltr'><strong>et</strong></span> <span class='ocrx_word' id='word_1_125' title='bbox 1611 1930 2010 2010; x_wconf 80' lang='lat' dir='ltr'><strong>charitatem3</strong></span> 
     </span>
     <span class='ocr_line' id='line_1_18' title="bbox 448 2024 2014 2106; baseline 0.001 -20"><span class='ocrx_word' id='word_1_126' title='bbox 448 2029 747 2105; x_wconf 67' lang='lat' dir='ltr'><strong>praeterea</strong></span> <span class='ocrx_word' id='word_1_127' title='bbox 799 2024 863 2086; x_wconf 91' lang='lat' dir='ltr'><strong>id</strong></span> <span class='ocrx_word' id='word_1_128' title='bbox 914 2031 1124 2104; x_wconf 87' lang='lat' dir='ltr'><strong>aperte</strong></span> <span class='ocrx_word' id='word_1_129' title='bbox 1172 2026 1439 2088; x_wconf 83' lang='lat' dir='ltr'><strong>sumitur</strong></span> <span class='ocrx_word' id='word_1_130' title='bbox 1484 2027 1565 2088; x_wconf 77' lang='lat' dir='ltr'><strong>&#39;ex</strong></span> <span class='ocrx_word' id='word_1_131' title='bbox 1612 2026 1883 2106; x_wconf 83' lang='lat' dir='ltr'><strong>Epistola</strong></span> <span class='ocrx_word' id='word_1_132' title='bbox 1933 2028 2014 2088; x_wconf 89' lang='lat' dir='ltr'><strong>ad</strong></span> 
     </span>
     <span class='ocr_line' id='line_1_19' title="bbox 451 2116 2016 2200; baseline 0.003 -21"><span class='ocrx_word' id='word_1_133' title='bbox 451 2116 740 2179; x_wconf 83' lang='lat' dir='ltr'><strong>Hebroeos</strong></span> <span class='ocrx_word' id='word_1_134' title='bbox 770 2121 869 2192; x_wconf 82' lang='grc'><strong>11,</strong></span> <span class='ocrx_word' id='word_1_135' title='bbox 900 2117 1010 2177; x_wconf 90' lang='lat' dir='ltr'><strong>ubi</strong></span> <span class='ocrx_word' id='word_1_136' title='bbox 1044 2116 1269 2179; x_wconf 90' lang='lat' dir='ltr'><strong>Paulus</strong></span> <span class='ocrx_word' id='word_1_137' title='bbox 1299 2118 1418 2180; x_wconf 82' lang='lat' dir='ltr'><strong>ait:</strong></span> <span class='ocrx_word' id='word_1_138' title='bbox 1456 2118 1610 2182; x_wconf 76' lang='lat' dir='ltr'><strong>Sine</strong></span> <span class='ocrx_word' id='word_1_139' title='bbox 1632 2117 1749 2200; x_wconf 77' lang='lat' dir='ltr'><strong>fide</strong></span> <span class='ocrx_word' id='word_1_140' title='bbox 1794 2123 2016 2199; x_wconf 73' lang='lat' dir='ltr'><strong>impos-</strong></span> 
     </span>
     <span class='ocr_line' id='line_1_20' title="bbox 449 2209 2017 2292; baseline 0.003 -21"><span class='ocrx_word' id='word_1_141' title='bbox 449 2211 625 2272; x_wconf 70' lang='lat' dir='ltr'><strong>sibile</strong></span> <span class='ocrx_word' id='word_1_142' title='bbox 643 2215 730 2271; x_wconf 74' lang='lat' dir='ltr'><strong>est</strong></span> <span class='ocrx_word' id='word_1_143' title='bbox 744 2209 983 2288; x_wconf 81' lang='lat' dir='ltr'><strong>placere</strong></span> <span class='ocrx_word' id='word_1_144' title='bbox 1003 2211 1126 2273; x_wconf 90' lang='lat' dir='ltr'><strong>Deo</strong></span> <span class='ocrx_word' id='word_1_145' title='bbox 1140 2234 1167 2280; x_wconf 92' lang='lat'><strong>,·</strong></span> <span class='ocrx_word' id='word_1_146' title='bbox 1188 2209 1465 2290; x_wconf 88' lang='lat' dir='ltr'><strong>loquitur</strong></span> <span class='ocrx_word' id='word_1_147' title='bbox 1483 2230 1633 2291; x_wconf 86' lang='lat' dir='ltr'><strong>ergo</strong></span> <span class='ocrx_word' id='word_1_148' title='bbox 1653 2212 1729 2272; x_wconf 92' lang='lat' dir='ltr'><strong>de</strong></span> <span class='ocrx_word' id='word_1_149' title='bbox 1753 2212 1875 2274; x_wconf 91' lang='lat' dir='ltr'><strong>fide</strong></span> <span class='ocrx_word' id='word_1_150' title='bbox 1882 2213 2017 2292; x_wconf 89' lang='lat' dir='ltr'><strong>jus-</strong></span> 
     </span>
     <span class='ocr_line' id='line_1_21' title="bbox 449 2300 2010 2378; baseline 0.002 -13"><span class='ocrx_word' id='word_1_151' title='bbox 449 2301 757 2378; x_wconf 80' lang='lat' dir='ltr'><strong>tificante3</strong></span> <span class='ocrx_word' id='word_1_152' title='bbox 792 2300 899 2365; x_wconf 88' lang='lat' dir='ltr'><strong>illa</strong></span> <span class='ocrx_word' id='word_1_153' title='bbox 935 2303 1101 2365; x_wconf 89' lang='lat' dir='ltr'><strong>enim</strong></span> <span class='ocrx_word' id='word_1_154' title='bbox 1141 2309 1234 2365; x_wconf 89' lang='lat' dir='ltr'><strong>est</strong></span> <span class='ocrx_word' id='word_1_155' title='bbox 1262 2304 1533 2366; x_wconf 86' lang='lat' dir='ltr'><strong>maxime</strong></span> <span class='ocrx_word' id='word_1_156' title='bbox 1568 2306 1907 2368; x_wconf 88' lang='lat' dir='ltr'><strong>necessaria</strong></span> <span class='ocrx_word' id='word_1_157' title='bbox 1932 2307 2010 2368; x_wconf 88' lang='lat' dir='ltr'><strong>ad</strong></span> 
     </span>
     <span class='ocr_line' id='line_1_22' title="bbox 448 2395 2010 2476; baseline 0.003 -20"><span class='ocrx_word' id='word_1_158' title='bbox 448 2395 817 2476; x_wconf 87' lang='lat' dir='ltr'><strong>placendum</strong></span> <span class='ocrx_word' id='word_1_159' title='bbox 872 2397 1017 2472; x_wconf 89' lang='lat' dir='ltr'><strong>Deo,</strong></span> <span class='ocrx_word' id='word_1_160' title='bbox 1076 2401 1139 2458; x_wconf 91' lang='lat' dir='ltr'><strong>et</strong></span> <span class='ocrx_word' id='word_1_161' title='bbox 1182 2398 1390 2460; x_wconf 88' lang='lat' dir='ltr'><strong>statim</strong></span> <span class='ocrx_word' id='word_1_162' title='bbox 1433 2397 1637 2460; x_wconf 83' lang='lat' dir='ltr'><strong>reddit</strong></span> <span class='ocrx_word' id='word_1_163' title='bbox 1678 2400 2010 2476; x_wconf 84' lang='lat' dir='ltr'><strong>rationem,</strong></span> 
     </span>
     <span class='ocr_line' id='line_1_23' title="bbox 446 2489 2013 2574; baseline 0.004 -26"><span class='ocrx_word' id='word_1_164' title='bbox 446 2489 593 2569; x_wconf 87' lang='lat' dir='ltr'><strong>quia</strong></span> <span class='ocrx_word' id='word_1_165' title='bbox 623 2489 978 2560; x_wconf 75' lang='lat' dir='ltr'><strong>accedentem</strong></span> <span class='ocrx_word' id='word_1_166' title='bbox 998 2489 1080 2552; x_wconf 80' lang='lat' dir='ltr'><strong>ad</strong></span> <span class='ocrx_word' id='word_1_167' title='bbox 1118 2489 1333 2565; x_wconf 78' lang='lat' dir='ltr'><strong>Deum,</strong></span> <span class='ocrx_word' id='word_1_168' title='bbox 1361 2497 1583 2571; x_wconf 83' lang='lat' dir='ltr'><strong>oportet</strong></span> <span class='ocrx_word' id='word_1_169' title='bbox 1609 2495 1837 2555; x_wconf 78' lang='lat' dir='ltr'><strong>credere</strong></span> <span class='ocrx_word' id='word_1_170' title='bbox 1864 2495 2013 2574; x_wconf 81' lang='lat' dir='ltr'><strong>quia</strong></span> 
     </span>
     <span class='ocr_line' id='line_1_24' title="bbox 450 2581 2014 2660; baseline 0.003 -17"><span class='ocrx_word' id='word_1_171' title='bbox 450 2587 560 2656; x_wconf 76' lang='lat' dir='ltr'><strong>est,</strong></span> <span class='ocrx_word' id='word_1_172' title='bbox 615 2587 731 2643; x_wconf 89' lang='lat' dir='ltr'><strong>etc.</strong></span> <span class='ocrx_word' id='word_1_173' title='bbox 786 2581 1045 2645; x_wconf 80' lang='lat' dir='ltr'><strong>Credere</strong></span> <span class='ocrx_word' id='word_1_174' title='bbox 1074 2589 1283 2646; x_wconf 88' lang='lat' dir='ltr'><strong>autem</strong></span> <span class='ocrx_word' id='word_1_175' title='bbox 1319 2585 1513 2645; x_wconf 88' lang='lat' dir='ltr'><strong>Deum</strong></span> <span class='ocrx_word' id='word_1_176' title='bbox 1542 2603 1695 2660; x_wconf 89' lang='lat' dir='ltr'><strong>esse,</strong></span> <span class='ocrx_word' id='word_1_177' title='bbox 1744 2582 1874 2646; x_wconf 87' lang='lat' dir='ltr'><strong>non</strong></span> <span class='ocrx_word' id='word_1_178' title='bbox 1920 2591 2014 2648; x_wconf 88' lang='lat' dir='ltr'><strong>est</strong></span> 
     </span>
     <span class='ocr_line' id='line_1_25' title="bbox 447 2671 2014 2757; baseline 0.003 -23"><span class='ocrx_word' id='word_1_179' title='bbox 447 2671 809 2748; x_wconf 80' lang='lat' dir='ltr'><strong>voluntatis,</strong></span> <span class='ocrx_word' id='word_1_180' title='bbox 840 2673 987 2752; x_wconf 89' lang='lat' dir='ltr'><strong>quia</strong></span> <span class='ocrx_word' id='word_1_181' title='bbox 1009 2693 1134 2736; x_wconf 89' lang='lat' dir='ltr'><strong>non</strong></span> <span class='ocrx_word' id='word_1_182' title='bbox 1170 2681 1262 2736; x_wconf 88' lang='lat' dir='ltr'><strong>est</strong></span> <span class='ocrx_word' id='word_1_183' title='bbox 1286 2676 1573 2756; x_wconf 83' lang='lat' dir='ltr'><strong>app&#39;etere</strong></span> <span class='ocrx_word' id='word_1_184' title='bbox 1596 2677 1872 2757; x_wconf 78' lang='lat' dir='ltr'><strong>aliquam</strong></span> <span class='ocrx_word' id='word_1_185' title='bbox 1906 2677 2014 2739; x_wconf 91' lang='lat' dir='ltr'><strong>bo-</strong></span> 
     </span>
     <span class='ocr_line' id='line_1_26' title="bbox 452 2766 2013 2851; baseline 0.006 -26"><span class='ocrx_word' id='word_1_186' title='bbox 452 2766 739 2842; x_wconf 85' lang='lat' dir='ltr'><strong>nitatem,</strong></span> <span class='ocrx_word' id='word_1_187' title='bbox 769 2767 872 2827; x_wconf 89' lang='lat' dir='ltr'><strong>sed</strong></span> <span class='ocrx_word' id='word_1_188' title='bbox 902 2785 1268 2847; x_wconf 78' lang='lat' dir='ltr'><strong>cognoscere</strong></span> <span class='ocrx_word' id='word_1_189' title='bbox 1293 2769 1625 2848; x_wconf 86' lang='lat' dir='ltr'><strong>quamdam</strong></span> <span class='ocrx_word' id='word_1_190' title='bbox 1645 2772 1969 2834; x_wconf 84' lang='lat' dir='ltr'><strong>veritatem</strong></span> <span class='ocrx_word' id='word_1_191' title='bbox 1991 2789 2013 2851; x_wconf 90' lang='lat'>;</span> 
     </span>
     <span class='ocr_line' id='line_1_27' title="bbox 451 2858 2013 2937; baseline 0.005 -19"><span class='ocrx_word' id='word_1_192' title='bbox 451 2875 600 2937; x_wconf 90' lang='lat' dir='ltr'><strong>ergo</strong></span> <span class='ocrx_word' id='word_1_193' title='bbox 622 2859 838 2919; x_wconf 87' lang='lat' dir='ltr'><strong>tribuit</strong></span> <span class='ocrx_word' id='word_1_194' title='bbox 862 2859 1034 2920; x_wconf 88' lang='lat' dir='ltr'><strong>illam</strong></span> <span class='ocrx_word' id='word_1_195' title='bbox 1058 2858 1247 2923; x_wconf 88' lang='lat' dir='ltr'><strong>fidem</strong></span> <span class='ocrx_word' id='word_1_196' title='bbox 1276 2860 1636 2926; x_wconf 82' lang='lat' dir='ltr'><strong>intellectui.</strong></span> <span class='ocrx_word' id='word_1_197' title='bbox 1670 2863 1905 2926; x_wconf 87' lang='lat' dir='ltr'><strong>Similis</strong></span> <span class='ocrx_word' id='word_1_198' title='bbox 1921 2865 2013 2926; x_wconf 90' lang='lat' dir='ltr'><strong>lo-</strong></span> 
     </span>
     <span class='ocr_line' id='line_1_28' title="bbox 450 2951 2013 3028; baseline 0.006 -17"><span class='ocrx_word' id='word_1_199' title='bbox 450 2969 555 3012; x_wconf 89' lang='lat' dir='ltr'><strong>cus</strong></span> <span class='ocrx_word' id='word_1_200' title='bbox 580 2958 670 3013; x_wconf 87' lang='lat' dir='ltr'><strong>est</strong></span> <span class='ocrx_word' id='word_1_201' title='bbox 698 2951 777 3014; x_wconf 91' lang='lat' dir='ltr'><strong>ad</strong></span> <span class='ocrx_word' id='word_1_202' title='bbox 801 2952 1064 3014; x_wconf 86' lang='lat' dir='ltr'><strong>Roman.</strong></span> <span class='ocrx_word' id='word_1_203' title='bbox 1098 2957 1205 3016; x_wconf 75' lang='lat'><strong>10:</strong></span> <span class='ocrx_word' id='word_1_204' title='bbox 1239 2955 1531 3028; x_wconf 72' lang='lat' dir='ltr'><strong>Quomodo</strong></span> <span class='ocrx_word' id='word_1_205' title='bbox 1554 2957 1909 3020; x_wconf 78' lang='lat' dir='ltr'><strong>invocabunt</strong></span> <span class='ocrx_word' id='word_1_206' title='bbox 1944 2960 2013 3021; x_wconf 76' lang='lat' dir='ltr'><strong>in</strong></span> 
     </span>
     <span class='ocr_line' id='line_1_29' title="bbox 447 3047 2010 3129; baseline 0.003 -23"><span class='ocrx_word' id='word_1_207' title='bbox 447 3064 617 3126; x_wconf 82' lang='lat' dir='ltr'><strong>quem</strong></span> <span class='ocrx_word' id='word_1_208' title='bbox 643 3065 759 3107; x_wconf 77' lang='lat' dir='ltr'><strong>non</strong></span> <span class='ocrx_word' id='word_1_209' title='bbox 804 3047 1200 3122; x_wconf 76' lang='lat' dir='ltr'><strong>erediderunt,</strong></span> <span class='ocrx_word' id='word_1_210' title='bbox 1235 3049 1293 3108; x_wconf 89' lang='lat' dir='ltr'><strong>id</strong></span> <span class='ocrx_word' id='word_1_211' title='bbox 1322 3056 1437 3122; x_wconf 90' lang='lat' dir='ltr'><strong>est,</strong></span> <span class='ocrx_word' id='word_1_212' title='bbox 1468 3068 1654 3128; x_wconf 87' lang='lat' dir='ltr'><strong>quem</strong></span> <span class='ocrx_word' id='word_1_213' title='bbox 1692 3069 1801 3129; x_wconf 91' lang='lat' dir='ltr'><strong>per</strong></span> <span class='ocrx_word' id='word_1_214' title='bbox 1822 3049 2010 3112; x_wconf 87' lang='lat' dir='ltr'><strong>fidem</strong></span> 
     </span>
     <span class='ocr_line' id='line_1_30' title="bbox 447 3141 2010 3219; baseline 0.003 -19"><span class='ocrx_word' id='word_1_215' title='bbox 447 3155 576 3200; x_wconf 87' lang='lat' dir='ltr'><strong>non</strong></span> <span class='ocrx_word' id='word_1_216' title='bbox 603 3145 1047 3219; x_wconf 86' lang='lat' dir='ltr'><strong>cognoverunt,</strong></span> <span class='ocrx_word' id='word_1_217' title='bbox 1078 3146 1140 3200; x_wconf 92' lang='lat' dir='ltr'><strong>et</strong></span> <span class='ocrx_word' id='word_1_218' title='bbox 1161 3141 1300 3202; x_wconf 89' lang='lat' dir='ltr'><strong>ideo</strong></span> <span class='ocrx_word' id='word_1_219' title='bbox 1318 3141 1555 3204; x_wconf 84' lang='lat' dir='ltr'><strong>subdit:</strong></span> <span class='ocrx_word' id='word_1_220' title='bbox 1587 3143 1881 3216; x_wconf 74' lang='lat' dir='ltr'><strong>Quomodo</strong></span> <span class='ocrx_word' id='word_1_221' title='bbox 1901 3161 2010 3204; x_wconf 77' lang='lat' dir='ltr'><strong>au-</strong></span> 
     </span>
     <span class='ocr_line' id='line_1_31' title="bbox 448 3231 2009 3312; baseline 0.004 -19"><span class='ocrx_word' id='word_1_222' title='bbox 448 3236 564 3294; x_wconf 88' lang='lat' dir='ltr'><strong>tem</strong></span> <span class='ocrx_word' id='word_1_223' title='bbox 594 3231 825 3294; x_wconf 73' lang='lat' dir='ltr'><strong>credent</strong></span> <span class='ocrx_word' id='word_1_224' title='bbox 856 3232 987 3294; x_wconf 75' lang='lat' dir='ltr'><strong>siue</strong></span> <span class='ocrx_word' id='word_1_225' title='bbox 1007 3235 1375 3311; x_wconf 71' lang='lat' dir='ltr'><strong>praedicante</strong></span> <span class='ocrx_word' id='word_1_226' title='bbox 1390 3260 1413 3296; x_wconf 93' lang='lat'><strong>.·</strong></span> <span class='ocrx_word' id='word_1_227' title='bbox 1444 3254 1590 3296; x_wconf 87' lang='lat' dir='ltr'><strong>nam</strong></span> <span class='ocrx_word' id='word_1_228' title='bbox 1616 3237 1767 3312; x_wconf 79' lang='lat' dir='ltr'><strong>fides</strong></span> <span class='ocrx_word' id='word_1_229' title='bbox 1803 3255 1873 3298; x_wconf 72' lang='lat' dir='ltr'><strong>esc</strong></span> <span class='ocrx_word' id='word_1_230' title='bbox 1900 3256 2009 3299; x_wconf 81' lang='lat' dir='ltr'><strong>au-</strong></span> 
     </span>
     <span class='ocr_line' id='line_1_32' title="bbox 448 3323 2012 3407; baseline 0.004 -21"><span class='ocrx_word' id='word_1_231' title='bbox 448 3325 606 3400; x_wconf 75' lang='lat' dir='ltr'><strong>dicu,</strong></span> <span class='ocrx_word' id='word_1_232' title='bbox 638 3325 744 3402; x_wconf 91' lang='lat' dir='ltr'><strong>qui</strong></span> <span class='ocrx_word' id='word_1_233' title='bbox 768 3331 861 3387; x_wconf 88' lang='lat' dir='ltr'><strong>est</strong></span> <span class='ocrx_word' id='word_1_234' title='bbox 882 3343 1096 3387; x_wconf 84' lang='lat' dir='ltr'><strong>sensus</strong></span> <span class='ocrx_word' id='word_1_235' title='bbox 1123 3323 1486 3407; x_wconf 83' lang='lat' dir='ltr'><strong>disciplinae,</strong></span> <span class='ocrx_word' id='word_1_236' title='bbox 1532 3333 1596 3390; x_wconf 92' lang='lat' dir='ltr'><strong>et</strong></span> <span class='ocrx_word' id='word_1_237' title='bbox 1639 3329 2012 3406; x_wconf 83' lang='lat' dir='ltr'><strong>cognitionis</strong></span> 
     </span>
     <span class='ocr_line' id='line_1_33' title="bbox 448 3416 2004 3498; baseline 0.004 -22"><span class='ocrx_word' id='word_1_238' title='bbox 448 3416 855 3496; x_wconf 84' lang='lat' dir='ltr'><strong>acquirendoe.</strong></span> <span class='ocrx_word' id='word_1_239' title='bbox 896 3417 1034 3480; x_wconf 89' lang='lat' dir='ltr'><strong>Alia</strong></span> <span class='ocrx_word' id='word_1_240' title='bbox 1067 3418 1247 3498; x_wconf 85' lang='lat' dir='ltr'><strong>plura</strong></span> <span class='ocrx_word' id='word_1_241' title='bbox 1276 3420 1633 3482; x_wconf 86' lang='lat' dir='ltr'><strong>testimonia</strong></span> <span class='ocrx_word' id='word_1_242' title='bbox 1656 3420 1863 3497; x_wconf 89' lang='lat' dir='ltr'><strong>retuli,</strong></span> <span class='ocrx_word' id='word_1_243' title='bbox 1893 3421 2004 3484; x_wconf 89' lang='lat' dir='ltr'><strong>lib.</strong></span> 
     </span>
     <span class='ocr_line' id='line_1_34' title="bbox 447 3509 2010 3594; baseline 0.004 -24"><span class='ocrx_word' id='word_1_244' title='bbox 447 3511 488 3570; x_wconf 85' lang='lat'>8</span> <span class='ocrx_word' id='word_1_245' title='bbox 518 3509 593 3572; x_wconf 90' lang='lat' dir='ltr'><strong>de</strong></span> <span class='ocrx_word' id='word_1_246' title='bbox 616 3509 846 3586; x_wconf 77' lang='lat' dir='ltr'><strong>Gratia,</strong></span> <span class='ocrx_word' id='word_1_247' title='bbox 878 3529 1014 3592; x_wconf 88' lang='lat' dir='ltr'><strong>cap.</strong></span> <span class='ocrx_word' id='word_1_248' title='bbox 1044 3513 1281 3574; x_wconf 81' lang='lat' dir='ltr'><strong>decimo</strong></span> <span class='ocrx_word' id='word_1_249' title='bbox 1312 3515 1552 3594; x_wconf 89' lang='lat' dir='ltr'><strong>quinto,</strong></span> <span class='ocrx_word' id='word_1_250' title='bbox 1584 3533 1757 3576; x_wconf 86' lang='lat' dir='ltr'><strong>num.</strong></span> <span class='ocrx_word' id='word_1_251' title='bbox 1792 3533 2010 3576; x_wconf 88' lang='lat' dir='ltr'><strong>secun·</strong></span> 
     </span>
     <span class='ocr_line' id='line_1_35' title="bbox 447 3603 2012 3687; baseline 0.004 -23"><span class='ocrx_word' id='word_1_252' title='bbox 447 3604 551 3678; x_wconf 81' lang='lat' dir='ltr'><strong>de,</strong></span> <span class='ocrx_word' id='word_1_253' title='bbox 583 3609 645 3665; x_wconf 88' lang='lat' dir='ltr'><strong>et</strong></span> <span class='ocrx_word' id='word_1_254' title='bbox 673 3605 740 3665; x_wconf 86' lang='lat' dir='ltr'><strong>in</strong></span> <span class='ocrx_word' id='word_1_255' title='bbox 770 3603 931 3666; x_wconf 82' lang='lat' dir='ltr'><strong>dicta</strong></span> <span class='ocrx_word' id='word_1_256' title='bbox 959 3605 1187 3687; x_wconf 86' lang='lat' dir='ltr'><strong>disput.</strong></span> <span class='ocrx_word' id='word_1_257' title='bbox 1222 3611 1247 3667; x_wconf 84' lang='grc'><strong>1</strong></span> <span class='ocrx_word' id='word_1_258' title='bbox 1283 3606 1469 3687; x_wconf 85' lang='lat' dir='ltr'><strong>hujus</strong></span> <span class='ocrx_word' id='word_1_259' title='bbox 1487 3613 1807 3685; x_wconf 77' lang='lat' dir='ltr'><strong>tractatUS,</strong></span> <span class='ocrx_word' id='word_1_260' title='bbox 1839 3615 1901 3673; x_wconf 88' lang='lat' dir='ltr'><strong>et</strong></span> <span class='ocrx_word' id='word_1_261' title='bbox 1919 3615 2012 3670; x_wconf 83' lang='lat' dir='ltr'><strong>at·</strong></span> 
     </span>
     <span class='ocr_line' id='line_1_36' title="bbox 446 3697 1587 3779; baseline 0.006 -22"><span class='ocrx_word' id='word_1_262' title='bbox 446 3697 686 3776; x_wconf 86' lang='lat' dir='ltr'><strong>tingam</strong></span> <span class='ocrx_word' id='word_1_263' title='bbox 712 3699 834 3761; x_wconf 89' lang='lat' dir='ltr'><strong>alia</strong></span> <span class='ocrx_word' id='word_1_264' title='bbox 857 3701 924 3760; x_wconf 89' lang='lat' dir='ltr'><strong>in</strong></span> <span class='ocrx_word' id='word_1_265' title='bbox 946 3701 1227 3779; x_wconf 85' lang='lat' dir='ltr'><strong>sequenti</strong></span> <span class='ocrx_word' id='word_1_266' title='bbox 1253 3704 1543 3764; x_wconf 82' lang='lat' dir='ltr'><strong>sectione.</strong></span> <span class='ocrx_word' id='word_1_267' title='bbox 1577 3741 1587 3752; x_wconf 88' lang='lat'><strong>·</strong></span> 
     </span>
    </p>

    <p class='ocr_par' dir='ltr' id='par_1_3' title="bbox 437 3791 2010 5642">
     <span class='ocr_line' id='line_1_37' title="bbox 531 3791 2010 3868; baseline 0.006 -17"><span class='ocrx_word' id='word_1_268' title='bbox 531 3792 591 3852; x_wconf 88' lang='grc'><strong>3.</strong></span> <span class='ocrx_word' id='word_1_269' title='bbox 634 3791 928 3868; x_wconf 71' lang='lat' dir='ltr'><strong>Secundo,</strong></span> <span class='ocrx_word' id='word_1_270' title='bbox 960 3811 1031 3855; x_wconf 71' lang='lat' dir='ltr'><strong>ex</strong></span> <span class='ocrx_word' id='word_1_271' title='bbox 1076 3793 1454 3856; x_wconf 74' lang='lat' dir='ltr'><strong>Tridentino.</strong></span> <span class='ocrx_word' id='word_1_272' title='bbox 1502 3831 1566 3841; x_wconf 94' lang='lat'>—</span> <span class='ocrx_word' id='word_1_273' title='bbox 1590 3797 1876 3859; x_wconf 88' lang='lat' dir='ltr'><strong>Secundo</strong></span> <span class='ocrx_word' id='word_1_274' title='bbox 1902 3817 2010 3860; x_wconf 91' lang='lat' dir='ltr'><strong>su-</strong></span> 
     </span>
     <span class='ocr_line' id='line_1_38' title="bbox 448 3884 2004 3970; baseline 0.005 -27"><span class='ocrx_word' id='word_1_275' title='bbox 448 3884 641 3945; x_wconf 87' lang='lat' dir='ltr'><strong>mitur</strong></span> <span class='ocrx_word' id='word_1_276' title='bbox 682 3886 933 3946; x_wconf 87' lang='lat' dir='ltr'><strong>assertio</strong></span> <span class='ocrx_word' id='word_1_277' title='bbox 962 3884 1127 3948; x_wconf 85' lang='lat' dir='ltr'><strong>elare</strong></span> <span class='ocrx_word' id='word_1_278' title='bbox 1154 3904 1231 3947; x_wconf 85' lang='lat' dir='ltr'><strong>ex</strong></span> <span class='ocrx_word' id='word_1_279' title='bbox 1262 3887 1644 3963; x_wconf 85' lang='lat' dir='ltr'><strong>Tridentino,</strong></span> <span class='ocrx_word' id='word_1_280' title='bbox 1677 3907 1825 3950; x_wconf 90' lang='lat' dir='ltr'><strong>nam</strong></span> <span class='ocrx_word' id='word_1_281' title='bbox 1865 3908 2004 3970; x_wconf 85' lang='lat' dir='ltr'><strong>cap.</strong></span> 
     </span>
     <span class='ocr_line' id='line_1_39' title="bbox 448 3977 2007 4060; baseline 0.003 -21"><span class='ocrx_word' id='word_1_282' title='bbox 448 3977 511 4052; x_wconf 80' lang='lat'><strong>6,</strong></span> <span class='ocrx_word' id='word_1_283' title='bbox 544 3995 688 4037; x_wconf 87' lang='lat' dir='ltr'><strong>sess.</strong></span> <span class='ocrx_word' id='word_1_284' title='bbox 708 3979 767 4054; x_wconf 88' lang='lat'><strong>6,</strong></span> <span class='ocrx_word' id='word_1_285' title='bbox 802 3979 1075 4058; x_wconf 91' lang='lat' dir='ltr'><strong>primum</strong></span> <span class='ocrx_word' id='word_1_286' title='bbox 1100 3986 1339 4041; x_wconf 89' lang='lat' dir='ltr'><strong>motum</strong></span> <span class='ocrx_word' id='word_1_287' title='bbox 1374 3981 1451 4041; x_wconf 87' lang='lat' dir='ltr'><strong>ad</strong></span> <span class='ocrx_word' id='word_1_288' title='bbox 1474 3981 2007 4060; x_wconf 87' lang='lat' dir='ltr'><strong>justificationem,</strong></span> 
     </span>
     <span class='ocr_line' id='line_1_40' title="bbox 448 4069 2010 4154; baseline 0.004 -24"><span class='ocrx_word' id='word_1_289' title='bbox 448 4069 603 4131; x_wconf 90' lang='lat' dir='ltr'><strong>dicit</strong></span> <span class='ocrx_word' id='word_1_290' title='bbox 626 4088 780 4146; x_wconf 87' lang='lat' dir='ltr'><strong>esse,</strong></span> <span class='ocrx_word' id='word_1_291' title='bbox 798 4071 1027 4134; x_wconf 81' lang='lat' dir='ltr'><strong>credero</strong></span> <span class='ocrx_word' id='word_1_292' title='bbox 1048 4091 1191 4134; x_wconf 82' lang='lat' dir='ltr'><strong>vera</strong></span> <span class='ocrx_word' id='word_1_293' title='bbox 1217 4092 1356 4148; x_wconf 74' lang='lat' dir='ltr'><strong>esse,</strong></span> <span class='ocrx_word' id='word_1_294' title='bbox 1376 4091 1506 4154; x_wconf 83' lang='lat' dir='ltr'><strong>quoe</strong></span> <span class='ocrx_word' id='word_1_295' title='bbox 1533 4073 1829 4136; x_wconf 74' lang='lat' dir='ltr'><strong>divinitus</strong></span> <span class='ocrx_word' id='word_1_296' title='bbox 1848 4093 2010 4137; x_wconf 85' lang='lat' dir='ltr'><strong>reve-</strong></span> 
     </span>
     <span class='ocr_line' id='line_1_41' title="bbox 446 4161 2009 4245; baseline 0.003 -22"><span class='ocrx_word' id='word_1_297' title='bbox 446 4161 578 4224; x_wconf 79' lang='lat' dir='ltr'><strong>lata</strong></span> <span class='ocrx_word' id='word_1_298' title='bbox 592 4170 734 4224; x_wconf 74' lang='lat' dir='ltr'><strong>sunt</strong></span> <span class='ocrx_word' id='word_1_299' title='bbox 752 4188 776 4224; x_wconf 93' lang='lat'><strong>.·</strong></span> <span class='ocrx_word' id='word_1_300' title='bbox 802 4181 1023 4224; x_wconf 80' lang='lat' dir='ltr'><strong>verum</strong></span> <span class='ocrx_word' id='word_1_301' title='bbox 1045 4170 1254 4226; x_wconf 88' lang='lat' dir='ltr'><strong>autem</strong></span> <span class='ocrx_word' id='word_1_302' title='bbox 1284 4165 1593 4245; x_wconf 74' lang='lat' dir='ltr'><strong>obiectum</strong></span> <span class='ocrx_word' id='word_1_303' title='bbox 1620 4172 1715 4227; x_wconf 89' lang='lat' dir='ltr'><strong>est</strong></span> <span class='ocrx_word' id='word_1_304' title='bbox 1730 4165 2009 4228; x_wconf 85' lang='lat' dir='ltr'><strong>intellec-</strong></span> 
     </span>
     <span class='ocr_line' id='line_1_42' title="bbox 444 4257 2002 4338; baseline 0.004 -23"><span class='ocrx_word' id='word_1_305' title='bbox 444 4261 582 4318; x_wconf 86' lang='lat' dir='ltr'><strong>tus:</strong></span> <span class='ocrx_word' id='word_1_306' title='bbox 611 4261 675 4317; x_wconf 89' lang='lat' dir='ltr'><strong>et</strong></span> <span class='ocrx_word' id='word_1_307' title='bbox 708 4263 844 4336; x_wconf 90' lang='lat' dir='ltr'><strong>post</strong></span> <span class='ocrx_word' id='word_1_308' title='bbox 869 4257 1038 4318; x_wconf 85' lang='lat' dir='ltr'><strong>hunc</strong></span> <span class='ocrx_word' id='word_1_309' title='bbox 1075 4266 1283 4320; x_wconf 89' lang='lat' dir='ltr'><strong>actum</strong></span> <span class='ocrx_word' id='word_1_310' title='bbox 1310 4260 1487 4338; x_wconf 89' lang='lat' dir='ltr'><strong>ponit</strong></span> <span class='ocrx_word' id='word_1_311' title='bbox 1520 4265 1726 4321; x_wconf 88' lang='lat' dir='ltr'><strong>actum</strong></span> <span class='ocrx_word' id='word_1_312' title='bbox 1756 4259 2002 4321; x_wconf 75' lang='lat' dir='ltr'><strong>fiduciae</strong></span> 
     </span>
     <span class='ocr_line' id='line_1_43' title="bbox 443 4347 2002 4432; baseline 0.004 -24"><span class='ocrx_word' id='word_1_313' title='bbox 443 4347 685 4411; x_wconf 87' lang='lat' dir='ltr'><strong>diceus:</strong></span> <span class='ocrx_word' id='word_1_314' title='bbox 712 4351 793 4413; x_wconf 78' lang='lat' dir='ltr'><strong>In</strong></span> <span class='ocrx_word' id='word_1_315' title='bbox 812 4369 975 4429; x_wconf 76' lang='lat' dir='ltr'><strong>spem</strong></span> <span class='ocrx_word' id='word_1_316' title='bbox 1002 4352 1345 4430; x_wconf 71' lang='lat' dir='ltr'><strong>eriyuntur,</strong></span> <span class='ocrx_word' id='word_1_317' title='bbox 1362 4357 1423 4413; x_wconf 95' lang='lat' dir='ltr'><strong>et</strong></span> <span class='ocrx_word' id='word_1_318' title='bbox 1438 4352 1514 4412; x_wconf 86' lang='lat' dir='ltr'><strong>de</strong></span> <span class='ocrx_word' id='word_1_319' title='bbox 1537 4353 1725 4432; x_wconf 85' lang='lat' dir='ltr'><strong>priori</strong></span> <span class='ocrx_word' id='word_1_320' title='bbox 1746 4354 2002 4432; x_wconf 84' lang='lat' dir='ltr'><strong>exponit</strong></span> 
     </span>
     <span class='ocr_line' id='line_1_44' title="bbox 443 4439 2001 4528; baseline 0.004 -26"><span class='ocrx_word' id='word_1_321' title='bbox 443 4439 626 4503; x_wconf 91' lang='lat' dir='ltr'><strong>illud:</strong></span> <span class='ocrx_word' id='word_1_322' title='bbox 644 4443 1018 4506; x_wconf 73' lang='lat' dir='ltr'><strong>Accedentem</strong></span> <span class='ocrx_word' id='word_1_323' title='bbox 1031 4445 1115 4506; x_wconf 85' lang='lat' dir='ltr'><strong>ad</strong></span> <span class='ocrx_word' id='word_1_324' title='bbox 1135 4445 1347 4520; x_wconf 78' lang='lat' dir='ltr'><strong>Deum,</strong></span> <span class='ocrx_word' id='word_1_325' title='bbox 1367 4451 1591 4522; x_wconf 77' lang='lat' dir='ltr'><strong>oportet</strong></span> <span class='ocrx_word' id='word_1_326' title='bbox 1610 4447 1837 4510; x_wconf 82' lang='lat' dir='ltr'><strong>credere</strong></span> <span class='ocrx_word' id='word_1_327' title='bbox 1852 4448 2001 4528; x_wconf 78' lang='lat' dir='ltr'><strong>quia</strong></span> 
     </span>
     <span class='ocr_line' id='line_1_45' title="bbox 444 4535 2004 4618; baseline 0.002 -21"><span class='ocrx_word' id='word_1_328' title='bbox 444 4541 531 4597; x_wconf 76' lang='lat' dir='ltr'><strong>est</strong></span> <span class='ocrx_word' id='word_1_329' title='bbox 550 4561 575 4608; x_wconf 90' lang='lat'><em>;</em></span> <span class='ocrx_word' id='word_1_330' title='bbox 605 4535 682 4597; x_wconf 90' lang='lat' dir='ltr'><strong>de</strong></span> <span class='ocrx_word' id='word_1_331' title='bbox 710 4535 1033 4615; x_wconf 84' lang='lat' dir='ltr'><strong>posteriori</strong></span> <span class='ocrx_word' id='word_1_332' title='bbox 1066 4542 1301 4612; x_wconf 88' lang='lat' dir='ltr'><strong>autem,</strong></span> <span class='ocrx_word' id='word_1_333' title='bbox 1336 4537 1491 4598; x_wconf 89' lang='lat' dir='ltr'><strong>illud</strong></span> <span class='ocrx_word' id='word_1_334' title='bbox 1518 4538 1730 4611; x_wconf 77' lang='lat' dir='ltr'><strong>Marci,</strong></span> <span class='ocrx_word' id='word_1_335' title='bbox 1770 4557 1905 4618; x_wconf 90' lang='lat' dir='ltr'><strong>cap.</strong></span> <span class='ocrx_word' id='word_1_336' title='bbox 1933 4541 2004 4600; x_wconf 73' lang='lat'><strong>2:</strong></span> 
     </span>
     <span class='ocr_line' id='line_1_46' title="bbox 453 4625 2009 4711; baseline 0.002 -21"><span class='ocrx_word' id='word_1_337' title='bbox 453 4625 713 4705; x_wconf 74' lang='lat' dir='ltr'><strong>Confido,</strong></span> <span class='ocrx_word' id='word_1_338' title='bbox 734 4629 871 4706; x_wconf 79' lang='lat' dir='ltr'><strong>fili,·</strong></span> <span class='ocrx_word' id='word_1_339' title='bbox 897 4646 1070 4706; x_wconf 80' lang='lat' dir='ltr'><strong>ergO,</strong></span> <span class='ocrx_word' id='word_1_340' title='bbox 1094 4629 1272 4707; x_wconf 82' lang='lat' dir='ltr'><strong>juxta</strong></span> <span class='ocrx_word' id='word_1_341' title='bbox 1286 4629 1648 4708; x_wconf 85' lang='lat' dir='ltr'><strong>Concilium,</strong></span> <span class='ocrx_word' id='word_1_342' title='bbox 1666 4629 2009 4711; x_wconf 83' lang='lat' dir='ltr'><strong>fidesjusti-</strong></span> 
     </span>
     <span class='ocr_line' id='line_1_47' title="bbox 443 4718 2007 4802; baseline 0.005 -22"><span class='ocrx_word' id='word_1_343' title='bbox 443 4718 634 4780; x_wconf 82' lang='lat' dir='ltr'><strong>ficans</strong></span> <span class='ocrx_word' id='word_1_344' title='bbox 667 4737 791 4780; x_wconf 92' lang='lat' dir='ltr'><strong>non</strong></span> <span class='ocrx_word' id='word_1_345' title='bbox 820 4726 910 4781; x_wconf 82' lang='lat' dir='ltr'><strong>est</strong></span> <span class='ocrx_word' id='word_1_346' title='bbox 936 4720 1200 4796; x_wconf 83' lang='lat' dir='ltr'><strong>fiducia3</strong></span> <span class='ocrx_word' id='word_1_347' title='bbox 1229 4730 1322 4784; x_wconf 91' lang='lat' dir='ltr'><strong>est</strong></span> <span class='ocrx_word' id='word_1_348' title='bbox 1348 4741 1495 4802; x_wconf 86' lang='lat' dir='ltr'><strong>ergo</strong></span> <span class='ocrx_word' id='word_1_349' title='bbox 1524 4730 1698 4785; x_wconf 91' lang='lat' dir='ltr'><strong>actus</strong></span> <span class='ocrx_word' id='word_1_350' title='bbox 1725 4725 2007 4788; x_wconf 89' lang='lat' dir='ltr'><strong>intellec-</strong></span> 
     </span>
     <span class='ocr_line' id='line_1_48' title="bbox 448 4813 2006 4894; baseline 0.004 -22"><span class='ocrx_word' id='word_1_351' title='bbox 448 4819 564 4874; x_wconf 77' lang='grc' dir='ltr'><strong>ωε.</strong></span> <span class='ocrx_word' id='word_1_352' title='bbox 598 4813 675 4874; x_wconf 91' lang='lat' dir='ltr'><strong>Et</strong></span> <span class='ocrx_word' id='word_1_353' title='bbox 716 4813 881 4874; x_wconf 90' lang='lat' dir='ltr'><strong>idem</strong></span> <span class='ocrx_word' id='word_1_354' title='bbox 917 4815 1181 4875; x_wconf 89' lang='lat' dir='ltr'><strong>sumitur</strong></span> <span class='ocrx_word' id='word_1_355' title='bbox 1203 4834 1280 4876; x_wconf 84' lang='lat' dir='ltr'><strong>ex</strong></span> <span class='ocrx_word' id='word_1_356' title='bbox 1306 4835 1441 4894; x_wconf 86' lang='lat' dir='ltr'><strong>cap.</strong></span> <span class='ocrx_word' id='word_1_357' title='bbox 1469 4818 1533 4892; x_wconf 87' lang='lat'><strong>6,</strong></span> <span class='ocrx_word' id='word_1_358' title='bbox 1570 4816 1676 4877; x_wconf 92' lang='lat' dir='ltr'><strong>ubi</strong></span> <span class='ocrx_word' id='word_1_359' title='bbox 1718 4819 1793 4878; x_wconf 89' lang='lat' dir='ltr'><strong>de</strong></span> <span class='ocrx_word' id='word_1_360' title='bbox 1822 4818 2006 4880; x_wconf 90' lang='lat' dir='ltr'><strong>intel-</strong></span> 
     </span>
     <span class='ocr_line' id='line_1_49' title="bbox 442 4903 2002 4989; baseline 0.005 -23"><span class='ocrx_word' id='word_1_361' title='bbox 442 4903 605 4966; x_wconf 87' lang='lat' dir='ltr'><strong>lectu</strong></span> <span class='ocrx_word' id='word_1_362' title='bbox 645 4905 913 4984; x_wconf 84' lang='lat' dir='ltr'><strong>explicat</strong></span> <span class='ocrx_word' id='word_1_363' title='bbox 959 4905 1149 4969; x_wconf 86' lang='lat' dir='ltr'><strong>illud:</strong></span> <span class='ocrx_word' id='word_1_364' title='bbox 1198 4908 1351 4970; x_wconf 75' lang='lat' dir='ltr'><strong>Sine</strong></span> <span class='ocrx_word' id='word_1_365' title='bbox 1380 4909 1500 4986; x_wconf 81' lang='lat' dir='ltr'><strong>fide</strong></span> <span class='ocrx_word' id='word_1_366' title='bbox 1520 4911 1889 4989; x_wconf 64' lang='lat' dir='ltr'><strong>impossibile</strong></span> <span class='ocrx_word' id='word_1_367' title='bbox 1915 4919 2002 4974; x_wconf 74' lang='lat' dir='ltr'><strong>est</strong></span> 
     </span>
     <span class='ocr_line' id='line_1_50' title="bbox 439 4999 2002 5083; baseline 0.003 -24"><span class='ocrx_word' id='word_1_368' title='bbox 439 4999 678 5080; x_wconf 81' lang='lat' dir='ltr'><strong>plaeere</strong></span> <span class='ocrx_word' id='word_1_369' title='bbox 714 4999 875 5069; x_wconf 88' lang='lat' dir='ltr'><strong>Deo,·</strong></span> <span class='ocrx_word' id='word_1_370' title='bbox 896 5001 961 5059; x_wconf 91' lang='lat' dir='ltr'><strong>in</strong></span> <span class='ocrx_word' id='word_1_371' title='bbox 1006 5017 1128 5078; x_wconf 90' lang='lat' dir='ltr'><strong>qua</strong></span> <span class='ocrx_word' id='word_1_372' title='bbox 1160 4999 1280 5063; x_wconf 87' lang='lat' dir='ltr'><strong>fide</strong></span> <span class='ocrx_word' id='word_1_373' title='bbox 1321 5008 1531 5081; x_wconf 89' lang='lat' dir='ltr'><strong>postea</strong></span> <span class='ocrx_word' id='word_1_374' title='bbox 1577 5007 1751 5083; x_wconf 82' lang='lat' dir='ltr'><strong>ponit</strong></span> <span class='ocrx_word' id='word_1_375' title='bbox 1777 5002 2002 5065; x_wconf 79' lang='lat' dir='ltr'><strong>funda-</strong></span> 
     </span>
     <span class='ocr_line' id='line_1_51' title="bbox 442 5091 2001 5171; baseline 0.002 -18"><span class='ocrx_word' id='word_1_376' title='bbox 442 5097 723 5153; x_wconf 90' lang='lat' dir='ltr'><strong>mentum</strong></span> <span class='ocrx_word' id='word_1_377' title='bbox 744 5091 1016 5170; x_wconf 83' lang='lat' dir='ltr'><strong>justitiae.</strong></span> <span class='ocrx_word' id='word_1_378' title='bbox 1035 5092 1211 5169; x_wconf 88' lang='lat' dir='ltr'><strong>Item,</strong></span> <span class='ocrx_word' id='word_1_379' title='bbox 1230 5111 1464 5155; x_wconf 85' lang='lat' dir='ltr'><strong>canone</strong></span> <span class='ocrx_word' id='word_1_380' title='bbox 1483 5096 1547 5171; x_wconf 86' lang='lat'><strong>9,</strong></span> <span class='ocrx_word' id='word_1_381' title='bbox 1572 5095 1758 5158; x_wconf 90' lang='lat' dir='ltr'><strong>fidem</strong></span> <span class='ocrx_word' id='word_1_382' title='bbox 1783 5095 2001 5156; x_wconf 84' lang='lat' dir='ltr'><strong>distin·</strong></span> 
     </span>
     <span class='ocr_line' id='line_1_52' title="bbox 440 5182 1999 5268; baseline 0.003 -22"><span class='ocrx_word' id='word_1_383' title='bbox 440 5185 578 5264; x_wconf 89' lang='lat' dir='ltr'><strong>guit</strong></span> <span class='ocrx_word' id='word_1_384' title='bbox 623 5202 661 5245; x_wconf 88' lang='lat' dir='ltr'><strong>a</strong></span> <span class='ocrx_word' id='word_1_385' title='bbox 716 5182 1219 5264; x_wconf 86' lang='lat' dir='ltr'><strong>dispositionibus</strong></span> <span class='ocrx_word' id='word_1_386' title='bbox 1278 5185 1652 5264; x_wconf 82' lang='lat' dir='ltr'><strong>voluntatis3</strong></span> <span class='ocrx_word' id='word_1_387' title='bbox 1704 5195 1797 5250; x_wconf 89' lang='lat' dir='ltr'><strong>est</strong></span> <span class='ocrx_word' id='word_1_388' title='bbox 1851 5207 1999 5268; x_wconf 90' lang='lat' dir='ltr'><strong>ergo</strong></span> 
     </span>
     <span class='ocr_line' id='line_1_53' title="bbox 440 5275 1998 5356; baseline 0.004 -20"><span class='ocrx_word' id='word_1_389' title='bbox 440 5275 758 5356; x_wconf 83' lang='lat' dir='ltr'><strong>dispositio</strong></span> <span class='ocrx_word' id='word_1_390' title='bbox 821 5277 1183 5339; x_wconf 79' lang='lat' dir='ltr'><strong>intellectus,</strong></span> <span class='ocrx_word' id='word_1_391' title='bbox 1265 5279 1509 5340; x_wconf 90' lang='lat' dir='ltr'><strong>Possem</strong></span> <span class='ocrx_word' id='word_1_392' title='bbox 1580 5299 1655 5342; x_wconf 85' lang='lat' dir='ltr'><strong>ex</strong></span> <span class='ocrx_word' id='word_1_393' title='bbox 1716 5281 1998 5344; x_wconf 89' lang='lat' dir='ltr'><strong>Patribus</strong></span> 
     </span>
     <span class='ocr_line' id='line_1_54' title="bbox 437 5369 1999 5436; baseline 0.004 -6"><span class='ocrx_word' id='word_1_394' title='bbox 437 5370 634 5431; x_wconf 86' lang='lat' dir='ltr'><strong>multa</strong></span> <span class='ocrx_word' id='word_1_395' title='bbox 648 5369 872 5431; x_wconf 79' lang='lat' dir='ltr'><strong>afferre</strong></span> <span class='ocrx_word' id='word_1_396' title='bbox 894 5371 969 5430; x_wconf 88' lang='lat' dir='ltr'><strong>ad</strong></span> <span class='ocrx_word' id='word_1_397' title='bbox 988 5371 1269 5432; x_wconf 87' lang='lat' dir='ltr'><strong>eamdem</strong></span> <span class='ocrx_word' id='word_1_398' title='bbox 1296 5371 1615 5435; x_wconf 84' lang='lat' dir='ltr'><strong>veritatem</strong></span> <span class='ocrx_word' id='word_1_399' title='bbox 1631 5373 1999 5436; x_wconf 85' lang='lat' dir='ltr'><strong>confirman-</strong></span> 
     </span>
     <span class='ocr_line' id='line_1_55' title="bbox 441 5461 1999 5547; baseline 0.005 -25"><span class='ocrx_word' id='word_1_400' title='bbox 441 5461 611 5539; x_wconf 88' lang='lat' dir='ltr'><strong>dam,</strong></span> <span class='ocrx_word' id='word_1_401' title='bbox 661 5481 800 5542; x_wconf 81' lang='lat' dir='ltr'><strong>quae</strong></span> <span class='ocrx_word' id='word_1_402' title='bbox 832 5461 1028 5524; x_wconf 85' lang='lat' dir='ltr'><strong>videri</strong></span> <span class='ocrx_word' id='word_1_403' title='bbox 1057 5469 1310 5544; x_wconf 88' lang='lat' dir='ltr'><strong>possunt</strong></span> <span class='ocrx_word' id='word_1_404' title='bbox 1334 5462 1399 5525; x_wconf 84' lang='lat' dir='ltr'><strong>in</strong></span> <span class='ocrx_word' id='word_1_405' title='bbox 1427 5465 1613 5527; x_wconf 84' lang='lat' dir='ltr'><strong>citato</strong></span> <span class='ocrx_word' id='word_1_406' title='bbox 1652 5483 1787 5547; x_wconf 84' lang='lat' dir='ltr'><strong>cap.</strong></span> <span class='ocrx_word' id='word_1_407' title='bbox 1814 5469 1891 5529; x_wconf 79' lang='lat'><strong>15</strong></span> <span class='ocrx_word' id='word_1_408' title='bbox 1920 5467 1999 5530; x_wconf 88' lang='lat' dir='ltr'><strong>de</strong></span> 
     </span>
     <span class='ocr_line' id='line_1_56' title="bbox 438 5553 2000 5642; baseline 0.004 -23"><span class='ocrx_word' id='word_1_409' title='bbox 438 5555 611 5619; x_wconf 87' lang='lat' dir='ltr'><strong>Grat.</strong></span> <span class='ocrx_word' id='word_1_410' title='bbox 634 5571 657 5634; x_wconf 76' lang='lat'>3</span> <span class='ocrx_word' id='word_1_411' title='bbox 688 5553 968 5618; x_wconf 86' lang='lat' dir='ltr'><strong>sufficere</strong></span> <span class='ocrx_word' id='word_1_412' title='bbox 991 5561 1199 5620; x_wconf 85' lang='lat' dir='ltr'><strong>tamen</strong></span> <span class='ocrx_word' id='word_1_413' title='bbox 1221 5575 1438 5621; x_wconf 85' lang='lat' dir='ltr'><strong>censeo</strong></span> <span class='ocrx_word' id='word_1_414' title='bbox 1457 5558 1524 5621; x_wconf 89' lang='lat' dir='ltr'><strong>in</strong></span> <span class='ocrx_word' id='word_1_415' title='bbox 1560 5561 1587 5624; x_wconf 89' lang='grc'><strong>1</strong></span> <span class='ocrx_word' id='word_1_416' title='bbox 1623 5557 1853 5642; x_wconf 86' lang='lat' dir='ltr'><strong>disput.</strong></span> <span class='ocrx_word' id='word_1_417' title='bbox 1890 5561 2000 5625; x_wconf 86' lang='lat' dir='ltr'><strong>ad·</strong></span> 
     </span>
    </p>
   </div>
   <div class='ocr_carea' id='block_1_3' title="bbox 1620 429 2503 486">
    <p class='ocr_par' dir='ltr' id='par_1_4' title="bbox 1620 429 2503 486">
     <span class='ocr_line' id='line_1_57' title="bbox 1620 429 2503 486; baseline 0.001 -4"><span class='ocrx_word' id='word_1_418' title='bbox 1620 429 1854 482; x_wconf 71' lang='lat' dir='ltr'><strong>msrm’.</strong></span> <span class='ocrx_word' id='word_1_419' title='bbox 1892 431 1972 482; x_wconf 75' lang='lat' dir='ltr'><strong>vl.</strong></span> <span class='ocrx_word' id='word_1_420' title='bbox 2015 431 2094 484; x_wconf 83' lang='lat' dir='ltr'><strong>DE</strong></span> <span class='ocrx_word' id='word_1_421' title='bbox 2126 433 2289 486; x_wconf 72' lang='lat' dir='ltr'><strong>ACTu</strong></span> <span class='ocrx_word' id='word_1_422' title='bbox 2323 432 2503 486; x_wconf 70' lang='lat' dir='ltr'><strong>rium.</strong></span> 
     </span>
    </p>
   </div>
   <div class='ocr_carea' id='block_1_4' title="bbox 2078 525 3684 5652">
    <p class='ocr_par' dir='ltr' id='par_1_5' title="bbox 2097 525 3678 705">
     <span class='ocr_line' id='line_1_58' title="bbox 2099 525 3678 614; baseline -0.002 -21"><span class='ocrx_word' id='word_1_423' title='bbox 2099 533 2306 607; x_wconf 88' lang='lat' dir='ltr'><strong>ducta,</strong></span> <span class='ocrx_word' id='word_1_424' title='bbox 2357 541 2420 594; x_wconf 90' lang='lat' dir='ltr'><strong>et</strong></span> <span class='ocrx_word' id='word_1_425' title='bbox 2443 549 2582 614; x_wconf 73' lang='lat' dir='ltr'><strong>quse</strong></span> <span class='ocrx_word' id='word_1_426' title='bbox 2611 530 2834 592; x_wconf 86' lang='lat' dir='ltr'><strong>addam</strong></span> <span class='ocrx_word' id='word_1_427' title='bbox 2875 529 3144 592; x_wconf 86' lang='lat' dir='ltr'><strong>sectione</strong></span> <span class='ocrx_word' id='word_1_428' title='bbox 3171 525 3474 610; x_wconf 85' lang='lat' dir='ltr'><strong>sequenti,</strong></span> <span class='ocrx_word' id='word_1_429' title='bbox 3505 545 3678 612; x_wconf 70' lang='lat' dir='ltr'><strong>prte-</strong></span> 
     </span>
     <span class='ocr_line' id='line_1_59' title="bbox 2097 621 3668 705; baseline -0.003 -19"><span class='ocrx_word' id='word_1_430' title='bbox 2097 630 2190 686; x_wconf 87' lang='lat' dir='ltr'><strong>ter</strong></span> <span class='ocrx_word' id='word_1_431' title='bbox 2215 625 2421 686; x_wconf 89' lang='lat' dir='ltr'><strong>locum</strong></span> <span class='ocrx_word' id='word_1_432' title='bbox 2460 623 2820 704; x_wconf 84' lang='lat' dir='ltr'><strong>Augustini,</strong></span> <span class='ocrx_word' id='word_1_433' title='bbox 2855 641 3041 704; x_wconf 90' lang='lat' dir='ltr'><strong>quem</strong></span> <span class='ocrx_word' id='word_1_434' title='bbox 3069 624 3277 686; x_wconf 85' lang='lat' dir='ltr'><strong>statim</strong></span> <span class='ocrx_word' id='word_1_435' title='bbox 3319 621 3668 705; x_wconf 82' lang='lat' dir='ltr'><strong>explicabo,</strong></span> 
     </span>
    </p>

    <p class='ocr_par' dir='ltr' id='par_1_6' title="bbox 2086 717 3684 3577">
     <span class='ocr_line' id='line_1_60' title="bbox 2186 717 3680 782; baseline -0.004 0"><span class='ocrx_word' id='word_1_436' title='bbox 2186 722 2242 782; x_wconf 81' lang='lat'><strong>4.</strong></span> <span class='ocrx_word' id='word_1_437' title='bbox 2295 718 2505 782; x_wconf 70' lang='lat' dir='ltr'><strong>Tertia</strong></span> <span class='ocrx_word' id='word_1_438' title='bbox 2539 719 2796 780; x_wconf 78' lang='lat' dir='ltr'><strong>ratione.</strong></span> <span class='ocrx_word' id='word_1_439' title='bbox 2841 750 2924 764; x_wconf 94' lang='lat'>—</span> <span class='ocrx_word' id='word_1_440' title='bbox 2963 717 3223 778; x_wconf 85' lang='lat' dir='ltr'><strong>Ratione</strong></span> <span class='ocrx_word' id='word_1_441' title='bbox 3267 717 3680 778; x_wconf 80' lang='lat' dir='ltr'><strong>confirmatur</strong></span> 
     </span>
     <span class='ocr_line' id='line_1_61' title="bbox 2100 809 3679 892; baseline -0.001 -18"><span class='ocrx_word' id='word_1_442' title='bbox 2100 815 2392 889; x_wconf 73' lang='lat' dir='ltr'><strong>asset-tiu,</strong></span> <span class='ocrx_word' id='word_1_443' title='bbox 2447 813 2651 892; x_wconf 88' lang='lat' dir='ltr'><strong>primo</strong></span> <span class='ocrx_word' id='word_1_444' title='bbox 2697 811 2765 871; x_wconf 90' lang='lat' dir='ltr'><strong>in</strong></span> <span class='ocrx_word' id='word_1_445' title='bbox 2817 809 3130 890; x_wconf 87' lang='lat' dir='ltr'><strong>generali,</strong></span> <span class='ocrx_word' id='word_1_446' title='bbox 3171 810 3319 892; x_wconf 86' lang='lat' dir='ltr'><strong>quia</strong></span> <span class='ocrx_word' id='word_1_447' title='bbox 3363 829 3492 872; x_wconf 89' lang='lat' dir='ltr'><strong>non</strong></span> <span class='ocrx_word' id='word_1_448' title='bbox 3537 811 3679 872; x_wconf 80' lang='lat' dir='ltr'><strong>sola</strong></span> 
     </span>
     <span class='ocr_line' id='line_1_62' title="bbox 2099 901 3678 982; baseline -0.002 -16"><span class='ocrx_word' id='word_1_449' title='bbox 2099 905 2406 970; x_wconf 79' lang='lat' dir='ltr'><strong>voluntas,</strong></span> <span class='ocrx_word' id='word_1_450' title='bbox 2441 903 2545 966; x_wconf 89' lang='lat' dir='ltr'><strong>sed</strong></span> <span class='ocrx_word' id='word_1_451' title='bbox 2578 905 2764 966; x_wconf 88' lang='lat' dir='ltr'><strong>etiam</strong></span> <span class='ocrx_word' id='word_1_452' title='bbox 2806 901 3156 964; x_wconf 90' lang='lat' dir='ltr'><strong>intellectus</strong></span> <span class='ocrx_word' id='word_1_453' title='bbox 3183 903 3678 982; x_wconf 82' lang='lat' dir='ltr'><strong>supernaturali-</strong></span> 
     </span>
     <span class='ocr_line' id='line_1_63' title="bbox 2099 996 3673 1079; baseline -0.001 -19"><span class='ocrx_word' id='word_1_454' title='bbox 2099 1005 2197 1060; x_wconf 84' lang='lat' dir='ltr'><strong>ter</strong></span> <span class='ocrx_word' id='word_1_455' title='bbox 2241 997 2648 1079; x_wconf 86' lang='lat' dir='ltr'><strong>perficiendus</strong></span> <span class='ocrx_word' id='word_1_456' title='bbox 2695 1001 2811 1072; x_wconf 90' lang='lat' dir='ltr'><strong>est,</strong></span> <span class='ocrx_word' id='word_1_457' title='bbox 2857 1003 2926 1057; x_wconf 92' lang='lat' dir='ltr'><strong>ut</strong></span> <span class='ocrx_word' id='word_1_458' title='bbox 2958 999 3037 1056; x_wconf 87' lang='lat' dir='ltr'><strong>sit</strong></span> <span class='ocrx_word' id='word_1_459' title='bbox 3070 996 3313 1076; x_wconf 88' lang='lat' dir='ltr'><strong>justitia</strong></span> <span class='ocrx_word' id='word_1_460' title='bbox 3358 997 3673 1078; x_wconf 82' lang='lat' dir='ltr'><strong>perfecta;</strong></span> 
     </span>
     <span class='ocr_line' id='line_1_64' title="bbox 2107 1087 3678 1172; baseline -0.003 -18"><span class='ocrx_word' id='word_1_461' title='bbox 2107 1094 2268 1154; x_wconf 85' lang='lat' dir='ltr'><strong>sieut</strong></span> <span class='ocrx_word' id='word_1_462' title='bbox 2299 1092 2366 1153; x_wconf 91' lang='lat' dir='ltr'><strong>in</strong></span> <span class='ocrx_word' id='word_1_463' title='bbox 2390 1092 2613 1172; x_wconf 84' lang='lat' dir='ltr'><strong>patria,</strong></span> <span class='ocrx_word' id='word_1_464' title='bbox 2643 1108 2764 1150; x_wconf 92' lang='lat' dir='ltr'><strong>non</strong></span> <span class='ocrx_word' id='word_1_465' title='bbox 2794 1097 3039 1150; x_wconf 88' lang='lat' dir='ltr'><strong>tantum</strong></span> <span class='ocrx_word' id='word_1_466' title='bbox 3067 1087 3375 1166; x_wconf 80' lang='lat' dir='ltr'><strong>voluntas,</strong></span> <span class='ocrx_word' id='word_1_467' title='bbox 3398 1089 3503 1151; x_wconf 88' lang='lat' dir='ltr'><strong>sed</strong></span> <span class='ocrx_word' id='word_1_468' title='bbox 3533 1107 3678 1152; x_wconf 85' lang='lat' dir='ltr'><strong>ma·</strong></span> 
     </span>
     <span class='ocr_line' id='line_1_65' title="bbox 2099 1181 3678 1263; baseline -0.001 -17"><span class='ocrx_word' id='word_1_469' title='bbox 2099 1187 2268 1246; x_wconf 87' lang='lat' dir='ltr'><strong>xime</strong></span> <span class='ocrx_word' id='word_1_470' title='bbox 2298 1183 2647 1246; x_wconf 86' lang='lat' dir='ltr'><strong>intell-ectus</strong></span> <span class='ocrx_word' id='word_1_471' title='bbox 2681 1181 3018 1262; x_wconf 86' lang='lat' dir='ltr'><strong>perficitur,</strong></span> <span class='ocrx_word' id='word_1_472' title='bbox 3049 1189 3120 1243; x_wconf 90' lang='lat' dir='ltr'><strong>ut</strong></span> <span class='ocrx_word' id='word_1_473' title='bbox 3146 1184 3357 1244; x_wconf 88' lang='lat' dir='ltr'><strong>anima</strong></span> <span class='ocrx_word' id='word_1_474' title='bbox 3379 1184 3459 1244; x_wconf 87' lang='lat' dir='ltr'><strong>sit</strong></span> <span class='ocrx_word' id='word_1_475' title='bbox 3485 1182 3678 1263; x_wconf 84' lang='lat' dir='ltr'><strong>plene</strong></span> 
     </span>
     <span class='ocr_line' id='line_1_66' title="bbox 2101 1275 3670 1355; baseline -0.002 -15"><span class='ocrx_word' id='word_1_476' title='bbox 2101 1278 2284 1340; x_wconf 83' lang='lat' dir='ltr'><strong>beata</strong></span> <span class='ocrx_word' id='word_1_477' title='bbox 2300 1295 2319 1355; x_wconf 92' lang='lat'>;</span> <span class='ocrx_word' id='word_1_478' title='bbox 2350 1283 2413 1339; x_wconf 91' lang='lat' dir='ltr'><strong>et</strong></span> <span class='ocrx_word' id='word_1_479' title='bbox 2459 1277 2595 1338; x_wconf 87' lang='lat' dir='ltr'><strong>ideo</strong></span> <span class='ocrx_word' id='word_1_480' title='bbox 2633 1275 2791 1337; x_wconf 85' lang='lat' dir='ltr'><strong>dixit</strong></span> <span class='ocrx_word' id='word_1_481' title='bbox 2819 1275 3096 1338; x_wconf 90' lang='lat' dir='ltr'><strong>Christus</strong></span> <span class='ocrx_word' id='word_1_482' title='bbox 3123 1275 3443 1353; x_wconf 89' lang='lat' dir='ltr'><strong>Dominus,</strong></span> <span class='ocrx_word' id='word_1_483' title='bbox 3477 1278 3670 1338; x_wconf 81' lang='lat' dir='ltr'><strong>Joan.</strong></span> 
     </span>
     <span class='ocr_line' id='line_1_67' title="bbox 2104 1373 3674 1450; baseline -0.001 -17"><span class='ocrx_word' id='word_1_484' title='bbox 2104 1375 2179 1433; x_wconf 85' lang='grc'><strong>17</strong></span> <span class='ocrx_word' id='word_1_485' title='bbox 2203 1388 2219 1432; x_wconf 77' lang='grc' dir='ltr'><em>τ</em></span> <span class='ocrx_word' id='word_1_486' title='bbox 2243 1373 2397 1434; x_wconf 84' lang='lat' dir='ltr'><strong>Hoeo</strong></span> <span class='ocrx_word' id='word_1_487' title='bbox 2413 1379 2500 1435; x_wconf 74' lang='lat' dir='ltr'><strong>est</strong></span> <span class='ocrx_word' id='word_1_488' title='bbox 2517 1373 2647 1434; x_wconf 84' lang='lat' dir='ltr'><strong>vita</strong></span> <span class='ocrx_word' id='word_1_489' title='bbox 2671 1377 2918 1445; x_wconf 64' lang='lat' dir='ltr'><strong>merua,</strong></span> <span class='ocrx_word' id='word_1_490' title='bbox 2942 1373 3012 1430; x_wconf 76' lang='lat' dir='ltr'><strong>ut</strong></span> <span class='ocrx_word' id='word_1_491' title='bbox 3033 1376 3384 1450; x_wconf 66' lang='lat' dir='ltr'><strong>coynoseant</strong></span> <span class='ocrx_word' id='word_1_492' title='bbox 3407 1376 3482 1445; x_wconf 89' lang='lat' dir='ltr'><strong>te,</strong></span> <span class='ocrx_word' id='word_1_493' title='bbox 3511 1377 3637 1432; x_wconf 88' lang='lat' dir='ltr'><strong>etc.</strong></span> <span class='ocrx_word' id='word_1_494' title='bbox 3651 1387 3674 1447; x_wconf 90' lang='lat'>;</span> 
     </span>
     <span class='ocr_line' id='line_1_68' title="bbox 2097 1462 3674 1547; baseline -0.003 -21"><span class='ocrx_word' id='word_1_495' title='bbox 2097 1465 2286 1547; x_wconf 87' lang='lat' dir='ltr'><strong>quod,</strong></span> <span class='ocrx_word' id='word_1_496' title='bbox 2309 1465 2452 1528; x_wconf 86' lang='lat' dir='ltr'><strong>licet</strong></span> <span class='ocrx_word' id='word_1_497' title='bbox 2477 1465 2554 1526; x_wconf 90' lang='lat' dir='ltr'><strong>de</strong></span> <span class='ocrx_word' id='word_1_498' title='bbox 2577 1465 2706 1525; x_wconf 82' lang='lat' dir='ltr'><strong>vita</strong></span> <span class='ocrx_word' id='word_1_499' title='bbox 2731 1463 2943 1544; x_wconf 83' lang='lat' dir='ltr'><strong>patriae</strong></span> <span class='ocrx_word' id='word_1_500' title='bbox 2963 1463 3155 1542; x_wconf 86' lang='lat' dir='ltr'><strong>possit</strong></span> <span class='ocrx_word' id='word_1_501' title='bbox 3181 1467 3342 1524; x_wconf 88' lang='lat' dir='ltr'><strong>recte</strong></span> <span class='ocrx_word' id='word_1_502' title='bbox 3371 1462 3674 1542; x_wconf 84' lang='lat' dir='ltr'><strong>intelligi,</strong></span> 
     </span>
     <span class='ocr_line' id='line_1_69' title="bbox 2099 1555 3680 1638; baseline -0.001 -18"><span class='ocrx_word' id='word_1_503' title='bbox 2099 1559 2287 1620; x_wconf 89' lang='lat' dir='ltr'><strong>etiam</strong></span> <span class='ocrx_word' id='word_1_504' title='bbox 2317 1558 2396 1620; x_wconf 91' lang='lat' dir='ltr'><strong>de</strong></span> <span class='ocrx_word' id='word_1_505' title='bbox 2437 1558 2567 1619; x_wconf 88' lang='lat' dir='ltr'><strong>vita</strong></span> <span class='ocrx_word' id='word_1_506' title='bbox 2598 1555 2902 1638; x_wconf 82' lang='lat' dir='ltr'><strong>spirituali</strong></span> <span class='ocrx_word' id='word_1_507' title='bbox 2929 1555 3048 1616; x_wconf 80' lang='lat' dir='ltr'><strong>viae</strong></span> <span class='ocrx_word' id='word_1_508' title='bbox 3082 1555 3452 1634; x_wconf 86' lang='lat' dir='ltr'><strong>intelligitur</strong></span> <span class='ocrx_word' id='word_1_509' title='bbox 3477 1574 3517 1617; x_wconf 83' lang='lat' dir='ltr'><strong>a</strong></span> <span class='ocrx_word' id='word_1_510' title='bbox 3551 1558 3680 1619; x_wconf 86' lang='lat' dir='ltr'><strong>Pa-</strong></span> 
     </span>
     <span class='ocr_line' id='line_1_70' title="bbox 2100 1649 3676 1727; baseline -0.001 -15"><span class='ocrx_word' id='word_1_511' title='bbox 2100 1652 2322 1727; x_wconf 80' lang='lat' dir='ltr'><strong>tribua,</strong></span> <span class='ocrx_word' id='word_1_512' title='bbox 2344 1664 2405 1713; x_wconf 89' lang='lat' dir='ltr'><strong>et</strong></span> <span class='ocrx_word' id='word_1_513' title='bbox 2428 1652 2681 1712; x_wconf 85' lang='lat' dir='ltr'><strong>fortasse</strong></span> <span class='ocrx_word' id='word_1_514' title='bbox 2703 1651 2973 1712; x_wconf 87' lang='lat' dir='ltr'><strong>maxime</strong></span> <span class='ocrx_word' id='word_1_515' title='bbox 2997 1649 3077 1711; x_wconf 92' lang='lat' dir='ltr'><strong>ad</strong></span> <span class='ocrx_word' id='word_1_516' title='bbox 3099 1655 3372 1711; x_wconf 90' lang='lat' dir='ltr'><strong>mentem</strong></span> <span class='ocrx_word' id='word_1_517' title='bbox 3396 1649 3626 1711; x_wconf 87' lang='lat' dir='ltr'><strong>Christi</strong></span> <span class='ocrx_word' id='word_1_518' title='bbox 3651 1667 3676 1726; x_wconf 89' lang='lat'>;</span> 
     </span>
     <span class='ocr_line' id='line_1_71' title="bbox 2098 1741 3684 1822; baseline -0.001 -16"><span class='ocrx_word' id='word_1_519' title='bbox 2098 1762 2247 1822; x_wconf 85' lang='lat' dir='ltr'><strong>ergo</strong></span> <span class='ocrx_word' id='word_1_520' title='bbox 2273 1745 2616 1806; x_wconf 85' lang='lat' dir='ltr'><strong>necessaria</strong></span> <span class='ocrx_word' id='word_1_521' title='bbox 2635 1750 2729 1805; x_wconf 89' lang='lat' dir='ltr'><strong>est</strong></span> <span class='ocrx_word' id='word_1_522' title='bbox 2745 1744 3018 1822; x_wconf 89' lang='lat' dir='ltr'><strong>cognitio</strong></span> <span class='ocrx_word' id='word_1_523' title='bbox 3045 1741 3150 1804; x_wconf 90' lang='lat' dir='ltr'><strong>Dei</strong></span> <span class='ocrx_word' id='word_1_524' title='bbox 3179 1744 3684 1822; x_wconf 83' lang='lat' dir='ltr'><strong>supernaturalis</strong></span> 
     </span>
     <span class='ocr_line' id='line_1_72' title="bbox 2097 1835 3684 1917; baseline -0.003 -18"><span class='ocrx_word' id='word_1_525' title='bbox 2097 1838 2177 1899; x_wconf 84' lang='lat' dir='ltr'><strong>ad</strong></span> <span class='ocrx_word' id='word_1_526' title='bbox 2221 1838 2524 1917; x_wconf 83' lang='lat' dir='ltr'><strong>justitiam</strong></span> <span class='ocrx_word' id='word_1_527' title='bbox 2551 1839 2702 1913; x_wconf 84' lang='lat' dir='ltr'><strong>viae3</strong></span> <span class='ocrx_word' id='word_1_528' title='bbox 2737 1837 3008 1916; x_wconf 85' lang='lat' dir='ltr'><strong>cognitio</strong></span> <span class='ocrx_word' id='word_1_529' title='bbox 3051 1854 3197 1897; x_wconf 84' lang='lat' dir='ltr'><strong>vero</strong></span> <span class='ocrx_word' id='word_1_530' title='bbox 3243 1835 3536 1917; x_wconf 81' lang='lat' dir='ltr'><strong>perfectio</strong></span> <span class='ocrx_word' id='word_1_531' title='bbox 3573 1841 3684 1896; x_wconf 81' lang='lat' dir='ltr'><strong>est</strong></span> 
     </span>
     <span class='ocr_line' id='line_1_73' title="bbox 2096 1929 3682 2011; baseline -0.001 -19"><span class='ocrx_word' id='word_1_532' title='bbox 2096 1931 2471 2008; x_wconf 85' lang='lat' dir='ltr'><strong>intellectus,</strong></span> <span class='ocrx_word' id='word_1_533' title='bbox 2502 1939 2566 1993; x_wconf 92' lang='lat' dir='ltr'><strong>et</strong></span> <span class='ocrx_word' id='word_1_534' title='bbox 2590 1931 2700 1994; x_wconf 89' lang='lat' dir='ltr'><strong>illa</strong></span> <span class='ocrx_word' id='word_1_535' title='bbox 2729 1951 2866 2011; x_wconf 78' lang='lat' dir='ltr'><strong>quae</strong></span> <span class='ocrx_word' id='word_1_536' title='bbox 2895 1929 3239 1993; x_wconf 84' lang='lat' dir='ltr'><strong>necessaria</strong></span> <span class='ocrx_word' id='word_1_537' title='bbox 3271 1935 3364 1991; x_wconf 91' lang='lat' dir='ltr'><strong>est</strong></span> <span class='ocrx_word' id='word_1_538' title='bbox 3390 1929 3467 1990; x_wconf 85' lang='lat' dir='ltr'><strong>ad</strong></span> <span class='ocrx_word' id='word_1_539' title='bbox 3494 1929 3682 1991; x_wconf 88' lang='lat' dir='ltr'><strong>salu-</strong></span> 
     </span>
     <span class='ocr_line' id='line_1_74' title="bbox 2095 2021 3682 2104; baseline -0.002 -18"><span class='ocrx_word' id='word_1_540' title='bbox 2095 2031 2248 2098; x_wconf 91' lang='lat' dir='ltr'><strong>tem,</strong></span> <span class='ocrx_word' id='word_1_541' title='bbox 2286 2044 2397 2104; x_wconf 89' lang='lat' dir='ltr'><strong>per</strong></span> <span class='ocrx_word' id='word_1_542' title='bbox 2423 2025 2612 2087; x_wconf 82' lang='lat' dir='ltr'><strong>fidem</strong></span> <span class='ocrx_word' id='word_1_543' title='bbox 2651 2024 2997 2099; x_wconf 82' lang='lat' dir='ltr'><strong>obtinetur3</strong></span> <span class='ocrx_word' id='word_1_544' title='bbox 3031 2042 3179 2103; x_wconf 87' lang='lat' dir='ltr'><strong>ergo</strong></span> <span class='ocrx_word' id='word_1_545' title='bbox 3206 2021 3358 2084; x_wconf 79' lang='lat' dir='ltr'><strong>tides</strong></span> <span class='ocrx_word' id='word_1_546' title='bbox 3383 2029 3559 2084; x_wconf 86' lang='lat' dir='ltr'><strong>aetus</strong></span> <span class='ocrx_word' id='word_1_547' title='bbox 3602 2029 3682 2084; x_wconf 79' lang='lat' dir='ltr'><strong>et</strong></span> 
     </span>
     <span class='ocr_line' id='line_1_75' title="bbox 2097 2115 3682 2198; baseline -0.002 -19"><span class='ocrx_word' id='word_1_548' title='bbox 2097 2118 2389 2198; x_wconf 84' lang='lat' dir='ltr'><strong>perfectio</strong></span> <span class='ocrx_word' id='word_1_549' title='bbox 2442 2124 2534 2180; x_wconf 91' lang='lat' dir='ltr'><strong>est</strong></span> <span class='ocrx_word' id='word_1_550' title='bbox 2579 2117 2925 2179; x_wconf 86' lang='lat' dir='ltr'><strong>intellectus</strong></span> <span class='ocrx_word' id='word_1_551' title='bbox 2944 2163 2964 2193; x_wconf 92' lang='lat'><strong>,</strong></span> <span class='ocrx_word' id='word_1_552' title='bbox 3012 2122 3075 2179; x_wconf 91' lang='lat' dir='ltr'><strong>et</strong></span> <span class='ocrx_word' id='word_1_553' title='bbox 3123 2116 3241 2179; x_wconf 87' lang='lat' dir='ltr'><strong>hoc</strong></span> <span class='ocrx_word' id='word_1_554' title='bbox 3285 2115 3682 2195; x_wconf 79' lang='lat' dir='ltr'><strong>significavit</strong></span> 
     </span>
     <span class='ocr_line' id='line_1_76' title="bbox 2098 2209 3676 2290; baseline -0.001 -17"><span class='ocrx_word' id='word_1_555' title='bbox 2098 2211 2342 2289; x_wconf 85' lang='lat' dir='ltr'><strong>Paulus,</strong></span> <span class='ocrx_word' id='word_1_556' title='bbox 2374 2214 2414 2272; x_wconf 77' lang='lat'>2</span> <span class='ocrx_word' id='word_1_557' title='bbox 2453 2211 2532 2274; x_wconf 88' lang='lat' dir='ltr'><strong>ad</strong></span> <span class='ocrx_word' id='word_1_558' title='bbox 2560 2211 2840 2274; x_wconf 86' lang='lat' dir='ltr'><strong>Corinth.</strong></span> <span class='ocrx_word' id='word_1_559' title='bbox 2879 2213 2979 2288; x_wconf 88' lang='grc'><strong>10,</strong></span> <span class='ocrx_word' id='word_1_560' title='bbox 3010 2211 3262 2273; x_wconf 88' lang='lat' dir='ltr'><strong>dicens:</strong></span> <span class='ocrx_word' id='word_1_561' title='bbox 3289 2212 3373 2273; x_wconf 72' lang='lat' dir='ltr'><strong>In</strong></span> <span class='ocrx_word' id='word_1_562' title='bbox 3399 2209 3676 2290; x_wconf 78' lang='lat' dir='ltr'><strong>captivi-</strong></span> 
     </span>
     <span class='ocr_line' id='line_1_77' title="bbox 2095 2303 3684 2384; baseline -0.001 -17"><span class='ocrx_word' id='word_1_563' title='bbox 2095 2310 2279 2368; x_wconf 85' lang='lat' dir='ltr'><strong>tatem</strong></span> <span class='ocrx_word' id='word_1_564' title='bbox 2329 2306 2459 2368; x_wconf 80' lang='lat' dir='ltr'><strong>redi</strong></span> <span class='ocrx_word' id='word_1_565' title='bbox 2461 2310 2664 2384; x_wconf 72' lang='lat' dir='ltr'><strong>yentes</strong></span> <span class='ocrx_word' id='word_1_566' title='bbox 2708 2305 2931 2367; x_wconf 75' lang='lat' dir='ltr'><strong>omnem</strong></span> <span class='ocrx_word' id='word_1_567' title='bbox 2979 2303 3337 2367; x_wconf 75' lang='lat' dir='ltr'><strong>intellectum</strong></span> <span class='ocrx_word' id='word_1_568' title='bbox 3383 2305 3450 2364; x_wconf 73' lang='lat' dir='ltr'><strong>in</strong></span> <span class='ocrx_word' id='word_1_569' title='bbox 3503 2305 3684 2366; x_wconf 78' lang='lat' dir='ltr'><strong>obse-</strong></span> 
     </span>
     <span class='ocr_line' id='line_1_78' title="bbox 2093 2394 3676 2478; baseline -0.001 -20"><span class='ocrx_word' id='word_1_570' title='bbox 2093 2399 2305 2478; x_wconf 79' lang='lat' dir='ltr'><strong>quium</strong></span> <span class='ocrx_word' id='word_1_571' title='bbox 2357 2398 2616 2474; x_wconf 76' lang='lat' dir='ltr'><strong>Christi,</strong></span> <span class='ocrx_word' id='word_1_572' title='bbox 2670 2398 2847 2477; x_wconf 89' lang='lat' dir='ltr'><strong>quasi</strong></span> <span class='ocrx_word' id='word_1_573' title='bbox 2893 2397 3144 2471; x_wconf 88' lang='lat' dir='ltr'><strong>diceret,</strong></span> <span class='ocrx_word' id='word_1_574' title='bbox 3198 2394 3280 2456; x_wconf 86' lang='lat' dir='ltr'><strong>ad</strong></span> <span class='ocrx_word' id='word_1_575' title='bbox 3319 2395 3676 2476; x_wconf 84' lang='lat' dir='ltr'><strong>perfectum</strong></span> 
     </span>
     <span class='ocr_line' id='line_1_79' title="bbox 2093 2488 3678 2570; baseline 0 -18"><span class='ocrx_word' id='word_1_576' title='bbox 2093 2490 2203 2552; x_wconf 90' lang='lat' dir='ltr'><strong>Dei</strong></span> <span class='ocrx_word' id='word_1_577' title='bbox 2245 2489 2631 2570; x_wconf 87' lang='lat' dir='ltr'><strong>obsequium,</strong></span> <span class='ocrx_word' id='word_1_578' title='bbox 2679 2509 2809 2551; x_wconf 91' lang='lat' dir='ltr'><strong>non</strong></span> <span class='ocrx_word' id='word_1_579' title='bbox 2857 2490 3240 2552; x_wconf 84' lang='lat' dir='ltr'><strong>voluntatem</strong></span> <span class='ocrx_word' id='word_1_580' title='bbox 3291 2488 3506 2566; x_wconf 87' lang='lat' dir='ltr'><strong>solam,</strong></span> <span class='ocrx_word' id='word_1_581' title='bbox 3553 2491 3678 2552; x_wconf 86' lang='lat' dir='ltr'><strong>sed</strong></span> 
     </span>
     <span class='ocr_line' id='line_1_80' title="bbox 2095 2581 3682 2662; baseline -0.001 -18"><span class='ocrx_word' id='word_1_582' title='bbox 2095 2585 2282 2644; x_wconf 90' lang='lat' dir='ltr'><strong>etiam</strong></span> <span class='ocrx_word' id='word_1_583' title='bbox 2313 2583 2692 2645; x_wconf 88' lang='lat' dir='ltr'><strong>intellectum</strong></span> <span class='ocrx_word' id='word_1_584' title='bbox 2724 2603 2856 2645; x_wconf 89' lang='lat' dir='ltr'><strong>esse</strong></span> <span class='ocrx_word' id='word_1_585' title='bbox 2879 2581 2969 2645; x_wconf 90' lang='lat' dir='ltr'><strong>illi</strong></span> <span class='ocrx_word' id='word_1_586' title='bbox 2993 2582 3288 2662; x_wconf 87' lang='lat' dir='ltr'><strong>peculiari</strong></span> <span class='ocrx_word' id='word_1_587' title='bbox 3314 2581 3495 2643; x_wconf 89' lang='lat' dir='ltr'><strong>modo</strong></span> <span class='ocrx_word' id='word_1_588' title='bbox 3515 2583 3682 2643; x_wconf 88' lang='lat' dir='ltr'><strong>sub-</strong></span> 
     </span>
     <span class='ocr_line' id='line_1_81' title="bbox 2086 2673 3676 2758; baseline 0.003 -24"><span class='ocrx_word' id='word_1_589' title='bbox 2086 2675 2458 2755; x_wconf 84' lang='lat' dir='ltr'><strong>jiciendum.</strong></span> <span class='ocrx_word' id='word_1_590' title='bbox 2492 2678 2768 2758; x_wconf 88' lang='lat' dir='ltr'><strong>Denique</strong></span> <span class='ocrx_word' id='word_1_591' title='bbox 2796 2676 2945 2738; x_wconf 91' lang='lat' dir='ltr'><strong>ordo</strong></span> <span class='ocrx_word' id='word_1_592' title='bbox 2978 2677 3107 2756; x_wconf 90' lang='lat' dir='ltr'><strong>ipse</strong></span> <span class='ocrx_word' id='word_1_593' title='bbox 3145 2682 3209 2735; x_wconf 91' lang='lat' dir='ltr'><strong>et</strong></span> <span class='ocrx_word' id='word_1_594' title='bbox 3235 2673 3676 2738; x_wconf 87' lang='lat' dir='ltr'><strong>subordinatio</strong></span> 
     </span>
     <span class='ocr_line' id='line_1_82' title="bbox 2091 2766 3676 2847; baseline -0.001 -18"><span class='ocrx_word' id='word_1_595' title='bbox 2091 2769 2514 2847; x_wconf 87' lang='lat' dir='ltr'><strong>potentiarum</strong></span> <span class='ocrx_word' id='word_1_596' title='bbox 2544 2769 2891 2831; x_wconf 89' lang='lat' dir='ltr'><strong>intellectus</strong></span> <span class='ocrx_word' id='word_1_597' title='bbox 2925 2775 2986 2830; x_wconf 91' lang='lat' dir='ltr'><strong>et</strong></span> <span class='ocrx_word' id='word_1_598' title='bbox 3023 2766 3358 2828; x_wconf 85' lang='lat' dir='ltr'><strong>voluntatis</strong></span> <span class='ocrx_word' id='word_1_599' title='bbox 3385 2768 3676 2847; x_wconf 86' lang='lat' dir='ltr'><strong>postulat</strong></span> 
     </span>
     <span class='ocr_line' id='line_1_83' title="bbox 2092 2861 3676 2942; baseline 0.001 -20"><span class='ocrx_word' id='word_1_600' title='bbox 2092 2861 2236 2937; x_wconf 88' lang='lat' dir='ltr'><strong>hoc,</strong></span> <span class='ocrx_word' id='word_1_601' title='bbox 2278 2863 2426 2942; x_wconf 89' lang='lat' dir='ltr'><strong>quia</strong></span> <span class='ocrx_word' id='word_1_602' title='bbox 2459 2881 2636 2924; x_wconf 90' lang='lat' dir='ltr'><strong>amor</strong></span> <span class='ocrx_word' id='word_1_603' title='bbox 2667 2881 2744 2925; x_wconf 80' lang='lat' dir='ltr'><strong>ex</strong></span> <span class='ocrx_word' id='word_1_604' title='bbox 2773 2863 3124 2942; x_wconf 85' lang='lat' dir='ltr'><strong>cognitione</strong></span> <span class='ocrx_word' id='word_1_605' title='bbox 3164 2862 3422 2942; x_wconf 89' lang='lat' dir='ltr'><strong>pendet;</strong></span> <span class='ocrx_word' id='word_1_606' title='bbox 3459 2869 3524 2924; x_wconf 89' lang='lat' dir='ltr'><strong>et</strong></span> <span class='ocrx_word' id='word_1_607' title='bbox 3551 2861 3676 2924; x_wconf 85' lang='lat' dir='ltr'><strong>fir-</strong></span> 
     </span>
     <span class='ocr_line' id='line_1_84' title="bbox 2093 2955 3676 3036; baseline 0 -20"><span class='ocrx_word' id='word_1_608' title='bbox 2093 2957 2276 3016; x_wconf 89' lang='lat' dir='ltr'><strong>mitas</strong></span> <span class='ocrx_word' id='word_1_609' title='bbox 2303 2957 2433 3036; x_wconf 84' lang='lat' dir='ltr'><strong>spei</strong></span> <span class='ocrx_word' id='word_1_610' title='bbox 2463 2975 2536 3016; x_wconf 80' lang='lat' dir='ltr'><strong>ex</strong></span> <span class='ocrx_word' id='word_1_611' title='bbox 2562 2956 2927 3017; x_wconf 85' lang='lat' dir='ltr'><strong>certitudine</strong></span> <span class='ocrx_word' id='word_1_612' title='bbox 2957 2955 3101 3016; x_wconf 86' lang='lat' dir='ltr'><strong>fidei</strong></span> <span class='ocrx_word' id='word_1_613' title='bbox 3129 2956 3352 3028; x_wconf 88' lang='lat' dir='ltr'><strong>oritur,</strong></span> <span class='ocrx_word' id='word_1_614' title='bbox 3371 2962 3441 3016; x_wconf 88' lang='lat' dir='ltr'><strong>ut</strong></span> <span class='ocrx_word' id='word_1_615' title='bbox 3468 2975 3676 3034; x_wconf 86' lang='lat' dir='ltr'><strong>supra</strong></span> 
     </span>
     <span class='ocr_line' id='line_1_85' title="bbox 2093 3048 3672 3130; baseline 0.001 -19"><span class='ocrx_word' id='word_1_616' title='bbox 2093 3048 2373 3130; x_wconf 87' lang='lat' dir='ltr'><strong>probavi,</strong></span> <span class='ocrx_word' id='word_1_617' title='bbox 2405 3050 2697 3129; x_wconf 88' lang='lat' dir='ltr'><strong>disputat.</strong></span> <span class='ocrx_word' id='word_1_618' title='bbox 2731 3053 2789 3119; x_wconf 88' lang='grc'><strong>1,</strong></span> <span class='ocrx_word' id='word_1_619' title='bbox 2832 3067 2909 3110; x_wconf 80' lang='lat' dir='ltr'><strong>ex</strong></span> <span class='ocrx_word' id='word_1_620' title='bbox 2946 3049 3158 3124; x_wconf 79' lang='lat' dir='ltr'><strong>Paule,</strong></span> <span class='ocrx_word' id='word_1_621' title='bbox 3186 3048 3266 3111; x_wconf 87' lang='lat' dir='ltr'><strong>ad</strong></span> <span class='ocrx_word' id='word_1_622' title='bbox 3295 3048 3559 3111; x_wconf 86' lang='lat' dir='ltr'><strong>Roman.</strong></span> <span class='ocrx_word' id='word_1_623' title='bbox 3591 3049 3672 3124; x_wconf 72' lang='lat'><strong>4,</strong></span> 
     </span>
     <span class='ocr_line' id='line_1_86' title="bbox 2093 3140 3674 3217; baseline 0.001 -14"><span class='ocrx_word' id='word_1_624' title='bbox 2093 3148 2156 3203; x_wconf 90' lang='lat' dir='ltr'><strong>et</strong></span> <span class='ocrx_word' id='word_1_625' title='bbox 2191 3160 2268 3202; x_wconf 87' lang='lat' dir='ltr'><strong>ex</strong></span> <span class='ocrx_word' id='word_1_626' title='bbox 2296 3142 2536 3217; x_wconf 89' lang='lat' dir='ltr'><strong>eodem,</strong></span> <span class='ocrx_word' id='word_1_627' title='bbox 2577 3141 2657 3203; x_wconf 88' lang='lat' dir='ltr'><strong>ad</strong></span> <span class='ocrx_word' id='word_1_628' title='bbox 2687 3142 2870 3203; x_wconf 87' lang='lat' dir='ltr'><strong>Hebr.</strong></span> <span class='ocrx_word' id='word_1_629' title='bbox 2905 3145 3003 3217; x_wconf 89' lang='grc'><strong>11,</strong></span> <span class='ocrx_word' id='word_1_630' title='bbox 3040 3140 3346 3203; x_wconf 82' lang='lat' dir='ltr'><strong>constabit</strong></span> <span class='ocrx_word' id='word_1_631' title='bbox 3383 3141 3674 3204; x_wconf 81' lang='lat' dir='ltr'><strong>sectione</strong></span> 
     </span>
     <span class='ocr_line' id='line_1_87' title="bbox 2091 3235 3674 3316; baseline 0.002 -22"><span class='ocrx_word' id='word_1_632' title='bbox 2091 3235 2405 3316; x_wconf 84' lang='lat' dir='ltr'><strong>sequenti3</strong></span> <span class='ocrx_word' id='word_1_633' title='bbox 2432 3253 2580 3314; x_wconf 86' lang='lat' dir='ltr'><strong>ergo</strong></span> <span class='ocrx_word' id='word_1_634' title='bbox 2603 3236 2946 3296; x_wconf 84' lang='lat' dir='ltr'><strong>necessaria</strong></span> <span class='ocrx_word' id='word_1_635' title='bbox 2977 3240 3069 3296; x_wconf 90' lang='lat' dir='ltr'><strong>est</strong></span> <span class='ocrx_word' id='word_1_636' title='bbox 3099 3237 3331 3315; x_wconf 84' lang='lat' dir='ltr'><strong>praevia</strong></span> <span class='ocrx_word' id='word_1_637' title='bbox 3358 3235 3674 3315; x_wconf 80' lang='lat' dir='ltr'><strong>perfectio</strong></span> 
     </span>
     <span class='ocr_line' id='line_1_88' title="bbox 2091 3326 3680 3410; baseline 0.002 -23"><span class='ocrx_word' id='word_1_638' title='bbox 2091 3326 2440 3388; x_wconf 85' lang='lat' dir='ltr'><strong>intellectus</strong></span> <span class='ocrx_word' id='word_1_639' title='bbox 2495 3329 2575 3390; x_wconf 88' lang='lat' dir='ltr'><strong>ad</strong></span> <span class='ocrx_word' id='word_1_640' title='bbox 2629 3328 3068 3410; x_wconf 81' lang='lat' dir='ltr'><strong>perfectionem</strong></span> <span class='ocrx_word' id='word_1_641' title='bbox 3122 3327 3491 3405; x_wconf 79' lang='lat' dir='ltr'><strong>voluntatis3</strong></span> <span class='ocrx_word' id='word_1_642' title='bbox 3545 3327 3680 3390; x_wconf 80' lang='lat' dir='ltr'><strong>illa</strong></span> 
     </span>
     <span class='ocr_line' id='line_1_89' title="bbox 2092 3421 3674 3504; baseline 0.001 -22"><span class='ocrx_word' id='word_1_643' title='bbox 2092 3429 2300 3483; x_wconf 90' lang='lat' dir='ltr'><strong>autem</strong></span> <span class='ocrx_word' id='word_1_644' title='bbox 2327 3439 2454 3482; x_wconf 89' lang='lat' dir='ltr'><strong>non</strong></span> <span class='ocrx_word' id='word_1_645' title='bbox 2481 3429 2572 3484; x_wconf 90' lang='lat' dir='ltr'><strong>est</strong></span> <span class='ocrx_word' id='word_1_646' title='bbox 2599 3423 2718 3484; x_wconf 88' lang='lat' dir='ltr'><strong>alia</strong></span> <span class='ocrx_word' id='word_1_647' title='bbox 2747 3421 2868 3482; x_wconf 89' lang='lat' dir='ltr'><strong>nisi</strong></span> <span class='ocrx_word' id='word_1_648' title='bbox 2895 3421 3078 3501; x_wconf 85' lang='lat' dir='ltr'><strong>fides3</strong></span> <span class='ocrx_word' id='word_1_649' title='bbox 3105 3441 3178 3485; x_wconf 89' lang='lat' dir='ltr'><strong>ea</strong></span> <span class='ocrx_word' id='word_1_650' title='bbox 3205 3440 3353 3500; x_wconf 90' lang='lat' dir='ltr'><strong>ergo</strong></span> <span class='ocrx_word' id='word_1_651' title='bbox 3379 3427 3472 3483; x_wconf 88' lang='lat' dir='ltr'><strong>est</strong></span> <span class='ocrx_word' id='word_1_652' title='bbox 3503 3439 3674 3504; x_wconf 86' lang='lat' dir='ltr'><strong>per-</strong></span> 
     </span>
     <span class='ocr_line' id='line_1_90' title="bbox 2091 3513 2670 3577; baseline 0.003 -2"><span class='ocrx_word' id='word_1_653' title='bbox 2091 3513 2274 3576; x_wconf 78' lang='lat' dir='ltr'><strong>fectio</strong></span> <span class='ocrx_word' id='word_1_654' title='bbox 2301 3515 2670 3577; x_wconf 77' lang='lat' dir='ltr'><strong>intellectus·</strong></span> 
     </span>
    </p>

    <p class='ocr_par' dir='ltr' id='par_1_7' title="bbox 2078 3609 3678 5652">
     <span class='ocr_line' id='line_1_91' title="bbox 2175 3609 3678 3688; baseline 0.001 -18"><span class='ocrx_word' id='word_1_655' title='bbox 2175 3611 2234 3670; x_wconf 81' lang='lat'><strong>5.</strong></span> <span class='ocrx_word' id='word_1_656' title='bbox 2262 3609 2540 3672; x_wconf 78' lang='lat' dir='ltr'><strong>Assertio</strong></span> <span class='ocrx_word' id='word_1_657' title='bbox 2567 3609 2844 3684; x_wconf 76' lang='lat' dir='ltr'><strong>seeundo,</strong></span> <span class='ocrx_word' id='word_1_658' title='bbox 2869 3609 3262 3686; x_wconf 75' lang='lat' dir='ltr'><strong>satisfaciens</strong></span> <span class='ocrx_word' id='word_1_659' title='bbox 3277 3609 3450 3688; x_wconf 81' lang='lat' dir='ltr'><strong>parti</strong></span> <span class='ocrx_word' id='word_1_660' title='bbox 3477 3609 3678 3671; x_wconf 69' lang='lat' dir='ltr'><strong>tituli</strong></span> 
     </span>
     <span class='ocr_line' id='line_1_92' title="bbox 2088 3702 3678 3784; baseline 0.001 -21"><span class='ocrx_word' id='word_1_661' title='bbox 2088 3704 2434 3784; x_wconf 75' lang='lat' dir='ltr'><strong>posteriori.</strong></span> <span class='ocrx_word' id='word_1_662' title='bbox 2455 3733 2538 3748; x_wconf 93' lang='lat'>—</span> <span class='ocrx_word' id='word_1_663' title='bbox 2563 3703 2928 3765; x_wconf 78' lang='lat' dir='ltr'><strong>Declaratur</strong></span> <span class='ocrx_word' id='word_1_664' title='bbox 2953 3702 3230 3776; x_wconf 76' lang='lat' dir='ltr'><strong>assertio,</strong></span> <span class='ocrx_word' id='word_1_665' title='bbox 3263 3719 3365 3764; x_wconf 77' lang='lat' dir='ltr'><strong>seu</strong></span> <span class='ocrx_word' id='word_1_666' title='bbox 3389 3703 3678 3783; x_wconf 77' lang='lat' dir='ltr'><strong>definitio</strong></span> 
     </span>
     <span class='ocr_line' id='line_1_93' title="bbox 2093 3793 3676 3877; baseline -0.001 -18"><span class='ocrx_word' id='word_1_667' title='bbox 2093 3803 2266 3860; x_wconf 72' lang='lat' dir='ltr'><strong>actus</strong></span> <span class='ocrx_word' id='word_1_668' title='bbox 2283 3795 2428 3877; x_wconf 82' lang='lat' dir='ltr'><strong>fidei</strong></span> <span class='ocrx_word' id='word_1_669' title='bbox 2456 3793 3132 3874; x_wconf 67' lang='lat' dir='ltr'><strong>particulatim—Dico</strong></span> <span class='ocrx_word' id='word_1_670' title='bbox 3160 3793 3465 3857; x_wconf 87' lang='lat' dir='ltr'><strong>secundo:</strong></span> <span class='ocrx_word' id='word_1_671' title='bbox 3501 3813 3676 3876; x_wconf 89' lang='lat' dir='ltr'><strong>pro-</strong></span> 
     </span>
     <span class='ocr_line' id='line_1_94' title="bbox 2092 3887 3678 3970; baseline 0.001 -21"><span class='ocrx_word' id='word_1_672' title='bbox 2092 3889 2229 3970; x_wconf 88' lang='lat' dir='ltr'><strong>pria</strong></span> <span class='ocrx_word' id='word_1_673' title='bbox 2258 3887 2537 3951; x_wconf 84' lang='lat' dir='ltr'><strong>definitio</strong></span> <span class='ocrx_word' id='word_1_674' title='bbox 2562 3894 2734 3950; x_wconf 89' lang='lat' dir='ltr'><strong>actus</strong></span> <span class='ocrx_word' id='word_1_675' title='bbox 2759 3887 2906 3949; x_wconf 86' lang='lat' dir='ltr'><strong>fidei</strong></span> <span class='ocrx_word' id='word_1_676' title='bbox 2933 3893 3044 3962; x_wconf 90' lang='lat' dir='ltr'><strong>est,</strong></span> <span class='ocrx_word' id='word_1_677' title='bbox 3073 3887 3237 3969; x_wconf 87' lang='lat' dir='ltr'><strong>quod</strong></span> <span class='ocrx_word' id='word_1_678' title='bbox 3262 3893 3340 3949; x_wconf 84' lang='lat' dir='ltr'><strong>sit</strong></span> <span class='ocrx_word' id='word_1_679' title='bbox 3365 3905 3678 3951; x_wconf 78' lang='lat' dir='ltr'><strong>assensus</strong></span> 
     </span>
     <span class='ocr_line' id='line_1_95' title="bbox 2092 3980 3678 4057; baseline 0.001 -15"><span class='ocrx_word' id='word_1_680' title='bbox 2092 3981 2333 4057; x_wconf 76' lang='lat' dir='ltr'><strong>firmuS,</strong></span> <span class='ocrx_word' id='word_1_681' title='bbox 2366 3981 2433 4042; x_wconf 89' lang='lat' dir='ltr'><strong>in</strong></span> <span class='ocrx_word' id='word_1_682' title='bbox 2473 3983 2836 4043; x_wconf 84' lang='lat' dir='ltr'><strong>auctoritate</strong></span> <span class='ocrx_word' id='word_1_683' title='bbox 2885 3981 2994 4042; x_wconf 89' lang='lat' dir='ltr'><strong>Dei</strong></span> <span class='ocrx_word' id='word_1_684' title='bbox 3028 3981 3281 4043; x_wconf 85' lang='lat' dir='ltr'><strong>obscure</strong></span> <span class='ocrx_word' id='word_1_685' title='bbox 3320 3980 3678 4044; x_wconf 84' lang='lat' dir='ltr'><strong>revelantis</strong></span> 
     </span>
     <span class='ocr_line' id='line_1_96' title="bbox 2091 4073 3676 4154; baseline 0.001 -18"><span class='ocrx_word' id='word_1_686' title='bbox 2091 4075 2407 4136; x_wconf 78' lang='lat' dir='ltr'><strong>lundatus.</strong></span> <span class='ocrx_word' id='word_1_687' title='bbox 2454 4075 2598 4137; x_wconf 81' lang='lat' dir='ltr'><strong>Haec</strong></span> <span class='ocrx_word' id='word_1_688' title='bbox 2644 4073 2922 4136; x_wconf 86' lang='lat' dir='ltr'><strong>definitio</strong></span> <span class='ocrx_word' id='word_1_689' title='bbox 2965 4076 3128 4135; x_wconf 87' lang='lat' dir='ltr'><strong>sumi</strong></span> <span class='ocrx_word' id='word_1_690' title='bbox 3179 4081 3380 4154; x_wconf 85' lang='lat' dir='ltr'><strong>potest</strong></span> <span class='ocrx_word' id='word_1_691' title='bbox 3429 4093 3504 4136; x_wconf 86' lang='lat' dir='ltr'><strong>ex</strong></span> <span class='ocrx_word' id='word_1_692' title='bbox 3555 4075 3676 4138; x_wconf 87' lang='lat' dir='ltr'><strong>his</strong></span> 
     </span>
     <span class='ocr_line' id='line_1_97' title="bbox 2090 4167 3669 4248; baseline 0.001 -20"><span class='ocrx_word' id='word_1_693' title='bbox 2090 4185 2229 4248; x_wconf 84' lang='lat' dir='ltr'><strong>quae</strong></span> <span class='ocrx_word' id='word_1_694' title='bbox 2266 4169 2457 4228; x_wconf 88' lang='lat' dir='ltr'><strong>tradit</strong></span> <span class='ocrx_word' id='word_1_695' title='bbox 2483 4170 2551 4230; x_wconf 90' lang='lat' dir='ltr'><strong>D.</strong></span> <span class='ocrx_word' id='word_1_696' title='bbox 2583 4167 2874 4243; x_wconf 86' lang='lat' dir='ltr'><strong>Thomas,</strong></span> <span class='ocrx_word' id='word_1_697' title='bbox 2905 4168 3069 4230; x_wconf 82' lang='lat' dir='ltr'><strong>dicta</strong></span> <span class='ocrx_word' id='word_1_698' title='bbox 3095 4175 3316 4248; x_wconf 83' lang='lat' dir='ltr'><strong>quaest.</strong></span> <span class='ocrx_word' id='word_1_699' title='bbox 3349 4172 3407 4244; x_wconf 91' lang='grc'><strong>1,</strong></span> <span class='ocrx_word' id='word_1_700' title='bbox 3437 4173 3556 4230; x_wconf 81' lang='lat' dir='ltr'><strong>art.</strong></span> <span class='ocrx_word' id='word_1_701' title='bbox 3592 4173 3669 4246; x_wconf 89' lang='grc'><strong>1,</strong></span> 
     </span>
     <span class='ocr_line' id='line_1_98' title="bbox 2091 4259 3676 4341; baseline 0.001 -21"><span class='ocrx_word' id='word_1_702' title='bbox 2091 4261 2374 4340; x_wconf 88' lang='lat' dir='ltr'><strong>quamvis</strong></span> <span class='ocrx_word' id='word_1_703' title='bbox 2413 4259 2757 4322; x_wconf 86' lang='lat' dir='ltr'><strong>formaliter</strong></span> <span class='ocrx_word' id='word_1_704' title='bbox 2782 4266 2844 4321; x_wconf 89' lang='lat' dir='ltr'><strong>et</strong></span> <span class='ocrx_word' id='word_1_705' title='bbox 2873 4261 2937 4322; x_wconf 90' lang='lat' dir='ltr'><strong>in</strong></span> <span class='ocrx_word' id='word_1_706' title='bbox 2967 4262 3230 4341; x_wconf 90' lang='lat' dir='ltr'><strong>propriis</strong></span> <span class='ocrx_word' id='word_1_707' title='bbox 3255 4261 3538 4322; x_wconf 89' lang='lat' dir='ltr'><strong>terminis</strong></span> <span class='ocrx_word' id='word_1_708' title='bbox 3579 4260 3676 4322; x_wconf 86' lang='lat' dir='ltr'><strong>il-</strong></span> 
     </span>
     <span class='ocr_line' id='line_1_99' title="bbox 2091 4353 3672 4434; baseline 0.001 -18"><span class='ocrx_word' id='word_1_709' title='bbox 2091 4353 2220 4416; x_wconf 88' lang='lat' dir='ltr'><strong>lam</strong></span> <span class='ocrx_word' id='word_1_710' title='bbox 2260 4372 2386 4416; x_wconf 91' lang='lat' dir='ltr'><strong>non</strong></span> <span class='ocrx_word' id='word_1_711' title='bbox 2429 4353 2654 4415; x_wconf 87' lang='lat' dir='ltr'><strong>tradat.</strong></span> <span class='ocrx_word' id='word_1_712' title='bbox 2685 4353 2967 4416; x_wconf 89' lang='lat' dir='ltr'><strong>Sumitur</strong></span> <span class='ocrx_word' id='word_1_713' title='bbox 3013 4354 3200 4416; x_wconf 87' lang='lat' dir='ltr'><strong>etiam</strong></span> <span class='ocrx_word' id='word_1_714' title='bbox 3251 4373 3330 4416; x_wconf 82' lang='lat' dir='ltr'><strong>ex</strong></span> <span class='ocrx_word' id='word_1_715' title='bbox 3373 4356 3672 4434; x_wconf 83' lang='lat' dir='ltr'><strong>proxime</strong></span> 
     </span>
     <span class='ocr_line' id='line_1_100' title="bbox 2093 4445 3672 4527; baseline 0.003 -20"><span class='ocrx_word' id='word_1_716' title='bbox 2093 4447 2309 4522; x_wconf 87' lang='lat' dir='ltr'><strong>dictis,</strong></span> <span class='ocrx_word' id='word_1_717' title='bbox 2351 4447 2660 4526; x_wconf 79' lang='lat' dir='ltr'><strong>adJ‘unctis</strong></span> <span class='ocrx_word' id='word_1_718' title='bbox 2715 4445 2852 4508; x_wconf 89' lang='lat' dir='ltr'><strong>aliis</strong></span> <span class='ocrx_word' id='word_1_719' title='bbox 2897 4465 3038 4526; x_wconf 82' lang='lat' dir='ltr'><strong>quae</strong></span> <span class='ocrx_word' id='word_1_720' title='bbox 3085 4446 3164 4508; x_wconf 89' lang='lat' dir='ltr'><strong>de</strong></span> <span class='ocrx_word' id='word_1_721' title='bbox 3213 4446 3452 4527; x_wconf 85' lang='lat' dir='ltr'><strong>objecto</strong></span> <span class='ocrx_word' id='word_1_722' title='bbox 3501 4447 3672 4511; x_wconf 85' lang='lat' dir='ltr'><strong>fidei</strong></span> 
     </span>
     <span class='ocr_line' id='line_1_101' title="bbox 2095 4539 3670 4604; baseline 0.003 -4"><span class='ocrx_word' id='word_1_723' title='bbox 2095 4539 2253 4601; x_wconf 84' lang='lat' dir='ltr'><strong>dicta</strong></span> <span class='ocrx_word' id='word_1_724' title='bbox 2279 4545 2443 4600; x_wconf 90' lang='lat' dir='ltr'><strong>sunt.</strong></span> <span class='ocrx_word' id='word_1_725' title='bbox 2471 4541 2547 4600; x_wconf 86' lang='lat' dir='ltr'><strong>Et</strong></span> <span class='ocrx_word' id='word_1_726' title='bbox 2569 4539 2912 4601; x_wconf 85' lang='lat' dir='ltr'><strong>declaratur</strong></span> <span class='ocrx_word' id='word_1_727' title='bbox 2939 4541 3246 4603; x_wconf 84' lang='lat' dir='ltr'><strong>breviter:</strong></span> <span class='ocrx_word' id='word_1_728' title='bbox 3273 4559 3418 4602; x_wconf 89' lang='lat' dir='ltr'><strong>nam</strong></span> <span class='ocrx_word' id='word_1_729' title='bbox 3445 4559 3670 4604; x_wconf 86' lang='lat' dir='ltr'><strong>assen-</strong></span> 
     </span>
     <span class='ocr_line' id='line_1_102' title="bbox 2092 4631 3668 4714; baseline 0.001 -20"><span class='ocrx_word' id='word_1_730' title='bbox 2092 4649 2196 4694; x_wconf 86' lang='lat' dir='ltr'><strong>sus</strong></span> <span class='ocrx_word' id='word_1_731' title='bbox 2223 4639 2393 4694; x_wconf 87' lang='lat' dir='ltr'><strong>actus</strong></span> <span class='ocrx_word' id='word_1_732' title='bbox 2424 4638 2516 4694; x_wconf 87' lang='lat' dir='ltr'><strong>est</strong></span> <span class='ocrx_word' id='word_1_733' title='bbox 2556 4631 2925 4708; x_wconf 85' lang='lat' dir='ltr'><strong>intellectus,</strong></span> <span class='ocrx_word' id='word_1_734' title='bbox 2961 4632 3271 4713; x_wconf 87' lang='lat' dir='ltr'><strong>significat</strong></span> <span class='ocrx_word' id='word_1_735' title='bbox 3297 4633 3462 4696; x_wconf 88' lang='lat' dir='ltr'><strong>enim</strong></span> <span class='ocrx_word' id='word_1_736' title='bbox 3484 4635 3668 4714; x_wconf 84' lang='lat' dir='ltr'><strong>judi-</strong></span> 
     </span>
     <span class='ocr_line' id='line_1_103' title="bbox 2089 4724 3669 4807; baseline 0.003 -21"><span class='ocrx_word' id='word_1_737' title='bbox 2089 4724 2278 4799; x_wconf 87' lang='lat' dir='ltr'><strong>eium,</strong></span> <span class='ocrx_word' id='word_1_738' title='bbox 2309 4743 2434 4805; x_wconf 92' lang='lat' dir='ltr'><strong>quo</strong></span> <span class='ocrx_word' id='word_1_739' title='bbox 2459 4724 2808 4786; x_wconf 87' lang='lat' dir='ltr'><strong>intellectus</strong></span> <span class='ocrx_word' id='word_1_740' title='bbox 2835 4725 2912 4787; x_wconf 87' lang='lat' dir='ltr'><strong>ad</strong></span> <span class='ocrx_word' id='word_1_741' title='bbox 2942 4744 3131 4788; x_wconf 87' lang='lat' dir='ltr'><strong>unam</strong></span> <span class='ocrx_word' id='word_1_742' title='bbox 3162 4741 3404 4807; x_wconf 87' lang='lat' dir='ltr'><strong>partem</strong></span> <span class='ocrx_word' id='word_1_743' title='bbox 3442 4727 3669 4792; x_wconf 77' lang='lat' dir='ltr'><strong>deter-</strong></span> 
     </span>
     <span class='ocr_line' id='line_1_104' title="bbox 2090 4817 3667 4885; baseline 0.004 -8"><span class='ocrx_word' id='word_1_744' title='bbox 2090 4818 2385 4878; x_wconf 91' lang='lat' dir='ltr'><strong>minatur.</strong></span> <span class='ocrx_word' id='word_1_745' title='bbox 2417 4817 2599 4879; x_wconf 88' lang='lat' dir='ltr'><strong>Notat</strong></span> <span class='ocrx_word' id='word_1_746' title='bbox 2624 4823 2834 4878; x_wconf 89' lang='lat' dir='ltr'><strong>autem</strong></span> <span class='ocrx_word' id='word_1_747' title='bbox 2863 4819 2934 4879; x_wconf 90' lang='lat' dir='ltr'><strong>D.</strong></span> <span class='ocrx_word' id='word_1_748' title='bbox 2965 4819 3232 4882; x_wconf 84' lang='lat' dir='ltr'><strong>Thomas</strong></span> <span class='ocrx_word' id='word_1_749' title='bbox 3258 4821 3324 4881; x_wconf 90' lang='lat' dir='ltr'><strong>in</strong></span> <span class='ocrx_word' id='word_1_750' title='bbox 3351 4820 3460 4882; x_wconf 88' lang='lat' dir='ltr'><strong>illa</strong></span> <span class='ocrx_word' id='word_1_751' title='bbox 3497 4839 3667 4885; x_wconf 77' lang='lat' dir='ltr'><strong>voce</strong></span> 
     </span>
     <span class='ocr_line' id='line_1_105' title="bbox 2086 4909 3658 4992; baseline 0.004 -23"><span class='ocrx_word' id='word_1_752' title='bbox 2086 4909 2424 4987; x_wconf 85' lang='lat' dir='ltr'><strong>significari</strong></span> <span class='ocrx_word' id='word_1_753' title='bbox 2446 4909 2776 4990; x_wconf 77' lang='lat' dir='ltr'><strong>judicium,</strong></span> <span class='ocrx_word' id='word_1_754' title='bbox 2801 4909 2969 4990; x_wconf 89' lang='lat' dir='ltr'><strong>quod</strong></span> <span class='ocrx_word' id='word_1_755' title='bbox 2997 4928 3124 4973; x_wconf 91' lang='lat' dir='ltr'><strong>non</strong></span> <span class='ocrx_word' id='word_1_756' title='bbox 3152 4931 3225 4974; x_wconf 82' lang='lat' dir='ltr'><strong>ex</strong></span> <span class='ocrx_word' id='word_1_757' title='bbox 3261 4914 3658 4992; x_wconf 83' lang='lat' dir='ltr'><strong>necessitate,</strong></span> 
     </span>
     <span class='ocr_line' id='line_1_106' title="bbox 2085 5001 3666 5081; baseline 0.004 -17"><span class='ocrx_word' id='word_1_758' title='bbox 2085 5001 2192 5064; x_wconf 85' lang='lat' dir='ltr'><strong>sed</strong></span> <span class='ocrx_word' id='word_1_759' title='bbox 2221 5021 2297 5063; x_wconf 83' lang='lat' dir='ltr'><strong>ex</strong></span> <span class='ocrx_word' id='word_1_760' title='bbox 2334 5002 2604 5081; x_wconf 85' lang='lat' dir='ltr'><strong>quadam</strong></span> <span class='ocrx_word' id='word_1_761' title='bbox 2645 5004 2995 5066; x_wconf 86' lang='lat' dir='ltr'><strong>assensione</strong></span> <span class='ocrx_word' id='word_1_762' title='bbox 3037 5023 3146 5067; x_wconf 88' lang='lat' dir='ltr'><strong>seu</strong></span> <span class='ocrx_word' id='word_1_763' title='bbox 3191 5011 3494 5069; x_wconf 82' lang='lat' dir='ltr'><strong>consensu</strong></span> <span class='ocrx_word' id='word_1_764' title='bbox 3541 5027 3666 5071; x_wconf 75' lang='lat' dir='ltr'><strong>vo·-</strong></span> 
     </span>
     <span class='ocr_line' id='line_1_107' title="bbox 2085 5093 3666 5176; baseline 0.004 -20"><span class='ocrx_word' id='word_1_765' title='bbox 2085 5093 2346 5156; x_wconf 87' lang='lat' dir='ltr'><strong>luntatis</strong></span> <span class='ocrx_word' id='word_1_766' title='bbox 2383 5095 2566 5156; x_wconf 90' lang='lat' dir='ltr'><strong>datur</strong></span> <span class='ocrx_word' id='word_1_767' title='bbox 2578 5112 2598 5173; x_wconf 85' lang='lat'><em>3</em></span> <span class='ocrx_word' id='word_1_768' title='bbox 2628 5095 2940 5176; x_wconf 88' lang='lat' dir='ltr'><strong>quomodo</strong></span> <span class='ocrx_word' id='word_1_769' title='bbox 2975 5097 3223 5160; x_wconf 81' lang='lat' dir='ltr'><strong>videtur</strong></span> <span class='ocrx_word' id='word_1_770' title='bbox 3265 5099 3490 5162; x_wconf 83' lang='lat' dir='ltr'><strong>dixisse</strong></span> <span class='ocrx_word' id='word_1_771' title='bbox 3518 5103 3666 5163; x_wconf 84' lang='lat' dir='ltr'><strong>Au-</strong></span> 
     </span>
     <span class='ocr_line' id='line_1_108' title="bbox 2087 5189 3670 5273; baseline 0.006 -26"><span class='ocrx_word' id='word_1_772' title='bbox 2087 5191 2374 5267; x_wconf 87' lang='lat' dir='ltr'><strong>gustinus</strong></span> <span class='ocrx_word' id='word_1_773' title='bbox 2412 5189 2490 5251; x_wconf 91' lang='lat' dir='ltr'><strong>de</strong></span> <span class='ocrx_word' id='word_1_774' title='bbox 2533 5190 2768 5268; x_wconf 88' lang='lat' dir='ltr'><strong>Spiritu</strong></span> <span class='ocrx_word' id='word_1_775' title='bbox 2805 5197 2868 5252; x_wconf 92' lang='lat' dir='ltr'><strong>et</strong></span> <span class='ocrx_word' id='word_1_776' title='bbox 2899 5189 3127 5267; x_wconf 90' lang='lat' dir='ltr'><strong>littera,</strong></span> <span class='ocrx_word' id='word_1_777' title='bbox 3155 5209 3290 5273; x_wconf 89' lang='lat' dir='ltr'><strong>cap.</strong></span> <span class='ocrx_word' id='word_1_778' title='bbox 3321 5195 3393 5255; x_wconf 83' lang='grc'><strong>31</strong></span> <span class='ocrx_word' id='word_1_779' title='bbox 3431 5211 3449 5255; x_wconf 86' lang='lat'>:</span> <span class='ocrx_word' id='word_1_780' title='bbox 3485 5194 3670 5268; x_wconf 74' lang='lat' dir='ltr'><strong>Quia</strong></span> 
     </span>
     <span class='ocr_line' id='line_1_109' title="bbox 2086 5285 3664 5368; baseline 0.005 -24"><span class='ocrx_word' id='word_1_781' title='bbox 2086 5287 2174 5344; x_wconf 75' lang='lat' dir='ltr'><strong>est</strong></span> <span class='ocrx_word' id='word_1_782' title='bbox 2211 5285 2464 5358; x_wconf 81' lang='lat' dir='ltr'><strong>credere,</strong></span> <span class='ocrx_word' id='word_1_783' title='bbox 2487 5285 2614 5346; x_wconf 71' lang='lat' dir='ltr'><strong>nisi</strong></span> <span class='ocrx_word' id='word_1_784' title='bbox 2639 5285 2966 5349; x_wconf 62' lang='lat' dir='ltr'><strong>commatre</strong></span> <span class='ocrx_word' id='word_1_785' title='bbox 2990 5304 3194 5349; x_wconf 72' lang='lat' dir='ltr'><strong>emm</strong></span> <span class='ocrx_word' id='word_1_786' title='bbox 3223 5305 3345 5351; x_wconf 74' lang='lat' dir='ltr'><strong>esee</strong></span> <span class='ocrx_word' id='word_1_787' title='bbox 3369 5289 3526 5368; x_wconf 77' lang='lat' dir='ltr'><strong>quod</strong></span> <span class='ocrx_word' id='word_1_788' title='bbox 3555 5291 3664 5351; x_wconf 82' lang='lat' dir='ltr'><strong>di-</strong></span> 
     </span>
     <span class='ocr_line' id='line_1_110' title="bbox 2083 5375 3656 5460; baseline 0.005 -22"><span class='ocrx_word' id='word_1_789' title='bbox 2083 5377 2246 5439; x_wconf 76' lang='lat' dir='ltr'><strong>oitwr</strong></span> <span class='ocrx_word' id='word_1_790' title='bbox 2259 5399 2287 5446; x_wconf 85' lang='lat'><strong>,·</strong></span> <span class='ocrx_word' id='word_1_791' title='bbox 2329 5393 2441 5455; x_wconf 89' lang='lat' dir='ltr'><strong>per</strong></span> <span class='ocrx_word' id='word_1_792' title='bbox 2482 5375 2656 5438; x_wconf 90' lang='lat' dir='ltr'><strong>illam</strong></span> <span class='ocrx_word' id='word_1_793' title='bbox 2713 5397 2862 5457; x_wconf 88' lang='lat' dir='ltr'><strong>ergo</strong></span> <span class='ocrx_word' id='word_1_794' title='bbox 2912 5379 3276 5460; x_wconf 86' lang='lat' dir='ltr'><strong>particulam</strong></span> <span class='ocrx_word' id='word_1_795' title='bbox 3327 5399 3612 5445; x_wconf 70' lang='lat' dir='ltr'><strong>assensus</strong></span> <span class='ocrx_word' id='word_1_796' title='bbox 3629 5429 3656 5458; x_wconf 92' lang='lat'>‚</span> 
     </span>
     <span class='ocr_line' id='line_1_111' title="bbox 2081 5469 3660 5555; baseline 0.006 -26"><span class='ocrx_word' id='word_1_797' title='bbox 2081 5487 2220 5548; x_wconf 75' lang='lat' dir='ltr'><strong>quse</strong></span> <span class='ocrx_word' id='word_1_798' title='bbox 2267 5469 2400 5531; x_wconf 87' lang='lat' dir='ltr'><strong>loeo</strong></span> <span class='ocrx_word' id='word_1_799' title='bbox 2443 5471 2690 5549; x_wconf 87' lang='lat' dir='ltr'><strong>generis</strong></span> <span class='ocrx_word' id='word_1_800' title='bbox 2722 5474 2995 5552; x_wconf 88' lang='lat' dir='ltr'><strong>ponitur,</strong></span> <span class='ocrx_word' id='word_1_801' title='bbox 3034 5472 3436 5555; x_wconf 87' lang='lat' dir='ltr'><strong>distinguitur</strong></span> <span class='ocrx_word' id='word_1_802' title='bbox 3475 5483 3660 5539; x_wconf 87' lang='lat' dir='ltr'><strong>actus</strong></span> 
     </span>
     <span class='ocr_line' id='line_1_112' title="bbox 2078 5561 3652 5652; baseline 0.006 -28"><span class='ocrx_word' id='word_1_803' title='bbox 2078 5561 2225 5625; x_wconf 86' lang='lat' dir='ltr'><strong>fidei</strong></span> <span class='ocrx_word' id='word_1_804' title='bbox 2262 5563 2342 5624; x_wconf 88' lang='lat' dir='ltr'><strong>ab</strong></span> <span class='ocrx_word' id='word_1_805' title='bbox 2391 5565 2563 5626; x_wconf 89' lang='lat' dir='ltr'><strong>omni</strong></span> <span class='ocrx_word' id='word_1_806' title='bbox 2611 5570 2751 5627; x_wconf 90' lang='lat' dir='ltr'><strong>actu</strong></span> <span class='ocrx_word' id='word_1_807' title='bbox 2779 5565 2988 5630; x_wconf 87' lang='lat' dir='ltr'><strong>elicito</strong></span> <span class='ocrx_word' id='word_1_808' title='bbox 3023 5584 3060 5628; x_wconf 88' lang='lat' dir='ltr'><strong>a</strong></span> <span class='ocrx_word' id='word_1_809' title='bbox 3095 5567 3445 5648; x_wconf 78' lang='lat' dir='ltr'><strong>voluntate;</strong></span> <span class='ocrx_word' id='word_1_810' title='bbox 3471 5572 3652 5652; x_wconf 86' lang='lat' dir='ltr'><strong>quia,</strong></span> 
     </span>
    </p>
   </div>
  </div>
 </body>
</html>
