3900 6217
574 402 742 455 SECT.
777 401 863 453 lx.
900 400 983 451 AN
1011 400 1329 453 rvaTUM
1362 398 1623 460 BELLUM,
1659 397 1799 450 SIVE
1833 398 2123 451 DUELLUM
2157 399 2255 453 sn·
2288 398 2653 454 INTRlNSECE
2684 400 2918 455 MALUM.

202 505 262 563 ὃ.
308 502 437 581 Rej
442 502 639 566 icitur
663 503 950 565 limitatio
972 501 1169 583 primo
1196 503 1541 565 recludendo
1563 520 1705 566 auc-

127 599 439 660 toritatem
459 598 795 679 principis.
820 628 903 643 --
923 597 1064 657 Haec
1094 614 1241 658 vero
1270 598 1547 675 exceptio
1591 596 1706 655 mi-

124 692 188 753 hi
252 708 383 750 non
446 690 770 769 probatur,
830 708 1015 768 quam
1073 690 1261 750 etiam
1289 690 1531 769 repellit
1568 690 1707 767 Syl-

124 790 277 843 vest.
312 828 329 855 ‚
380 783 569 843 verb.
624 783 903 845 Duellum
925 826 946 857 ,
1006 788 1069 843 et
1117 782 1412 844 Abulens.
1478 800 1697 862 supra3

124 881 389 949 Anton.,
424 878 467 937 3
504 882 694 955 part„
734 874 916 936 titulo
957 874 1094 955 4,§
1134 877 1208 947 3,
1260 894 1401 937 cum
1442 875 1583 936 aliis
1618 874 1703 935 ibi

123 970 435 1047 allegatis,
476 969 839 1049 Indicatque
859 970 1025 1043 Soto,
1042 970 1173 1031 5de
1188 969 1223 1030 J
1230 969 1461 1043 ustitia,
1486 974 1701 1049 quaest.

129 1069 189 1139 1,
229 1069 349 1124 art.
392 1064 459 1125 8.
512 1065 717 1141 Atque
751 1063 800 1123 si
847 1062 1231 1123 secludamus
1276 1063 1705 1123 auctoritatem

126 1155 457 1235 principiS.
496 1156 815 1231 suadetur,
838 1156 985 1235 quia
1017 1155 1080 1217 id
1099 1174 1314 1218 revera
1352 1174 1475 1217 non
1498 1156 1709 1217 defen-

130 1252 219 1312 sio
244 1255 361 1321 est,
390 1250 503 1309 sed
542 1249 880 1329 aggressio,
908 1268 1050 1311 cum
1078 1249 1354 1311 defensio
1372 1248 1573 1310 solum
1594 1248 1707 1311 ha·

130 1344 274 1403 beat
314 1342 534 1403 locum
570 1342 680 1403 ubi
706 1340 783 1403 ab
813 1336 1037 1403 actuali
1058 1360 1413 1421 aggressore
1437 1342 1709 1404 infertur

132 1437 253 1513 vis;
276 1435 387 1497 ille
399 1442 619 1495 autem
638 1442 957 1496 accusator
974 1454 1187 1497 revera
1204 1454 1329 1497 non
1352 1435 1541 1497 infert
1555 1436 1705 1511 vim,

133 1529 279 1609 quia
310 1548 441 1589 non
472 1530 645 1607 cogit
682 1528 757 1589 ad
788 1548 1088 1609 pugnam,
1116 1530 1218 1590 sed
1246 1531 1493 1603 invitat,
1522 1535 1584 1589 et
1606 1546 1707 1589 so-

133 1622 265 1684 lum
288 1621 553 1701 proprie
592 1622 950 1701 aggreditur
982 1622 1450 1695 calumniando;
1479 1621 1710 1681 calum-

134 1716 237 1775 nia
278 1721 501 1775 autem
551 1732 678 1776 non
717 1716 1109 1795 propulsatur
1153 1717 1241 1791 vi,
1283 1717 1388 1777 sed
1434 1715 1709 1777 veritatis

136 1808 673 1869 manifestatione¹
687 1856 702 1870 .
718 1810 888 1883 Quod
904 1810 957 1869 si
970 1809 1105 1869 haec
1124 1808 1427 1889 possibilis
1448 1825 1575 1867 non
1594 1811 1708 1876 est,

138 1920 545 1979 nequaquam
580 1900 723 1962 licet
764 1902 1109 1979 transgredi
1137 1903 1212 1962 ad
1250 1901 1451 1963 media
1478 1900 1715 1961 inordi-

139 2002 305 2070 nata,
338 2012 489 2074 quae
520 2012 669 2057 vere
694 2014 819 2055 non
842 2002 985 2055 sunt
1016 1983 1241 2071 media,
1274 1992 1379 2055 sed
1410 1994 1717 2072 patienter

140 2090 399 2149 ferenda
436 2096 539 2150 est
588 2107 775 2165 morS,
826 2107 952 2149 non
994 2107 1165 2151 secus
1206 2106 1279 2149 ac
1317 2088 1368 2147 si
1416 2088 1715 2148 innocens

142 2183 515 2264 probaretur
542 2202 771 2245 nocens
798 2202 907 2263 per
930 2182 1111 2243 falsos
1140 2190 1341 2245 testea.
1377 2180 1716 2244 Confirma-

146 2285 264 2350 tur,
285 2295 435 2337 nam
452 2278 503 2337 si
528 2277 716 2337 duelli
731 2278 1065 2356 acceptatio
1077 2283 1227 2338 tunc
1239 2276 1497 2337 haberet
1512 2275 1717 2335 locum

149 2369 554 2447 defensionis,
600 2382 761 2431 certe
804 2372 989 2430 etiam
1038 2369 1419 2449 provocatio,
1459 2369 1510 2429 si
1547 2366 1714 2428 aliud

150 2462 425 2523 medium
456 2482 592 2525 non
624 2468 1041 2537 succurreret;
1074 2481 1222 2523 nam
1256 2464 1443 2523 etiam
1472 2462 1591 2522 hoc
1622 2478 1718 2522 es-

152 2562 237 2615 set
260 2556 322 2615 vi
344 2556 652 2635 repellere
676 2558 828 2630 vim,
864 2574 1000 2635 quoe
1030 2556 1295 2617 infertur
1323 2554 1529 2635 gladio
1552 2554 1718 2633 judi-

154 2649 265 2722 cis;
315 2649 542 2710 liceret
580 2667 729 2727 ergo
766 2667 1095 2728 provocare
1133 2649 1209 2710 ad
1251 2650 1375 2711 tale
1410 2647 1714 2721 duellum,

156 2741 313 2819 quod
339 2749 541 2803 tumet
566 2743 815 2822 ipsimet
842 2748 1117 2804 auctores
1142 2742 1312 2803 citati
1330 2748 1585 2819 negant.
1614 2740 1720 2801 Se-

156 2845 373 2916 quetur
402 2836 673 2899 ulterius
694 2837 878 2897 licere
901 2844 1207 2911 accusato,
1230 2834 1488 2910 occulte,
1516 2835 1567 2895 si
1585 2852 1719 2913 pos-

157 2936 261 3003 set,
288 2931 575 2991 occidere
603 2936 1043 3004 accusatorem,
1068 2930 1119 2990 si
1140 2930 1286 2989 inde
1302 2936 1574 3008 speraret
1592 2928 1721 2989 sore

160 3030 225 3081 ut
250 3023 621 3085 liberaretur
645 3042 682 3084 a
708 3032 927 3084 morte.
961 3025 1133 3083 Patet
1160 3024 1438 3102 sequela3
1478 3041 1624 3084 nam
1654 3024 1722 3082 in

159 3116 515 3177 defensione
534 3117 703 3195 ‚justa
728 3117 966 3177 licitum
992 3122 1083 3177 est
1112 3117 1473 3195 praevenire.
1508 3116 1723 3193 Sequi-

160 3216 257 3269 tur
278 3216 585 3287 praeterea
603 3210 787 3269 licere
806 3209 919 3269 tibi
942 3217 1253 3288 acceptare
1272 3209 1394 3269 tale
1418 3206 1719 3281 duellum,

160 3321 235 3363 ne
262 3304 419 3365 forte
444 3324 560 3383 per
582 3304 855 3383 judicem
884 3303 1187 3383 quispiam
1219 3309 1279 3364 te
1311 3302 1509 3381 privet
1531 3301 1721 3377 fama,

162 3396 253 3455 vel
280 3398 575 3457 omnibus
602 3397 900 3473 fortunis3
934 3414 1057 3457 non
1088 3396 1253 3455 enim
1283 3396 1483 3455 solum
1510 3396 1575 3455 in
1611 3394 1725 3456 de-

162 3489 432 3551 fensione
476 3492 644 3566 vitae,
675 3492 781 3552 scd
822 3492 1008 3551 etiam
1038 3490 1104 3549 in
1136 3489 1491 3555 defensione
1524 3502 1729 3549 exter·

163 3602 378 3644 norum
424 3584 737 3646 bonorum
770 3586 913 3645 licet
953 3584 1147 3644 alium
1190 3584 1487 3643 occidere.
1529 3584 1727 3657 Negat

164 3678 491 3756 Cajetanus
546 3678 884 3757 sequelam,
943 3677 1109 3756 quia,
1168 3677 1394 3754 inquit,
1450 3675 1727 3735 defensio

164 3781 397 3836 armata
445 3773 649 3835 solum
692 3773 857 3847 licet,
906 3771 1157 3850 quando
1194 3770 1351 3831 alius
1392 3788 1491 3831 me
1540 3769 1729 3830 armis

164 3864 433 3943 invadit,
485 3867 551 3925 in
578 3884 760 3926 causa
790 3871 998 3926 autem
1033 3864 1364 3940 criminali,
1406 3863 1523 3924 etsi
1572 3863 1731 3923 alius

166 3974 285 4017 non
314 3960 441 4019 suis
475 3959 689 4033 armis,
722 3964 997 4021 attamen
1030 3957 1235 4036 gladio
1259 3957 1483 4035 judicis
1509 3972 1729 4033 aggre-

166 4050 329 4111 ditur
352 4076 367 4125 ;
394 4054 467 4113 in
494 4052 659 4113 civili
692 4070 835 4111 vero
864 4069 991 4112 non
1033 4052 1143 4124 ita,
1172 4050 1277 4110 sed
1306 4049 1611 4111 sententia
1634 4066 1731 4108 so-

168 4142 291 4203 lum
320 4147 573 4224 injusta.
615 4147 842 4207 Verum
885 4146 1001 4207 hoc
1040 4145 1199 4205 nihil
1226 4143 1449 4219 refert3
1482 4160 1629 4203 nam
1662 4142 1730 4201 in

170 4240 379 4315 primis
416 4239 527 4300 illa
554 4240 903 4301 differentia
939 4241 1015 4299 ad
1047 4258 1181 4300 rem
1218 4236 1515 4298 moralem
1548 4235 1731 4296 valde

171 4334 505 4395 materialis
537 4340 651 4408 est,
696 4352 833 4412 quae
875 4332 1133 4412 proinde
1170 4331 1326 4392 nihil
1374 4329 1611 4390 confert
1648 4328 1727 4389 ad

172 4423 573 4489 honestatem.
621 4428 795 4489 Unde
836 4426 941 4486 alii
962 4426 1011 4501 ²,
1060 4426 1175 4487 etsi
1220 4424 1471 4504 quidem
1520 4424 1730 4485 minus

174 4520 589 4596 probabiliter,
611 4521 812 4598 magis
838 4526 1043 4580 tamen
1070 4524 1536 4598 consequenter,
1562 4534 1732 4577 eam—

174 4610 311 4671 dem
333 4616 661 4693 utroblque
683 4614 983 4675 rationem
1008 4618 1430 4691 agnoscentes,
1452 4615 1733 4671 asserunt

175 4703 407 4769 licitum
444 4726 571 4769 esse
608 4710 738 4769 sive
775 4712 1114 4785 acceptare,
1150 4706 1279 4766 sive
1312 4704 1533 4765 offerre
1565 4703 1736 4763 duel-

175 4796 328 4872 lum,
380 4801 629 4880 quando
673 4802 967 4861 innocens
1006 4796 1507 4860 condemnandus
1549 4801 1733 4868 esset,

178 4894 359 4953 etiam
382 4896 458 4955 ad
490 4912 743 4971 gravem
766 4894 947 4954 famae
970 4900 1078 4953 aut
1107 4893 1497 4953 fortunarum
1533 4890 1737 4966 jactu-

182 5002 329 5047 ram.
384 4988 613 5049 Deinde
637 4987 965 5066 Cajetanus
986 4988 1169 5049 etiam
1192 4986 1415 5046 falsum
1442 4984 1732 5058 assumit3

266 5181 279 5214 ¹
314 5178 589 5239 Concinit
614 5176 823 5238 Salon.
854 5178 915 5237 2.
942 5176 1005 5247 2,
1035 5193 1089 5235 c.
1120 5175 1223 5247 64,
1254 5178 1371 5234 art.
1402 5174 1462 5246 3,
1492 5178 1737 5233 contro-

186 5286 338 5331 νει-3.
374 5273 429 5331 3.

262 5364 289 5401 ²
319 5366 383 5424 ln
404 5366 502 5427 his
521 5368 615 5425 est
634 5362 885 5431 Melina,
908 5360 986 5421 de
1002 5362 1035 5421 J
1042 5360 1251 5421 ustitia
1268 5360 1735 5435 commutativa,

190 5457 338 5538 disp.
369 5464 467 5535 1'1,
494 5476 667 5519 num.
698 5460 770 5531 73
801 5457 1009 5527 Sanc„
1038 5470 1179 5514 cum
1208 5453 1343 5513 aliis
1350 5496 1371 5527 ,
1408 5470 1562 5533 quos
1589 5452 1739 5515 alle-

195 5559 311 5628 gat,
340 5555 383 5615 l.
408 5556 448 5615 2
478 5551 673 5616 Decal.
696 5569 748 5612 c.
782 5551 883 5625 39,
914 5565 1094 5609 num.
1124 5548 1187 5608 8.

3236 400 3343 460 761

1785 519 1931 560 nam
1952 502 2002 561 si
2024 502 2164 581 quis
2181 501 2312 561 sine
2337 502 2526 561 armis
2548 518 2680 562 rem
2701 520 2904 563 meam
2929 501 3114 565 vellet
3134 505 3354 583 furari,

1786 612 1901 657 nec
1939 596 2072 656 sine
2118 596 2308 657 armis
2333 593 2604 656 valerem
2632 595 2927 675 injuriam
2969 600 3353 679 propulsare,

1788 706 1897 767 per
1932 706 2108 748 arma
2155 687 2338 766 plane
2368 687 2432 747 id
2475 686 2720 764 liceret3
2759 706 2907 767 ergo
2944 692 3228 753 similiter
3264 694 3356 772 ja·

1790 787 2031 841 cturam
2069 780 2242 842 illam
2289 781 2472 842 famae
2515 787 2625 841 aut
2663 782 2990 859 bonorum,
3035 804 3354 847 armorum

1784 873 2142 935 defensione
2191 880 2488 951 avertere,
2537 875 2818 936 oblatum
2845 895 2884 937 a
2911 878 3356 942 calumniatore

1784 967 2066 1029 duellum
2087 969 2482 1046 acceptando.
2511 969 2684 1042 Quod
2705 988 2850 1031 vero
2871 971 3062 1051 aliqui
3093 979 3352 1051 negant,

1786 1061 1903 1123 hoc
1928 1061 2118 1122 etiam
2143 1061 2344 1122 simile
2372 1080 2524 1137 esse,
2555 1063 2726 1141 quia,
2757 1062 3067 1139 videlicet,
3102 1071 3354 1144 propter

1790 1154 1956 1215 bona
1975 1160 2230 1217 externa
2251 1172 2380 1216 non
2401 1153 2548 1217 licet
2569 1156 2835 1234 cuipiam
2867 1174 2932 1216 se
2959 1158 3172 1217 mortis
3199 1159 3361 1237 peri·

1789 1248 1928 1309 culo
1969 1264 2296 1326 exponere,
2335 1248 2486 1309 falso
2531 1266 2607 1309 ex
2653 1248 2761 1309 tali
2804 1248 3212 1311 fundamento
3251 1270 3357 1312 ne—

1790 1347 1964 1421 gant.
1997 1341 2354 1417 Enimvero,
2379 1346 2451 1401 ut
2473 1341 2708 1403 dictum
2731 1348 2824 1403 est
2851 1344 2918 1403 in
2945 1361 3208 1404 numero
3235 1350 3356 1405 ter-

1788 1436 1903 1510 tio,
1946 1453 2074 1496 non
2127 1440 2375 1496 tenetur
2414 1435 2512 1494 vir
2561 1433 2785 1496 nobilis
2839 1433 3058 1513 fugam
3111 1454 3355 1515 capere,

1788 1530 2072 1609 quamvis
2109 1528 2487 1608 expectando
2522 1529 2893 1605 invasorem,
2937 1530 3016 1589 ad
3053 1530 3358 1593 tuendum

1788 1623 2089 1683 honorem
2113 1642 2227 1683 suo
2249 1623 2434 1684 statui
2475 1628 2946 1702 congruentem,
2989 1630 3259 1705 exponat
3296 1642 3362 1686 se

1794 1718 2008 1777 mortis
2039 1714 2332 1795 pericu10.

1874 1812 1934 1871 6.
1985 1808 2260 1873 Secundo
2289 1814 2345 1872 et
2361 1808 2794 1891 principaliter
2817 1810 3103 1889 rejicitur
3128 1811 3364 1876 limita·-

1797 1904 1905 1966 tio.
1931 1936 2016 1949 —
2036 1903 2289 1977 Ultimo,
2319 1922 2444 1963 non
2479 1910 2680 1983 potest
2705 1921 2848 1964 reus
2876 1903 2963 1963 sic
2993 1902 3148 1965 Ialso
3183 1922 3363 1967 accu-

1796 2004 1962 2058 satus
1989 1996 2262 2056 occidere
2291 2014 2470 2057 suum
2492 2003 2906 2057 accusatorem
2933 2018 2950 2071 ;
2981 2014 3130 2075 ergo
3159 2016 3362 2078 neque

1794 2090 1941 2152 licet
1975 2090 2144 2153 idem
2185 2096 2423 2151 tentare
2460 2108 2568 2170 per
2599 2090 2904 2151 duellum.
2947 2092 3118 2152 Patet
3147 2110 3364 2154 couse-

1795 2184 2076 2263 quentia3
2102 2182 2268 2263 quod
2295 2183 2462 2243 enim
2493 2202 2621 2243 non
2647 2182 2790 2245 licet
2815 2184 3039 2259 facere,
3067 2202 3193 2245 non
3221 2185 3364 2248 licet

1796 2277 2076 2355 aggredi.
2107 2276 2494 2338 Antecedens
2525 2278 2714 2338 etiam
2750 2278 2964 2355 liquet,
2996 2284 3132 2337 tum
3163 2296 3240 2339 ex
3271 2278 3366 2339 di-

1797 2370 2092 2443 ctis„tum
2119 2370 2307 2429 etiam
2338 2371 2642 2448 example.
2672 2371 2827 2444 Quia
2851 2371 2900 2430 si
2927 2372 3163 2445 Petrus,
3191 2372 3366 2433 verbi

1798 2466 2018 2543 gratia,
2051 2464 2234 2524 sciret
2267 2464 2528 2524 Paulum
2556 2464 2791 2525 dedisse
2823 2463 3006 2525 alteri
3046 2466 3361 2542 pecunias,

1798 2563 1868 2616 ut
1896 2557 1947 2616 is
1971 2558 2220 2619 Petrum
2251 2556 2575 2630 occideret,
2607 2574 2732 2617 non
2765 2556 2974 2618 liceret
3002 2558 3182 2618 Petro
3209 2558 3365 2619 Pau-

1798 2650 1931 2711 lum
1961 2669 2072 2710 sua
2098 2650 2460 2711 auctoritate
2493 2650 2788 2725 occidere,
2823 2651 3110 2728 quamvis
3135 2650 3365 2711 intelli-

1800 2750 1973 2822 geret
2009 2762 2074 2805 sc
2116 2761 2242 2804 non
2289 2741 2412 2803 alia
2454 2744 2554 2803 via
2595 2749 2862 2805 mortem
2911 2744 2989 2805 ab
3029 2743 3136 2805 illo
3181 2745 3365 2807 tertio

1800 2856 2128 2899 evasurum
2154 2854 2172 2914 3
2196 2837 2380 2917 idque
2405 2855 2531 2897 non
2556 2838 2745 2900 aliam
2774 2838 2855 2899 ob
2882 2856 3150 2913 causam,
3176 2856 3368 2918 quam

1800 2932 1966 3010 quod
1999 2931 2222 2993 Paulus
2249 2950 2360 3011 per
2378 2950 2442 2993 se
2469 2933 2598 2991 vim
2626 2950 2752 2994 non
2781 2934 3046 3008 inferat3
3078 2950 3225 3011 ergo
3255 2952 3370 2994 nec

1803 3025 2030 3105 poterit
2056 3024 2338 3084 similiter
2359 3023 2514 3084 falso
2537 3026 2700 3103 apud
2719 3025 2992 3103 judicem
3018 3035 3361 3102 accusatuS,

1802 3135 1982 3177 suum
2012 3117 2368 3177 interimere
2393 3125 2830 3179 accusatorem.
2861 3120 2936 3179 Et
2963 3117 3371 3180 confirmatur

1802 3210 2080 3285 tandem,
2105 3211 2257 3289 quia
2282 3210 2542 3271 dubium
2565 3228 2691 3271 non
2723 3216 2815 3271 est
2845 3212 3020 3290 quin,
3053 3214 3102 3271 si
3128 3218 3371 3272 contra-

1805 3304 1900 3364 ria
1927 3303 2138 3382 opinio
2165 3302 2619 3378 admitteretur,
2650 3305 2932 3382 plurimae
2959 3305 3104 3365 inde
3133 3306 3372 3367 oriren-

1807 3402 1911 3455 tur
1938 3396 2182 3474 injustae
2213 3396 2406 3456 caedes
2434 3397 2500 3456 in
2531 3414 2824 3475 magnam
2853 3396 3205 3476 reipublicae
3233 3417 3372 3477 per-

1806 3489 2032 3549 niciem
2045 3504 2064 3565 ;
2091 3489 2268 3549 facile
2293 3490 2522 3568 quippe
2536 3490 2654 3550 sibi
2671 3490 2930 3569 quisque
2951 3491 3368 3569 persuaderet,

1807 3583 2036 3661 injuste
2065 3602 2128 3644 se
2157 3584 2222 3643 in
2252 3582 2482 3658 iudicio
2510 3585 2807 3659 accusari,
2843 3602 2957 3643 nec
2998 3584 3166 3645 aliud
3193 3604 3376 3664 supe-

1808 3694 1974 3737 resse
2002 3677 2346 3737 remedium
2378 3675 2454 3736 ad
2488 3676 2705 3751 vitam,
2735 3676 3036 3737 honorem
3073 3684 3183 3737 aut
3210 3676 3377 3738 boua

1812 3769 2066 3843 tuenda,
2109 3788 2298 3849 quam
2343 3770 2393 3830 si
2428 3775 2841 3831 accusatorem
2875 3770 3129 3831 occidat.
3175 3771 3376 3833 Fieret

1812 3865 2000 3925 etiam
2021 3870 2092 3923 ut
2105 3864 2155 3923 si
2172 3865 2330 3942 quiS,
2353 3881 2430 3943 ex
2449 3863 2802 3940 ignorantia
2824 3863 3194 3939 invincibili,
3211 3864 3378 3925 bona

1813 3957 2065 4035 quidem
2096 3955 2239 4029 fide,
2270 3954 2375 4015 sed
2402 3960 2614 4015 tamen
2650 3956 2825 4029 falso,
2865 3958 3222 4036 quempiam
3269 3976 3376 4019 ac-

1810 4057 2096 4124 cusasset,
2121 4055 2320 4129 posset
2333 4056 2652 4110 accusatus
2658 4094 2676 4124 ,
2699 4050 2774 4111 ad
2801 4050 2992 4111 vitam
3011 4059 3122 4112 aut
3143 4052 3377 4115 famam

1809 4146 2134 4218 tuendam,
2155 4146 2546 4204 innocentem
2569 4142 2751 4204 illum
2770 4144 3080 4220 occidere3
3104 4164 3250 4207 nam
3277 4147 3380 4208 hic

1810 4240 1999 4300 etiam
2049 4238 2344 4299 innocens
2384 4243 2698 4298 accusator
2747 4256 2870 4297 non
2917 4239 3124 4299 minus
3171 4240 3379 4319 gladio

1804 4332 2030 4411 judicis
2071 4331 2264 4391 alium
2293 4331 2554 4405 invadit,
2590 4349 2776 4410 quam
2809 4331 2860 4391 si
2897 4350 2972 4391 ex
3007 4332 3245 4394 malitia
3277 4352 3380 4395 ac-

1811 4430 2104 4497 cusasset,
2133 4442 2276 4485 cum
2304 4424 2381 4483 de
2407 4423 2564 4483 facto
2595 4424 2698 4483 hic
2725 4425 2912 4484 etiam
2947 4425 3026 4484 sit
3056 4426 3245 4487 vitam
3288 4426 3376 4486 al-

1813 4520 1930 4581 teri
1954 4524 2063 4579 aut
2085 4518 2316 4577 famam
2364 4535 2470 4596 per
2490 4516 2710 4579 falsam
2735 4518 3184 4579 accusationem
3209 4519 3378 4580 abla-

1814 4617 2010 4672 turus.
2053 4612 2184 4684 Quo
2228 4610 2299 4669 fit
2337 4617 2429 4684 ut,
2470 4610 2614 4670 licet
2653 4610 3033 4689 speculative
3071 4610 3380 4690 loquendo

1816 4704 2126 4765 contraria
2156 4704 2364 4781 opinio
2403 4701 2686 4763 videatur
2725 4702 2984 4765 fortasse
3019 4704 3378 4783 probabilis,

1816 4797 1990 4857 nulla
2015 4804 2226 4857 tamen
2259 4795 2498 4856 ratione
2529 4797 2608 4856 sit
2645 4797 2712 4856 in
2753 4797 2928 4875 praxi
2971 4797 3376 4859 admittenda.

1898 4894 1958 4951 7.
2006 4888 2314 4969 Rejicitur
2369 4890 2630 4951 ulterius
2676 4893 2865 4970 prout
2893 4908 2932 4953 a
2962 4888 3246 4969 Cajetano
3279 4908 3383 4953 su-

1818 4984 2182 5049 blimitatur.
2201 5016 2286 5029 -
2327 4982 2565 5046 Ultima
2601 4984 2840 5045 tandem
2884 4982 3182 5045 instantia
3225 4984 3383 5045 labo-

1814 5084 2090 5155 factatua·
2105 5124 2120 5151 ‚
2177 5082 2236 5139 et
2289 5076 2646 5139 vendicetur
2712 5076 3072 5157 yeme-aliter
3126 5077 3384 5139 secunda

1819 5171 2142 5234 conclusio,
2172 5201 2252 5215 -·-
2275 5168 2450 5241 Quod
2505 5185 2652 5229 vero
2681 5168 3008 5247 Cajetanus
3042 5168 3153 5242 ait,
3198 5168 3384 5229 licere

1818 5269 2134 5343 acceptare
2157 5261 2460 5337 duellum,
2483 5260 2702 5322 saltem
2741 5278 2816 5321 ex
2859 5260 3110 5323 licentia
3155 5262 3384 5340 princi-

1818 5359 1935 5438 pis,
2019 5374 2146 5416 non
2202 5355 2446 5415 videtur
2494 5354 2641 5415 satis
2687 5354 3138 5415 consideratum
3183 5375 3197 5413 ε
3231 5372 3381 5414 nam

1820 5452 2106 5530 princeps
2133 5466 2256 5508 non
2284 5454 2486 5525 potest
2519 5448 2682 5526 juste
2723 5446 2870 5507 «lare
2909 5445 3097 5507 talem
3121 5446 3382 5507 faculta-

1818 5550 1987 5619 tem;
2017 5542 2166 5619 quia
2197 5540 2292 5603 vel
2325 5527 2662 5601 secun'dum
2709 5539 2976 5619 allegata
3010 5545 3072 5601 et
3099 5539 3378 5621 probata,
