3900 6217
713 404 885 458 suffr.
922 405 1046 458 vul.
1084 405 1168 456 AN
1199 405 1487 458 sumnum
1522 404 1815 458 PRAEl‘lUH
1847 407 1931 458 ΑΙ)
1967 404 2380 458 VOLUNTATEM
2413 405 2735 470 annENm,
2773 407 2905 460 ETC.

194 501 313 566 hoe
338 520 497 582 ergo
526 503 853 583 principio,
889 501 1135 564 videtur
1154 502 1437 564 concludi
1464 502 1644 564 illum
1662 521 1763 564 ac-

193 601 331 656 tum
356 614 492 658 esse
516 596 1047 675 supernaturalem
1082 597 1289 675 quoad
1328 594 1761 669 substantiam,

192 692 473 750 maxime
502 690 567 752 in
590 698 796 750 nostra
826 690 1133 753 doctrina.
1162 691 1391 765 Primo,
1411 690 1558 768 qnia
1580 707 1763 768 prop-

192 788 289 842 ter
310 781 547 844 similia
564 783 921 846 testimonia
936 783 1207 843 diximus
1226 782 1608 844 voluntatem
1638 800 1764 842 cre-

188 875 385 938 dendi
400 894 533 940 esse
550 875 1085 956 supernaturalem
1106 875 1310 954 quoad
1324 875 1760 947 substantiam;

192 966 299 1028 hie
322 976 539 1030 autem
580 987 705 1030 non
735 975 827 1030 est
860 969 1067 1028 minus
1094 968 1437 1030 necessaria
1458 968 1659 1046 gratia
1686 967 1765 1030 ad

188 1059 371 1123 illam
399 1062 841 1141 cogit-ationem
866 1062 1191 1141 proeviam,
1224 1079 1415 1140 quam
1450 1060 1529 1120 ad
1566 1060 1765 1138 ipsam

188 1155 625 1234 voluntatem3
662 1156 813 1236 quia
834 1155 970 1218 haec
994 1158 1325 1218 necessitas
1352 1173 1479 1216 non
1518 1162 1609 1216 est
1632 1161 1768 1214 tan-

188 1253 335 1310 tum
376 1267 489 1328 per
517 1248 823 1324 accidenS,
850 1249 957 1310 sed
982 1267 1097 1328 per
1128 1267 1217 1323 se,
1246 1254 1311 1312 ct
1332 1267 1411 1308 ex
1439 1257 1667 1310 natura
1694 1244 1767 1306 fi-

184 1341 295 1402 dei
314 1363 335 1416 3
360 1343 629 1422 ideoque
656 1342 721 1403 in
740 1343 915 1402 omni
940 1349 1083 1404 actu
1102 1348 1167 1404 et
1186 1342 1255 1404 in
1281 1341 1456 1404 omni
1480 1340 1767 1402 credente

184 1436 553 1498 necessaria
602 1442 697 1498 est
738 1436 847 1498 illa
884 1438 1105 1514 gratia,
1138 1437 1383 1498 etiamsi
1427 1434 1598 1496 nulla
1645 1433 1769 1494 alia

180 1527 537 1592 difficultas
558 1535 869 1603 occurrat,
914 1536 1143 1609 praeter
1180 1547 1317 1592 eam
1360 1547 1501 1608 quae
1549 1527 1771 1588 intrin-

182 1639 339 1684 seca
360 1629 459 1684 est
476 1624 593 1702 ipsi
606 1620 775 1684 fidei.
797 1622 975 1684 Unde
997 1622 1275 1702 sequitur
1292 1622 1417 1682 alia
1440 1620 1627 1694 ratio,
1646 1637 1773 1699 qua

180 1735 363 1796 saepe
395 1717 499 1778 usi
524 1733 769 1792 sumus,
812 1718 963 1796 quia
994 1717 1135 1778 talis
1183 1716 1513 1778 necessitas
1558 1714 1773 1793 gratim

185 1809 355 1872 solet
396 1826 541 1874 esse
588 1815 843 1890 propter
886 1807 1296 1870 substantiam
1340 1816 1537 1882 actus,
1566 1824 1771 1886 neque

186 1903 511 1980 assignari
538 1907 737 1982 potest
776 1902 997 1963 modus
1049 1911 1299 1982 propter
1334 1920 1519 1983 quem
1558 1903 1641 1962 sit
1664 1917 1773 1960 ne·

190 1997 489 2058 cessaria.
516 1996 751 2071 Tertio,
784 2001 879 2056 est
914 2013 1217 2075 apparens
1254 1997 1437 2071 ratio,
1480 1995 1628 2074 quia
1668 2011 1774 2054 vo-

186 2089 409 2150 luntas
450 2089 740 2169 sequitur
780 2088 1199 2163 intellectum3
1240 2106 1391 2166 ergo
1436 2107 1562 2149 non
1602 2091 1771 2168 prius

192 2182 489 2244 elevatur
528 2183 821 2244 voluntas
858 2183 939 2244 ad
976 2181 1511 2262 supernaturalem
1534 2189 1766 2260 actum,

192 2293 391 2355 quam
434 2275 785 2336 intellectus
796 2291 819 2353 3
846 2293 1018 2354 ergo,
1062 2277 1115 2336 si
1148 2275 1433 2336 voluntas
1480 2275 1769 2336 credendi

192 2367 697 2446 supernaturalis
736 2375 853 2444 ost,
896 2369 1080 2430 debet
1122 2386 1467 2448 supponere
1498 2369 1564 2428 in
1596 2367 1773 2428 intel·

192 2460 370 2522 lectu
398 2467 615 2522 actum
642 2461 1203 2541 supernaturalem,
1232 2461 1383 2522 alias
1408 2462 1596 2523 etiam
1640 2480 1774 2540 pos·

192 2561 293 2618 set
321 2553 625 2616 voluntas
672 2573 917 2634 sperare
956 2562 1020 2615 et
1044 2571 1254 2616 amare
1292 2554 1774 2635 supernaturali-

194 2653 315 2723 ter,
345 2649 487 2710 sine
532 2647 769 2727 praevia
815 2647 1173 2726 cognitione
1212 2647 1667 2727 supernaturali
1704 2649 1771 2708 in

194 2741 549 2804 intellectu.

273 2841 339 2900 4.
382 2837 655 2900 Primus
674 2839 915 2903 dicundi
936 2840 1147 2901 modus
1168 2839 1237 2900 iu
1244 2833 1558 2920 proposita
1582 2855 1772 2918 φαει-

200 2933 473 2994 ιὶοιιι.-
494 2931 667 3010 Ejus
712 2933 1199 3011 fundamentum.
1216 2965 1299 2976 --
1343 2929 1767 3010 Confirmatm.

209 3057 289 3072 -
304 3025 375 3086 ln
394 3024 517 3086 hoc
542 3032 801 3104 puncto,
855 3025 1003 3104 quia
1043 3023 1309 3086 difficilis
1344 3031 1436 3085 est
1456 3025 1768 3101 resolutio,

206 3137 553 3197 proponam
578 3119 752 3198 prius
775 3119 1109 3180 nonnullos
1132 3119 1377 3179 dicendi
1396 3119 1631 3193 modos,
1662 3119 1771 3198 qui

206 3212 301 3271 rel
338 3212 581 3272 inventi
629 3219 691 3279 et
734 3214 951 3274 asserti
988 3219 1157 3287 sunt,
1200 3213 1301 3274 vel
1340 3212 1598 3289 cogitari
1638 3229 1773 3290 pos-

200 3312 371 3366 sunt..
427 3306 675 3366 Primus
713 3312 827 3380 est,
858 3311 1005 3366 ante
1048 3305 1433 3366 voluntatem
1482 3303 1769 3365 credendi

198 3417 326 3458 non
365 3416 505 3460 oeoe
542 3397 981 3472 necessarimm
1010 3398 1345 3458 secundum
1392 3397 1770 3461 ordinariam

196 3491 435 3570 legem,
453 3492 645 3553 aliam
666 3491 1131 3569 cogitationem,
1158 3489 1251 3550 vel
1271 3490 1599 3570 judicium,
1616 3507 1774 3569 prte-

194 3591 293 3644 ter
314 3583 479 3644 illud
504 3583 695 3663 quod,
724 3601 801 3646 ex
822 3583 888 3644 vi
913 3591 1184 3644 exteruae
1209 3582 1639 3662 propositionis
1664 3581 1773 3642 ob-

190 3679 344 3756 jecti
362 3676 515 3738 fidei
542 3677 923 3752 sufficientis,
948 3681 1151 3756 potest
1175 3675 1429 3738 formari
1452 3682 1517 3736 et
1536 3676 1774 3755 concipi

194 3771 275 3831 ab
302 3770 658 3848 intellectu,
686 3789 795 3850 pet
820 3788 962 3832 suas
987 3768 1301 3830 naturales
1344 3769 1503 3829 vires
1546 3774 1611 3828 et
1656 3785 1771 3828 suo

194 3861 443 3926 lumine
493 3881 567 3924 ac
622 3864 906 3924 discursu
952 3868 1270 3942 operante.
1320 3861 1509 3940 Cujus
1548 3859 1773 3922 funda·

204 3963 497 4018 mentum
546 3956 927 4036 praecipuum
968 3961 1085 4030 est,
1118 3954 1283 4034 quod
1326 3954 1597 4016 secundo
1636 3954 1771 4015 loco

200 4069 317 4132 pro
344 4051 545 4131 priori
574 4057 749 4129 parte
776 4048 1069 4129 proposui
1104 4049 1171 4110 in
1196 4066 1373 4110 num.
1406 4051 1469 4123 2,
1516 4054 1579 4110 et
1622 4049 1771 4128 quia

200 4145 547 4224 propositio
592 4143 741 4205 fidei
793 4143 932 4203 ideo
982 4141 1291 4204 sufficiens
1340 4143 1767 4218 existimatur,

200 4252 349 4315 qma
392 4241 616 4316 potens
650 4241 747 4297 est
769 4235 851 4296 ad
894 4235 1317 4296 inducendum
1361 4235 1766 4310 intellectum,

202 4337 272 4391 ut
302 4329 551 4407 judicet
599 4346 733 4390 esse
778 4327 1085 4390 credenda
1111 4345 1255 4408 quse
1292 4333 1764 4408 proponuntur3

210 4441 359 4484 nam
386 4425 442 4484 si
481 4429 709 4502 praeter
735 4421 913 4497 illud,
940 4421 1175 4502 aliquid
1195 4421 1367 4483 aliud
1394 4423 1655 4483 interius
1676 4439 1771 4484 re-

210 4517 507 4596 quiritur,
534 4515 871 4595 propositio
900 4513 1009 4574 illa
1034 4532 1163 4574 non
1205 4521 1399 4594 potest
1440 4514 1563 4576 dici
1604 4513 1771 4574 suffi-

202 4612 403 4672 ciens.
434 4607 854 4670 Nihilominus
878 4613 1093 4668 tamen
1118 4606 1347 4668 fatetur
1372 4606 1505 4668 haec
1536 4607 1768 4686 opinio,

204 4709 465 4783 propter
495 4707 936 4780 argumentum
964 4717 1077 4779 pro
1110 4701 1421 4762 contraria
1444 4707 1621 4780 parte
1647 4700 1770 4761 fac-

198 4806 335 4858 tum
386 4797 461 4858 in
508 4811 689 4855 num.
738 4791 1030 4873 praeced„
1079 4793 1249 4854 illam
1306 4793 1766 4872 cogitationem,

198 4909 339 4970 qne
364 4907 447 4952 ex
488 4887 913 4967 propositione
946 4893 1201 4946 externa
1225 4887 1293 4946 in
1332 4885 1647 4947 intellectu
1675 4903 1770 4948 re-

204 4983 421 5057 sultat,
452 4998 585 5044 esse
612 4997 767 5060 opus
790 4979 1011 5058 gratiae
1038 4985 1103 5039 et
1124 4978 1359 5039 donum
1376 4979 1509 5054 Dei,
1532 4986 1602 5039 ut
1614 4979 1771 5040 Con-

202 5077 348 5138 cilia
375 5083 443 5138 et
478 5075 691 5136 Patres
718 5073 993 5147 tradunt,
1021 5073 1169 5152 quia
1194 5079 1257 5133 et
1284 5072 1421 5151 ipsa
1462 5071 1771 5134 sufficiens

204 5170 545 5250 propositio
580 5165 1067 5247 supernaturalis
1110 5173 1204 5227 est
1236 5165 1445 5245 aliquo
1472 5167 1678 5241 modo,
1708 5172 1771 5227 et

204 5281 333 5324 non
358 5263 563 5323 solum
608 5259 940 5340 perillam,
964 5258 1075 5318 sed
1118 5258 1307 5318 etiam
1350 5259 1613 5319 interius
1654 5258 1742 5320 im

204 5355 665 5417 mediateDeus
707 5351 919 5412 influit
960 5351 1031 5411 in
1070 5350 1507 5428 cogitationem
1546 5340 1768 5430 ipsam,

204 5451 313 5529 qui
336 5447 617 5510 influxus
654 5463 784 5506 non
820 5447 917 5505 est
963 5451 1202 5506 naturae
1236 5443 1499 5516 debitus,
1530 5451 1595 5506 et
1631 5443 1771 5506 ideo

206 5549 297 5603 est
326 5559 487 5621 opus
512 5539 733 5618 gratim
768 5543 833 5600 et
868 5537 1103 5600 donum
1150 5538 1285 5614 Dei,
1336 5538 1505 5618 quod
1550 5538 1769 5599 confir-

526 5661 631 5708 xil·

3290 400 3408 462 493

1844 505 2007 564 mari
2065 509 2266 583 potent
2320 523 2397 566 ex
2453 506 2800 583 Augustino
2825 549 2845 580 ,
2899 503 3058 566 libro
3104 505 3182 566 de
3243 506 3404 585 Spir.

1844 603 1908 657 et
1946 597 2096 673 litt„
2147 615 2278 678 cap.
2325 600 2424 674 34,
2484 598 2592 658 ubi
2647 600 2796 660 dicit
2853 600 3044 659 Deum
3095 600 3408 662 interdum

1848 707 2099 751 movere
2139 691 2216 750 ad
2251 691 2438 753 fidem
2486 697 2732 752 tantum
2777 692 3060 768 interius,
3094 692 3409 752 interdum

1846 803 1995 844 vero
2043 801 2154 863 per
2203 786 2508 846 exteriora
2559 785 2830 863 objecta3
2878 785 2980 846 hic
3042 792 3252 844 autem
3318 791 3412 846 est

1846 878 2071 938 modus
2133 879 2484 939 ordinarius
2537 878 2616 938 de
2667 895 2792 958 quo
2843 877 3200 958 loquimur.
3261 897 3413 960 qua·

1846 987 1941 1045 re,
1991 977 2108 1032 etc.

1929 1067 1990 1126 5.
2037 1065 2452 1148 Impuqnatm·
2491 1067 2820 1147 praedictus
2869 1067 3099 1130 modwe-
3129 1099 3214 1113 —
3255 1065 3414 1140 Quo·

1850 1161 2130 1222 rumdam
2155 1162 2462 1242 responsio
2491 1163 2574 1224 ad
2597 1161 3124 1243 impuynationem.
3141 1193 3225 1206 —-
3269 1161 3414 1226 Non

1850 1253 2188 1332 satisfacit,
2237 1255 2459 1334 primo.
2501 1285 2584 1300 —
2635 1253 2930 1318 Secundo.
2967 1287 3048 1299 -
3081 1253 3228 1314 Haec
3266 1271 3414 1314 vero

1852 1347 2153 1406 sententia
2191 1346 2366 1407 nullo
2393 1346 2578 1408 modo
2603 1347 2924 1426 probanda
2961 1353 3074 1420 est,
3117 1352 3188 1408 ut
3225 1347 3413 1408 etiam

1854 1438 2121 1516 intelligi
2147 1445 2346 1518 potest
2389 1458 2464 1501 ex
2499 1441 2574 1500 iis
2601 1458 2762 1520 quas,
2791 1440 2900 1502 lib.
2943 1444 2970 1500 1
3017 1440 3095 1502 de
3139 1441 3336 1516 Grat.,
3375 1459 3415 1502 a

1852 1547 1988 1610 cap.
2029 1535 2134 1606 11,
2181 1531 2478 1610 disserui3
2513 1551 2658 1594 nam
2695 1533 2978 1612 Pelagius
3005 1531 3416 1595 confitebatur

1852 1641 1984 1685 esse
2022 1627 2436 1687 necessariam
2475 1627 2554 1686 ad
2593 1625 2970 1686 credendum
2999 1627 3278 1688 divinam
3320 1645 3416 1688 re·

1850 1716 2226 1780 velationem
2255 1726 2318 1780 et
2358 1720 2724 1780 exteriorem
2753 1720 3262 1798 prm-dicationem
3289 1719 3415 1782 suf·

1852 1808 2187 1886 fidentem,
2213 1817 2276 1872 et
2301 1811 2710 1872 nihilominus
2735 1813 3066 1872 damnatus
3099 1820 3211 1890 est,
3241 1815 3412 1893 quia,

1855 1909 2080 1981 practer
2122 1903 2285 1968 hanc
2331 1903 2837 1983 praedicationem
2857 1948 2877 1979 ,
2928 1905 3166 1967 nullam
3227 1907 3416 1970 aliam

1854 1995 2166 2058 internam
2197 1999 2462 2076 gratiam
2494 1999 2972 2077 praevenientem
3005 1999 3248 2062 dicebat
3287 2020 3414 2063 esse

1858 2090 2264 2150 neeessariam
2293 2090 2369 2151 ad
2403 2091 2801 2165 credendum,
2833 2092 2933 2153 vel
2974 2093 3053 2153 ad
3079 2094 3416 2157 volendum

1856 2179 2124 2257 credere,
2164 2187 2236 2242 ut
2261 2188 2500 2242 constat
2527 2201 2603 2244 ex
2639 2185 3009 2262 Augustino,
3043 2190 3169 2246 toto
3214 2189 3416 2266 primo

1854 2272 1964 2334 lib.
1997 2275 2074 2335 de
2101 2269 2269 2337 Grat.
2311 2275 2556 2349 Christi,
2588 2281 2652 2337 et
2679 2278 2878 2355 magis
2919 2278 2985 2339 in
3033 2280 3414 2358 particulari.

1858 2367 1901 2428 l.
1934 2369 2014 2430 de
2031 2370 2452 2432 Praedestinat.
2475 2371 2936 2448 Sanctorum,c.
2957 2375 3100 2449 29,
3125 2375 3280 2438 leet
3313 2379 3413 2454 19,

1857 2469 1919 2522 et
1947 2462 2086 2524 aliis
2113 2463 2287 2539 locis,
2317 2471 2379 2526 et
2405 2465 2694 2526 Conciliis
2719 2483 2862 2545 quae
2887 2467 3076 2546 paulo
3103 2476 3240 2548 post
3271 2471 3421 2532 cita·

1855 2553 1972 2630 ¹³03
2007 2555 2114 2616 illa
2147 2575 2294 2617 vero
2333 2559 2637 2618 sententia
2666 2559 2932 2620 multum
2963 2560 3210 2622 videtur
3242 2581 3419 2626 acce-

1852 2646 2000 2708 dere
2021 2649 2098 2710 ad
2131 2649 2290 2710 hauc
2315 2651 2681 2721 doctrinam,
2707 2653 2870 2731 quia,
2895 2653 2948 2712 si
2969 2656 3238 2716 exterior
3263 2673 3419 2736 prae·

1858 2740 2084 2802 dicatio
2107 2743 2333 2804 sufficit
2361 2749 2432 2805 ut
2463 2743 2808 2805 intellectus
2835 2746 2960 2808 suis
2987 2747 3246 2826 propriis
3271 2749 3418 2811 viri-

1854 2833 1973 2894 bus
1993 2835 2180 2896 faciat
2203 2835 2504 2916 quidquid
2533 2839 2940 2900 necessarium
2971 2845 3085 2913 est,
3103 2847 3174 2900 ιιι
3200 2842 3420 2904 volun·

1850 2932 1946 2986 tas
1979 2928 2250 3006 praebeat
2267 2928 2411 2990 fidei
2434 2947 2825 3006 consensum,
2843 2931 3112 3010 profecto
3125 2933 3298 2994 nulla
3324 2935 3418 2995 in-

1854 3027 2032 3081 terna
2070 3023 2272 3100 gratia
2317 3025 2662 3086 necessaria
2694 3031 2784 3086 est
2819 3043 2895 3085 ex
2937 3032 3108 3104 parte
3146 3027 3418 3088 intellec-

1852 3119 1974 3190 tus,
2009 3121 2076 3174 ut
2108 3115 2394 3177 voluntas
2427 3117 2580 3178 velit
2601 3117 2882 3190 credere3
2911 3117 3078 3178 uude
3097 3120 3282 3180 etiam
3313 3119 3420 3182 fiet

1854 3225 2234 3287 consequens
2277 3213 2348 3268 ut
2389 3209 2520 3287 ipse
2567 3227 2896 3271 consensus
2936 3211 3271 3272 voluntatis
3313 3230 3420 3291 per

1852 3301 2168 3361 naturales
2188 3301 2348 3361 vires
2367 3301 2546 3362 liberi
2569 3301 2812 3362 arbitrii
2831 3302 3016 3362 tribui
3039 3306 3248 3381 possit,
3271 3305 3420 3384 quia

1852 3391 2126 3452 liberum
2149 3393 2476 3454 arbitrium
2505 3399 2704 3472 potest
2726 3395 2897 3473 sequi
2926 3395 3332 3468 intellectum,
3355 3403 3419 3457 et

1852 3485 1947 3546 illi
1977 3485 2342 3546 naturaliter
2370 3487 2702 3565 imperanti
2727 3487 3000 3548 obedire.
3025 3488 3418 3568 Respondent

1853 3577 2047 3658 aliqui
2083 3597 2210 3640 non
2248 3577 2567 3655 sufficere,
2615 3597 3074 3661 quamcumque
3121 3582 3417 3662 praediea-

1850 3671 2106 3746 tionem,
2155 3673 2342 3732 etiam
2393 3671 2820 3748 sufficientem,
2856 3675 2962 3734 sed
3009 3675 3415 3736 necessariam

1850 3781 1982 3825 esse
2011 3781 2372 3844 congruam,
2395 3773 2464 3826 ιιι
2481 3765 2668 3826 homo
2696 3769 2784 3828 ita
2800 3767 3036 3846 judicet
3059 3767 3134 3828 de
3163 3768 3419 3830 creden·

1848 3857 1946 3918 dis
1975 3859 2132 3919 sicut
2157 3860 2405 3938 expedit
2445 3865 2513 3918 ιιι
2545 3866 2968 3936 conver-tatum
2998 3860 3168 3922 illam
3203 3867 3414 3922 autem

1850 3952 2301 4031 congruitatem
2331 3971 2462 4014 esse
2489 3971 2566 4012 ex
2595 3956 2818 4029 gratia,
2847 3954 2994 4032 quia
3032 3971 3155 4013 non
3193 3961 3282 4015 est
3309 3954 3412 4014 de-

1851 4043 2006 4121 bita,
2037 4063 2237 4125 neque
2265 4045 2448 4106 datur
2477 4047 2793 4121 omnibus,
2825 4054 2887 4107 et
2917 4047 3055 4107 ideo
3084 4046 3410 4125 cogitatio-

1850 4156 1998 4200 nem
2023 4141 2356 4214 internam,
2379 4157 2418 4200 a
2443 4137 2552 4200 tali
2584 4140 3020 4218 praedicatione
3048 4141 3413 4219 provenien-

1851 4238 2006 4308 tem,
2059 4249 2191 4293 esse
2243 4230 2566 4312 specialem
2604 4233 2910 4309 gratiam:
2947 4234 3054 4294 sed
3101 4234 3216 4294 hoc
3243 4234 3410 4294 nullo

1852 4327 2038 4387 modo
2087 4326 2402 4400 satisfacit,
2459 4327 2686 4405 prime,
2737 4327 2884 4406 quia
2927 4326 3032 4387 illa
3059 4329 3412 4406 congruitas

1852 4439 1980 4482 non
2009 4437 2250 4501 semper
2279 4422 2556 4482 consistit
2581 4422 2648 4480 in
2677 4422 2896 4500 majori
2925 4421 3176 4495 auxilio,
3208 4422 3314 4483 sed
3343 4423 3409 4484 in

1850 4515 1981 4576 sola
2011 4516 2304 4594 temporis
2332 4517 2792 4595 opportunitate
2811 4533 2848 4575 a
2869 4515 2994 4576 Deo
3015 4517 3405 4594 praecognita,

1850 4614 1923 4668 ιιι
1973 4609 2039 4668 in
2092 4609 2354 4668 materia
2395 4608 2472 4668 de
2515 4607 2727 4668 Gratia
2771 4607 3005 4668 dictum
3043 4613 3158 4669 est.
3198 4609 3303 4670 lib.
3345 4613 3404 4685 1,

1848 4719 1982 4780 cap.
2005 4703 2105 4778 12,
2135 4707 2198 4762 et
2221 4701 2329 4761 lib.
2363 4703 2423 4777 5,
2449 4701 2664 4777 latins3
2695 4701 2775 4761 ad
2801 4701 3176 4762 credendum
3199 4709 3405 4763 autem

1848 4794 2207 4874 requiritur,
2235 4800 2377 4854 ante
2404 4794 2784 4854 voluntatem
2813 4793 3128 4871 credendi,
3153 4813 3280 4857 non
3311 4815 3405 4857 so·

1847 4887 1982 4948 lum
2027 4887 2133 4947 illa
2163 4887 2540 4966 congruitas,
2573 4887 2678 4948 sed
2716 4887 2904 4946 etiam
2933 4888 3192 4966 speciale
3230 4889 3405 4950 auxi-

1848 4979 2040 5048 lium,
2100 4985 2172 5039 ut
2231 4985 2470 5040 constat
2533 4997 2609 5039 ex
2665 4979 2944 5058 allegatis
3011 4982 3398 5044 testimoniis.

1852 5073 1968 5134 Um
1971 5075 2028 5132 le
2071 5071 2179 5132 illa
2223 5071 2580 5149 congruitas
2611 5073 2867 5151 spectari
2911 5071 3116 5148 debet,
3152 5092 3278 5134 non
3308 5093 3402 5136 so-

1852 5149 1980 5225 lum
2033 5165 2100 5224 in
2147 5171 2402 5224 externa
2446 5162 2905 5244 proedicatione,
2951 5166 3058 5226 sed
3105 5168 3294 5228 etiam
3338 5170 3405 5230 in

1848 5257 2131 5318 interiori
2189 5257 2445 5318 auxilio.
2513 5258 2837 5333 Secundo,
2885 5264 2976 5319 est
3029 5260 3217 5319 etiam
3271 5262 3402 5322 evi-

1846 5351 2000 5411 dens
2043 5358 2507 5429 argumentum,
2548 5352 2696 5430 quia
2739 5369 2864 5411 non
2911 5351 3110 5412 solum
3159 5357 3404 5414 vocatio

1846 5444 2086 5519 efficax,
2133 5449 2198 5506 et
2230 5461 2502 5523 congrua
2549 5444 2626 5505 acl
2653 5445 3052 5518 credendum,
3109 5451 3201 5506 est
3251 5464 3403 5526 opus

1850 5539 2068 5618 gratiae
2123 5545 2183 5598 et
2222 5536 2710 5621 supernaturale,
2765 5536 2868 5596 scd
2921 5538 3104 5596 etiam
3161 5542 3402 5602 vocatio

3011 5645 3086 5704 {3
