3900 6217
503 399 666 457 SECT.
700 400 781 454 Vl.
820 401 902 453 AN
935 398 1119 455 cums
1152 400 1296 453 ALIA
1332 399 1791 452 commumclmo
1824 400 2181 453 tNFmELmM
2212 398 2543 453 Pnonimn
2574 398 2689 457 SIT.
2722 398 2859 452 ETC.

161 534 248 580 uua
281 508 386 571 dici
413 511 600 587 potest
636 504 930 580 formalis,
956 504 1020 564 id
1071 508 1184 579 est,
1237 505 1304 565 in
1350 502 1638 583 operibus

162 602 502 677 infidelitati&
531 598 720 659 altera
741 598 922 658 estin
951 597 1241 678 operibus
1277 603 1501 658 nostrie
1541 612 1638 657 re·

1715 502 1869 564 ditio
1923 502 2091 564 illius
2130 505 2207 564 sit
2256 502 2638 583 cooperati03
2680 502 2732 562 si
2773 506 2983 563 tamen
3045 498 3276 561 habere

1715 597 1906 676 possit
1946 596 2186 657 licitum
2234 614 2438 669 usum,
2467 602 2529 657 et
2556 595 2632 657 de
2676 612 2739 655 se
2782 594 2863 655 sit
2889 594 3274 669 indifferens,

162 698 371 779 igionis),
395 702 524 772 quie
557 690 1010 771 quodammodo
1041 692 1273 753 accedit
1304 690 1378 750 ad
1413 689 1638 751 sorma—
1715 707 1826 769 per
1854 708 1918 751 se
1959 690 2273 770 loquendo
2316 707 2444 751 non
2486 689 2565 750 sit
2590 688 2961 769 cooperatio,
2986 692 3058 747 ut
3088 686 3157 746 in
3182 704 3277 745 se-

162 800 276 867 lem3
302 789 462 849 tertia
499 790 590 847 est
615 802 780 845 mere
809 785 1004 846 civilis
1055 791 1118 847 et
1169 786 1470 860 humana,
1501 800 1639 863 quae

161 890 376 965 espectu
397 880 530 941 fidei
556 883 620 939 et
654 876 1036 939 infidelitatis
1063 878 1322 939 omnino
1353 878 1639 939 materia-

162 984 257 1040 iter
279 994 334 1037 se
350 974 545 1035 habet.

208 1075 256 1133 2.
294 1070 494 1131 Pn‘ma
513 1067 580 1129 in
607 1065 864 1129 crimino
885 1068 1432 1148 infidelitatisjwc
1458 1070 1640 1129 natu-

161 1168 246 1229 mli
259 1162 556 1246 prohibita.
574 1192 658 1207 -·-
673 1160 982 1226 Probatur
1005 1164 1264 1225 ratione.
1285 1192 1368 1207 —
1391 1162 1474 1223 De
1505 1159 1636 1241 pri-

161 1280 227 1321 ma
245 1262 450 1319 certum
477 1260 570 1314 est
615 1272 744 1315 esse
775 1254 1148 1334 prohibitam
1170 1257 1310 1335 jure
1339 1255 1550 1315 divino
1579 1260 1642 1316 et

161 1348 385 1422 naturali,
417 1363 550 1426 quae
589 1347 927 1425 prohibitio
971 1366 1084 1428 per
1130 1366 1194 1409 se
1236 1349 1440 1428 primo
1476 1346 1641 1407 cadit

161 1452 197 1505 in
221 1442 494 1503 hominem
527 1438 770 1501 fidelem
791 1456 810 1518 ;
834 1448 1042 1502 tamen
1078 1442 1266 1503 etiam
1285 1447 1486 1522 potest
1505 1458 1640 1521 per-

161 1540 300 1598 tinere
323 1535 392 1593 ad
414 1533 608 1612 ipsum
641 1532 980 1611 infidelem,
1010 1534 1109 1596 vel
1151 1535 1297 1615 quia
1337 1536 1472 1613 ipsa
1501 1534 1641 1594 infi-

161 1631 314 1691 delitas
351 1627 646 1707 prohibita
691 1634 806 1701 est,
854 1628 954 1689 vel
1008 1630 1196 1689 etiam
1245 1629 1390 1708 quia
1431 1646 1542 1709 per
1577 1646 1642 1689 se

162 1723 332 1785 malum
367 1726 454 1781 est
479 1720 771 1781 inducere
796 1721 1114 1783 hominem
1145 1721 1391 1783 fidelem
1429 1721 1508 1782 ad
1549 1726 1641 1782 ta-

161 1818 242 1877 lem
277 1812 899 1889 communicationem,
949 1834 1058 1877 seu
1108 1815 1638 1895 cooperationem3

161 1910 395 1989 praecipue
421 1924 564 1969 vero
589 1908 672 1969 ad
702 1926 818 1969 nos
840 1910 1108 1990 pertinet
1137 1908 1467 1987 prohibitio
1495 1908 1646 1970 fide-

161 2004 284 2076 lium,
311 2000 514 2080 quibus
547 1999 776 2061 dicitur
806 2004 824 2063 i
873 2002 952 2063 ad
983 2002 1216 2063 Corint.
1247 2003 1288 2064 6
1316 2020 1332 2063 t
1365 2003 1508 2077 Quoe
1554 2008 1648 2067 est

161 2095 534 2159 conmunicatio
575 2094 740 2157 lucis
795 2096 878 2159 ad
926 2096 1218 2169 tenebras,
1271 2101 1381 2159 aut
1439 2096 1648 2178 templi

161 2190 360 2251 Deicum
382 2185 576 2261 idolis,
603 2204 711 2249 seu
751 2206 886 2269 quoe
907 2206 1060 2270 pars
1102 2186 1298 2270 fidelis
1337 2206 1473 2253 cum
1513 2191 1646 2268 infi-

161 2282 269 2343 oli?
301 2282 446 2341 Idem
478 2279 685 2340 docuit
717 2280 948 2341 Paulus
995 2283 1062 2341 in
1127 2300 1180 2343 c.
1242 2285 1320 2344 10
1369 2282 1644 2361 ejusdem

161 2375 282 2453 epist.
309 2394 323 2432 ε
367 2373 518 2437 Nolo
565 2393 672 2437 voc
727 2374 868 2454 fieri
923 2375 1114 2439 socios
1177 2376 1641 2448 monim-um,-

161 2476 200 2527 et
233 2465 486 2545 applicari
529 2472 739 2546 potest
795 2467 946 2528 illud
997 2470 1040 2529 2
1085 2470 1162 2530 ad
1219 2467 1494 2531 Corinth.
1550 2469 1638 2529 6:

161 2558 309 2623 Nolite
336 2561 542 2643 jupam
583 2562 802 2624 ducere
839 2580 971 2624 cum
1011 2562 1386 2643 infidelibus,·
1426 2560 1644 2622 eadem

161 2652 418 2731 prohibitio
445 2659 532 2713 ost
582 2654 896 2731 generalis
907 2701 926 2731 ,
964 2662 1046 2729 et,
1097 2656 1298 2735 quoad
1357 2654 1648 2734 specialia

161 2746 320 2819 multa,
367 2745 620 2807 habetur
689 2747 758 2807 in
815 2749 1004 2809 sacris
1054 2748 1394 2809 canonibus
1449 2750 1530 2810 69
1583 2757 1646 2809 et

162 2840 216 2897 to
248 2838 626 2917 Apostolorum
658 2857 682 2919 3
713 2842 820 2917 61,
853 2842 955 2915 62,
986 2841 1282 2917 Trulano,
1339 2848 1478 2922 post
1513 2860 1647 2902 sex-

167 2937 258 2988 tam
275 2932 550 3009 synodum
581 2952 598 3004 ;
627 2935 696 2995 in
736 2938 807 2997 71
853 2952 1046 3015 usque
1088 2935 1164 2995 ad
1197 2939 1296 3009 75,
1327 2954 1404 2997 ex
1431 2936 1646 2997 collec-

171 3024 288 3085 tione
309 3026 549 3103 Martini,
581 3029 1020 3090 Bracharensis
1050 3031 1345 3111 episcopi,
1379 3048 1516 3110 quae
1535 3030 1646 3091 ha-

162 3118 292 3179 hetur
325 3127 444 3198 post
486 3122 832 3182 Concilium
876 3124 928 3183 ΙΙ
979 3124 1415 3199 Bracharense,
1461 3130 1526 3184 et
1577 3123 1646 3184 in

161 3214 362 3275 Concilio
389 3216 773 3291 Laodicaeno,
812 3234 1048 3278 canone
1077 3218 1154 3277 37
1183 3223 1247 3278 et
1267 3236 1437 3297 seqq.
1447 3262 1467 3293 ,
1505 3236 1640 3297 cap.

161 3304 262 3369 Non
281 3308 455 3384 liceat,
483 3310 586 3384 26,
614 3316 836 3389 quaest.
867 3312 926 3372 5.
970 3310 1150 3371 Ratio
1179 3326 1323 3372 vero
1351 3317 1464 3386 est,
1497 3316 1646 3393 quia

161 3400 256 3459 talis
289 3403 746 3464 communicatio
777 3410 838 3465 et
863 3410 956 3465 est
981 3406 1402 3483 superstitiosa
1429 3412 1646 3468 contra

161 3492 472 3572 religionem,
511 3502 572 3557 et
615 3503 716 3557 est
759 3502 975 3557 contra
1003 3496 1444 3558 confessionem
1475 3497 1639 3558 ndei.

161 3584 286 3647 Unde
307 3588 396 3648 hic
429 3591 884 3651 accommodari
919 3597 1176 3670 possunt
1203 3591 1412 3651 omnia
1457 3608 1645 3670 supra

161 3678 272 3739 dicta
291 3680 355 3742 de
383 3683 776 3744 confessionis
803 3683 950 3745 fidei
979 3683 1360 3759 necessitate,
1393 3689 1455 3745 et
1481 3684 1646 3746 dicta

161 3780 316 3834 contra
338 3784 645 3855 peccatum
680 3778 1160 3855 superstitionis,
1191 3778 1257 3837 in
1287 3785 1457 3838 tomo
1492 3783 1521 3841 1
1567 3776 1644 3839 de

161 3864 430 3943 Religione,
457 3875 726 3931 tractatu
769 3872 832 3945 3,
857 3870 967 3931 lib.
998 3872 1058 3933 Ξ.
1093 3870 1305 3932 Solum
1345 3878 1644 3935 annotare

161 3965 340 4034 oportet
361 3979 478 4021 non
505 3964 708 4024 solum
735 3982 946 4026 veram
989 3965 1641 4042 communicationem,

161 4053 234 4111 scd
265 4054 426 4115 etiam
467 4059 736 4135 speciem
781 4063 845 4118 et
891 4058 1190 4119 moralem
1231 4058 1645 4139 suspicionem

162 4144 280 4207 illius
319 4167 433 4211 esse
487 4149 834 4226 vitandam,
883 4151 1082 4230 qualis
1150 4156 1308 4212 esset
1359 4154 1648 4233 frequen-

161 4244 254 4299 tare
283 4260 625 4323 synagogaS,
665 4251 782 4306 aut
823 4244 1054 4323 templa
1097 4242 1648 4324 infidelium,‚prae-

161 4334 318 4395 sertim
356 4356 422 4397 eo
450 4344 726 4420 tempore
770 4358 893 4418 quo
919 4357 1062 4400 snos
1101 4339 1258 4399 ritus
1311 4337 1645 4415 celebrant,

161 4428 265 4503 qnia
315 4436 496 4510 potest
573 4450 874 4511 generare
941 4431 1299 4493 scandalum
1385 4438 1448 4493 et
1502 4433 1648 4493 dare

162 4523 474 4586 occasionem
539 4526 908 4607 suspicionis
971 4524 1134 4605 quod
1209 4524 1315 4586 illa
1367 4526 1650 4605 placeant

163 4612 232 4671 vel
274 4618 680 4695 approbentur.
720 4620 802 4680 De
829 4637 952 4698 quo
983 4618 1182 4679 videri
1231 4625 1429 4699 potest
1467 4620 1644 4695 Azor,

165 4712 289 4769 tomo
331 4713 536 4791 primo,
582 4713 691 4775 lib.
755 4714 794 4774 8
836 4713 1324 4789 Institutionum,
1367 4732 1498 4793 cap.
1541 4716 1645 4789 22,

165 4809 332 4877 quaest.
377 4808 432 4880 3,
483 4812 544 4868 et
587 4807 750 4867 libro
789 4810 849 4879 9,
899 4807 1082 4886 capit.
1151 4810 1250 4880 ii,
1308 4813 1524 4885 quaest.
1583 4808 1645 4881 3,

167 4899 211 4951 et
233 4912 344 4971 quae
367 4898 483 4959 dixi
511 4901 574 4960 in
605 4900 968 4961 Defensione
987 4898 1155 4975 fidei,
1183 4898 1344 4959 libro
1365 4900 1426 4975 6,
1451 4900 1652 4979 capite

167 4986 211 5058 9,
233 4988 320 5048 ubi
345 4991 514 5052 etiam
556 4994 851 5054 annotavi
901 4993 1101 5052 multo
1157 4992 1352 5071 magis
1395 5010 1524 5053 esse
1563 4992 1651 5052 vi-

167 5081 366 5143 tandam
399 5102 638 5147 omnem
659 5086 1173 5165 cooperationem.
1202 5088 1308 5146 Est
1343 5092 1548 5146 autem
1583 5087 1650 5147 in

170 5176 460 5249 particulari
485 5178 726 5240 difficile
763 5180 1110 5240 discernere
1143 5198 1226 5239 an
1257 5180 1338 5239 sit
1364 5197 1651 5259 coopera-

171 5264 235 5323 tio
257 5286 442 5346 necne,
468 5278 534 5332 ut
579 5273 629 5333 si
657 5273 1003 5334 vendantur
1025 5272 1238 5333 Judaeo
1276 5277 1386 5333 aut
1433 5272 1652 5351 gentili

173 5360 428 5429 animalia,
460 5363 553 5426 vel
583 5365 720 5426 alise
745 5384 840 5427 res
872 5365 1226 5427 necessarias
1271 5365 1345 5426 ad
1397 5383 1511 5425 sua
1559 5383 1653 5426 sa·

176 5452 388 5533 crificia3
414 5456 510 5517 sed
543 5458 604 5518 in
634 5458 752 5520 hoc
771 5458 1072 5520 servanda
1099 5466 1191 5519 est
1217 5458 1455 5537 regula,
1487 5460 1653 5539 quod

180 5544 216 5601 si
243 5562 322 5607 res
356 5567 470 5610 non
517 5552 702 5631 possit
732 5550 961 5613 habere
996 5550 1233 5613 bonum
1289 5570 1496 5630 usum,
1525 5558 1652 5615 tra·

1719 782 1924 844 cunda
1966 784 2270 859 secundae,
2316 784 2653 863 quaestione
2708 782 2969 857 decima,
3018 778 3277 840 articulo

1719 882 1962 955 quarte,
2014 875 2269 937 tradidit
2320 878 2645 956 caietanus
2655 891 2675 954 3
2708 880 2770 935 et
2811 880 2903 937 est
2942 872 3276 934 conformis

1719 971 1790 1031 D.
1833 969 2089 1031 Thomae
2122 970 2335 1033 cadem
2366 969 2633 1031 secunda
2660 968 2965 1043 secundae,
2996 968 3277 1047 quaestio·

1719 1081 1801 1124 ne
1851 1066 1995 1139 469,
2025 1064 2287 1126 articulo
2328 1062 2617 1137 secundo,
2646 1062 2725 1122 ad
2766 1068 3101 1141 quartum3
3132 1076 3277 1120 con·

1718 1160 1996 1221 sentiunt
2022 1160 2312 1240 Sylvest„
2355 1158 2649 1237 Angelus„
2680 1162 2743 1218 et
2770 1156 2900 1233 alii,
2926 1155 3117 1217 verbo
3166 1155 3280 1216 In-

1719 1254 2016 1331 fidelitas,
2065 1263 2127 1315 et
2169 1254 2237 1314 in
2286 1253 2451 1314 dicto
2486 1253 2685 1332 capite
2728 1268 2895 1311 nono
2940 1250 3149 1331 aliqua
3198 1248 3276 1309 de

1719 1347 1834 1408 hac
1863 1366 1930 1407 re
1970 1346 2121 1421 dixi,
2152 1353 2215 1407 et
2232 1345 2413 1426 plura
2443 1346 2509 1406 in
2534 1345 2793 1406 materia
2818 1344 2895 1405 de
2922 1344 3282 1406 Sacramen-

1721 1440 1798 1500 tis
1825 1442 1888 1501 in
1921 1458 2168 1518 genere,
2198 1446 2263 1501 et
2290 1440 2367 1500 de
2403 1440 2789 1513 Juramento,
2817 1444 2881 1498 et
2925 1436 3063 1497 aliis
3092 1436 3278 1511 loei33

1721 1552 1870 1595 nam
1899 1534 2033 1595 haee
2060 1534 2314 1615 quaestio
2342 1532 2519 1593 valde
2550 1530 2854 1611 generalis
2882 1539 2995 1591 est.

1804 1630 1863 1688 3.
1914 1626 2199 1690 Secunda
2243 1626 2697 1690 communicatio
2761 1627 2829 1685 in
2886 1622 3113 1687 divinis
3164 1620 3282 1683 ali-

1721 1722 1957 1803 quando
1988 1721 2233 1800 estjure
2259 1720 2536 1783 naturali
2555 1717 2963 1799 poomm-
2985 1714 3287 1797 Aliquan-

1723 1817 1796 1879 do
1823 1833 1942 1877 non
1972 1816 2182 1879 ita.—
2210 1814 2493 1875 Secunda
2538 1808 3016 1874 communicatio
3062 1808 3285 1869 infide-

1721 1908 1875 1968 lium
1905 1924 2047 1968 cum
2090 1906 2377 1969 fidelibus
2428 1908 2497 1968 in
2536 1906 2721 1968 rebus
2769 1904 2995 1966 divinis
3032 1908 3095 1964 et
3138 1918 3285 1982 ope·

1723 2001 1894 2062 ribus
1941 2006 2167 2062 nostras
2215 2000 2572 2081 religioniS,
2616 1998 2946 2078 aliquando
3012 2003 3103 2059 ωε
3143 1998 3285 2075 ¹iure

1726 2094 1938 2155 divino
1992 2100 2054 2155 et
2114 2095 2387 2156 naturali
2446 2092 2789 2176 prohibita,
2846 2097 3145 2170 tanquam
3189 2090 3287 2149 'ln-

1725 2191 1989 2250 trinsece
2044 2189 2228 2250 mala.
2281 2189 2653 2269 Hujusmodi
2686 2193 2779 2249 est
2813 2186 3142 2247 admittere
3188 2184 3288 2245 in-

1725 2283 1971 2345 fidelem
2022 2283 2101 2343 ad
2134 2284 2663 2363 participationem
2714 2283 3277 2350 Sar-ramentorum,

1725 2376 1888 2456 quod
1937 2376 2189 2457 quidem
2240 2394 2350 2456 per
2404 2396 2467 2437 se
2530 2383 2594 2437 et
2648 2375 2878 2435 directe
2920 2372 3285 2453 prohibetur

1725 2470 2035 2545 fidelibus,
2094 2475 2302 2531 tamen
2332 2471 2518 2531 etiam
2562 2468 2711 2549 ipsis
2748 2467 3099 2528 infidelibus
3144 2482 3285 2545 pro·

1725 2563 1997 2624 bibitum
2038 2568 2131 2625 est
2171 2580 2299 2624 sese
2342 2562 2649 2641 ingerere.
2701 2560 2877 2622 Unde
2914 2560 2965 2620 si
2996 2578 3110 2639 per
3152 2559 3285 2619 vim

1726 2658 1788 2719 id
1839 2656 2093 2733 faciant,
2150 2663 2403 2737 possunt
2442 2662 2739 2735 tanquam
2808 2654 3089 2734 injuriosi
3143 2654 3286 2714 reli·

1727 2750 1898 2829 gioni
1926 2750 2278 2811 christianae
2321 2750 2547 2830 puniri.
2595 2750 2671 2809 Et
2706 2748 2783 2809 ad
2831 2748 2994 2808 hanc
3036 2753 3281 2827 partem

1725 2844 2001 2904 revocari
2040 2849 2238 2922 potest
2278 2841 2611 2923 prohibitio
2644 2840 3049 2902 contrahendi
3078 2841 3289 2901 matri·

1726 2936 2008 2996 monium
2030 2954 2169 2997 cum
2193 2934 2429 2996 infideli
2442 2950 2461 3012 3
2488 2952 2658 3009 nam,
2689 2934 2831 2994 licet
2853 2932 3119 2993 infidelis
3144 2950 3286 2993 con-

1725 3047 1938 3090 versus
1979 3028 2058 3089 ad
2090 3028 2277 3090 fidem
2316 3031 2505 3109 possit
2551 3028 2614 3087 in
2649 3026 2840 3107 priori
2885 3026 3283 3087 matrimonio

1726 3140 2090 3204 permanere
2122 3140 2267 3183 eum
2292 3122 2529 3184 infideli
2566 3122 2699 3183 sine
2718 3121 3095 3183 contumelia
3118 3138 3285 3181 crea·

1727 3217 1878 3278 toris
1932 3222 2359 3291 conversante,
2388 3215 2797 3277 nihilominus
2847 3214 3088 3275 homini
3121 3214 3287 3276 fideli

1727 3319 1790 3373 et
1808 3311 2113 3391 baptizato
2137 3309 2519 3389 prohibitum
2544 3316 2638 3370 est
2659 3309 3123 3370 matrimonium
3140 3326 3285 3368 eum

1725 3404 1965 3466 infideli
1998 3403 2382 3475 contrahere,
2438 3410 2509 3463 ut
2554 3422 2629 3464 ex
2670 3402 2931 3463 materia
2956 3402 3033 3461 de
3068 3400 3283 3461 matri-

1727 3498 1938 3559 monio
1964 3514 2263 3577 suppono.
2306 3498 2537 3557 Verum
2563 3502 2656 3557 est
2682 3495 2932 3576 quidem
2958 3494 3123 3555 hanc
3148 3512 3287 3573 pro·

1724 3592 2097 3653 bibitionem
2152 3590 2618 3652 ecclesiasticam
2672 3608 2801 3651 esse
2846 3588 3051 3668 potius
3094 3606 3285 3669 quam

1725 3687 2043 3761 divinam3
2102 3684 2263 3746 facta
2317 3691 2526 3746 autem
2583 3684 2829 3745 videtur
2880 3700 3009 3744 non
3080 3683 3285 3745 solum

1725 3785 1975 3859 propter
2038 3778 2383 3858 periculum
2402 3824 2421 3853 ‚
2476 3777 2582 3838 sed
2634 3779 2824 3838 etiam
2880 3783 3130 3857 propter
3191 3794 3287 3837 re-

1723 3874 2063 3937 verentiam
2112 3872 2515 3946 matrimonii,
2570 3870 2733 3951 quod
2759 3872 2925 3931 inter
2969 3870 3179 3932 fideles
3206 3870 3287 3931 ad

1725 3969 2029 4029 rationem
2102 3965 2471 4027 sacramenti
2542 3964 2851 4025 elevatum
2912 3969 3025 4024 est.
3108 3963 3285 4025 Unde

1727 4060 1863 4121 alioe
1895 4060 2081 4120 etiam
2126 4057 2715 4119 communicationes
2778 4056 3135 4136 hujusmodi
3181 4058 3287 4135 Ju-

1727 4172 1794 4215 re
1836 4154 2111 4213 humano
2160 4151 2487 4232 prohibitae
2528 4156 2691 4222 sunt,
2747 4156 2819 4210 ut
2880 4155 2972 4211 est
3014 4150 3287 4229 prohibi-

1729 4248 1818 4307 tio
1861 4264 1940 4308 ne
1976 4244 2256 4306 infideles
2282 4244 2724 4323 permittantur
2751 4242 2961 4303 adesse
2988 4242 3287 4303 sacrificio

1729 4342 1958 4416 missae,
1990 4358 2103 4400 nec
2129 4342 2581 4399 sacramentum
2620 4336 3017 4399 Eucharistiae
3049 4334 3283 4411 videre,

1729 4439 1799 4494 ut
1833 4452 1908 4495 ex
1927 4432 2239 4510 DionysiO,
2262 4448 2394 4509 cap.
2422 4434 2457 4491 7
2488 4429 2565 4491 de
2580 4430 2923 4491 Ecclesiast.
2944 4428 3253 4491 hierarch.
3266 4474 3287 4505 ,

1727 4527 1918 4588 tradit
1947 4526 2016 4586 D.
2049 4526 2341 4599 ThomaS,
2370 4529 2407 4589 3
2446 4530 2635 4603 part„
2678 4530 2892 4604 quaest.
2926 4525 3028 4598 80,
3058 4534 3171 4583 art.
3221 4525 3283 4598 4,

1729 4622 1806 4681 ad
1833 4622 1896 4695 4,
1925 4626 1987 4681 et
2016 4618 2279 4680 habetur
2312 4620 2498 4679 ctiam
2544 4618 2708 4698 apud
2736 4616 3139 4691 Clementem,
3173 4615 3283 4678 lib.

1731 4716 1770 4776 8
1800 4713 2087 4789 Constit.‚
2118 4731 2251 4793 cap.
2286 4714 2327 4775 8
2358 4720 2421 4774 et
2444 4714 2547 4789 12,
2566 4712 2679 4772 -ubi
2714 4710 2837 4771 late
2867 4710 3183 4787 Turrian.,
3226 4716 3290 4773 et

1731 4808 1796 4866 in
1827 4806 2099 4867 Concilio
2128 4806 2589 4885 Carthaginem.
2621 4806 2725 4880 IV,
2762 4822 2816 4865 c.
2846 4804 2959 4881 843
2999 4808 3063 4865 et
3101 4803 3291 4865 habe-

1731 4900 1928 4961 turin
1957 4918 2094 4980 cap.
2124 4900 2496 4982 Episcopus,
2524 4898 2603 4960 de
2638 4899 3013 4971 Consecrat.,
3048 4896 3189 4959 dist.
3222 4898 3284 4974 4,

1731 4993 1840 5053 ubi
1867 4994 2317 5073 permittuntur
2341 4992 2619 5053 infideles
2661 4992 2867 5052 adesse
2896 4991 2961 5049 in
3008 5008 3082 5051 ea
3114 4996 3289 5069 parte

1732 5087 1930 5148 missas
1954 5104 2140 5166 quam
2170 5092 2391 5147 vocant
2412 5084 2993 5146 catechumenorum
3013 5099 3033 5160 ;
3055 5089 3119 5144 et
3133 5084 3291 5143 mul·

1729 5188 1794 5241 to
1817 5185 2015 5260 magis
2042 5181 2491 5260 permittuntur
2526 5180 2809 5240 concioni
2864 5196 3055 5241 sacrae
3086 5178 3165 5239 ad
3192 5178 3290 5257 ip-

1732 5292 1944 5336 sorum
1988 5274 2347 5350 utilitatem,
2396 5273 2557 5334 sicut
2604 5274 2793 5334 etiam
2849 5272 2994 5333 licet
3040 5290 3153 5353 pro
3200 5273 3289 5333 eis

1731 5368 2021 5447 privatim
2052 5386 2253 5443 orare,
2282 5367 2380 5428 vel
2408 5368 2597 5428 etiam
2626 5365 2843 5427 docere
2870 5382 2975 5426 eos
2998 5366 3291 5445 mysteria

1731 5460 2071 5539 religionis.
2095 5462 2205 5540 Hic
2224 5468 2433 5522 autem
2453 5460 2781 5522 occurebat
2802 5458 3082 5540 quaestio,
3099 5476 3289 5537 quam

1731 5552 1803 5614 D.
1848 5554 2116 5615 Thomas
2138 5550 2402 5637 inaniat,
2456 5553 2625 5614 dicta
2652 5560 2867 5633 quoest.
2911 5554 3011 5627 10,
3058 5559 3175 5612 art.
3222 5554 3286 5631 7,

3156 392 3276 453 457
3337 395 3365 410 “
