3900 6217
550 350 630 412 ⁶21

549 454 797 517 toritate
817 455 1078 537 alicujus
1117 466 1656 538 argumentamur,
1687 462 1965 540 primum
1988 460 2121 521 dili-

551 555 773 627 genter
801 550 1172 630 inquirimus
1185 572 1268 613 an
1289 553 1422 633 ipse
1451 555 1572 616 hoc
1589 555 1776 630 dicat,
1806 562 1868 617 et
1889 553 2120 616 deinde

553 642 716 703 illius
737 646 1172 708 auctoritatem
1204 665 1682 727 exaggeramus,
1705 649 1807 711 vel
1842 664 2123 729 praesup-

547 738 840 815 ponimus
887 743 956 801 ut
991 739 1344 818 cognitam:
1389 758 1540 821 argo
1582 742 1648 804 in
1683 740 1810 803 fide
1838 744 2119 801 humana

548 829 656 890 illa
685 835 831 891 sunt
851 831 1045 892 veluti
1072 832 1198 893 duo
1227 834 1429 911 prima
1473 836 1802 915 principia,
1829 854 1868 895 a
1891 834 2121 913 quibus

548 922 794 1003 reliqua
847 926 1166 988 credibilia
1213 928 1490 1008 pendent
1509 930 1571 990 in
1595 948 1735 991 esse
1765 927 2117 1000 credibilis;

552 1036 700 1097 ergo
729 1018 898 1080 idem
945 1037 1088 1080 cum
1122 1023 1524 1101 proportione
1551 1024 1886 1085 dicendum
1915 1029 2013 1084 est
2036 1021 2119 1084 de

549 1110 673 1172 fide
715 1112 959 1186 divina;
1009 1132 1160 1173 nam
1205 1114 1272 1175 in
1322 1117 1636 1178 essentiali
1683 1118 1928 1178 ratione
1968 1115 2118 1176 fidei

551 1206 948 1281 conveniunt,
993 1212 1056 1269 et
1079 1207 1282 1271 solum
1322 1209 1617 1273 differunt
1639 1212 1706 1271 in
1749 1209 2117 1271 auctoritate

550 1296 964 1359 testificantis,

630 1392 692 1452 6.
734 1392 989 1455 Eva-tio.
1023 1424 1106 1440 —
1133 1396 1522 1475 Responderi
1574 1403 1802 1478 potest,
1862 1399 1928 1459 in
1991 1395 2117 1458 fide

553 1486 831 1547 humana
863 1488 1132 1566 supponi
1183 1490 1438 1569 quidem
1477 1491 1583 1552 illa
1633 1492 1761 1553 duo
1787 1491 2114 1571 principia,

549 1598 680 1641 non
717 1586 933 1642 tamen
961 1588 1030 1643 ut
1077 1583 1309 1645 eredita
1345 1604 1460 1665 per
1485 1588 1922 1649 auctoritatem
1951 1588 2119 1663 ejus-

550 1673 718 1749 dem,
757 1673 856 1732 cui
909 1673 989 1736 de
1017 1676 1206 1737 rebus
1261 1677 1396 1739 aliis
1435 1678 1592 1740 fides
1632 1679 1838 1753 datur,
1873 1678 1986 1739 sed
2017 1676 2117 1737 vel

549 1784 664 1845 per
702 1767 1174 1845 experientiam,
1217 1771 1367 1849 quia
1419 1772 1606 1833 audio
1639 1773 1974 1844 dicentem,
2016 1769 2119 1832 vel

549 1861 692 1939 lego
714 1861 944 1939 scripta
963 1864 1122 1941 ejus,
1145 1865 1244 1925 vel
1263 1866 1378 1945 per
1405 1866 1790 1945 opinionem,
1824 1883 2017 1947 quam
2040 1883 2121 1926 ex

551 1953 686 2014 aliis
714 1957 1092 2034 conjecturis
1109 1958 1313 2020 habeo
1341 1960 1420 2021 de
1447 1960 1608 2021 illius
1637 1960 2026 2032 auctoritate,
2056 1964 2121 2018 et

547 2048 634 2107 ita
662 2049 920 2126 proecise
943 2049 1224 2133 sistendo
1251 2052 1316 2111 in
1335 2053 1576 2114 ratione
1631 2053 1778 2115 fidei
1827 2054 2119 2114 humanm

547 2146 838 2221 respectu
876 2142 1018 2204 talis
1074 2162 1382 2221 personae,
1439 2147 1546 2208 illa
1585 2166 1714 2209 non
1743 2152 1892 2208 sunt
1915 2145 2119 2226 primo

547 2235 891 2311 credibilia,
945 2255 1154 2315 neque
1214 2239 1379 2301 inter
1433 2241 1753 2305 credibilia
1812 2238 2123 2319 reperitur

550 2330 725 2389 ordo.
757 2330 850 2391 Ita
899 2348 1051 2410 ergo
1082 2328 1605 2413 philosophantur
1645 2334 1836 2414 aliqui
1865 2332 1948 2393 de
1996 2330 2121 2393 fide

549 2424 756 2489 infusa
781 2443 797 2495 ;
828 2424 1182 2486 concedunt
1212 2426 1378 2487 enim
1403 2428 1576 2489 illam
1603 2444 1959 2509 supponere
1988 2425 2123 2487 haec

547 2518 674 2579 duo
689 2517 990 2597 principia
1013 2536 1029 2579 :
1049 2520 1218 2579 Deus
1248 2522 1368 2581 hoc
1381 2521 1558 2595 dixit,
1587 2527 1681 2585 et:
1716 2524 1882 2583 Deus
1901 2519 2121 2580 fallere

549 2630 678 2673 non
720 2615 946 2691 potest,
972 2619 1344 2675 nontamen
1390 2620 1461 2676 ut
1483 2617 1732 2695 cognita
1771 2633 1889 2695 per
1921 2614 2119 2675 fidem

544 2704 846 2779 infusam,
881 2706 992 2767 scd
1028 2707 1282 2769 aliunde
1319 2710 1638 2789 :primum
1674 2728 1790 2789 per
1835 2708 2117 2771 testimo-

546 2798 722 2859 nium
785 2802 1194 2879 proponentis
1245 2803 1436 2865 fldem
1465 2851 1480 2878 ,
1543 2805 1714 2885 quod
1764 2804 2115 2864 humanum

545 2897 664 2966 est,
697 2897 788 2961 ut,
818 2899 1076 2985 propter
1107 2897 1618 2974 praedicationem
1643 2896 2113 2979 Apostolorum,

545 2988 608 3045 et
651 2984 956 3047 miracula
1007 3004 1148 3066 quse
1192 2988 1528 3070 faciebant,
1573 2997 1693 3053 etc.
1745 2988 2116 3052 Secundum

543 3084 756 3141 autem
807 3084 1065 3161 propter
1109 3085 1462 3146 naturalem
1519 3083 1897 3147 evidentiam
1917 3130 1932 3157 ,
1968 3081 2115 3162 quia

546 3172 802 3235 evidens
821 3179 918 3235 est
942 3175 1144 3236 Deum
1167 3195 1306 3239 esse
1337 3178 1607 3257 primam
1636 3184 1698 3239 et
1723 3175 2117 3237 infallibilem

544 3266 896 3344 veritatem,
933 3284 1074 3346 quw
1103 3268 1322 3332 fallere
1361 3288 1492 3332 non
1519 3274 1746 3352 potest,
1795 3276 1858 3331 et
1895 3270 1981 3330 ita
2009 3269 2117 3331 illa

546 3358 849 3439 principia
878 3366 1026 3423 sunt
1056 3367 1229 3425 extra
1249 3358 1558 3427 ratissnem
1585 3363 1977 3426 credibilium
2000 3382 2119 3444 per

546 3450 759 3526 fidem,
790 3454 1059 3535 ideoque
1087 3456 1232 3519 licet
1255 3457 1362 3519 illa
1399 3458 1521 3519 sint
1557 3458 1766 3538 priora
1797 3458 1864 3517 in
1895 3474 1987 3530 se,
2018 3455 2116 3518 ni·-

547 3544 888 3609 hilominus
917 3549 1078 3613 inter
1105 3550 1428 3613 credibilia
1458 3552 1592 3631 ipsa
1639 3570 1768 3614 non
1807 3556 1903 3612 est
1931 3550 2107 3612 ordo.

631 3644 690 3702 ¹¹1.
736 3639 1094 3719 Refdlitm.
1120 3646 1680 3716 —Verumtamen,
1723 3644 2009 3723 quamvis
2038 3643 2115 3707 fi·-

549 3735 660 3798 des
714 3736 924 3798 divina
978 3742 1040 3799 et
1085 3738 1364 3801 humana
1414 3740 1479 3800 in
1525 3740 1646 3800 hoc
1697 3737 2107 3813 conveniant,

545 3828 715 3909 quod
753 3834 1020 3908 utraque
1063 3829 1367 3893 fundatur
1407 3832 1470 3893 in
1505 3832 1622 3893 illis
1651 3831 1900 3894 duobus
1943 3831 2113 3911 prin·

547 3924 722 4003 cipiis
749 3929 820 3985 nt
847 3925 966 3987 sibi
995 3927 1506 4000 accommodatis,
1535 3927 1722 3988 valde
1757 3934 1973 3988 tamen
1998 3924 2111 3986 dif-

545 4016 756 4079 ferunt
823 4019 890 4077 in
963 4020 1321 4099 cognitione
1383 4020 1600 4083 talium
1665 4019 2111 4099 principiorum

547 4129 739 4191 qnam
773 4112 1124 4193 requirunt.
1155 4114 1312 4176 Nam
1353 4112 1514 4177 fides
1560 4116 1840 4175 humana
1876 4120 1973 4174 est
2018 4113 2116 4174 in-

546 4209 716 4266 certa
761 4211 826 4267 et
871 4205 1165 4281 fallibilis,
1219 4214 1280 4270 et
1327 4208 1471 4269 ideo
1511 4213 1718 4287 potest
1757 4224 2115 4287 supponere

542 4298 650 4360 illa
701 4299 1004 4379 principia
1057 4306 1130 4362 ut
1174 4302 1424 4381 cognita
1473 4301 1661 4363 modo
1706 4298 2059 4381 perfectiori
2088 4344 2106 4373 ,

543 4391 642 4454 vel
663 4392 892 4453 saltem
937 4411 1066 4454 non
1107 4394 1318 4455 minus
1357 4395 1664 4473 perfecto;
1707 4400 1772 4457 et
1803 4394 1890 4456 ita
1939 4412 2111 4474 saepe

547 4486 839 4566 supponit
876 4486 1304 4549 testimonium
1347 4488 1628 4561 dicentis,
1679 4495 1749 4551 ut
1789 4488 2113 4551 evidenter

545 4582 866 4659 cognitum
894 4581 1104 4658 quoad
1133 4581 1332 4661 ipsam
1356 4582 1888 4655 testificationem3
1919 4588 1983 4644 et
2008 4599 2111 4643 ve·

545 4674 791 4735 ritatem
819 4674 1206 4737 testificantis
1243 4674 1431 4737 etiam
1473 4676 1768 4756 supponit
1808 4682 2113 4755 tanquam

543 4768 883 4848 cognitam,
914 4768 1012 4829 vel
1044 4786 1156 4849 per
1185 4768 1373 4830 aliam
1399 4770 1736 4831 humanam
1759 4767 1971 4842 fide-m,
1998 4786 2109 4830 seu

544 4878 662 4942 per
703 4862 1127 4923 testimonium
1179 4862 1432 4925 alterius
1477 4862 1750 4924 hominis
1775 4908 1792 4935 ,
1843 4862 1942 4923 vel
1996 4880 2111 4943 per

543 4954 956 5035 conjecturas,
993 4961 1058 5017 et
1081 4956 1444 5035 opinionem
1483 4974 1611 5017 non
1647 4955 1856 5017 minus
1883 4956 2109 5035 proba-

543 5048 732 5112 bilem
765 5066 956 5129 quam
1001 5047 1081 5110 sit
1111 5048 1294 5123 fldeS‚
1330 5066 1468 5129 quas
1495 5066 1574 5111 ex
1601 5049 1708 5111 illa
1741 5055 2101 5128 generatur.

543 5145 622 5205 At
655 5160 806 5204 vero
847 5140 1008 5203 fides
1043 5143 1252 5203 divina
1303 5146 1397 5205 est
1447 5142 1850 5205 infallibiliter
1895 5149 2101 5215 certa,

543 5238 667 5297 imo
710 5236 937 5297 certior
971 5253 1370 5315 quacumque
1409 5236 1766 5317 cognitione
1809 5237 2101 5311 naturali,

545 5336 613 5390 ut
638 5327 801 5389 infra
827 5329 1178 5403 ostendam,
1214 5336 1279 5391 et
1301 5330 1441 5392 ideo
1469 5346 1598 5392 non
1623 5336 1830 5410 potest
1853 5329 1967 5392 niti
1992 5346 2107 5411 per

545 5440 614 5483 se
644 5440 718 5485 ac
750 5421 1095 5484 formaliter
1121 5422 1184 5482 in
1224 5422 1342 5483 illis
1376 5423 1712 5503 principiis,
1744 5428 1814 5484 ut
1840 5424 2109 5503 cognitis

544 5534 940 5597 quacumque
979 5517 1102 5578 alia
1133 5518 1402 5577 naturali
1447 5518 1824 5598 cognitione,
1865 5517 2013 5598 quia
2056 5518 2109 5579 si

1253 360 1490 415 msrm'.
1525 364 1586 415 Π.
1624 362 1706 415 ΒΕ
1739 359 2001 417 omnem
2036 362 2153 414 sm]
2184 361 2485 415 summm
2516 360 2852 415 mammam
2887 361 3069 415 mum.

2200 460 2307 521 illa
2350 460 2430 522 sit
2464 460 2625 523 fides
2664 462 2940 523 hnmana
2962 506 2979 533 ,
3018 459 3385 539 imperfecta
3422 468 3540 535 θεὶς
3580 466 3731 529 unde

2202 555 2309 633 qui
2334 554 2527 617 credit
2546 556 2747 615 Deum
2776 571 2913 616 esse
2943 551 3198 624 trinum,
3224 554 3369 633 quia
3387 556 3547 617 Deus
3574 556 3728 634 dixit,

2200 666 2463 711 necesse
2496 654 2593 709 est
2616 651 2687 710 ut
2712 653 2843 709 tam
2864 652 3033 709 certo
3054 646 3267 709 credat
3284 648 3481 711 Deum
3500 650 3731 727 dixisse,

2202 744 2363 805 sicut
2394 744 2593 804 Deum
2626 760 2765 804 esse
2802 742 3069 814 trinum;
3103 758 3235 803 nen
3262 741 3484 803 sufficit
3510 761 3651 823 ergo
3676 746 3735 806 fi-

2201 838 2315 899 des
2344 838 2621 897 hnmana
2662 836 2825 897 illius
2854 834 3297 915 propositionis
3331 853 3346 895 ε
3384 837 3543 899 Dm
3572 838 3733 913 dixit,

2201 932 2441 992 etiamsi
2474 930 2887 1010 plurimorum
2924 928 3251 991 hominum
3282 928 3647 1006 testimonie,
3684 940 3739 995 et

2200 1024 2493 1085 humanis
2520 1024 2905 1103 argumentis
2944 1021 3370 1095 confirmetur,
3420 1023 3563 1101 quia
3598 1043 3739 1087 sem·

2200 1136 2316 1199 per
2336 1124 2430 1178 est
2457 1118 2717 1191 incerta,
2740 1116 3089 1196 praesertim
3116 1116 3575 1195 comparatione
3606 1117 3737 1181 fidei

2199 1213 2444 1275 divinae.
2476 1214 2555 1274 Et
2594 1210 2819 1273 eadem
2860 1212 3125 1287 ratione,
3168 1228 3300 1272 non
3340 1210 3561 1273 sufficit
3589 1214 3741 1291 quod

2199 1306 2394 1368 altera
2420 1306 2761 1385 propositio
2788 1306 2987 1367 :Deva
3014 1310 3104 1367 ost
3121 1306 3334 1385 pn’ma
3357 1304 3601 1377 ver-itas,
3623 1324 3741 1386 quoe

2192 1401 2407 1479 fallere
2430 1417 2551 1463 ozon
2572 1404 2791 1479 potest,
2828 1399 2961 1459 solo
2998 1398 3237 1461 lumine
3262 1398 3529 1461 naturali
3556 1399 3628 1460 sit
3649 1418 3741 1461 co-

2198 1494 2405 1575 gnita3
2438 1512 2589 1555 nam
2618 1495 2807 1556 etiam
2834 1494 2941 1555 illa
2968 1494 3239 1572 cognitio
3276 1501 3373 1556 est
3392 1493 3595 1555 minus
3622 1514 3742 1555 cer-

2196 1595 2281 1661 ta,
2306 1588 2467 1649 adeo
2498 1592 2719 1648 utnon
2742 1588 3055 1649 defuerint
3076 1587 3403 1667 Theologi,
3430 1588 3629 1667 quide
3646 1589 3741 1649 illa

2198 1682 2651 1753 dubitaverint;
2700 1699 2850 1761 ergo
2886 1680 3269 1761 impossibile
3314 1688 3411 1742 est
3448 1684 3517 1742 ut
3560 1682 3739 1760 prima

2197 1776 2425 1837 veritas
2474 1775 2563 1836 sic
2606 1780 2853 1837 tantum
2886 1773 3135 1854 cognita
3174 1773 3401 1835 fundet
3436 1790 3739 1835 assensum

2200 1872 2441 1930 certum
2476 1868 2601 1929 fide
2646 1868 2873 1941 infusa,
2906 1867 3053 1947 quia
3090 1886 3218 1929 non
3256 1872 3463 1947 potest
3494 1884 3625 1928 esse
3650 1866 3741 1927 fir-

2197 1962 2361 2021 mius
2400 1959 2729 2021 aedificium
2766 1979 2961 2039 quam
2986 1959 3469 2021 fundamentum
3494 1960 3644 2039 ejuS,
3670 1960 3741 2019 si-

2200 2062 2304 2118 cut
2344 2072 2471 2115 non
2512 2061 2717 2133 potest
2756 2072 2893 2117 esse
2926 2056 3154 2117 certior
3196 2055 3537 2127 conclusio,
3572 2072 3741 2133 quam

2200 2148 2597 2231 principium.
2623 2150 2781 2209 Hinc
2808 2166 2959 2228 ergo
2987 2148 3383 2209 concluditur
3400 2148 3623 2209 debere
3650 2147 3743 2209 illa

2200 2243 2505 2325 principia
2534 2260 2673 2303 esse
2710 2242 2958 2322 cognita
2986 2242 3223 2307 lumine
3266 2241 3739 2321 supernaturali;

2204 2354 2334 2398 non
2364 2342 2459 2397 est
2494 2342 2707 2397 aulem
2744 2336 2811 2396 in
2838 2335 2957 2397 hac
2990 2336 3116 2396 vita
3145 2334 3615 2415 supernaturale
3659 2334 3744 2393 lu-

2203 2448 2386 2506 men,
2438 2430 2539 2491 vel
2580 2430 2753 2509 prius
2796 2429 2897 2491 vel
2946 2430 3171 2490 melius
3223 2448 3417 2509 quam
3464 2428 3635 2499 fides,
3666 2429 3745 2488 lo-

2202 2523 2453 2603 quendo
2502 2524 2851 2586 secundum
2882 2523 3265 2585 ordinariam
3313 2529 3375 2585 et
3406 2521 3739 2602 generalem

2198 2616 2515 2696 reg-ulam3
2543 2634 2693 2696 ergo
2738 2616 2843 2677 illa
2898 2616 3025 2677 duo
3063 2616 3374 2695 principia
3419 2633 3543 2677 non
3584 2614 3745 2675 aliter

2197 2717 2345 2772 sunt
2377 2710 2858 2771 fundamentum
2884 2710 3031 2771 fidei
3062 2727 3254 2789 quam
3285 2714 3355 2771 ut
3380 2707 3619 2789 cognita
3644 2725 3745 2785 per

2196 2805 2397 2884 ipsam
2424 2803 2650 2877 fidem;
2684 2820 2835 2885 ergo
2862 2803 3053 2865 etiam
3086 2804 3153 2863 in
3180 2803 3426 2864 ratione
3454 2800 3743 2864 credibilis

2195 2897 2321 2959 fide
2362 2897 2595 2972 divina,
2632 2903 2777 2959 sunt
2816 2896 3027 2976 priora
3066 2896 3315 2958 eaeteris
3342 2894 3741 2965 credibilibus,

2196 3008 2338 3069 quae
2376 2990 2495 3051 suh
2520 3008 2596 3051 ea
2616 2989 2858 3052 ratione
2878 2990 2958 3051 ab
2982 2990 3079 3051 his
3096 2989 3408 3068 pendent.

2276 3086 2337 3145 8.
2384 3085 2679 3148 Instatwr
2697 3103 2814 3166 pro
2848 3084 3015 3149 diota
3052 3080 3753 3162 nasicam—Confirma-

2198 3177 2817 3257 twr.-Respondent
2836 3194 2985 3239 vero
3010 3178 3117 3237 alii
3138 3177 3245 3237 illa
3262 3177 3405 3238 duo
3420 3175 3707 3257 principia
3734 3192 3745 3231 :

2194 3275 2359 3337 Deus
2383 3272 2567 3345 dimit,
2600 3276 2703 3333 et:
2737 3273 2905 3335 Dm
2930 3290 3049 3335 non,
3074 3276 3277 3354 potest
3302 3272 3545 3351 fallere,
3576 3270 3753 3331 inclu-

2196 3367 2259 3428 di
2290 3366 2353 3426 in
2399 3366 2569 3427 omni
2600 3365 2878 3427 credibili
2906 3384 3022 3445 per
3046 3365 3261 3440 fidem,
3300 3372 3614 3445 quatenus
3638 3363 3747 3425 talc

2195 3466 2313 3533 est,
2360 3476 2487 3520 non
2518 3464 2732 3521 tamen
2762 3458 3029 3538 supponi
3062 3460 3427 3520 necessario
3454 3476 3529 3519 ac
3553 3474 3661 3537 per
3690 3474 3749 3517 se

2193 3562 2497 3635 tanquam
2526 3554 2773 3634 cognita
2802 3558 2873 3615 ut
2898 3552 3091 3633 quod,
3120 3553 3233 3615 sed
3274 3554 3487 3615 solum
3514 3558 3581 3613 nt
3610 3570 3745 3631 quo,

2194 3668 2307 3711 seu
2342 3654 2412 3709 ut
2459 3648 2765 3709 rationem
2816 3646 3137 3725 credendi,
3174 3654 3237 3709 et
3288 3646 3405 3723 ita,
3450 3652 3745 3727 quatenus

2193 3748 2339 3804 sunt
2355 3742 2644 3820 quaedam
2666 3760 2745 3803 ex
2764 3738 3183 3815 credibilibus,
3204 3757 3331 3802 non
3368 3758 3505 3803 esse
3528 3741 3747 3819 priora,

2192 3853 2336 3897 cum
2360 3852 2491 3896 non
2518 3835 2875 3897 necessario
2910 3834 3085 3913 prius
3132 3840 3615 3913 cognoscantur.
3644 3833 3749 3892 As-

2194 3933 2515 4007 sumptum
2555 3927 2907 3989 declaratur
2926 3972 2943 4000 ,
2984 3928 3131 4007 quia
3174 3927 3281 4006 qui
3326 3928 3531 3989 credit
3562 3928 3751 3987 Deum

2195 4040 2335 4083 esse
2378 4022 2612 4081 trinum
2634 4067 2651 4095 ,
2703 4022 2853 4100 quia
2896 4021 3031 4101 ipse
3075 4020 3257 4101 dixit,
3304 4020 3575 4101 simplici
3616 4024 3751 4079 actu

2196 4114 2395 4176 credit
2440 4116 2603 4175 hanc
2655 4114 2987 4176 veritatem
3032 4132 3045 4173 :
3084 4114 3257 4177 Deua
3286 4112 3640 4183 catto-iau,
3694 4114 3752 4170 et

2196 4208 2400 4271 solum
2428 4207 2691 4269 attendit
2718 4206 2801 4267 ad
2828 4208 3163 4269 dictionem
3188 4206 3323 4281 Dei,
3342 4201 3651 4286 tanquam
3676 4204 3751 4263 ad

2194 4301 2501 4363 rationem
2542 4299 2861 4363 credendi.
2908 4299 3011 4362 Sic
3048 4299 3217 4361 enim
3262 4298 3581 4380 simplices
3629 4314 3751 4359 cre-

2193 4395 2369 4468 dunt,
2400 4401 2465 4456 et
2490 4410 2617 4456 non
2665 4393 3027 4456 discernunt
3076 4392 3161 4453 ibi
3203 4392 3389 4472 plura
3414 4390 3747 4455 credibilia.

2190 4490 2324 4551 Imo
2364 4506 2485 4549 nec
2513 4488 2759 4551 videtur
2788 4487 3217 4549 necessarium
3242 4492 3313 4548 ut
3339 4487 3637 4549 revelatio
3662 4484 3750 4544 di-

2191 4584 2337 4643 vina
2384 4580 2618 4642 directe
2660 4579 2847 4641 cadat
2892 4581 2958 4641 in
2993 4584 3357 4659 utrumque,
3400 4580 3515 4642 sed
3554 4577 3749 4640 solum

2192 4676 2253 4736 in
2304 4675 2630 4737 veritatem
2662 4674 2864 4754 ipsam
2912 4674 3249 4747 creditenim
3292 4692 3469 4750 nam,
3500 4692 3577 4735 eo
3622 4674 3749 4751 ipso

2190 4769 2360 4849 quod
2373 4771 2539 4829 Deus
2558 4768 2792 4829 revelat
2812 4786 2881 4829 se
2897 4786 3035 4829 esse
3050 4767 3305 4842 trinum,
3325 4766 3478 4829 dicit
3496 4786 3563 4829 se
3586 4765 3649 4827 id
3666 4764 3753 4825 di·-

2190 4882 2357 4936 cere,
2378 4880 2499 4924 nec
2516 4862 2874 4925 necessaria
2900 4868 2995 4923 est
3023 4861 3145 4922 alia
3174 4862 3499 4935 revelatio;
3518 4865 3581 4923 et
3598 4858 3751 4919 mul-

2188 4964 2254 5020 to
2274 4956 2485 5018 minus
2510 4956 2755 5018 videtur
2784 4955 3141 5018 necessaria
3167 4954 3469 5017 revelatio
3500 4954 3754 5016 alterius

2188 5050 2629 5133 propositionis
2650 5066 2665 5110 t
2686 5052 2849 5113 Deus
2874 5056 2967 5115 est
2994 5066 3203 5123 veram,
3228 5050 3377 5129 quia
3406 5051 3541 5111 haec
3566 5048 3751 5109 etiam

2186 5146 2413 5205 virtute
2464 5143 2801 5205 includitur
2852 5142 2918 5204 in
2958 5160 3357 5223 quocumque
3396 5142 3749 5205 testimonio

2186 5236 2337 5298 Dei:
2364 5254 2515 5297 nam
2547 5237 2597 5297 si
2630 5242 2721 5297 est
2752 5236 2875 5299 tale
2904 5244 2977 5298 ut
3002 5236 3233 5317 obliget
3257 5236 3341 5297 ad
3365 5236 3749 5298 credendum

2188 5332 2342 5405 Deo,
2375 5349 2451 5393 eo
2477 5332 2638 5411 ips0,
2668 5335 2733 5393 et
2758 5332 2938 5411 quasi
2978 5332 3043 5392 in
3072 5334 3215 5393 actu
3255 5332 3552 5405 exercito,
3596 5330 3753 5391 obli-

2190 5430 2297 5502 gat
2324 5424 2404 5485 ad
2423 5424 2811 5486 credendum
2833 5426 3033 5487 Deum
3062 5442 3203 5487 esse
3230 5443 3525 5486 veracem
3554 5425 3619 5485 in
3648 5423 3752 5485 tali

2191 5518 2567 5581 testimonie.
2604 5520 2679 5580 Et
2714 5516 3141 5593 confirmatur,
3174 5518 3323 5601 quia
3344 5536 3473 5580 non
3513 5524 3607 5581 est
3643 5535 3755 5579 ne-
