3900 6217
490 411 610 474 790

493 520 539 566 6.
575 515 871 569 Necessitas
891 516 1183 582 spiritualis
1207 517 1260 570 in
1285 519 1524 585 proximo
1546 519 1762 584 quando
1779 519 2051 572 censenda

553 593 886 654 sitextrema.
910 600 965 646 ut
988 593 1252 660 obligetur
1274 595 1394 661 quis
1415 595 1723 658 subvenire,
1746 595 1905 648 etiam
1925 609 2048 648 cum

553 671 785 726 evidenti
811 669 1048 738 periculo
1075 673 1279 734 mortiS,
1306 679 1508 726 tractat.
1536 677 1582 734 3,
1606 671 1744 737 disp.
1771 677 1821 732 9,
1845 679 1975 726 sect.
2000 678 2049 733 2,

557 763 610 802 n.
635 754 683 799 3.

553 825 688 888 Quid
720 824 787 878 de
817 824 1130 878 necessitate
1163 822 1329 892 gravi.
1357 824 1478 876 vide
1513 837 1798 876 cantum
1829 839 1976 878 οιιοο.

1075 956 1285 994 amano
1315 955 1445 993 mut
1453 983 1464 992 .

491 1058 538 1105 1.
569 1053 770 1120 Negare
823 1053 982 1106 iidem
1031 1054 1082 1105 in
1134 1053 1414 1106 tormentis
1457 1053 1656 1106 licitum
1707 1063 1862 1112 esse,
1899 1062 2052 1104 error

553 1129 919 1190 Elesaitarum,
948 1135 1097 1182 tract.
1125 1135 1175 1192 1,
1203 1129 1452 1196 disputat.
1480 1131 1558 1190 14,
1589 1135 1719 1181 sect.
1745 1134 1792 1190 1,
1825 1141 1878 1178 ιι.
1907 1131 1951 1179 1.

491 1210 539 1256 2.
575 1207 774 1270 Negare
821 1204 981 1258 iidem
1024 1219 1144 1260 esse
1193 1205 1479 1258 intrinsece
1508 1205 1728 1264 malum,
1759 1204 1877 1270 ipsa
1911 1203 2049 1256 tides

553 1281 724 1338 docet.
757 1295 788 1333 a
823 1295 875 1332 n.
907 1287 955 1332 2.
1703 1347 1710 1354 ἱ

492 1361 538 1408 8.
579 1357 790 1423 Negatio
821 1357 943 1410 {idei
975 1355 1134 1410 habet
1163 1355 1415 1409 malitiam
1445 1355 1726 1416 mendacii,
1756 1367 1810 1406 n.
1840 1359 1888 1407 6.

555 1433 644 1484 Est
684 1446 778 1498 per
811 1446 869 1485 se
896 1439 1084 1484 contra
1125 1431 1370 1486 virtutem
1405 1431 1546 1497 fidei,
1569 1432 1746 1497 quoad
1780 1430 2047 1484 secunda-

555 1509 692 1561 rium
721 1509 833 1574 ejus
855 1516 1050 1568 actum,
1078 1521 1131 1561 ιι.
1165 1512 1210 1561 7.

494 1588 540 1636 k.
577 1585 792 1650 Negatio
822 1585 946 1638 fidei
977 1585 1082 1638 alia
1110 1584 1371 1651 explicita,
1404 1584 1508 1637 alia
1543 1583 1817 1650 implicita,
1849 1597 1900 1635 n.
1929 1587 1976 1634 8.

559 1659 810 1726 Explicita
837 1661 920 1714 vel
947 1661 1126 1714 verbis
1153 1660 1228 1720 fit,
1253 1661 1337 1714 vel
1367 1662 1524 1712 etiam
1559 1659 1724 1723 sactis,
1757 1659 1975 1711 ibidem.

496 1740 540 1786 5.
579 1735 794 1800 Negatio
819 1735 942 1789 fidei
975 1749 1069 1802 per
1113 1736 1293 1794 verba.
1339 1736 1626 1802 aliquando
1667 1735 1719 1787 fit
1777 1734 2052 1802 negative,

556 1824 947 1876 nonnunquam
974 1825 1102 1864 vero
1132 1811 1466 1872 affirmative,
1495 1825 1549 1864 n.
1574 1818 1602 1864 9
1632 1819 1684 1865 et
1717 1815 1795 1863 11.

492 1892 540 1939 6.
577 1887 737 1954 Negat
768 1889 944 1948 iidem,
969 1891 1060 1954 qui
1089 1898 1246 1954 negat
1269 1902 1327 1941 se
1349 1902 1468 1941 esse
1489 1889 1863 1950 Christianum,
1890 1901 1942 1940 n.
1969 1891 2015 1940 9.

556 1964 854 2028 Aliquando
889 1978 994 2018 non
1021 1973 1191 2034 negat,
1228 1980 1281 2017 n.
1304 1970 1382 2017 10.

495 2043 540 2090 7.
581 2041 787 2104 Negans
821 2054 878 2092 se
921 2054 1040 2094 esse
1078 2043 1359 2107 papistam,
1406 2048 1499 2094 aut
1542 2041 1872 2107 pontificium
1914 2039 2053 2092 inter

557 2116 850 2178 haereticos
890 2126 1068 2184 peccat
1099 2125 1285 2172 contra
1311 2117 1490 2178 fidem,
1523 2132 1576 2170 n.
1609 2123 1683 2170 11.
1769 2174 1776 2186 ,

557 2193 671 2245 Νοιι
715 2193 792 2246 sic
826 2207 1028 2260 negans
1067 2207 1124 2247 se
1166 2207 1287 2246 esse
1324 2193 1573 2247 clericum
1602 2193 1686 2247 vel
1717 2193 2048 2260 religiosum,

557 2273 801 2334 quamvis
830 2271 896 2324 de
915 2271 1047 2324 {acto
1068 2271 1153 2334 sit,
1180 2270 1394 2323 ibidem.

496 2351 542 2396 8.
577 2345 784 2412 Negans
805 2345 963 2398 tidem
992 2347 1044 2398 in
1075 2347 1190 2400 solo
1220 2353 1336 2399 actu
1357 2346 1620 2406 exteriori,
1645 2359 1746 2398 ncc
1779 2347 2055 2400 haeretico-

557 2421 697 2483 edm,
722 2435 821 2475 nec
841 2423 1210 2488 Apostatarum
1235 2433 1421 2488 poenas
1453 2422 1688 2480 incurrit.
1711 2421 1897 2475 eadem
1921 2429 2051 2476 sect.

556 2501 604 2559 1,
633 2512 683 2550 n.
711 2501 757 2549 Ι..

561 2575 673 2626 lmo
699 2572 896 2624 nullam
923 2585 1203 2626 censuram
1230 2573 1345 2638 ipso
1367 2573 1504 2626 facto
1535 2573 1772 2632 incurrit.
1803 2587 1858 2624 n.
1885 2580 1931 2626 5.

555 2651 661 2703 Nec
691 2651 792 2703 tale
811 2651 1012 2704 crimen
1045 2658 1123 2704 est
1150 2653 1302 2717 l‘apae
1327 2658 1417 2705 aut
1433 2652 1536 2718 juri
1572 2651 1847 2705 communi
1876 2663 2055 2703 rescr-

557 2731 759 2789 vatum,
779 2725 905 2778 ibid.

1155 2803 1378 2842 uenenis.

497 2880 544 2927 1.
579 2875 816 2928 Nemesis
841 2876 970 2941 quid
1001 2876 1088 2940 sit,
1117 2883 1168 2930 et
1201 2891 1271 2930 au
1304 2877 1547 2941 honesta,
1576 2883 1728 2932 tract.
1761 2883 1808 2940 3,
1839 2876 1980 2944 disp.
2003 2883 2051 2941 6,

557 2956 686 3004 secl.
716 2955 761 3014 4,
786 2963 840 3004 n.
870 2957 899 3002 2
925 2957 978 3004 el.
1007 2956 1056 3005 3.

1141 3177 1402 3218 oustcwu·

501 3259 545 3305 1.
582 3254 850 3319 Obiectum
894 3254 1118 3307 formale
1157 3255 1414 3320 quusque
1443 3254 1692 3318 potentine
1725 3253 1959 3320 duplex:
1998 3252 2053 3306 in

559 3343 677 3384 esse
699 3330 791 3390 rei.
817 3335 867 3382 et
899 3329 950 3381 in
982 3343 1100 3382 esse
1129 3329 1523 3396 cognoscibilis,
1544 3336 1746 3383 tractat.
1772 3333 1822 3392 1,
1849 3328 2050 3396 disput.

559 3409 605 3466 3,
630 3406 685 3457 in
714 3404 990 3472 praeludio.

493 3485 540 3532 Ξ.
577 3480 847 3546 Objectum
873 3480 1013 3541 fidei,
1035 3479 1158 3534 vide
1186 3495 1315 3533 rinei
1348 3496 1613 3535 ouacrmt.

495 3562 540 3606 ε.
578 3556 849 3619 Obiectum
873 3555 1006 3622 spei,
1044 3555 1167 3608 vide
1189 3571 1318 3608 sess.

496 3635 540 3685 4.
578 3631 849 3697 objectum
875 3631 1166 3692 charitatis,
1186 3629 1307 3685 vide
1330 3646 1585 3686 cantus.

1139 3761 1265 3800 OCCU
1269 3762 1396 3800 utun
1404 3788 1414 3798 .

495 3860 541 3907 1.
578 3854 847 3909 Occultum
891 3855 1140 3908 delictum
1189 3861 1319 3921 quot
1346 3853 1520 3908 modis
1564 3855 1790 3918 dicatur,
1825 3859 1978 3907 tract.
2004 3859 2048 3916 8,

555 3931 694 3997 disp.
725 3936 773 3994 8,
803 3938 930 3984 sect.
953 3937 1001 3994 6,
1040 3944 1091 3983 n.
1126 3936 1172 3982 1.

491 4011 538 4058 2.
576 4007 844 4060 Occultum
877 4013 1150 4071 peccatum
1177 4005 1326 4070 quid,
1353 4004 1568 4064 ibidem.
1602 4019 1654 4056 n.
1691 4010 1740 4058 8.

554 4086 631 4134 An
661 4089 712 4135 et
736 4080 952 4148 quando
974 4081 1143 4148 possit
1165 4081 1465 4135 denuntiari
1489 4081 1704 4148 praelato
1721 4079 2048 4141 immediate,

554 4157 672 4210 vide
691 4173 958 4212 connacrto
993 4173 1262 4210 rausum.

492 4238 540 4286 3.
577 4234 846 4287 occultare
881 4233 1059 4297 fidem,
1084 4233 1206 4287 vide
1235 4248 1362 4286 rinei
1399 4246 1617 4284 exrnaux
1638 4243 1920 4284 consessio.

1186 4364 1361 4402 omun.

494 4467 539 4516 1.
578 4462 762 4515 Odium
795 4459 924 4526 quid
947 4461 1034 4522 sit,
1066 4466 1267 4512 tractat.
1305 4463 1351 4522 8,
1379 4458 1517 4526 disp.
1541 4464 1589 4522 6,
1621 4465 1749 4511 sect.
1777 4462 1826 4515 1.
1858 4470 1911 4509 n.
1939 4461 1985 4508 1.

1850 423 2039 476 INDEX
2072 421 2300 476 RERUM.

2194 520 2281 571 Est
2314 527 2587 585 peccatum
2622 534 2820 588 genere
2850 535 2970 583 suo,
3014 520 3301 592 maximum
3350 531 3549 574 eorum
3590 529 3715 582 quae

2197 595 2330 646 liunt
2354 595 2407 646 in
2436 597 2755 661 proximum,
2788 598 3006 651 ibidem.

2134 673 2179 720 7.
2218 669 2408 722 Odium
2434 673 2655 736 proximi
2682 686 2779 726 cur
2804 687 2914 727 non
2936 674 3008 727 sit
3030 673 3213 726 vitium
3236 671 3489 738 capitale,
3512 669 3715 722 eodem

2198 757 2253 796 n.
2277 751 2323 796 t.

2196 821 2399 883 Quibus
2424 835 2490 874 ex
2508 823 2653 876 vitiis
2677 825 2900 886 oriatur,
2930 825 3149 878 ibidem.

2133 897 2405 1025 &ngliddiurzi¹
2434 899 2677 1026 ιιςιιὲιῑείἑιιί,
2713 914 2783 952 an
2824 914 3039 968 semper
3082 901 3153 954 sit
3188 899 3433 966 eiusdem
3480 895 3709 964 speciei,

2193 1014 2466 1110 Quorr'iodo
2486 1015 2702 1105 differat
2722 1052 2791 1105 ab
2815 1052 3073 1119 injustitia
3103 1051 3347 1104 interior-t
3375 1058 3429 1104 et
3459 1046 3713 1115 appetitu

2192 1125 2459 1190 vindictae,
2493 1141 2547 1178 n.
2581 1132 2627 1180 4.

2130 1205 2177 1252 9.
2214 1199 2401 1286 Odium
2457 1203 2681 1267 proximi
2734 1205 2895 1258 habet
2946 1210 3125 1258 actum
3178 1205 3537 1264 exteriorem,
3596 1203 3711 1256 sre-

2191 1284 2439 1340 quenuus
2462 1284 2639 1332 tamen
2660 1293 2784 1333 cum
2810 1280 3069 1347 injustitia
3088 1279 3457 1346 conju-actum,
3485 1291 3542 1330 n.
3582 1283 3635 1328 5.

2805 1411 3013 1449 omum.

2134 1510 2179 1557 1.
2217 1505 2444 1561 Omissio
2472 1521 2503 1560 a
2522 1510 2904 1562 commissione
2926 1509 3274 1578 distinguitur
3294 1511 3479 1578 potius
3498 1523 3565 1562 ex
3584 1521 3712 1563 actu

2194 1583 2379 1710 gggmg’
2415 1588 2577 1712 ‹zuaim
2624 1597 2684 1638 ex
2726 1594 2849 1638 actu
2876 1586 3115 1648 volendi,
3157 1593 3305 1640 tract.
3344 1591 3391 1649 1,
3438 1586 3589 1652 disp.
3626 1591 3708 1650 15,

2133 1737 2181 1786 2.
2218 1734 2533 1788 omissionis
2558 1743 2853 1802 peccatum,
2880 1738 3000 1791 vide
3028 1753 3299 1800 reccawn,
3323 1753 3356 1792 a
3376 1753 3431 1791 ιι.
3461 1743 3511 1792 t.

2806 1869 3010 1906 ommo-

2133 1960 2347 2025 Opinari
2373 1961 2427 2013 in
2462 1961 2623 2014 rebus
2658 1962 2780 2015 fidei
2808 1971 2924 2015 actu
2956 1977 3064 2016 non
3092 1964 3377 2026 exclusive,
3393 1963 3491 2016 sed
3520 1965 3706 2029 praeci-

2194 2037 2309 2089 sive
2342 2038 2632 2104 opinative,
2666 2039 2885 2092 haeresis
2916 2053 3025 2092 non
3056 2049 3155 2102 est,
3183 2047 3332 2093 tract.
3368 2045 3415 2104 t,
3438 2041 3585 2108 disp.
3624 2047 3703 2104 16,

2198 2120 2325 2165 sect.
2348 2118 2397 2178 1,
2428 2127 2479 2166 ιι.
2508 2118 2568 2178 8;
2596 2121 2647 2166 et
2675 2114 2812 2180 disp.
2840 2119 2918 2176 19,
2950 2122 3079 2167 sect.
3108 2119 3153 2176 ⁴,
3181 2129 3231 2167 n.
3264 2120 3313 2168 6.

2842 2246 2983 2284 ΟΡΌΒ.

2136 2349 2182 2396 1.
2218 2345 2387 2410 Opera
2410 2346 2592 2398 omnia
2632 2345 2924 2399 infidelium
2956 2359 3077 2400 esse
3116 2353 3347 2412 peccata,
3379 2347 3471 2414 qui
3510 2347 3707 2410 velint,

2200 2427 2347 2475 tract.
2374 2425 2423 2481 1,
2456 2421 2591 2486 disp.
2620 2427 2695 2480 16.
2721 2429 2847 2475 sect.
2878 2427 2924 2482 3,
2950 2436 3002 2476 n.
3031 2426 3078 2473 1.
3113 2448 3122 2458 ·

2198 2496 2508 2562 Oppositum
2530 2497 2751 2550 omnino
2780 2505 3004 2558 certum,
3036 2513 3067 2551 a
3093 2513 3145 2550 n.
3177 2503 3225 2550 2.

2136 2577 2183 2623 2.
2222 2573 2362 2639 Opus
2394 2573 2629 2638 aliquod,
2664 2582 2719 2626 ut
2748 2575 2815 2627 sit
2855 2575 3159 2636 honestum.
3191 2575 3382 2628 sufficit
3408 2576 3555 2641 quod
3603 2575 3705 2628 ob—

2194 2649 2388 2714 jectum
2422 2650 2641 2702 formale
2662 2651 2732 2703 sit
2761 2653 3066 2712 honestum.
3090 2661 3142 2705 et
3172 2653 3223 2705 in
3247 2653 3407 2704 linem
3435 2655 3704 2706 extrinse-

2196 2739 2317 2778 cum
2349 2739 2570 2790 pravum
2604 2739 2711 2778 non
2744 2728 3021 2785 reseratur.
3047 2728 3199 2788 ibid.‚
3225 2741 3278 2779 n.
3310 2731 3333 2777 ⁴
3362 2735 3413 2779 et
3434 2733 3517 2779 1ο.

2136 2806 2183 2853 8.
2220 2802 2388 2866 Opera
2418 2803 2599 2854 omnia
2624 2801 2675 2853 in
2706 2803 2869 2854 Deum
2901 2804 3149 2870 dirigere.
3174 2817 3241 2855 an
3272 2810 3325 2856 et
3351 2803 3626 2869 quomodo
3672 2817 3707 2856 a

2197 2875 2359 2928 Paulo
2391 2876 2742 2941 praecipiatur,
2766 2877 2885 2928 eod.
2914 2891 2967 2929 n.
2992 2883 3070 2930 to.

2138 2955 2183 3002 ⁴.
2222 2952 2438 3017 operari
2484 2959 2703 3017 propter
2748 2953 3190 3015 retributionem,
3236 2953 3506 3019 praecipue
3542 2959 3705 3008 aeler-

2204 3039 2347 3088 nam,
2375 3040 2469 3092 per
2489 3039 2547 3080 se
2566 3027 2766 3079 bonum
2798 3035 2877 3080 est
2898 3034 2950 3080 et
2973 3029 3276 3090 honestum,
3308 3034 3461 3080 tract.
3482 3033 3533 3090 2,
3558 3030 3701 3096 disp.

2198 3107 2244 3162 1,
2270 3108 2395 3154 sect.
2434 3107 2479 3163 5,
2508 3115 2557 3152 n.
2589 3107 2634 3152 1.

2197 3177 2361 3242 quue
2380 3177 2585 3230 etiamsi
2610 3177 2883 3230 retributio
2908 3190 3017 3230 non
3044 3179 3218 3232 solum
3244 3180 3312 3231 sit
3334 3179 3548 3232 occasio
3568 3191 3706 3244 ope-

2199 3253 2371 3312 randi,
2402 3252 2498 3305 sed
2530 3253 2689 3306 etiam
2722 3253 2845 3306 finis
2875 3255 3165 3320 proximus,
3200 3268 3252 3306 n.
3285 3260 3333 3307 Ξ.

2200 3335 2276 3381 An
2311 3329 2468 3381 etiam
2494 3329 2540 3380 si
2576 3341 2739 3394 opera
2769 3329 2874 3381 sint
2902 3329 3140 3396 alioquin
3168 3337 3453 3398 praecepta,
3482 3347 3535 3384 n.
3579 3338 3630 3385 3.

2136 3410 2184 3457 6.
2221 3406 2437 3471 Operari
2466 3405 2573 3458 boc
2606 3406 2768 3458 modo
2798 3415 3017 3471 propter
3047 3406 3454 3460 retributionem
3492 3411 3705 3473 pertine

2196 3481 2263 3534 ad
2294 3495 2463 3546 spem,
2501 3481 2584 3534 vel
2606 3482 2977 3546 imperantem.
3006 3482 3090 3534 vel
3121 3483 3440 3546 elicientem,
3464 3499 3521 3536 n.
3556 3489 3607 3538 4,

2134 3563 2182 3610 6.
2219 3557 2389 3624 Opera
2419 3557 2561 3608 bona
2600 3556 2808 3608 virtutis
2842 3570 3088 3610 exercere
3130 3565 3349 3624 propter
3395 3563 3705 3615 mercedem

2196 3633 2563 3698 temporalem.
2600 3646 2665 3684 an
2698 3638 2749 3684 et
2777 3633 3003 3697 qualiter
3032 3633 3201 3695 liceat,
3229 3648 3279 3687 n.
3304 3641 3352 3686 6.

2136 3714 2185 3761 7.
2221 3708 2362 3773 Opus
2394 3707 2677 3773 perfectius
2702 3714 2874 3774 potest
2902 3708 2971 3760 ad
3000 3709 3165 3762 finem
3202 3710 3378 3762 minus
3408 3711 3706 3776 perrectum

2199 3783 2454 3844 ordinari,
2480 3783 2607 3836 ibid.

2136 3865 2182 3911 8.
2220 3859 2435 3926 operari
2480 3867 2697 3924 propter
2741 3860 3044 3913 mercedem
3078 3861 3447 3927 temporalem,
3482 3865 3706 3930 quando

2196 3935 2457 4002 pertineat
2479 3935 2545 3986 ad
2577 3935 2821 3987 virtutem
2852 3935 2985 4000 spei,
3012 3937 3133 3990 eod.
3162 3951 3215 3988 n.
3242 3943 3289 3989 6.

2134 4015 2181 4061 9.
2218 4010 2389 4074 Opera
2424 4009 2803 4062 misericordiae
2820 4011 3092 4076 quomodo
3121 4011 3309 4064 cadant
3337 4013 3440 4066 sub
3470 4027 3707 4082 praecep·

2196 4091 2326 4139 tum.
2354 4091 2500 4137 tract.
2526 4091 2572 4142 3,
2601 4085 2734 4150 disp.
2765 4091 2811 4146 8,
2836 4087 2890 4137 in
2924 4086 3198 4152 praeludio.

2194 4159 2322 4212 Vide
2348 4175 2683 4219 eneauosrn.
2714 4169 2766 4214 et
2786 4175 3054 4214 connecrto
3087 4177 3352 4216 rursum.

2134 4240 2208 4287 1ο.
2249 4236 2373 4298 Quae
2420 4249 2583 4303 opera
2620 4237 2727 4288 sint
2759 4238 3071 4299 omittenda,
3124 4251 3193 4291 ne
3226 4239 3428 4293 malitia
3461 4239 3705 4294 scandali

2196 4310 2564 4374 contrahatur,
2592 4311 2713 4364 vide
2740 4325 3051 4376 summunt,
3078 4326 3111 4365 a
3140 4327 3198 4365 ιι.
3232 4319 3277 4366 8.

2839 4442 2969 4480 01130
2976 4469 2987 4481 .

555 4537 684 4600 Quid
730 4537 912 4590 odium
951 4535 1243 4588 inimicitiae
1289 4541 1379 4587 aut
1420 4532 1870 4595 abominationiS,
1917 4545 1970 4584 n.
2022 4535 2047 4584 1
2133 4539 2180 4586 1.
2217 4533 2427 4586 Ordinis
2450 4539 2763 4600 potestatem
2801 4535 2977 4600 quoad
3006 4550 3157 4589 suam
3188 4538 3543 4591 substantiam
3581 4552 3694 4592 non

554 4619 606 4666 et
638 4618 686 4664 2.

487 4694 536 4740 2.
574 4687 762 4740 Odium
809 4687 900 4740 Dei
958 4691 1036 4739 est
1095 4685 1310 4752 gravius
1361 4690 1636 4751 peccatum
1696 4681 2006 4736 infidelitate
2036 4723 2048 4738 .

549 4769 752 4816 tractat.
780 4768 828 4820 1.
855 4763 1111 4828 disputat.
1138 4767 1216 4822 16,
1243 4768 1370 4813 sect.
1409 4767 1461 4822 2,
1493 4775 1546 4812 n.
1581 4766 1626 4812 3.

495 4845 542 4892 3.
577 4839 764 4892 Odium
792 4838 878 4891 Dei
921 4845 1002 4890 est
1031 4845 1304 4903 peccatum
1341 4850 1404 4890 ex
1435 4849 1532 4888 suo
1569 4847 1766 4901 genere
1807 4833 2048 4897 mortale,

553 4921 756 4968 tractat.
786 4919 833 4972 3,
856 4913 1111 4978 disputat.
1141 4918 1188 4974 6,
1220 4920 1347 4965 sect.
1373 4916 1419 4967 1,
1448 4925 1500 4962 ιι.
1535 4917 1577 4961 3.

555 4994 668 5044 lmo
701 4995 1036 5056 peccatorum
1069 4987 1310 5041 omnium
1341 4987 1648 5046 maximum,
1676 4985 1892 5038 ibidem.

492 5072 519 5118 4
535 5106 548 5119 .
587 5068 724 5118 Deus
743 5065 1016 5131 quomodo
1041 5063 1210 5128 possit
1226 5063 1349 5116 odio
1370 5062 1572 5122 haberi,
1594 5062 1752 5114 etiam
1774 5069 1829 5112 ut
1845 5059 2049 5112 bonum

552 5149 792 5193 nostrum
824 5147 922 5200 est,
948 5146 1150 5190 tractat.
1176 5143 1223 5200 Β,
1255 5138 1502 5203 disputat.
1543 5143 1590 5198 Ξ,
1621 5143 1748 5188 sect.
1778 5141 1828 5196 2,
1852 5149 1904 5188 n.
1939 5140 1986 5186 3,

489 5225 535 5270 tt.
573 5217 760 5270 Odium
797 5217 902 5277 Dei,
933 5217 1093 5267 etiam
1131 5224 1186 5266 ut
1212 5213 1534 5267 contrarium
1562 5213 1733 5265 amori
1754 5211 2045 5277 concupis-

545 5293 753 5353 centiae,
777 5297 860 5344 est
899 5289 1118 5358 gravius
1159 5296 1432 5354 peccatum
1464 5287 1789 5350 infidelitate,
1822 5286 2044 5350 ibidem,

547 5382 601 5419 n.
634 5373 680 5420 5.

485 5450 534 5497 6.
573 5443 760 5496 Odium
799 5441 1025 5510 proximi
1053 5447 1135 5494 est
1162 5450 1434 5508 peccatum
1469 5455 1532 5494 ex
1570 5453 1766 5509 genere
1801 5440 2048 5501 mortale,

2196 4609 2389 4660 auferri
2416 4617 2629 4674 propter
2652 4609 2918 4672 haeresim,
2944 4617 2995 4662 et
3018 4611 3123 4664 tide
3149 4621 3373 4672 constat.
3397 4622 3450 4666 et
3471 4615 3699 4677 ratione,

2196 4691 2345 4735 tract.
2377 4689 2424 4746 1,
2451 4684 2589 4750 disp.
2622 4689 2701 4746 2¹,
2726 4691 2856 4737 sect.
2884 4691 2934 4746 5,
2964 4700 3014 4738 n.
3045 4692 3092 4738 9.

2130 4765 2179 4811 2.
2216 4760 2427 4812 Ordinis
2472 4773 2601 4812 usus
2638 4774 2916 4826 quousque
2948 4769 3163 4827 propter
3194 4763 3441 4817 baeresim
3482 4763 3701 4818 aufera-

2194 4839 2793 4971 ggihndeigbnflcienffls
2817 4913 3311 4978 sacramentalibuS,
3340 4929 3391 4967 n.
3426 4919 3504 4966 11.

2135 4991 2182 5035 3.
2220 4985 2358 5039 Ordo
2384 4987 2674 5050 charitatis,
2697 4987 2818 5041 vide
2838 5001 3122 5042 eaxan-rme
3154 5003 3299 5042 oeno.

2892 5130 2947 5204 P

2756 5289 3072 5330 nominituo.

2128 5369 2175 5416 1.
2212 5365 2512 5432 paganismi
2542 5365 2737 5432 duplex
2758 5367 2920 5420 veluti
2948 5367 3173 5433 specics,
3212 5371 3364 5423 tract.
3398 5372 3450 5432 1,
3478 5369 3626 5438 disp.
3652 5375 3699 5428 ι,

2194 5447 2321 5493 sect.
2352 5443 2397 5501 4,
2425 5455 2478 5493 n.
2504 5446 2535 5491 2
2564 5450 2617 5493 ot
2646 5445 2691 5493 3.

550 5526 602 5571 et
638 5518 946 5571 distinctum
975 5517 1254 5576 acaeteris‚
1299 5524 1502 5571 tractat.
1534 5521 1582 5580 3,
1617 5515 1816 5582 disput.
1845 5519 1892 5580 6,
1914 5521 2044 5569 sect.
2128 5519 2175 5567 Β.
2214 5515 2443 5581 Utraque
2490 5527 2602 5583 prae
2646 5517 2752 5571 fide
2798 5518 3091 5572 christiana
3146 5517 3305 5586 plane
3355 5517 3697 5576 incredibilis

552 5599 600 5656 2,
629 5607 680 5646 n.
707 5597 751 5646 ⁴.

2194 5591 2324 5644 ibid.
