<?xml version="1.0" encoding="UTF-8"?>
<!DOCTYPE html PUBLIC "-//W3C//DTD XHTML 1.0 Transitional//EN"
    "http://www.w3.org/TR/xhtml1/DTD/xhtml1-transitional.dtd">
<html xmlns="http://www.w3.org/1999/xhtml" xml:lang="en" lang="en">
 <head>
  <title>
</title>
<meta http-equiv="Content-Type" content="text/html;charset=utf-8" />
  <meta name='ocr-system' content='tesseract 3.04.00' />
  <meta name='ocr-capabilities' content='ocr_page ocr_carea ocr_par ocr_line ocrx_word'/>
</head>
<body>
  <div class='ocr_page' id='page_1' title='image "./rpfranciscisuar00duvagoog_0124.png"; bbox 0 0 3900 6217; ppageno 0'>
   <div class='ocr_carea' id='block_1_1' title="bbox 478 402 599 463">
    <p class='ocr_par' dir='ltr' id='par_1_1' title="bbox 478 402 599 463">
     <span class='ocr_line' id='line_1_1' title="bbox 478 402 599 463; baseline 0 0"><span class='ocrx_word' id='word_1_1' title='bbox 478 402 599 463; x_wconf 69' lang='lat'><strong>106</strong></span> 
     </span>
    </p>
   </div>
   <div class='ocr_carea' id='block_1_2' title="bbox 462 512 2050 2929">
    <p class='ocr_par' dir='ltr' id='par_1_2' title="bbox 467 512 2050 1621">
     <span class='ocr_line' id='line_1_2' title="bbox 477 512 2050 595; baseline 0.001 -23"><span class='ocrx_word' id='word_1_2' title='bbox 477 512 735 591; x_wconf 88' lang='lat' dir='ltr'><strong>ponitur</strong></span> <span class='ocrx_word' id='word_1_3' title='bbox 758 520 830 577; x_wconf 89' lang='lat' dir='ltr'><strong>ut</strong></span> <span class='ocrx_word' id='word_1_4' title='bbox 860 514 1095 577; x_wconf 86' lang='lat' dir='ltr'><strong>dictum</strong></span> <span class='ocrx_word' id='word_1_5' title='bbox 1124 532 1163 575; x_wconf 91' lang='lat' dir='ltr'><strong>a</strong></span> <span class='ocrx_word' id='word_1_6' title='bbox 1192 514 1343 588; x_wconf 86' lang='lat' dir='ltr'><strong>Deo,</strong></span> <span class='ocrx_word' id='word_1_7' title='bbox 1382 532 1459 576; x_wconf 90' lang='lat' dir='ltr'><strong>eo</strong></span> <span class='ocrx_word' id='word_1_8' title='bbox 1490 515 1627 595; x_wconf 89' lang='lat' dir='ltr'><strong>ipso</strong></span> <span class='ocrx_word' id='word_1_9' title='bbox 1668 514 1899 577; x_wconf 86' lang='lat' dir='ltr'><strong>locutio</strong></span> <span class='ocrx_word' id='word_1_10' title='bbox 1940 514 2050 575; x_wconf 87' lang='lat' dir='ltr'><strong>illa</strong></span> 
     </span>
     <span class='ocr_line' id='line_1_3' title="bbox 478 604 2050 687; baseline 0.004 -22"><span class='ocrx_word' id='word_1_11' title='bbox 478 604 863 669; x_wconf 82' lang='lat' dir='ltr'><strong>sufficienter</strong></span> <span class='ocrx_word' id='word_1_12' title='bbox 918 607 1288 687; x_wconf 80' lang='lat' dir='ltr'><strong>proponitur</strong></span> <span class='ocrx_word' id='word_1_13' title='bbox 1338 614 1406 669; x_wconf 87' lang='lat' dir='ltr'><strong>ut</strong></span> <span class='ocrx_word' id='word_1_14' title='bbox 1442 608 1708 671; x_wconf 82' lang='lat' dir='ltr'><strong>verbum</strong></span> <span class='ocrx_word' id='word_1_15' title='bbox 1764 608 1927 681; x_wconf 85' lang='lat' dir='ltr'><strong>Dei;</strong></span> <span class='ocrx_word' id='word_1_16' title='bbox 1985 613 2050 671; x_wconf 87' lang='lat' dir='ltr'><strong>et</strong></span> 
     </span>
     <span class='ocr_line' id='line_1_4' title="bbox 475 696 2040 773; baseline 0.003 -15"><span class='ocrx_word' id='word_1_17' title='bbox 475 696 619 759; x_wconf 91' lang='lat' dir='ltr'><strong>ideo</strong></span> <span class='ocrx_word' id='word_1_18' title='bbox 654 711 783 761; x_wconf 88' lang='lat' dir='ltr'><strong>non</strong></span> <span class='ocrx_word' id='word_1_19' title='bbox 810 705 1054 763; x_wconf 83' lang='lat' dir='ltr'><strong>tantum</strong></span> <span class='ocrx_word' id='word_1_20' title='bbox 1098 718 1200 761; x_wconf 89' lang='lat' dir='ltr'><strong>res</strong></span> <span class='ocrx_word' id='word_1_21' title='bbox 1230 699 1416 773; x_wconf 85' lang='lat' dir='ltr'><strong>dicta,</strong></span> <span class='ocrx_word' id='word_1_22' title='bbox 1450 701 1563 763; x_wconf 85' lang='lat' dir='ltr'><strong>sed</strong></span> <span class='ocrx_word' id='word_1_23' title='bbox 1590 702 1777 763; x_wconf 86' lang='lat' dir='ltr'><strong>etiam</strong></span> <span class='ocrx_word' id='word_1_24' title='bbox 1803 701 2040 763; x_wconf 87' lang='lat' dir='ltr'><strong>locutio</strong></span> 
     </span>
     <span class='ocr_line' id='line_1_5' title="bbox 476 789 2043 872; baseline 0.003 -21"><span class='ocrx_word' id='word_1_25' title='bbox 476 789 615 869; x_wconf 88' lang='lat' dir='ltr'><strong>ipsa</strong></span> <span class='ocrx_word' id='word_1_26' title='bbox 666 792 1031 872; x_wconf 86' lang='lat' dir='ltr'><strong>accipienda</strong></span> <span class='ocrx_word' id='word_1_27' title='bbox 1072 799 1167 855; x_wconf 87' lang='lat' dir='ltr'><strong>est</strong></span> <span class='ocrx_word' id='word_1_28' title='bbox 1202 799 1267 855; x_wconf 88' lang='lat' dir='ltr'><strong>et</strong></span> <span class='ocrx_word' id='word_1_29' title='bbox 1306 792 1623 855; x_wconf 87' lang='lat' dir='ltr'><strong>credenda</strong></span> <span class='ocrx_word' id='word_1_30' title='bbox 1664 799 1734 855; x_wconf 90' lang='lat' dir='ltr'><strong>ut</strong></span> <span class='ocrx_word' id='word_1_31' title='bbox 1778 792 2043 856; x_wconf 86' lang='lat' dir='ltr'><strong>verbum</strong></span> 
     </span>
     <span class='ocr_line' id='line_1_6' title="bbox 475 882 2050 965; baseline 0.004 -20"><span class='ocrx_word' id='word_1_32' title='bbox 475 882 611 953; x_wconf 80' lang='lat' dir='ltr'><strong>Dei,</strong></span> <span class='ocrx_word' id='word_1_33' title='bbox 638 885 819 965; x_wconf 85' lang='lat' dir='ltr'><strong>juxta</strong></span> <span class='ocrx_word' id='word_1_34' title='bbox 872 885 1029 947; x_wconf 80' lang='lat' dir='ltr'><strong>illud</strong></span> <span class='ocrx_word' id='word_1_35' title='bbox 1079 886 1279 960; x_wconf 89' lang='lat' dir='ltr'><strong>Pauli,</strong></span> <span class='ocrx_word' id='word_1_36' title='bbox 1310 890 1339 949; x_wconf 80' lang='grc'><strong>1</strong></span> <span class='ocrx_word' id='word_1_37' title='bbox 1372 888 1593 949; x_wconf 84' lang='lat' dir='ltr'><strong>Thess.</strong></span> <span class='ocrx_word' id='word_1_38' title='bbox 1626 890 1665 951; x_wconf 74' lang='grc' dir='ltr'><strong>Ξ</strong></span> <span class='ocrx_word' id='word_1_39' title='bbox 1694 907 1709 949; x_wconf 89' lang='lat'>:</span> <span class='ocrx_word' id='word_1_40' title='bbox 1758 886 1911 952; x_wconf 67' lang='lat' dir='ltr'><strong>Cum</strong></span> <span class='ocrx_word' id='word_1_41' title='bbox 1952 906 2050 952; x_wconf 79' lang='lat' dir='ltr'><strong>ao-</strong></span> 
     </span>
     <span class='ocr_line' id='line_1_7' title="bbox 478 979 2050 1059; baseline 0.003 -20"><span class='ocrx_word' id='word_1_42' title='bbox 478 979 789 1059; x_wconf 72' lang='lat' dir='ltr'><strong>oepissetis</strong></span> <span class='ocrx_word' id='word_1_43' title='bbox 840 996 880 1043; x_wconf 84' lang='lat' dir='ltr'><strong>a</strong></span> <span class='ocrx_word' id='word_1_44' title='bbox 904 980 1070 1044; x_wconf 73' lang='lat' dir='ltr'><strong>nobis</strong></span> <span class='ocrx_word' id='word_1_45' title='bbox 1098 981 1337 1043; x_wconf 76' lang='lat' dir='ltr'><strong>verbum</strong></span> <span class='ocrx_word' id='word_1_46' title='bbox 1392 982 1643 1045; x_wconf 68' lang='lat' dir='ltr'><strong>auditus</strong></span> <span class='ocrx_word' id='word_1_47' title='bbox 1683 980 1847 1058; x_wconf 73' lang='lat' dir='ltr'><strong>fidei,</strong></span> <span class='ocrx_word' id='word_1_48' title='bbox 1886 998 2050 1044; x_wconf 78' lang='lat' dir='ltr'><strong>acoe-</strong></span> 
     </span>
     <span class='ocr_line' id='line_1_8' title="bbox 467 1073 2048 1156; baseline 0.001 -20"><span class='ocrx_word' id='word_1_49' title='bbox 467 1073 661 1156; x_wconf 70' lang='lat' dir='ltr'><strong>pistis</strong></span> <span class='ocrx_word' id='word_1_50' title='bbox 702 1074 882 1148; x_wconf 64' lang='lat' dir='ltr'><strong>illud,</strong></span> <span class='ocrx_word' id='word_1_51' title='bbox 927 1090 1049 1138; x_wconf 74' lang='lat' dir='ltr'><strong>m</strong></span> <span class='ocrx_word' id='word_1_52' title='bbox 1076 1080 1151 1138; x_wconf 69' lang='lat' dir='ltr'><strong>tet</strong></span> <span class='ocrx_word' id='word_1_53' title='bbox 1186 1075 1427 1138; x_wconf 75' lang='lat' dir='ltr'><strong>corbum</strong></span> <span class='ocrx_word' id='word_1_54' title='bbox 1460 1076 1791 1146; x_wconf 65' lang='lat' dir='ltr'><strong>hominum,</strong></span> <span class='ocrx_word' id='word_1_55' title='bbox 1820 1076 1931 1139; x_wconf 76' lang='lat' dir='ltr'><strong>sed</strong></span> <span class='ocrx_word' id='word_1_56' title='bbox 1975 1078 2048 1137; x_wconf 68' lang='lat' dir='ltr'><strong>ut</strong></span> 
     </span>
     <span class='ocr_line' id='line_1_9' title="bbox 474 1166 2044 1248; baseline 0 -19"><span class='ocrx_word' id='word_1_57' title='bbox 474 1184 611 1229; x_wconf 76' lang='lat' dir='ltr'><strong>vore</strong></span> <span class='ocrx_word' id='word_1_58' title='bbox 636 1174 729 1233; x_wconf 76' lang='lat' dir='ltr'><strong>eet</strong></span> <span class='ocrx_word' id='word_1_59' title='bbox 750 1170 989 1232; x_wconf 71' lang='lat' dir='ltr'><strong>verbum</strong></span> <span class='ocrx_word' id='word_1_60' title='bbox 1024 1168 1159 1232; x_wconf 74' lang='lat' dir='ltr'><strong>Dei.</strong></span> <span class='ocrx_word' id='word_1_61' title='bbox 1196 1170 1326 1231; x_wconf 84' lang='lat' dir='ltr'><strong>Hoc</strong></span> <span class='ocrx_word' id='word_1_62' title='bbox 1368 1184 1519 1248; x_wconf 76' lang='lat' dir='ltr'><strong>ergo</strong></span> <span class='ocrx_word' id='word_1_63' title='bbox 1548 1166 1737 1231; x_wconf 87' lang='lat' dir='ltr'><strong>modo</strong></span> <span class='ocrx_word' id='word_1_64' title='bbox 1760 1168 2044 1229; x_wconf 85' lang='lat' dir='ltr'><strong>divinum</strong></span> 
     </span>
     <span class='ocr_line' id='line_1_10' title="bbox 475 1260 2044 1341; baseline 0.002 -21"><span class='ocrx_word' id='word_1_65' title='bbox 475 1260 763 1335; x_wconf 81' lang='lat' dir='ltr'><strong>verbum,</strong></span> <span class='ocrx_word' id='word_1_66' title='bbox 798 1269 861 1323; x_wconf 90' lang='lat' dir='ltr'><strong>et</strong></span> <span class='ocrx_word' id='word_1_67' title='bbox 902 1279 1039 1324; x_wconf 90' lang='lat' dir='ltr'><strong>rem</strong></span> <span class='ocrx_word' id='word_1_68' title='bbox 1066 1262 1299 1324; x_wconf 86' lang='lat' dir='ltr'><strong>dictam</strong></span> <span class='ocrx_word' id='word_1_69' title='bbox 1340 1266 1405 1323; x_wconf 88' lang='lat' dir='ltr'><strong>et</strong></span> <span class='ocrx_word' id='word_1_70' title='bbox 1448 1261 1725 1341; x_wconf 85' lang='lat' dir='ltr'><strong>seipsum</strong></span> <span class='ocrx_word' id='word_1_71' title='bbox 1766 1260 1932 1335; x_wconf 85' lang='lat' dir='ltr'><strong>dicit,</strong></span> <span class='ocrx_word' id='word_1_72' title='bbox 1981 1266 2044 1323; x_wconf 88' lang='lat' dir='ltr'><strong>et</strong></span> 
     </span>
     <span class='ocr_line' id='line_1_11' title="bbox 474 1352 2044 1434; baseline 0.001 -20"><span class='ocrx_word' id='word_1_73' title='bbox 474 1352 596 1416; x_wconf 85' lang='lat' dir='ltr'><strong>hac</strong></span> <span class='ocrx_word' id='word_1_74' title='bbox 627 1354 869 1417; x_wconf 86' lang='lat' dir='ltr'><strong>ratione</strong></span> <span class='ocrx_word' id='word_1_75' title='bbox 908 1372 1025 1434; x_wconf 90' lang='lat' dir='ltr'><strong>per</strong></span> <span class='ocrx_word' id='word_1_76' title='bbox 1066 1354 1258 1417; x_wconf 82' lang='lat' dir='ltr'><strong>fidem</strong></span> <span class='ocrx_word' id='word_1_77' title='bbox 1282 1354 1556 1415; x_wconf 82' lang='lat' dir='ltr'><strong>infusam</strong></span> <span class='ocrx_word' id='word_1_78' title='bbox 1582 1354 1877 1425; x_wconf 87' lang='lat' dir='ltr'><strong>creditur,</strong></span> <span class='ocrx_word' id='word_1_79' title='bbox 1914 1370 2044 1415; x_wconf 89' lang='lat' dir='ltr'><strong>non</strong></span> 
     </span>
     <span class='ocr_line' id='line_1_12' title="bbox 472 1446 2042 1528; baseline 0.001 -20"><span class='ocrx_word' id='word_1_80' title='bbox 472 1464 590 1528; x_wconf 90' lang='lat' dir='ltr'><strong>per</strong></span> <span class='ocrx_word' id='word_1_81' title='bbox 621 1447 1069 1509; x_wconf 77' lang='lat' dir='ltr'>resolutionem</span> <span class='ocrx_word' id='word_1_82' title='bbox 1110 1447 1177 1509; x_wconf 87' lang='lat' dir='ltr'><strong>in</strong></span> <span class='ocrx_word' id='word_1_83' title='bbox 1226 1447 1403 1509; x_wconf 87' lang='lat' dir='ltr'><strong>aliud</strong></span> <span class='ocrx_word' id='word_1_84' title='bbox 1446 1447 1733 1521; x_wconf 78' lang='lat' dir='ltr'><strong>verbum,</strong></span> <span class='ocrx_word' id='word_1_85' title='bbox 1764 1446 1879 1509; x_wconf 91' lang='lat' dir='ltr'><strong>sed</strong></span> <span class='ocrx_word' id='word_1_86' title='bbox 1926 1462 2042 1527; x_wconf 85' lang='lat' dir='ltr'><strong>per</strong></span> 
     </span>
     <span class='ocr_line' id='line_1_13' title="bbox 474 1541 776 1621; baseline 0 -18"><span class='ocrx_word' id='word_1_87' title='bbox 474 1541 776 1621; x_wconf 86' lang='lat' dir='ltr'><strong>seipsum.</strong></span> 
     </span>
    </p>

    <p class='ocr_par' dir='ltr' id='par_1_3' title="bbox 462 1635 2044 2929">
     <span class='ocr_line' id='line_1_14' title="bbox 554 1635 2040 1701; baseline 0 -5"><span class='ocrx_word' id='word_1_88' title='bbox 554 1636 655 1697; x_wconf 87' lang='grc'><strong>13.</strong></span> <span class='ocrx_word' id='word_1_89' title='bbox 700 1636 971 1699; x_wconf 68' lang='lat' dir='ltr'><strong>Dubium</strong></span> <span class='ocrx_word' id='word_1_90' title='bbox 1009 1637 1333 1701; x_wconf 65' lang='lat' dir='ltr'><strong>scevam</strong></span> <span class='ocrx_word' id='word_1_91' title='bbox 1374 1635 1537 1701; x_wconf 68' lang='lat' dir='ltr'><strong>etr-ca</strong></span> <span class='ocrx_word' id='word_1_92' title='bbox 1562 1636 1885 1700; x_wconf 69' lang='lat' dir='ltr'><strong>secundm</strong></span> <span class='ocrx_word' id='word_1_93' title='bbox 1928 1652 2040 1699; x_wconf 80' lang='lat' dir='ltr'><strong>ar-</strong></span> 
     </span>
     <span class='ocr_line' id='line_1_15' title="bbox 469 1726 2044 1812; baseline -0.001 -21"><span class='ocrx_word' id='word_1_94' title='bbox 469 1734 821 1811; x_wconf 66' lang='lat' dir='ltr'><strong>mamentum</strong></span> <span class='ocrx_word' id='word_1_95' title='bbox 848 1730 917 1791; x_wconf 69' lang='lat' dir='ltr'><strong>in</strong></span> <span class='ocrx_word' id='word_1_96' title='bbox 945 1732 1139 1793; x_wconf 74' lang='lat' dir='ltr'><strong>eodem</strong></span> <span class='ocrx_word' id='word_1_97' title='bbox 1172 1748 1339 1794; x_wconf 68' lang='lat' dir='ltr'><strong>nam.</strong></span> <span class='ocrx_word' id='word_1_98' title='bbox 1375 1733 1436 1805; x_wconf 81' lang='lat'><strong>3,</strong></span> <span class='ocrx_word' id='word_1_99' title='bbox 1472 1746 1587 1812; x_wconf 75' lang='lat' dir='ltr'><strong>quo</strong></span> <span class='ocrx_word' id='word_1_100' title='bbox 1612 1731 1791 1809; x_wconf 73' lang='lat' dir='ltr'><strong>pacto</strong></span> <span class='ocrx_word' id='word_1_101' title='bbox 1833 1726 2044 1791; x_wconf 70' lang='lat' dir='ltr'><strong>divina</strong></span> 
     </span>
     <span class='ocr_line' id='line_1_16' title="bbox 462 1819 2043 1903; baseline -0.001 -18"><span class='ocrx_word' id='word_1_102' title='bbox 462 1823 617 1903; x_wconf 75' lang='lat' dir='ltr'><strong>fides</strong></span> <span class='ocrx_word' id='word_1_103' title='bbox 651 1825 1057 1903; x_wconf 69' lang='lat' dir='ltr'><strong>prm-equirat</strong></span> <span class='ocrx_word' id='word_1_104' title='bbox 1079 1825 1425 1888; x_wconf 65' lang='lat' dir='ltr'><strong>martam.</strong></span> <span class='ocrx_word' id='word_1_105' title='bbox 1441 1856 1523 1873; x_wconf 87' lang='lat'><strong>-·</strong></span> <span class='ocrx_word' id='word_1_106' title='bbox 1536 1824 1687 1889; x_wconf 71' lang='lat' dir='ltr'><strong>Non</strong></span> <span class='ocrx_word' id='word_1_107' title='bbox 1711 1819 2043 1903; x_wconf 67' lang='lat' dir='ltr'><strong>prm-oqui·</strong></span> 
     </span>
     <span class='ocr_line' id='line_1_17' title="bbox 470 1915 2042 2001; baseline 0 -24"><span class='ocrx_word' id='word_1_108' title='bbox 470 1916 566 1978; x_wconf 76' lang='lat' dir='ltr'><strong>rit</strong></span> <span class='ocrx_word' id='word_1_109' title='bbox 607 1916 785 1979; x_wconf 74' lang='lat' dir='ltr'><strong>illam</strong></span> <span class='ocrx_word' id='word_1_110' title='bbox 819 1922 1073 2001; x_wconf 73' lang='lat' dir='ltr'><strong>propter</strong></span> <span class='ocrx_word' id='word_1_111' title='bbox 1104 1919 1535 1982; x_wconf 68' lang='lat' dir='ltr'><strong>substantiam.</strong></span> <span class='ocrx_word' id='word_1_112' title='bbox 1562 1945 1647 1967; x_wconf 90' lang='lat'><strong>-—·</strong></span> <span class='ocrx_word' id='word_1_113' title='bbox 1670 1915 1879 1996; x_wconf 64' lang='lat' dir='ltr'><strong>Neque</strong></span> <span class='ocrx_word' id='word_1_114' title='bbox 1900 1932 2042 1997; x_wconf 78' lang='lat' dir='ltr'><strong>pro-</strong></span> 
     </span>
     <span class='ocr_line' id='line_1_18' title="bbox 464 2008 2042 2093; baseline -0.003 -20"><span class='ocrx_word' id='word_1_115' title='bbox 464 2014 611 2092; x_wconf 72' lang='lat' dir='ltr'><strong>pter</strong></span> <span class='ocrx_word' id='word_1_116' title='bbox 646 2010 1063 2075; x_wconf 69' lang='lat' dir='ltr'><strong>intensionem.</strong></span> <span class='ocrx_word' id='word_1_117' title='bbox 1088 2042 1171 2061; x_wconf 89' lang='lat'><strong>--</strong></span> <span class='ocrx_word' id='word_1_118' title='bbox 1191 2011 1397 2093; x_wconf 73' lang='lat' dir='ltr'><strong>Noqu</strong></span> <span class='ocrx_word' id='word_1_119' title='bbox 1430 2015 1504 2075; x_wconf 72' lang='lat' dir='ltr'><strong>ut</strong></span> <span class='ocrx_word' id='word_1_120' title='bbox 1554 2008 1935 2093; x_wconf 63' lang='lat' dir='ltr'><strong>principius</strong></span> <span class='ocrx_word' id='word_1_121' title='bbox 1971 2008 2042 2069; x_wconf 71' lang='lat' dir='ltr'><strong>in</strong></span> 
     </span>
     <span class='ocr_line' id='line_1_19' title="bbox 470 2100 2036 2187; baseline -0.003 -20"><span class='ocrx_word' id='word_1_122' title='bbox 470 2120 584 2185; x_wconf 76' lang='lat' dir='ltr'><strong>quo</strong></span> <span class='ocrx_word' id='word_1_123' title='bbox 616 2122 731 2187; x_wconf 81' lang='lat' dir='ltr'><strong>per</strong></span> <span class='ocrx_word' id='word_1_124' title='bbox 770 2122 834 2167; x_wconf 78' lang='lat' dir='ltr'><strong>se</strong></span> <span class='ocrx_word' id='word_1_125' title='bbox 858 2104 1123 2168; x_wconf 69' lang='lat' dir='ltr'><strong>nitatvor.</strong></span> <span class='ocrx_word' id='word_1_126' title='bbox 1149 2134 1233 2151; x_wconf 89' lang='lat'><em>-</em></span> <span class='ocrx_word' id='word_1_127' title='bbox 1258 2104 1389 2167; x_wconf 79' lang='lat' dir='ltr'><strong>Sed</strong></span> <span class='ocrx_word' id='word_1_128' title='bbox 1426 2110 1715 2184; x_wconf 65' lang='lat' dir='ltr'><strong>tanquam</strong></span> <span class='ocrx_word' id='word_1_129' title='bbox 1756 2100 2036 2165; x_wconf 68' lang='lat' dir='ltr'><strong>conditio-</strong></span> 
     </span>
     <span class='ocr_line' id='line_1_20' title="bbox 468 2194 2042 2262; baseline -0.003 -3"><span class='ocrx_word' id='word_1_130' title='bbox 468 2212 605 2259; x_wconf 71' lang='lat' dir='ltr'><strong>nem</strong></span> <span class='ocrx_word' id='word_1_131' title='bbox 642 2196 951 2262; x_wconf 70' lang='lat' dir='ltr'><strong>ordinario</strong></span> <span class='ocrx_word' id='word_1_132' title='bbox 973 2199 1396 2261; x_wconf 72' lang='lat' dir='ltr'><strong>necessariam.</strong></span> <span class='ocrx_word' id='word_1_133' title='bbox 1426 2228 1510 2244; x_wconf 93' lang='lat'><em>-</em></span> <span class='ocrx_word' id='word_1_134' title='bbox 1536 2198 1607 2258; x_wconf 88' lang='lat' dir='ltr'><strong>In</strong></span> <span class='ocrx_word' id='word_1_135' title='bbox 1638 2194 1915 2257; x_wconf 85' lang='lat' dir='ltr'><strong>secundo</strong></span> <span class='ocrx_word' id='word_1_136' title='bbox 1946 2212 2042 2255; x_wconf 88' lang='lat' dir='ltr'><strong>ar-</strong></span> 
     </span>
     <span class='ocr_line' id='line_1_21' title="bbox 470 2290 2042 2370; baseline -0.001 -21"><span class='ocrx_word' id='word_1_137' title='bbox 470 2295 775 2369; x_wconf 82' lang='lat' dir='ltr'><strong>gumento</strong></span> <span class='ocrx_word' id='word_1_138' title='bbox 834 2292 1051 2370; x_wconf 70' lang='lat' dir='ltr'><strong>primas</strong></span> <span class='ocrx_word' id='word_1_139' title='bbox 1082 2291 1430 2363; x_wconf 56' lang='lat' dir='ltr'><strong>sententiaa,</strong></span> <span class='ocrx_word' id='word_1_140' title='bbox 1461 2290 1771 2369; x_wconf 65' lang='lat' dir='ltr'><strong>precipue</strong></span> <span class='ocrx_word' id='word_1_141' title='bbox 1825 2294 2042 2368; x_wconf 85' lang='lat' dir='ltr'><strong>postu-</strong></span> 
     </span>
     <span class='ocr_line' id='line_1_22' title="bbox 466 2381 2039 2472; baseline -0.003 -28"><span class='ocrx_word' id='word_1_142' title='bbox 466 2381 637 2445; x_wconf 87' lang='lat' dir='ltr'><strong>latur</strong></span> <span class='ocrx_word' id='word_1_143' title='bbox 676 2384 998 2463; x_wconf 89' lang='lat' dir='ltr'><strong>quomodo</strong></span> <span class='ocrx_word' id='word_1_144' title='bbox 1027 2382 1203 2472; x_wconf 24' lang='lat' dir='ltr'><strong>*fides</strong></span> <span class='ocrx_word' id='word_1_145' title='bbox 1244 2384 1449 2445; x_wconf 82' lang='lat' dir='ltr'><strong>infusa</strong></span> <span class='ocrx_word' id='word_1_146' title='bbox 1478 2383 1688 2445; x_wconf 88' lang='lat' dir='ltr'><strong>divina</strong></span> <span class='ocrx_word' id='word_1_147' title='bbox 1726 2386 2039 2461; x_wconf 81' lang='lat' dir='ltr'><strong>supponat</strong></span> 
     </span>
     <span class='ocr_line' id='line_1_23' title="bbox 465 2476 2038 2557; baseline -0.003 -20"><span class='ocrx_word' id='word_1_148' title='bbox 465 2476 880 2554; x_wconf 79' lang='lat' dir='ltr'><strong>acquisitam3</strong></span> <span class='ocrx_word' id='word_1_149' title='bbox 930 2478 1053 2539; x_wconf 91' lang='lat' dir='ltr'><strong>hoc</strong></span> <span class='ocrx_word' id='word_1_150' title='bbox 1098 2478 1267 2539; x_wconf 86' lang='lat' dir='ltr'><strong>enim</strong></span> <span class='ocrx_word' id='word_1_151' title='bbox 1312 2484 1617 2557; x_wconf 85' lang='lat' dir='ltr'><strong>tanquam</strong></span> <span class='ocrx_word' id='word_1_152' title='bbox 1646 2481 1889 2537; x_wconf 90' lang='lat' dir='ltr'><strong>certum</strong></span> <span class='ocrx_word' id='word_1_153' title='bbox 1942 2491 2038 2533; x_wconf 88' lang='lat' dir='ltr'><strong>as-</strong></span> 
     </span>
     <span class='ocr_line' id='line_1_24' title="bbox 468 2567 2040 2647; baseline -0.002 -17"><span class='ocrx_word' id='word_1_154' title='bbox 468 2576 728 2631; x_wconf 89' lang='lat' dir='ltr'><strong>sumunt</strong></span> <span class='ocrx_word' id='word_1_155' title='bbox 770 2570 913 2632; x_wconf 89' lang='lat' dir='ltr'><strong>dicti</strong></span> <span class='ocrx_word' id='word_1_156' title='bbox 957 2577 1269 2644; x_wconf 86' lang='lat' dir='ltr'><strong>auctores,</strong></span> <span class='ocrx_word' id='word_1_157' title='bbox 1304 2576 1370 2633; x_wconf 88' lang='lat' dir='ltr'><strong>et</strong></span> <span class='ocrx_word' id='word_1_158' title='bbox 1406 2572 1577 2633; x_wconf 87' lang='lat' dir='ltr'><strong>Cano</strong></span> <span class='ocrx_word' id='word_1_159' title='bbox 1602 2574 1791 2647; x_wconf 87' lang='lat' dir='ltr'><strong>atque</strong></span> <span class='ocrx_word' id='word_1_160' title='bbox 1821 2567 1925 2628; x_wconf 89' lang='lat' dir='ltr'><strong>alii</strong></span> <span class='ocrx_word' id='word_1_161' title='bbox 1954 2568 2040 2629; x_wconf 78' lang='lat' dir='ltr'><strong>vi-</strong></span> 
     </span>
     <span class='ocr_line' id='line_1_25' title="bbox 467 2659 2040 2743; baseline -0.002 -20"><span class='ocrx_word' id='word_1_162' title='bbox 467 2660 700 2723; x_wconf 90' lang='lat' dir='ltr'><strong>dentur</strong></span> <span class='ocrx_word' id='word_1_163' title='bbox 736 2662 1095 2740; x_wconf 77' lang='lat' dir='ltr'><strong>admittere,</strong></span> <span class='ocrx_word' id='word_1_164' title='bbox 1130 2667 1193 2725; x_wconf 91' lang='lat' dir='ltr'><strong>et</strong></span> <span class='ocrx_word' id='word_1_165' title='bbox 1235 2664 1551 2743; x_wconf 63' lang='lat' dir='ltr'><strong>praecipue</strong></span> <span class='ocrx_word' id='word_1_166' title='bbox 1584 2660 1857 2723; x_wconf 84' lang='lat' dir='ltr'><strong>affirmat</strong></span> <span class='ocrx_word' id='word_1_167' title='bbox 1884 2659 2040 2721; x_wconf 82' lang='lat' dir='ltr'><strong>Vas-</strong></span> 
     </span>
     <span class='ocr_line' id='line_1_26' title="bbox 466 2754 2042 2839; baseline -0.001 -23"><span class='ocrx_word' id='word_1_168' title='bbox 466 2772 653 2835; x_wconf 88' lang='lat' dir='ltr'><strong>quez,</strong></span> <span class='ocrx_word' id='word_1_169' title='bbox 702 2760 727 2817; x_wconf 91' lang='grc'><strong>1</strong></span> <span class='ocrx_word' id='word_1_170' title='bbox 780 2774 872 2835; x_wconf 94' lang='lat' dir='ltr'><strong>p.,</strong></span> <span class='ocrx_word' id='word_1_171' title='bbox 924 2774 986 2834; x_wconf 93' lang='lat' dir='ltr'><strong>q.</strong></span> <span class='ocrx_word' id='word_1_172' title='bbox 1017 2759 1079 2832; x_wconf 86' lang='grc'><strong>1,</strong></span> <span class='ocrx_word' id='word_1_173' title='bbox 1110 2758 1227 2817; x_wconf 81' lang='lat' dir='ltr'><strong>art..</strong></span> <span class='ocrx_word' id='word_1_174' title='bbox 1268 2760 1327 2839; x_wconf 70' lang='grc'><strong>1,</strong></span> <span class='ocrx_word' id='word_1_175' title='bbox 1370 2755 1761 2818; x_wconf 81' lang='lat' dir='ltr'><strong>dubitatione</strong></span> <span class='ocrx_word' id='word_1_176' title='bbox 1806 2757 1828 2814; x_wconf 86' lang='lat'><strong>1</strong></span> <span class='ocrx_word' id='word_1_177' title='bbox 1882 2754 2042 2816; x_wconf 90' lang='lat' dir='ltr'><strong>litte-</strong></span> 
     </span>
     <span class='ocr_line' id='line_1_27' title="bbox 464 2848 2034 2929; baseline -0.001 -19"><span class='ocrx_word' id='word_1_178' title='bbox 464 2849 608 2920; x_wconf 90' lang='lat' dir='ltr'><strong>rali,</strong></span> <span class='ocrx_word' id='word_1_179' title='bbox 640 2854 704 2910; x_wconf 90' lang='lat' dir='ltr'><strong>et</strong></span> <span class='ocrx_word' id='word_1_180' title='bbox 742 2848 904 2927; x_wconf 85' lang='lat' dir='ltr'><strong>disp.</strong></span> <span class='ocrx_word' id='word_1_181' title='bbox 938 2852 997 2923; x_wconf 78' lang='lat'><strong>5,</strong></span> <span class='ocrx_word' id='word_1_182' title='bbox 1025 2868 1082 2911; x_wconf 88' lang='lat' dir='ltr'><strong>e.</strong></span> <span class='ocrx_word' id='word_1_183' title='bbox 1116 2852 1176 2923; x_wconf 86' lang='lat'><strong>3,</strong></span> <span class='ocrx_word' id='word_1_184' title='bbox 1208 2856 1273 2911; x_wconf 89' lang='lat' dir='ltr'><strong>et</strong></span> <span class='ocrx_word' id='word_1_185' title='bbox 1320 2855 1377 2912; x_wconf 91' lang='grc'><strong>1.</strong></span> <span class='ocrx_word' id='word_1_186' title='bbox 1411 2852 1473 2923; x_wconf 72' lang='lat'><strong>2,</strong></span> <span class='ocrx_word' id='word_1_187' title='bbox 1504 2848 1665 2929; x_wconf 84' lang='lat' dir='ltr'><strong>disp.</strong></span> <span class='ocrx_word' id='word_1_188' title='bbox 1706 2849 1851 2924; x_wconf 75' lang='lat'><strong>201,</strong></span> <span class='ocrx_word' id='word_1_189' title='bbox 1880 2866 1935 2909; x_wconf 90' lang='lat' dir='ltr'><strong>c.</strong></span> <span class='ocrx_word' id='word_1_190' title='bbox 1972 2850 2034 2919; x_wconf 77' lang='lat'><strong>2,</strong></span> 
     </span>
    </p>
   </div>
   <div class='ocr_carea' id='block_1_3' title="bbox 464 2918 2064 3021">
    <p class='ocr_par' dir='ltr' id='par_1_4' title="bbox 464 2918 2064 3021">
     <span class='ocr_line' id='line_1_28' title="bbox 464 2918 2064 3021; baseline -0.002 -17"><span class='ocrx_word' id='word_1_191' title='bbox 464 2941 574 3004; x_wconf 79' lang='lat' dir='ltr'><strong>uhi</strong></span> <span class='ocrx_word' id='word_1_192' title='bbox 604 2941 689 3003; x_wconf 91' lang='lat' dir='ltr'><strong>ait</strong></span> <span class='ocrx_word' id='word_1_193' title='bbox 718 2918 909 3003; x_wconf 58' lang='lat' dir='ltr'><strong>fidem</strong></span> <span class='ocrx_word' id='word_1_194' title='bbox 936 2941 1303 3021; x_wconf 86' lang='lat' dir='ltr'><strong>acquisitam</strong></span> <span class='ocrx_word' id='word_1_195' title='bbox 1334 2960 1473 3017; x_wconf 59' lang='lat' dir='ltr'><strong>esse</strong></span> <span class='ocrx_word' id='word_1_196' title='bbox 1502 2942 1922 3004; x_wconf 89' lang='lat' dir='ltr'><strong>necessariam</strong></span> <span class='ocrx_word' id='word_1_197' title='bbox 1955 2941 2064 3001; x_wconf 90' lang='lat' dir='ltr'><strong>ad·</strong></span> 
     </span>
    </p>
   </div>
   <div class='ocr_carea' id='block_1_4' title="bbox 454 3034 2035 5639">
    <p class='ocr_par' dir='ltr' id='par_1_5' title="bbox 454 3034 2035 5639">
     <span class='ocr_line' id='line_1_29' title="bbox 466 3034 2032 3117; baseline -0.001 -21"><span class='ocrx_word' id='word_1_198' title='bbox 466 3034 735 3097; x_wconf 87' lang='lat' dir='ltr'><strong>salutem</strong></span> <span class='ocrx_word' id='word_1_199' title='bbox 762 3055 778 3109; x_wconf 88' lang='lat'>;</span> <span class='ocrx_word' id='word_1_200' title='bbox 810 3041 1023 3098; x_wconf 89' lang='lat' dir='ltr'><strong>tamen</strong></span> <span class='ocrx_word' id='word_1_201' title='bbox 1048 3036 1372 3117; x_wconf 80' lang='lat' dir='ltr'><strong>subjungit</strong></span> <span class='ocrx_word' id='word_1_202' title='bbox 1396 3037 1567 3097; x_wconf 91' lang='lat' dir='ltr'><strong>illam</strong></span> <span class='ocrx_word' id='word_1_203' title='bbox 1599 3053 1727 3096; x_wconf 89' lang='lat' dir='ltr'><strong>non</strong></span> <span class='ocrx_word' id='word_1_204' title='bbox 1752 3035 2032 3113; x_wconf 87' lang='lat' dir='ltr'><strong>separari</strong></span> 
     </span>
     <span class='ocr_line' id='line_1_30' title="bbox 466 3127 2032 3209; baseline -0.001 -21"><span class='ocrx_word' id='word_1_205' title='bbox 466 3128 549 3190; x_wconf 81' lang='lat' dir='ltr'><strong>ab</strong></span> <span class='ocrx_word' id='word_1_206' title='bbox 579 3128 789 3190; x_wconf 77' lang='lat' dir='ltr'><strong>infusa</strong></span> <span class='ocrx_word' id='word_1_207' title='bbox 814 3174 831 3202; x_wconf 88' lang='lat'><strong>,</strong></span> <span class='ocrx_word' id='word_1_208' title='bbox 884 3130 1034 3209; x_wconf 87' lang='lat' dir='ltr'><strong>quia</strong></span> <span class='ocrx_word' id='word_1_209' title='bbox 1073 3129 1331 3192; x_wconf 87' lang='lat' dir='ltr'><strong>habenti</strong></span> <span class='ocrx_word' id='word_1_210' title='bbox 1386 3129 1576 3191; x_wconf 87' lang='lat' dir='ltr'><strong>fidem</strong></span> <span class='ocrx_word' id='word_1_211' title='bbox 1638 3127 2032 3207; x_wconf 80' lang='lat' dir='ltr'><strong>acquisitam,</strong></span> 
     </span>
     <span class='ocr_line' id='line_1_31' title="bbox 462 3220 2027 3296; baseline -0.001 -11"><span class='ocrx_word' id='word_1_212' title='bbox 462 3222 701 3285; x_wconf 88' lang='lat' dir='ltr'><strong>scilicet</strong></span> <span class='ocrx_word' id='word_1_213' title='bbox 742 3222 831 3285; x_wconf 82' lang='lat' dir='ltr'><strong>de</strong></span> <span class='ocrx_word' id='word_1_214' title='bbox 858 3224 1049 3285; x_wconf 88' lang='lat' dir='ltr'><strong>rebus</strong></span> <span class='ocrx_word' id='word_1_215' title='bbox 1081 3223 1253 3296; x_wconf 86' lang='lat' dir='ltr'><strong>fidei,</strong></span> <span class='ocrx_word' id='word_1_216' title='bbox 1284 3225 1497 3286; x_wconf 91' lang='lat' dir='ltr'><strong>statim</strong></span> <span class='ocrx_word' id='word_1_217' title='bbox 1538 3220 1727 3285; x_wconf 85' lang='lat' dir='ltr'><strong>datur</strong></span> <span class='ocrx_word' id='word_1_218' title='bbox 1773 3222 1977 3285; x_wconf 79' lang='lat' dir='ltr'><strong>infusa</strong></span> <span class='ocrx_word' id='word_1_219' title='bbox 2011 3242 2027 3293; x_wconf 87' lang='lat'>;</span> 
     </span>
     <span class='ocr_line' id='line_1_32' title="bbox 462 3314 2035 3395; baseline 0 -19"><span class='ocrx_word' id='word_1_220' title='bbox 462 3316 577 3377; x_wconf 89' lang='lat' dir='ltr'><strong>sed</strong></span> <span class='ocrx_word' id='word_1_221' title='bbox 602 3315 725 3377; x_wconf 90' lang='lat' dir='ltr'><strong>hoc</strong></span> <span class='ocrx_word' id='word_1_222' title='bbox 764 3317 1053 3379; x_wconf 88' lang='lat' dir='ltr'><strong>ultimum</strong></span> <span class='ocrx_word' id='word_1_223' title='bbox 1072 3323 1291 3395; x_wconf 86' lang='lat' dir='ltr'><strong>postea</strong></span> <span class='ocrx_word' id='word_1_224' title='bbox 1326 3317 1700 3388; x_wconf 81' lang='lat' dir='ltr'><strong>videbimus,</strong></span> <span class='ocrx_word' id='word_1_225' title='bbox 1734 3334 1887 3377; x_wconf 85' lang='lat' dir='ltr'><strong>nam</strong></span> <span class='ocrx_word' id='word_1_226' title='bbox 1914 3314 2035 3377; x_wconf 78' lang='lat' dir='ltr'><strong>dis-</strong></span> 
     </span>
     <span class='ocr_line' id='line_1_33' title="bbox 458 3409 2029 3491; baseline -0.001 -20"><span class='ocrx_word' id='word_1_227' title='bbox 458 3409 689 3472; x_wconf 88' lang='lat' dir='ltr'><strong>ficilem</strong></span> <span class='ocrx_word' id='word_1_228' title='bbox 730 3410 921 3471; x_wconf 90' lang='lat' dir='ltr'><strong>habet</strong></span> <span class='ocrx_word' id='word_1_229' title='bbox 960 3410 1421 3491; x_wconf 73' lang='lat' dir='ltr'><strong>probationem.</strong></span> <span class='ocrx_word' id='word_1_230' title='bbox 1451 3412 1523 3471; x_wconf 90' lang='lat' dir='ltr'><strong>In</strong></span> <span class='ocrx_word' id='word_1_231' title='bbox 1565 3410 1759 3490; x_wconf 87' lang='lat' dir='ltr'><strong>priori</strong></span> <span class='ocrx_word' id='word_1_232' title='bbox 1814 3415 2029 3470; x_wconf 87' lang='lat' dir='ltr'><strong>autem</strong></span> 
     </span>
     <span class='ocr_line' id='line_1_34' title="bbox 457 3503 2031 3585; baseline 0 -22"><span class='ocrx_word' id='word_1_233' title='bbox 457 3510 716 3585; x_wconf 89' lang='lat' dir='ltr'><strong>puncto,</strong></span> <span class='ocrx_word' id='word_1_234' title='bbox 754 3504 929 3584; x_wconf 89' lang='lat' dir='ltr'><strong>quod</strong></span> <span class='ocrx_word' id='word_1_235' title='bbox 954 3504 1039 3565; x_wconf 92' lang='lat' dir='ltr'><strong>ad</strong></span> <span class='ocrx_word' id='word_1_236' title='bbox 1076 3520 1357 3583; x_wconf 80' lang='lat' dir='ltr'><strong>praesens</strong></span> <span class='ocrx_word' id='word_1_237' title='bbox 1398 3509 1662 3583; x_wconf 84' lang='lat' dir='ltr'><strong>spectat,</strong></span> <span class='ocrx_word' id='word_1_238' title='bbox 1693 3503 1895 3583; x_wconf 89' lang='lat' dir='ltr'><strong>primo</strong></span> <span class='ocrx_word' id='word_1_239' title='bbox 1926 3521 2031 3564; x_wconf 82' lang='lat' dir='ltr'><strong>ca-</strong></span> 
     </span>
     <span class='ocr_line' id='line_1_35' title="bbox 457 3594 2030 3675; baseline 0 -19"><span class='ocrx_word' id='word_1_240' title='bbox 457 3594 735 3657; x_wconf 82' lang='lat' dir='ltr'><strong>vendum</strong></span> <span class='ocrx_word' id='word_1_241' title='bbox 780 3602 877 3657; x_wconf 85' lang='lat' dir='ltr'><strong>est</strong></span> <span class='ocrx_word' id='word_1_242' title='bbox 898 3596 1069 3675; x_wconf 90' lang='lat' dir='ltr'><strong>quod</strong></span> <span class='ocrx_word' id='word_1_243' title='bbox 1110 3594 1335 3657; x_wconf 90' lang='lat' dir='ltr'><strong>Scotus</strong></span> <span class='ocrx_word' id='word_1_244' title='bbox 1372 3602 1437 3657; x_wconf 90' lang='lat' dir='ltr'><strong>et</strong></span> <span class='ocrx_word' id='word_1_245' title='bbox 1466 3595 1739 3669; x_wconf 87' lang='lat' dir='ltr'><strong>Gabriel,</strong></span> <span class='ocrx_word' id='word_1_246' title='bbox 1776 3612 1954 3656; x_wconf 90' lang='lat' dir='ltr'><strong>num.</strong></span> <span class='ocrx_word' id='word_1_247' title='bbox 1989 3597 2030 3656; x_wconf 76' lang='lat'><em>2</em></span> 
     </span>
     <span class='ocr_line' id='line_1_36' title="bbox 457 3686 2030 3762; baseline -0.001 -13"><span class='ocrx_word' id='word_1_248' title='bbox 457 3687 661 3761; x_wconf 88' lang='lat' dir='ltr'><strong>relati,</strong></span> <span class='ocrx_word' id='word_1_249' title='bbox 684 3688 984 3760; x_wconf 88' lang='lat' dir='ltr'><strong>indicant,</strong></span> <span class='ocrx_word' id='word_1_250' title='bbox 1010 3694 1075 3750; x_wconf 89' lang='lat' dir='ltr'><strong>et</strong></span> <span class='ocrx_word' id='word_1_251' title='bbox 1100 3689 1331 3751; x_wconf 89' lang='lat' dir='ltr'><strong>clarius</strong></span> <span class='ocrx_word' id='word_1_252' title='bbox 1358 3688 1507 3751; x_wconf 85' lang='lat' dir='ltr'><strong>dicit</strong></span> <span class='ocrx_word' id='word_1_253' title='bbox 1536 3688 1805 3762; x_wconf 82' lang='lat' dir='ltr'><strong>Medius,</strong></span> <span class='ocrx_word' id='word_1_254' title='bbox 1836 3686 2030 3749; x_wconf 89' lang='lat' dir='ltr'><strong>fidem</strong></span> 
     </span>
     <span class='ocr_line' id='line_1_37' title="bbox 459 3780 2032 3860; baseline -0.001 -19"><span class='ocrx_word' id='word_1_255' title='bbox 459 3781 829 3859; x_wconf 81' lang='lat' dir='ltr'><strong>acquisitam</strong></span> <span class='ocrx_word' id='word_1_256' title='bbox 869 3782 1105 3860; x_wconf 81' lang='lat' dir='ltr'><strong>requiri</strong></span> <span class='ocrx_word' id='word_1_257' title='bbox 1154 3781 1237 3843; x_wconf 90' lang='lat' dir='ltr'><strong>ad</strong></span> <span class='ocrx_word' id='word_1_258' title='bbox 1290 3782 1593 3854; x_wconf 83' lang='lat' dir='ltr'><strong>infusam,</strong></span> <span class='ocrx_word' id='word_1_259' title='bbox 1645 3780 1835 3843; x_wconf 81' lang='lat' dir='ltr'><strong>veluti</strong></span> <span class='ocrx_word' id='word_1_260' title='bbox 1886 3800 2032 3860; x_wconf 84' lang='lat' dir='ltr'><strong>pro-</strong></span> 
     </span>
     <span class='ocr_line' id='line_1_38' title="bbox 458 3872 2030 3955; baseline -0.001 -20"><span class='ocrx_word' id='word_1_261' title='bbox 458 3876 599 3955; x_wconf 89' lang='lat' dir='ltr'><strong>pter</strong></span> <span class='ocrx_word' id='word_1_262' title='bbox 628 3872 1043 3937; x_wconf 83' lang='lat' dir='ltr'><strong>substantiam</strong></span> <span class='ocrx_word' id='word_1_263' title='bbox 1086 3874 1283 3953; x_wconf 89' lang='lat' dir='ltr'><strong>ipsius</strong></span> <span class='ocrx_word' id='word_1_264' title='bbox 1340 3881 1557 3946; x_wconf 87' lang='lat' dir='ltr'><strong>actus;</strong></span> <span class='ocrx_word' id='word_1_265' title='bbox 1597 3879 1821 3953; x_wconf 89' lang='lat' dir='ltr'><strong>putant</strong></span> <span class='ocrx_word' id='word_1_266' title='bbox 1860 3874 2030 3935; x_wconf 88' lang='lat' dir='ltr'><strong>enim</strong></span> 
     </span>
     <span class='ocr_line' id='line_1_39' title="bbox 457 3968 2025 4048; baseline -0.001 -19"><span class='ocrx_word' id='word_1_267' title='bbox 457 3984 659 4029; x_wconf 88' lang='lat' dir='ltr'><strong>unum</strong></span> <span class='ocrx_word' id='word_1_268' title='bbox 694 3985 832 4029; x_wconf 86' lang='lat' dir='ltr'><strong>esse</strong></span> <span class='ocrx_word' id='word_1_269' title='bbox 864 3974 1075 4030; x_wconf 83' lang='lat' dir='ltr'><strong>actum</strong></span> <span class='ocrx_word' id='word_1_270' title='bbox 1122 3968 1269 4031; x_wconf 87' lang='lat' dir='ltr'><strong>fidei</strong></span> <span class='ocrx_word' id='word_1_271' title='bbox 1314 3969 1633 4048; x_wconf 78' lang='lat' dir='ltr'><strong>acquisitoe</strong></span> <span class='ocrx_word' id='word_1_272' title='bbox 1676 3974 1739 4030; x_wconf 92' lang='lat' dir='ltr'><strong>et</strong></span> <span class='ocrx_word' id='word_1_273' title='bbox 1780 3968 2025 4040; x_wconf 78' lang='lat' dir='ltr'><strong>infusae,</strong></span> 
     </span>
     <span class='ocr_line' id='line_1_40' title="bbox 457 4061 2032 4141; baseline 0.001 -20"><span class='ocrx_word' id='word_1_274' title='bbox 457 4061 629 4141; x_wconf 89' lang='lat' dir='ltr'><strong>qnod</strong></span> <span class='ocrx_word' id='word_1_275' title='bbox 652 4061 880 4123; x_wconf 84' lang='lat' dir='ltr'><strong>falsum</strong></span> <span class='ocrx_word' id='word_1_276' title='bbox 894 4080 1035 4125; x_wconf 89' lang='lat' dir='ltr'><strong>esse</strong></span> <span class='ocrx_word' id='word_1_277' title='bbox 1050 4062 1213 4123; x_wconf 77' lang='lat' dir='ltr'><strong>infra</strong></span> <span class='ocrx_word' id='word_1_278' title='bbox 1234 4064 1661 4137; x_wconf 89' lang='lat' dir='ltr'><strong>ostendemus,</strong></span> <span class='ocrx_word' id='word_1_279' title='bbox 1682 4067 1746 4124; x_wconf 90' lang='lat' dir='ltr'><strong>et</strong></span> <span class='ocrx_word' id='word_1_280' title='bbox 1770 4080 1847 4123; x_wconf 89' lang='lat' dir='ltr'><strong>ex</strong></span> <span class='ocrx_word' id='word_1_281' title='bbox 1860 4064 2032 4141; x_wconf 87' lang='lat' dir='ltr'><strong>prin·</strong></span> 
     </span>
     <span class='ocr_line' id='line_1_41' title="bbox 458 4154 2028 4235; baseline -0.001 -18"><span class='ocrx_word' id='word_1_282' title='bbox 458 4154 637 4233; x_wconf 89' lang='lat' dir='ltr'><strong>cipiis</strong></span> <span class='ocrx_word' id='word_1_283' title='bbox 680 4155 901 4235; x_wconf 87' lang='lat' dir='ltr'><strong>positis</strong></span> <span class='ocrx_word' id='word_1_284' title='bbox 946 4157 1010 4216; x_wconf 92' lang='lat' dir='ltr'><strong>in</strong></span> <span class='ocrx_word' id='word_1_285' title='bbox 1052 4158 1321 4218; x_wconf 88' lang='lat' dir='ltr'><strong>materia</strong></span> <span class='ocrx_word' id='word_1_286' title='bbox 1358 4158 1437 4219; x_wconf 89' lang='lat' dir='ltr'><strong>de</strong></span> <span class='ocrx_word' id='word_1_287' title='bbox 1480 4157 1694 4230; x_wconf 88' lang='lat' dir='ltr'><strong>Grat.,</strong></span> <span class='ocrx_word' id='word_1_288' title='bbox 1730 4155 1837 4216; x_wconf 87' lang='lat' dir='ltr'><strong>lib.</strong></span> <span class='ocrx_word' id='word_1_289' title='bbox 1882 4157 1945 4230; x_wconf 78' lang='lat'><strong>2,</strong></span> <span class='ocrx_word' id='word_1_290' title='bbox 1991 4174 2028 4216; x_wconf 89' lang='lat' dir='ltr'><strong>a</strong></span> 
     </span>
     <span class='ocr_line' id='line_1_42' title="bbox 458 4248 2030 4329; baseline 0.001 -21"><span class='ocrx_word' id='word_1_291' title='bbox 458 4264 599 4326; x_wconf 85' lang='lat' dir='ltr'><strong>cap.</strong></span> <span class='ocrx_word' id='word_1_292' title='bbox 642 4248 705 4321; x_wconf 72' lang='lat'><strong>4,</strong></span> <span class='ocrx_word' id='word_1_293' title='bbox 750 4254 845 4310; x_wconf 89' lang='lat' dir='ltr'><strong>est</strong></span> <span class='ocrx_word' id='word_1_294' title='bbox 868 4249 1297 4324; x_wconf 84' lang='lat' dir='ltr'><strong>manifestum,</strong></span> <span class='ocrx_word' id='word_1_295' title='bbox 1346 4250 1493 4329; x_wconf 87' lang='lat' dir='ltr'><strong>quia</strong></span> <span class='ocrx_word' id='word_1_296' title='bbox 1522 4256 1699 4311; x_wconf 88' lang='lat' dir='ltr'><strong>actus</strong></span> <span class='ocrx_word' id='word_1_297' title='bbox 1739 4248 1889 4310; x_wconf 87' lang='lat' dir='ltr'><strong>fidei</strong></span> <span class='ocrx_word' id='word_1_298' title='bbox 1932 4249 2030 4309; x_wconf 86' lang='lat' dir='ltr'><strong>in·</strong></span> 
     </span>
     <span class='ocr_line' id='line_1_43' title="bbox 454 4338 2024 4422; baseline 0.001 -21"><span class='ocrx_word' id='word_1_299' title='bbox 454 4338 613 4401; x_wconf 60' lang='lat' dir='ltr'><strong>fusas</strong></span> <span class='ocrx_word' id='word_1_300' title='bbox 662 4346 758 4402; x_wconf 88' lang='lat' dir='ltr'><strong>est</strong></span> <span class='ocrx_word' id='word_1_301' title='bbox 799 4342 1295 4421; x_wconf 85' lang='lat' dir='ltr'><strong>supernaturalis</strong></span> <span class='ocrx_word' id='word_1_302' title='bbox 1341 4343 1555 4422; x_wconf 88' lang='lat' dir='ltr'><strong>quoad</strong></span> <span class='ocrx_word' id='word_1_303' title='bbox 1587 4341 2024 4414; x_wconf 84' lang='lat' dir='ltr'><strong>substantiam,</strong></span> 
     </span>
     <span class='ocr_line' id='line_1_44' title="bbox 458 4432 2028 4499; baseline 0.003 -7"><span class='ocrx_word' id='word_1_304' title='bbox 458 4432 622 4493; x_wconf 88' lang='lat' dir='ltr'><strong>alius</strong></span> <span class='ocrx_word' id='word_1_305' title='bbox 658 4450 811 4496; x_wconf 78' lang='lat' dir='ltr'><strong>vero</strong></span> <span class='ocrx_word' id='word_1_306' title='bbox 856 4436 1159 4496; x_wconf 87' lang='lat' dir='ltr'><strong>naturalis</strong></span> <span class='ocrx_word' id='word_1_307' title='bbox 1188 4439 1303 4497; x_wconf 85' lang='lat' dir='ltr'><strong>est.</strong></span> <span class='ocrx_word' id='word_1_308' title='bbox 1350 4438 1499 4499; x_wconf 82' lang='lat' dir='ltr'><strong>item</strong></span> <span class='ocrx_word' id='word_1_309' title='bbox 1552 4436 1635 4497; x_wconf 92' lang='lat' dir='ltr'><strong>illi</strong></span> <span class='ocrx_word' id='word_1_310' title='bbox 1690 4442 1867 4497; x_wconf 90' lang='lat' dir='ltr'><strong>actus</strong></span> <span class='ocrx_word' id='word_1_311' title='bbox 1914 4436 2028 4496; x_wconf 89' lang='lat' dir='ltr'><strong>ha-</strong></span> 
     </span>
     <span class='ocr_line' id='line_1_45' title="bbox 455 4525 2028 4607; baseline 0.002 -20"><span class='ocrx_word' id='word_1_312' title='bbox 455 4525 612 4588; x_wconf 89' lang='lat' dir='ltr'><strong>bent</strong></span> <span class='ocrx_word' id='word_1_313' title='bbox 658 4527 905 4607; x_wconf 88' lang='lat' dir='ltr'><strong>objecta</strong></span> <span class='ocrx_word' id='word_1_314' title='bbox 942 4529 1229 4591; x_wconf 87' lang='lat' dir='ltr'><strong>formalia</strong></span> <span class='ocrx_word' id='word_1_315' title='bbox 1270 4530 1539 4603; x_wconf 84' lang='lat' dir='ltr'><strong>diversa,</strong></span> <span class='ocrx_word' id='word_1_316' title='bbox 1582 4530 1836 4601; x_wconf 88' lang='lat' dir='ltr'><strong>scilicet,</strong></span> <span class='ocrx_word' id='word_1_317' title='bbox 1878 4548 2028 4591; x_wconf 90' lang='lat' dir='ltr'><strong>auc-</strong></span> 
     </span>
     <span class='ocr_line' id='line_1_46' title="bbox 456 4619 2024 4703; baseline 0.001 -22"><span class='ocrx_word' id='word_1_318' title='bbox 456 4619 773 4681; x_wconf 87' lang='lat' dir='ltr'><strong>toritatem</strong></span> <span class='ocrx_word' id='word_1_319' title='bbox 814 4621 1093 4684; x_wconf 76' lang='lat' dir='ltr'><strong>divinam</strong></span> <span class='ocrx_word' id='word_1_320' title='bbox 1122 4630 1186 4684; x_wconf 92' lang='lat' dir='ltr'><strong>et</strong></span> <span class='ocrx_word' id='word_1_321' title='bbox 1216 4624 1584 4685; x_wconf 84' lang='lat' dir='ltr'><strong>humanam.</strong></span> <span class='ocrx_word' id='word_1_322' title='bbox 1626 4624 1905 4703; x_wconf 89' lang='lat' dir='ltr'><strong>Denique</strong></span> <span class='ocrx_word' id='word_1_323' title='bbox 1932 4623 2024 4683; x_wconf 85' lang='lat' dir='ltr'><strong>in-</strong></span> 
     </span>
     <span class='ocr_line' id='line_1_47' title="bbox 454 4710 2025 4795; baseline 0.002 -22"><span class='ocrx_word' id='word_1_324' title='bbox 454 4710 659 4773; x_wconf 81' lang='lat' dir='ltr'><strong>tensio</strong></span> <span class='ocrx_word' id='word_1_325' title='bbox 704 4719 879 4773; x_wconf 87' lang='lat' dir='ltr'><strong>actus</strong></span> <span class='ocrx_word' id='word_1_326' title='bbox 916 4730 1033 4776; x_wconf 89' lang='lat' dir='ltr'><strong>nec</strong></span> <span class='ocrx_word' id='word_1_327' title='bbox 1078 4716 1305 4777; x_wconf 86' lang='lat' dir='ltr'><strong>sufficit</strong></span> <span class='ocrx_word' id='word_1_328' title='bbox 1332 4734 1451 4777; x_wconf 89' lang='lat' dir='ltr'><strong>nec</strong></span> <span class='ocrx_word' id='word_1_329' title='bbox 1478 4716 1819 4795; x_wconf 80' lang='lat' dir='ltr'><strong>requiritur</strong></span> <span class='ocrx_word' id='word_1_330' title='bbox 1846 4716 1929 4776; x_wconf 85' lang='lat' dir='ltr'><strong>ad</strong></span> <span class='ocrx_word' id='word_1_331' title='bbox 1948 4715 2025 4776; x_wconf 85' lang='lat' dir='ltr'><strong>fi-</strong></span> 
     </span>
     <span class='ocr_line' id='line_1_48' title="bbox 455 4803 2024 4888; baseline 0.002 -23"><span class='ocrx_word' id='word_1_332' title='bbox 455 4803 605 4865; x_wconf 85' lang='lat' dir='ltr'><strong>dem</strong></span> <span class='ocrx_word' id='word_1_333' title='bbox 644 4805 915 4868; x_wconf 78' lang='lat' dir='ltr'><strong>infusam</strong></span> <span class='ocrx_word' id='word_1_334' title='bbox 942 4822 965 4883; x_wconf 82' lang='lat'>3</span> <span class='ocrx_word' id='word_1_335' title='bbox 1000 4808 1169 4869; x_wconf 91' lang='lat' dir='ltr'><strong>unde</strong></span> <span class='ocrx_word' id='word_1_336' title='bbox 1226 4808 1607 4888; x_wconf 86' lang='lat' dir='ltr'><strong>impossihile</strong></span> <span class='ocrx_word' id='word_1_337' title='bbox 1662 4814 1759 4870; x_wconf 91' lang='lat' dir='ltr'><strong>est</strong></span> <span class='ocrx_word' id='word_1_338' title='bbox 1804 4808 2024 4869; x_wconf 87' lang='lat' dir='ltr'><strong>distin-</strong></span> 
     </span>
     <span class='ocr_line' id='line_1_49' title="bbox 458 4897 2024 4981; baseline 0.002 -22"><span class='ocrx_word' id='word_1_339' title='bbox 458 4914 653 4977; x_wconf 80' lang='lat' dir='ltr'><strong>gnere</strong></span> <span class='ocrx_word' id='word_1_340' title='bbox 694 4897 837 4961; x_wconf 90' lang='lat' dir='ltr'><strong>illos</strong></span> <span class='ocrx_word' id='word_1_341' title='bbox 896 4906 1073 4961; x_wconf 86' lang='lat' dir='ltr'><strong>actus</strong></span> <span class='ocrx_word' id='word_1_342' title='bbox 1138 4908 1393 4981; x_wconf 89' lang='lat' dir='ltr'><strong>propter</strong></span> <span class='ocrx_word' id='word_1_343' title='bbox 1462 4902 1659 4963; x_wconf 88' lang='lat' dir='ltr'><strong>solam</strong></span> <span class='ocrx_word' id='word_1_344' title='bbox 1726 4902 2024 4963; x_wconf 85' lang='lat' dir='ltr'><strong>intensio·-</strong></span> 
     </span>
     <span class='ocr_line' id='line_1_50' title="bbox 456 4992 2026 5081; baseline 0.003 -29"><span class='ocrx_word' id='word_1_345' title='bbox 456 5010 629 5064; x_wconf 91' lang='lat' dir='ltr'><strong>nem‚</strong></span> <span class='ocrx_word' id='word_1_346' title='bbox 670 4992 771 5054; x_wconf 86' lang='lat' dir='ltr'><strong>vel</strong></span> <span class='ocrx_word' id='word_1_347' title='bbox 790 4993 983 5054; x_wconf 88' lang='lat' dir='ltr'><strong>alium</strong></span> <span class='ocrx_word' id='word_1_348' title='bbox 1012 4995 1281 5057; x_wconf 85' lang='lat' dir='ltr'><strong>similem</strong></span> <span class='ocrx_word' id='word_1_349' title='bbox 1306 4996 1584 5067; x_wconf 88' lang='lat' dir='ltr'><strong>modum,</strong></span> <span class='ocrx_word' id='word_1_350' title='bbox 1608 4996 1737 5081; x_wconf 50' lang='lat'><strong>,23⁸³</strong></span> <span class='ocrx_word' id='word_1_351' title='bbox 1764 4995 1831 5056; x_wconf 89' lang='lat' dir='ltr'><strong>in</strong></span> <span class='ocrx_word' id='word_1_352' title='bbox 1856 4996 2026 5076; x_wconf 88' lang='lat' dir='ltr'><strong>prin·</strong></span> 
     </span>
     <span class='ocr_line' id='line_1_51' title="bbox 456 5080 2020 5170; baseline 0.003 -24"><span class='ocrx_word' id='word_1_353' title='bbox 456 5084 635 5164; x_wconf 90' lang='lat' dir='ltr'><strong>cipiis</strong></span> <span class='ocrx_word' id='word_1_354' title='bbox 692 5087 1129 5149; x_wconf 83' lang='lat' dir='ltr'><strong>essentialibus</strong></span> <span class='ocrx_word' id='word_1_355' title='bbox 1174 5080 1659 5170; x_wconf 60' lang='lat' dir='ltr'><strong>distinguantur.</strong></span> <span class='ocrx_word' id='word_1_356' title='bbox 1706 5090 2020 5163; x_wconf 82' lang='lat' dir='ltr'><strong>Secunde,</strong></span> 
     </span>
     <span class='ocr_line' id='line_1_52' title="bbox 454 5174 2024 5273; baseline 0.003 -32"><span class='ocrx_word' id='word_1_357' title='bbox 454 5178 685 5241; x_wconf 81' lang='lat' dir='ltr'><strong>falsum</strong></span> <span class='ocrx_word' id='word_1_358' title='bbox 727 5181 915 5243; x_wconf 82' lang='lat' dir='ltr'><strong>etiam</strong></span> <span class='ocrx_word' id='word_1_359' title='bbox 970 5188 1067 5243; x_wconf 88' lang='lat' dir='ltr'><strong>est</strong></span> <span class='ocrx_word' id='word_1_360' title='bbox 1114 5182 1307 5245; x_wconf 84' lang='lat' dir='ltr'><strong>fidem</strong></span> <span class='ocrx_word' id='word_1_361' title='bbox 1352 5174 2024 5273; x_wconf 60' lang='lat' dir='ltr'><strong>infusa‘mssupponere</strong></span> 
     </span>
     <span class='ocr_line' id='line_1_53' title="bbox 457 5266 2024 5357; baseline 0.003 -24"><span class='ocrx_word' id='word_1_362' title='bbox 457 5273 850 5351; x_wconf 82' lang='lat' dir='ltr'><strong>acquisitam,</strong></span> <span class='ocrx_word' id='word_1_363' title='bbox 875 5279 1177 5355; x_wconf 87' lang='lat' dir='ltr'><strong>tanquam</strong></span> <span class='ocrx_word' id='word_1_364' title='bbox 1200 5276 1573 5357; x_wconf 85' lang='lat' dir='ltr'><strong>principium</strong></span> <span class='ocrx_word' id='word_1_365' title='bbox 1598 5266 1715 5357; x_wconf 72' lang='lat' dir='ltr'><strong>per</strong></span> <span class='ocrx_word' id='word_1_366' title='bbox 1746 5296 1813 5339; x_wconf 90' lang='lat' dir='ltr'><strong>se</strong></span> <span class='ocrx_word' id='word_1_367' title='bbox 1828 5296 1867 5338; x_wconf 93' lang='lat' dir='ltr'><strong>a</strong></span> <span class='ocrx_word' id='word_1_368' title='bbox 1896 5295 2024 5357; x_wconf 88' lang='lat' dir='ltr'><strong>quo</strong></span> 
     </span>
     <span class='ocr_line' id='line_1_54' title="bbox 454 5360 2030 5449; baseline 0.004 -23"><span class='ocrx_word' id='word_1_369' title='bbox 454 5363 779 5447; x_wconf 88' lang='lat' dir='ltr'><strong>pendeat,</strong></span> <span class='ocrx_word' id='word_1_370' title='bbox 834 5373 903 5428; x_wconf 87' lang='lat' dir='ltr'><strong>ut</strong></span> <span class='ocrx_word' id='word_1_371' title='bbox 950 5368 1220 5447; x_wconf 86' lang='lat' dir='ltr'><strong>probant</strong></span> <span class='ocrx_word' id='word_1_372' title='bbox 1264 5370 1475 5431; x_wconf 90' lang='lat' dir='ltr'><strong>omnia</strong></span> <span class='ocrx_word' id='word_1_373' title='bbox 1508 5360 1780 5433; x_wconf 69' lang='lat' dir='ltr'><strong>adducta</strong></span> <span class='ocrx_word' id='word_1_374' title='bbox 1804 5417 1824 5447; x_wconf 92' lang='lat'>‚</span> <span class='ocrx_word' id='word_1_375' title='bbox 1878 5372 2030 5449; x_wconf 88' lang='lat' dir='ltr'><strong>quia</strong></span> 
     </span>
     <span class='ocr_line' id='line_1_55' title="bbox 458 5444 2030 5539; baseline 0.003 -18"><span class='ocrx_word' id='word_1_376' title='bbox 458 5456 615 5521; x_wconf 84' lang='lat' dir='ltr'><strong>alias</strong></span> <span class='ocrx_word' id='word_1_377' title='bbox 666 5474 795 5520; x_wconf 89' lang='lat' dir='ltr'><strong>non</strong></span> <span class='ocrx_word' id='word_1_378' title='bbox 855 5466 1068 5539; x_wconf 86' lang='lat' dir='ltr'><strong>posset</strong></span> <span class='ocrx_word' id='word_1_379' title='bbox 1114 5476 1253 5525; x_wconf 86' lang='lat' dir='ltr'><strong>esse</strong></span> <span class='ocrx_word' id='word_1_380' title='bbox 1300 5462 1565 5533; x_wconf 71' lang='lat' dir='ltr'><strong>firmior,</strong></span> <span class='ocrx_word' id='word_1_381' title='bbox 1588 5444 1803 5526; x_wconf 80' lang='lat' dir='ltr'><strong>&#39;&#39;infusa</strong></span> <span class='ocrx_word' id='word_1_382' title='bbox 1868 5464 2030 5525; x_wconf 83' lang='lat' dir='ltr'><strong>fides</strong></span> 
     </span>
     <span class='ocr_line' id='line_1_56' title="bbox 457 5552 2030 5639; baseline 0.004 -26"><span class='ocrx_word' id='word_1_383' title='bbox 457 5566 653 5631; x_wconf 86' lang='lat' dir='ltr'><strong>quam</strong></span> <span class='ocrx_word' id='word_1_384' title='bbox 704 5552 1033 5633; x_wconf 74' lang='lat' dir='ltr'><strong>acquisita,</strong></span> <span class='ocrx_word' id='word_1_385' title='bbox 1070 5572 1191 5618; x_wconf 83' lang='lat' dir='ltr'><strong>nec</strong></span> <span class='ocrx_word' id='word_1_386' title='bbox 1220 5557 1527 5621; x_wconf 78' lang='lat' dir='ltr'><strong>certitudo</strong></span> <span class='ocrx_word' id='word_1_387' title='bbox 1561 5558 1719 5639; x_wconf 73' lang='lat' dir='ltr'><strong>²ejus</strong></span> <span class='ocrx_word' id='word_1_388' title='bbox 1760 5558 1827 5620; x_wconf 89' lang='lat' dir='ltr'><strong>in</strong></span> <span class='ocrx_word' id='word_1_389' title='bbox 1872 5557 2030 5621; x_wconf 78' lang='lat' dir='ltr'><strong>divi-</strong></span> 
     </span>
    </p>
   </div>
   <div class='ocr_carea' id='block_1_5' title="bbox 956 408 3213 479">
    <p class='ocr_par' dir='ltr' id='par_1_6' title="bbox 956 408 3213 479">
     <span class='ocr_line' id='line_1_57' title="bbox 956 408 3213 479; baseline 0.001 -17"><span class='ocrx_word' id='word_1_390' title='bbox 956 408 1195 465; x_wconf 75' lang='lat' dir='ltr'><strong>nisPnT.</strong></span> <span class='ocrx_word' id='word_1_391' title='bbox 1230 412 1314 467; x_wconf 84' lang='lat'><strong>111.</strong></span> <span class='ocrx_word' id='word_1_392' title='bbox 1355 413 1433 467; x_wconf 71' lang='lat' dir='ltr'><strong>nt:</strong></span> <span class='ocrx_word' id='word_1_393' title='bbox 1466 412 1731 465; x_wconf 74' lang='lat' dir='ltr'><strong>omssc‘ro</strong></span> <span class='ocrx_word' id='word_1_394' title='bbox 1762 410 2034 465; x_wconf 68' lang='lat' dir='ltr'>FORMAU</span> <span class='ocrx_word' id='word_1_395' title='bbox 2067 412 2250 475; x_wconf 76' lang='grc' dir='ltr'><strong>ΠΒΕΙ,</strong></span> <span class='ocrx_word' id='word_1_396' title='bbox 2289 415 2369 468; x_wconf 82' lang='grc' dir='ltr'><strong>ΕΤ</strong></span> <span class='ocrx_word' id='word_1_397' title='bbox 2401 414 2696 479; x_wconf 71' lang='lat' dir='ltr'><strong>Quonono</strong></span> <span class='ocrx_word' id='word_1_398' title='bbox 2729 414 2814 467; x_wconf 72' lang='lat' dir='ltr'><strong>Ab</strong></span> <span class='ocrx_word' id='word_1_399' title='bbox 2849 412 3050 471; x_wconf 63' lang='lat' dir='ltr'><strong>laun.</strong></span> <span class='ocrx_word' id='word_1_400' title='bbox 3077 412 3213 465; x_wconf 71' lang='lat' dir='ltr'><strong>Erc-</strong></span> 
     </span>
    </p>
   </div>
   <div class='ocr_carea' id='block_1_6' title="bbox 2102 514 3704 5638">
    <p class='ocr_par' dir='ltr' id='par_1_7' title="bbox 2108 514 3704 4497">
     <span class='ocr_line' id='line_1_58' title="bbox 2131 514 3701 579; baseline -0.002 -2"><span class='ocrx_word' id='word_1_401' title='bbox 2131 532 2280 577; x_wconf 89' lang='lat' dir='ltr'><strong>nam</strong></span> <span class='ocrx_word' id='word_1_402' title='bbox 2307 517 2740 579; x_wconf 86' lang='lat' dir='ltr'><strong>auctoritatem</strong></span> <span class='ocrx_word' id='word_1_403' title='bbox 2779 514 3061 577; x_wconf 86' lang='lat' dir='ltr'><strong>ultimate</strong></span> <span class='ocrx_word' id='word_1_404' title='bbox 3081 514 3522 577; x_wconf 84' lang='lat' dir='ltr'><strong>resolveretur.</strong></span> <span class='ocrx_word' id='word_1_405' title='bbox 3549 517 3701 579; x_wconf 84' lang='lat' dir='ltr'><strong>Ter-</strong></span> 
     </span>
     <span class='ocr_line' id='line_1_59' title="bbox 2128 607 3698 689; baseline 0 -20"><span class='ocrx_word' id='word_1_406' title='bbox 2128 608 2237 683; x_wconf 89' lang='lat' dir='ltr'><strong>tio,</strong></span> <span class='ocrx_word' id='word_1_407' title='bbox 2273 628 2492 672; x_wconf 83' lang='lat' dir='ltr'><strong>verum</strong></span> <span class='ocrx_word' id='word_1_408' title='bbox 2521 616 2617 673; x_wconf 81' lang='lat' dir='ltr'><strong>est</strong></span> <span class='ocrx_word' id='word_1_409' title='bbox 2661 615 2877 671; x_wconf 86' lang='lat' dir='ltr'><strong>tamen</strong></span> <span class='ocrx_word' id='word_1_410' title='bbox 2931 608 3011 669; x_wconf 91' lang='lat' dir='ltr'><strong>ad</strong></span> <span class='ocrx_word' id='word_1_411' title='bbox 3047 608 3434 671; x_wconf 89' lang='lat' dir='ltr'><strong>credendum</strong></span> <span class='ocrx_word' id='word_1_412' title='bbox 3475 628 3592 689; x_wconf 88' lang='lat' dir='ltr'><strong>per</strong></span> <span class='ocrx_word' id='word_1_413' title='bbox 3625 607 3698 669; x_wconf 86' lang='lat' dir='ltr'><strong>fi-</strong></span> 
     </span>
     <span class='ocr_line' id='line_1_60' title="bbox 2125 700 3698 765; baseline -0.001 -2"><span class='ocrx_word' id='word_1_414' title='bbox 2125 701 2268 763; x_wconf 88' lang='lat' dir='ltr'><strong>dem</strong></span> <span class='ocrx_word' id='word_1_415' title='bbox 2331 703 2604 765; x_wconf 83' lang='lat' dir='ltr'><strong>infusam</strong></span> <span class='ocrx_word' id='word_1_416' title='bbox 2662 702 2981 763; x_wconf 88' lang='lat' dir='ltr'><strong>communi</strong></span> <span class='ocrx_word' id='word_1_417' title='bbox 3025 709 3090 765; x_wconf 86' lang='lat' dir='ltr'><strong>et</strong></span> <span class='ocrx_word' id='word_1_418' title='bbox 3137 702 3458 763; x_wconf 86' lang='lat' dir='ltr'><strong>ordinario</strong></span> <span class='ocrx_word' id='word_1_419' title='bbox 3507 700 3698 763; x_wconf 89' lang='lat' dir='ltr'><strong>modo</strong></span> 
     </span>
     <span class='ocr_line' id='line_1_61' title="bbox 2131 794 3700 875; baseline -0.001 -20"><span class='ocrx_word' id='word_1_420' title='bbox 2131 796 2560 857; x_wconf 86' lang='lat' dir='ltr'><strong>necessarium</strong></span> <span class='ocrx_word' id='word_1_421' title='bbox 2601 812 2740 857; x_wconf 89' lang='lat' dir='ltr'><strong>esse</strong></span> <span class='ocrx_word' id='word_1_422' title='bbox 2782 794 3058 875; x_wconf 81' lang='lat' dir='ltr'><strong>aliquam</strong></span> <span class='ocrx_word' id='word_1_423' title='bbox 3100 795 3536 857; x_wconf 82' lang='lat' dir='ltr'><strong>auctoritatem</strong></span> <span class='ocrx_word' id='word_1_424' title='bbox 3577 794 3700 854; x_wconf 86' lang='lat' dir='ltr'><strong>hu·</strong></span> 
     </span>
     <span class='ocr_line' id='line_1_62' title="bbox 2129 886 3700 969; baseline -0.001 -21"><span class='ocrx_word' id='word_1_425' title='bbox 2129 906 2408 963; x_wconf 79' lang='lat' dir='ltr'><strong>matiam,</strong></span> <span class='ocrx_word' id='word_1_426' title='bbox 2443 908 2554 969; x_wconf 91' lang='lat' dir='ltr'><strong>per</strong></span> <span class='ocrx_word' id='word_1_427' title='bbox 2589 904 2784 968; x_wconf 86' lang='lat' dir='ltr'><strong>quam</strong></span> <span class='ocrx_word' id='word_1_428' title='bbox 2805 888 3012 967; x_wconf 86' lang='lat' dir='ltr'><strong>ipsum</strong></span> <span class='ocrx_word' id='word_1_429' title='bbox 3041 887 3361 967; x_wconf 83' lang='lat' dir='ltr'><strong>objectum</strong></span> <span class='ocrx_word' id='word_1_430' title='bbox 3392 887 3540 950; x_wconf 84' lang='lat' dir='ltr'><strong>fidei</strong></span> <span class='ocrx_word' id='word_1_431' title='bbox 3565 886 3700 947; x_wconf 83' lang='lat' dir='ltr'><strong>suf-</strong></span> 
     </span>
     <span class='ocr_line' id='line_1_63' title="bbox 2125 979 3702 1062; baseline 0 -21"><span class='ocrx_word' id='word_1_432' title='bbox 2125 979 2412 1043; x_wconf 86' lang='lat' dir='ltr'><strong>ficienter</strong></span> <span class='ocrx_word' id='word_1_433' title='bbox 2452 987 2862 1062; x_wconf 85' lang='lat' dir='ltr'><strong>proponatur,</strong></span> <span class='ocrx_word' id='word_1_434' title='bbox 2893 981 3055 1043; x_wconf 85' lang='lat' dir='ltr'><strong>utin</strong></span> <span class='ocrx_word' id='word_1_435' title='bbox 3079 982 3370 1061; x_wconf 82' lang='lat' dir='ltr'><strong>sequenti</strong></span> <span class='ocrx_word' id='word_1_436' title='bbox 3416 981 3702 1060; x_wconf 83' lang='lat' dir='ltr'><strong>disputa-</strong></span> 
     </span>
     <span class='ocr_line' id='line_1_64' title="bbox 2126 1074 3702 1145; baseline -0.001 -10"><span class='ocrx_word' id='word_1_437' title='bbox 2126 1074 2298 1137; x_wconf 87' lang='lat' dir='ltr'><strong>tione</strong></span> <span class='ocrx_word' id='word_1_438' title='bbox 2330 1076 2452 1139; x_wconf 89' lang='lat' dir='ltr'><strong>late</strong></span> <span class='ocrx_word' id='word_1_439' title='bbox 2481 1076 2822 1137; x_wconf 90' lang='lat' dir='ltr'><strong>dicendum</strong></span> <span class='ocrx_word' id='word_1_440' title='bbox 2867 1081 2984 1145; x_wconf 86' lang='lat' dir='ltr'><strong>est,</strong></span> <span class='ocrx_word' id='word_1_441' title='bbox 3022 1081 3085 1138; x_wconf 90' lang='lat' dir='ltr'><strong>et</strong></span> <span class='ocrx_word' id='word_1_442' title='bbox 3110 1076 3298 1137; x_wconf 86' lang='lat' dir='ltr'><strong>variis</strong></span> <span class='ocrx_word' id='word_1_443' title='bbox 3324 1074 3702 1137; x_wconf 82' lang='lat' dir='ltr'><strong>testimoniis</strong></span> 
     </span>
     <span class='ocr_line' id='line_1_65' title="bbox 2123 1168 3702 1249; baseline -0.001 -20"><span class='ocrx_word' id='word_1_444' title='bbox 2123 1168 2456 1248; x_wconf 72' lang='lat' dir='ltr'><strong>Scriptum</strong></span> <span class='ocrx_word' id='word_1_445' title='bbox 2509 1168 2840 1231; x_wconf 76' lang='lat' dir='ltr'><strong>confimat</strong></span> <span class='ocrx_word' id='word_1_446' title='bbox 2877 1168 3082 1245; x_wconf 88' lang='lat' dir='ltr'><strong>Cano,</strong></span> <span class='ocrx_word' id='word_1_447' title='bbox 3123 1186 3337 1249; x_wconf 84' lang='lat' dir='ltr'><strong>supra,</strong></span> <span class='ocrx_word' id='word_1_448' title='bbox 3381 1168 3702 1229; x_wconf 88' lang='lat' dir='ltr'><strong>sufficien-</strong></span> 
     </span>
     <span class='ocr_line' id='line_1_66' title="bbox 2121 1260 3704 1339; baseline 0.001 -17"><span class='ocrx_word' id='word_1_449' title='bbox 2121 1267 2346 1339; x_wconf 87' lang='lat' dir='ltr'><strong>terque</strong></span> <span class='ocrx_word' id='word_1_450' title='bbox 2395 1261 2704 1323; x_wconf 82' lang='lat' dir='ltr'><strong>convincit</strong></span> <span class='ocrx_word' id='word_1_451' title='bbox 2758 1260 2913 1321; x_wconf 87' lang='lat' dir='ltr'><strong>iliud</strong></span> <span class='ocrx_word' id='word_1_452' title='bbox 2963 1260 3178 1323; x_wconf 87' lang='lat' dir='ltr'><strong>Pauli:</strong></span> <span class='ocrx_word' id='word_1_453' title='bbox 3219 1260 3518 1335; x_wconf 65' lang='lat' dir='ltr'><strong>Quaado</strong></span> <span class='ocrx_word' id='word_1_454' title='bbox 3564 1278 3704 1323; x_wconf 73' lang='lat' dir='ltr'><strong>cro·</strong></span> 
     </span>
     <span class='ocr_line' id='line_1_67' title="bbox 2125 1352 3702 1437; baseline -0.002 -19"><span class='ocrx_word' id='word_1_455' title='bbox 2125 1355 2268 1419; x_wconf 72' lang='lat' dir='ltr'><strong>dent</strong></span> <span class='ocrx_word' id='word_1_456' title='bbox 2289 1355 2425 1419; x_wconf 69' lang='lat' dir='ltr'><strong>siae</strong></span> <span class='ocrx_word' id='word_1_457' title='bbox 2457 1356 2866 1437; x_wconf 67' lang='lat' dir='ltr'><strong>practicam?</strong></span> <span class='ocrx_word' id='word_1_458' title='bbox 2901 1354 3008 1417; x_wconf 89' lang='lat' dir='ltr'><strong>ubi</strong></span> <span class='ocrx_word' id='word_1_459' title='bbox 3039 1355 3174 1417; x_wconf 88' lang='lat' dir='ltr'><strong>sine</strong></span> <span class='ocrx_word' id='word_1_460' title='bbox 3203 1352 3396 1415; x_wconf 80' lang='lat' dir='ltr'><strong>dubio</strong></span> <span class='ocrx_word' id='word_1_461' title='bbox 3419 1354 3702 1433; x_wconf 84' lang='lat' dir='ltr'><strong>loquitur</strong></span> 
     </span>
     <span class='ocr_line' id='line_1_68' title="bbox 2131 1444 3700 1527; baseline -0.001 -20"><span class='ocrx_word' id='word_1_462' title='bbox 2131 1462 2260 1509; x_wconf 89' lang='lat' dir='ltr'><strong>non</strong></span> <span class='ocrx_word' id='word_1_463' title='bbox 2285 1447 2367 1509; x_wconf 86' lang='lat' dir='ltr'><strong>de</strong></span> <span class='ocrx_word' id='word_1_464' title='bbox 2393 1448 2520 1509; x_wconf 84' lang='lat' dir='ltr'><strong>fide</strong></span> <span class='ocrx_word' id='word_1_465' title='bbox 2547 1448 2876 1527; x_wconf 85' lang='lat' dir='ltr'><strong>acquisita,</strong></span> <span class='ocrx_word' id='word_1_466' title='bbox 2907 1448 3021 1511; x_wconf 87' lang='lat' dir='ltr'><strong>sed</strong></span> <span class='ocrx_word' id='word_1_467' title='bbox 3051 1448 3128 1509; x_wconf 85' lang='lat' dir='ltr'><strong>do</strong></span> <span class='ocrx_word' id='word_1_468' title='bbox 3163 1448 3394 1521; x_wconf 84' lang='lat' dir='ltr'><strong>infusa,</strong></span> <span class='ocrx_word' id='word_1_469' title='bbox 3439 1444 3522 1509; x_wconf 85' lang='lat' dir='ltr'><strong>de</strong></span> <span class='ocrx_word' id='word_1_470' title='bbox 3565 1462 3700 1524; x_wconf 87' lang='lat' dir='ltr'><strong>qua</strong></span> 
     </span>
     <span class='ocr_line' id='line_1_69' title="bbox 2124 1539 3696 1622; baseline -0.001 -21"><span class='ocrx_word' id='word_1_471' title='bbox 2124 1539 2411 1603; x_wconf 81' lang='lat' dir='ltr'><strong>dixerat:</strong></span> <span class='ocrx_word' id='word_1_472' title='bbox 2458 1540 2644 1605; x_wconf 78' lang='lat' dir='ltr'><strong>Cordo</strong></span> <span class='ocrx_word' id='word_1_473' title='bbox 2689 1542 2958 1605; x_wconf 68' lang='lat' dir='ltr'><strong>creditur</strong></span> <span class='ocrx_word' id='word_1_474' title='bbox 3009 1541 3092 1605; x_wconf 82' lang='lat' dir='ltr'><strong>ad</strong></span> <span class='ocrx_word' id='word_1_475' title='bbox 3125 1539 3477 1622; x_wconf 73' lang='lat' dir='ltr'><strong>justitiam,</strong></span> <span class='ocrx_word' id='word_1_476' title='bbox 3521 1545 3696 1611; x_wconf 86' lang='lat' dir='ltr'><strong>etc.;</strong></span> 
     </span>
     <span class='ocr_line' id='line_1_70' title="bbox 2123 1633 3694 1708; baseline -0.001 -13"><span class='ocrx_word' id='word_1_477' title='bbox 2123 1652 2274 1697; x_wconf 91' lang='lat' dir='ltr'><strong>nam</strong></span> <span class='ocrx_word' id='word_1_478' title='bbox 2321 1634 2482 1698; x_wconf 84' lang='lat' dir='ltr'><strong>fides</strong></span> <span class='ocrx_word' id='word_1_479' title='bbox 2529 1635 2755 1708; x_wconf 76' lang='lat' dir='ltr'><strong>infusa,</strong></span> <span class='ocrx_word' id='word_1_480' title='bbox 2801 1635 2946 1697; x_wconf 90' lang='lat' dir='ltr'><strong>licet</strong></span> <span class='ocrx_word' id='word_1_481' title='bbox 2971 1635 3231 1697; x_wconf 87' lang='lat' dir='ltr'><strong>interius</strong></span> <span class='ocrx_word' id='word_1_482' title='bbox 3275 1653 3314 1697; x_wconf 88' lang='lat' dir='ltr'><strong>a</strong></span> <span class='ocrx_word' id='word_1_483' title='bbox 3373 1636 3499 1697; x_wconf 87' lang='lat' dir='ltr'><strong>Deo</strong></span> <span class='ocrx_word' id='word_1_484' title='bbox 3553 1633 3694 1705; x_wconf 85' lang='lat' dir='ltr'><strong>fiat,</strong></span> 
     </span>
     <span class='ocr_line' id='line_1_71' title="bbox 2121 1726 3700 1809; baseline 0 -20"><span class='ocrx_word' id='word_1_485' title='bbox 2121 1734 2336 1791; x_wconf 87' lang='lat' dir='ltr'><strong>tamen</strong></span> <span class='ocrx_word' id='word_1_486' title='bbox 2384 1747 2500 1809; x_wconf 91' lang='lat' dir='ltr'><strong>per</strong></span> <span class='ocrx_word' id='word_1_487' title='bbox 2547 1728 2836 1791; x_wconf 83' lang='lat' dir='ltr'><strong>auditum</strong></span> <span class='ocrx_word' id='word_1_488' title='bbox 2879 1730 3062 1809; x_wconf 88' lang='lat' dir='ltr'><strong>quasi</strong></span> <span class='ocrx_word' id='word_1_489' title='bbox 3102 1728 3432 1791; x_wconf 87' lang='lat' dir='ltr'><strong>inchoatur</strong></span> <span class='ocrx_word' id='word_1_490' title='bbox 3479 1726 3700 1809; x_wconf 88' lang='lat' dir='ltr'><strong>quoad</strong></span> 
     </span>
     <span class='ocr_line' id='line_1_72' title="bbox 2124 1822 3702 1903; baseline -0.001 -20"><span class='ocrx_word' id='word_1_491' title='bbox 2124 1822 2354 1902; x_wconf 88' lang='lat' dir='ltr'><strong>objecti</strong></span> <span class='ocrx_word' id='word_1_492' title='bbox 2385 1823 2899 1902; x_wconf 84' lang='lat' dir='ltr'><strong>propositionem.</strong></span> <span class='ocrx_word' id='word_1_493' title='bbox 2921 1822 3176 1897; x_wconf 88' lang='lat' dir='ltr'><strong>Quart0,</strong></span> <span class='ocrx_word' id='word_1_494' title='bbox 3213 1822 3458 1884; x_wconf 86' lang='lat' dir='ltr'><strong>admitti</strong></span> <span class='ocrx_word' id='word_1_495' title='bbox 3486 1827 3702 1903; x_wconf 84' lang='lat' dir='ltr'><strong>potest</strong></span> 
     </span>
     <span class='ocr_line' id='line_1_73' title="bbox 2123 1915 3700 1997; baseline -0.001 -21"><span class='ocrx_word' id='word_1_496' title='bbox 2123 1934 2202 1976; x_wconf 83' lang='lat' dir='ltr'><strong>ex</strong></span> <span class='ocrx_word' id='word_1_497' title='bbox 2249 1916 2366 1979; x_wconf 89' lang='lat' dir='ltr'><strong>hac</strong></span> <span class='ocrx_word' id='word_1_498' title='bbox 2397 1916 2674 1976; x_wconf 90' lang='lat' dir='ltr'><strong>humana</strong></span> <span class='ocrx_word' id='word_1_499' title='bbox 2733 1918 3100 1978; x_wconf 85' lang='lat' dir='ltr'><strong>auctoritate</strong></span> <span class='ocrx_word' id='word_1_500' title='bbox 3142 1915 3431 1997; x_wconf 81' lang='lat' dir='ltr'><strong>generari</strong></span> <span class='ocrx_word' id='word_1_501' title='bbox 3473 1932 3700 1995; x_wconf 87' lang='lat' dir='ltr'><strong>quam·</strong></span> 
     </span>
     <span class='ocr_line' id='line_1_74' title="bbox 2121 2007 3698 2089; baseline 0 -20"><span class='ocrx_word' id='word_1_502' title='bbox 2121 2008 2270 2069; x_wconf 70' lang='lat' dir='ltr'><strong>dam</strong></span> <span class='ocrx_word' id='word_1_503' title='bbox 2311 2008 2505 2071; x_wconf 87' lang='lat' dir='ltr'><strong>fidem</strong></span> <span class='ocrx_word' id='word_1_504' title='bbox 2534 2010 2876 2070; x_wconf 90' lang='lat' dir='ltr'><strong>humanam</strong></span> <span class='ocrx_word' id='word_1_505' title='bbox 2918 2009 3214 2089; x_wconf 60' lang='lat' dir='ltr'><strong>praeviam</strong></span> <span class='ocrx_word' id='word_1_506' title='bbox 3263 2007 3344 2070; x_wconf 85' lang='lat' dir='ltr'><strong>ad</strong></span> <span class='ocrx_word' id='word_1_507' title='bbox 3385 2007 3580 2071; x_wconf 87' lang='lat' dir='ltr'><strong>fidem</strong></span> <span class='ocrx_word' id='word_1_508' title='bbox 3605 2008 3698 2069; x_wconf 89' lang='lat' dir='ltr'><strong>in-</strong></span> 
     </span>
     <span class='ocr_line' id='line_1_75' title="bbox 2122 2100 3697 2183; baseline -0.001 -20"><span class='ocrx_word' id='word_1_509' title='bbox 2122 2102 2350 2177; x_wconf 79' lang='lat' dir='ltr'><strong>fusam,</strong></span> <span class='ocrx_word' id='word_1_510' title='bbox 2399 2120 2527 2165; x_wconf 89' lang='lat' dir='ltr'><strong>non</strong></span> <span class='ocrx_word' id='word_1_511' title='bbox 2577 2109 2881 2183; x_wconf 89' lang='lat' dir='ltr'><strong>tanquam</strong></span> <span class='ocrx_word' id='word_1_512' title='bbox 2919 2102 3404 2165; x_wconf 84' lang='lat' dir='ltr'><strong>fundamentum</strong></span> <span class='ocrx_word' id='word_1_513' title='bbox 3451 2100 3552 2162; x_wconf 82' lang='lat' dir='ltr'><strong>vel</strong></span> <span class='ocrx_word' id='word_1_514' title='bbox 3593 2118 3697 2162; x_wconf 91' lang='lat' dir='ltr'><strong>ra·</strong></span> 
     </span>
     <span class='ocr_line' id='line_1_76' title="bbox 2120 2192 3698 2275; baseline -0.002 -18"><span class='ocrx_word' id='word_1_515' title='bbox 2120 2195 2356 2258; x_wconf 87' lang='lat' dir='ltr'><strong>tionem</strong></span> <span class='ocrx_word' id='word_1_516' title='bbox 2383 2196 2713 2258; x_wconf 84' lang='lat' dir='ltr'><strong>formalem</strong></span> <span class='ocrx_word' id='word_1_517' title='bbox 2752 2196 2909 2275; x_wconf 84' lang='lat' dir='ltr'><strong>ejus,</strong></span> <span class='ocrx_word' id='word_1_518' title='bbox 2961 2195 3074 2258; x_wconf 88' lang='lat' dir='ltr'><strong>sed</strong></span> <span class='ocrx_word' id='word_1_519' title='bbox 3129 2202 3432 2275; x_wconf 87' lang='lat' dir='ltr'><strong>tanquam</strong></span> <span class='ocrx_word' id='word_1_520' title='bbox 3477 2192 3698 2255; x_wconf 87' lang='lat' dir='ltr'><strong>condi-</strong></span> 
     </span>
     <span class='ocr_line' id='line_1_77' title="bbox 2118 2287 3700 2369; baseline -0.003 -19"><span class='ocrx_word' id='word_1_521' title='bbox 2118 2288 2354 2351; x_wconf 90' lang='lat' dir='ltr'><strong>tionem</strong></span> <span class='ocrx_word' id='word_1_522' title='bbox 2409 2294 2473 2351; x_wconf 87' lang='lat' dir='ltr'><strong>et</strong></span> <span class='ocrx_word' id='word_1_523' title='bbox 2503 2290 2984 2369; x_wconf 87' lang='lat' dir='ltr'><strong>applicationem</strong></span> <span class='ocrx_word' id='word_1_524' title='bbox 3037 2287 3286 2368; x_wconf 83' lang='lat' dir='ltr'><strong>objecti.</strong></span> <span class='ocrx_word' id='word_1_525' title='bbox 3322 2288 3392 2349; x_wconf 89' lang='lat' dir='ltr'><strong>In</strong></span> <span class='ocrx_word' id='word_1_526' title='bbox 3435 2288 3556 2349; x_wconf 83' lang='lat' dir='ltr'><strong>hoc</strong></span> <span class='ocrx_word' id='word_1_527' title='bbox 3581 2304 3700 2347; x_wconf 86' lang='lat' dir='ltr'><strong>au-</strong></span> 
     </span>
     <span class='ocr_line' id='line_1_78' title="bbox 2118 2380 3692 2463; baseline -0.001 -20"><span class='ocrx_word' id='word_1_528' title='bbox 2118 2388 2249 2443; x_wconf 88' lang='lat' dir='ltr'><strong>tem</strong></span> <span class='ocrx_word' id='word_1_529' title='bbox 2294 2383 2540 2462; x_wconf 88' lang='lat' dir='ltr'><strong>objecto</strong></span> <span class='ocrx_word' id='word_1_530' title='bbox 2615 2386 2858 2463; x_wconf 86' lang='lat' dir='ltr'><strong>oportet</strong></span> <span class='ocrx_word' id='word_1_531' title='bbox 2913 2382 3301 2456; x_wconf 77' lang='lat' dir='ltr'><strong>distinguere</strong></span> <span class='ocrx_word' id='word_1_532' title='bbox 3357 2380 3692 2443; x_wconf 84' lang='lat' dir='ltr'><strong>veritatem</strong></span> 
     </span>
     <span class='ocr_line' id='line_1_79' title="bbox 2120 2474 3696 2555; baseline 0 -20"><span class='ocrx_word' id='word_1_533' title='bbox 2120 2480 2184 2535; x_wconf 90' lang='lat' dir='ltr'><strong>et</strong></span> <span class='ocrx_word' id='word_1_534' title='bbox 2241 2475 2766 2549; x_wconf 87' lang='lat' dir='ltr'><strong>credibilitatem;</strong></span> <span class='ocrx_word' id='word_1_535' title='bbox 2817 2492 3114 2537; x_wconf 86' lang='lat' dir='ltr'><strong>assensus</strong></span> <span class='ocrx_word' id='word_1_536' title='bbox 3167 2493 3321 2555; x_wconf 85' lang='lat' dir='ltr'><strong>ergo</strong></span> <span class='ocrx_word' id='word_1_537' title='bbox 3359 2474 3532 2555; x_wconf 89' lang='lat' dir='ltr'><strong>quod</strong></span> <span class='ocrx_word' id='word_1_538' title='bbox 3581 2474 3696 2537; x_wconf 86' lang='lat' dir='ltr'><strong>oh-</strong></span> 
     </span>
     <span class='ocr_line' id='line_1_80' title="bbox 2111 2568 3694 2647; baseline 0 -18"><span class='ocrx_word' id='word_1_539' title='bbox 2111 2568 2352 2647; x_wconf 89' lang='lat' dir='ltr'><strong>jectum</strong></span> <span class='ocrx_word' id='word_1_540' title='bbox 2383 2570 2678 2632; x_wconf 86' lang='lat' dir='ltr'><strong>credibile</strong></span> <span class='ocrx_word' id='word_1_541' title='bbox 2713 2569 2816 2642; x_wconf 87' lang='lat' dir='ltr'><strong>sit,</strong></span> <span class='ocrx_word' id='word_1_542' title='bbox 2850 2570 3228 2631; x_wconf 83' lang='lat' dir='ltr'><strong>antecedere</strong></span> <span class='ocrx_word' id='word_1_543' title='bbox 3275 2568 3466 2631; x_wconf 92' lang='lat' dir='ltr'><strong>debet</strong></span> <span class='ocrx_word' id='word_1_544' title='bbox 3495 2568 3694 2631; x_wconf 84' lang='lat' dir='ltr'><strong>fidem</strong></span> 
     </span>
     <span class='ocr_line' id='line_1_81' title="bbox 2116 2661 3690 2735; baseline -0.001 -12"><span class='ocrx_word' id='word_1_545' title='bbox 2116 2661 2415 2735; x_wconf 80' lang='lat' dir='ltr'><strong>infusam,</strong></span> <span class='ocrx_word' id='word_1_546' title='bbox 2463 2668 2526 2724; x_wconf 91' lang='lat' dir='ltr'><strong>et</strong></span> <span class='ocrx_word' id='word_1_547' title='bbox 2559 2663 2736 2723; x_wconf 90' lang='lat' dir='ltr'><strong>illum</strong></span> <span class='ocrx_word' id='word_1_548' title='bbox 2772 2680 3072 2724; x_wconf 77' lang='lat' dir='ltr'><strong>vocamus</strong></span> <span class='ocrx_word' id='word_1_549' title='bbox 3097 2662 3290 2723; x_wconf 83' lang='lat' dir='ltr'><strong>fidem</strong></span> <span class='ocrx_word' id='word_1_550' title='bbox 3315 2664 3690 2735; x_wconf 86' lang='lat' dir='ltr'><strong>humanam,</strong></span> 
     </span>
     <span class='ocr_line' id='line_1_82' title="bbox 2119 2754 3695 2835; baseline -0.001 -20"><span class='ocrx_word' id='word_1_551' title='bbox 2119 2760 2190 2816; x_wconf 92' lang='lat' dir='ltr'><strong>ut</strong></span> <span class='ocrx_word' id='word_1_552' title='bbox 2217 2754 2676 2835; x_wconf 86' lang='lat' dir='ltr'><strong>distinguamus</strong></span> <span class='ocrx_word' id='word_1_553' title='bbox 2723 2756 2897 2815; x_wconf 91' lang='lat' dir='ltr'><strong>illum</strong></span> <span class='ocrx_word' id='word_1_554' title='bbox 2927 2773 2966 2815; x_wconf 94' lang='lat' dir='ltr'><strong>a</strong></span> <span class='ocrx_word' id='word_1_555' title='bbox 3011 2754 3135 2817; x_wconf 83' lang='lat' dir='ltr'><strong>fide</strong></span> <span class='ocrx_word' id='word_1_556' title='bbox 3161 2756 3388 2829; x_wconf 86' lang='lat' dir='ltr'><strong>infusa,</strong></span> <span class='ocrx_word' id='word_1_557' title='bbox 3421 2762 3484 2816; x_wconf 91' lang='lat' dir='ltr'><strong>et</strong></span> <span class='ocrx_word' id='word_1_558' title='bbox 3537 2754 3695 2832; x_wconf 88' lang='lat' dir='ltr'><strong>quia</strong></span> 
     </span>
     <span class='ocr_line' id='line_1_83' title="bbox 2117 2848 3691 2928; baseline -0.001 -19"><span class='ocrx_word' id='word_1_559' title='bbox 2117 2864 2352 2927; x_wconf 85' lang='lat' dir='ltr'><strong>magna</strong></span> <span class='ocrx_word' id='word_1_560' title='bbox 2384 2866 2462 2909; x_wconf 87' lang='lat' dir='ltr'><strong>ex</strong></span> <span class='ocrx_word' id='word_1_561' title='bbox 2490 2854 2666 2928; x_wconf 88' lang='lat' dir='ltr'><strong>parte</strong></span> <span class='ocrx_word' id='word_1_562' title='bbox 2709 2850 3078 2910; x_wconf 86' lang='lat' dir='ltr'><strong>auctoritate</strong></span> <span class='ocrx_word' id='word_1_563' title='bbox 3123 2849 3400 2909; x_wconf 88' lang='lat' dir='ltr'><strong>humana</strong></span> <span class='ocrx_word' id='word_1_564' title='bbox 3445 2848 3691 2920; x_wconf 85' lang='lat' dir='ltr'><strong>nititur,</strong></span> 
     </span>
     <span class='ocr_line' id='line_1_84' title="bbox 2117 2940 3696 3020; baseline 0.001 -19"><span class='ocrx_word' id='word_1_565' title='bbox 2117 2942 2404 3020; x_wconf 87' lang='lat' dir='ltr'><strong>quamvis</strong></span> <span class='ocrx_word' id='word_1_566' title='bbox 2431 2961 2560 3004; x_wconf 89' lang='lat' dir='ltr'><strong>non</strong></span> <span class='ocrx_word' id='word_1_567' title='bbox 2593 2942 2751 3017; x_wconf 91' lang='lat' dir='ltr'><strong>sola,</strong></span> <span class='ocrx_word' id='word_1_568' title='bbox 2799 2941 2914 3004; x_wconf 88' lang='lat' dir='ltr'><strong>sed</strong></span> <span class='ocrx_word' id='word_1_569' title='bbox 2963 2943 3154 3003; x_wconf 90' lang='lat' dir='ltr'><strong>etiam</strong></span> <span class='ocrx_word' id='word_1_570' title='bbox 3201 2942 3338 3003; x_wconf 88' lang='lat' dir='ltr'><strong>aliis</strong></span> <span class='ocrx_word' id='word_1_571' title='bbox 3389 2940 3583 3020; x_wconf 87' lang='lat' dir='ltr'><strong>signis</strong></span> <span class='ocrx_word' id='word_1_572' title='bbox 3627 2947 3696 3003; x_wconf 84' lang='lat' dir='ltr'><strong>et</strong></span> 
     </span>
     <span class='ocr_line' id='line_1_85' title="bbox 2117 3034 3696 3117; baseline -0.001 -22"><span class='ocrx_word' id='word_1_573' title='bbox 2117 3034 2526 3115; x_wconf 87' lang='lat' dir='ltr'><strong>conjecturis,</strong></span> <span class='ocrx_word' id='word_1_574' title='bbox 2574 3054 2716 3117; x_wconf 80' lang='lat' dir='ltr'><strong>quae</strong></span> <span class='ocrx_word' id='word_1_575' title='bbox 2768 3036 3006 3097; x_wconf 82' lang='lat' dir='ltr'><strong>faciunt</strong></span> <span class='ocrx_word' id='word_1_576' title='bbox 3061 3035 3252 3097; x_wconf 90' lang='lat' dir='ltr'><strong>etiam</strong></span> <span class='ocrx_word' id='word_1_577' title='bbox 3309 3034 3696 3097; x_wconf 81' lang='lat' dir='ltr'><strong>evidentiam</strong></span> 
     </span>
     <span class='ocr_line' id='line_1_86' title="bbox 2115 3126 3692 3209; baseline -0.001 -20"><span class='ocrx_word' id='word_1_578' title='bbox 2115 3127 2562 3203; x_wconf 88' lang='lat' dir='ltr'><strong>credibilitatis,</strong></span> <span class='ocrx_word' id='word_1_579' title='bbox 2606 3136 2677 3191; x_wconf 90' lang='lat' dir='ltr'><strong>nt</strong></span> <span class='ocrx_word' id='word_1_580' title='bbox 2713 3135 2933 3209; x_wconf 89' lang='lat' dir='ltr'><strong>postea</strong></span> <span class='ocrx_word' id='word_1_581' title='bbox 2984 3129 3385 3201; x_wconf 58' lang='lat' dir='ltr'><strong>videbimus:</strong></span> <span class='ocrx_word' id='word_1_582' title='bbox 3427 3134 3490 3191; x_wconf 86' lang='lat' dir='ltr'><strong>et</strong></span> <span class='ocrx_word' id='word_1_583' title='bbox 3543 3126 3692 3189; x_wconf 88' lang='lat' dir='ltr'><strong>ideo</strong></span> 
     </span>
     <span class='ocr_line' id='line_1_87' title="bbox 2115 3220 3688 3299; baseline -0.001 -18"><span class='ocrx_word' id='word_1_584' title='bbox 2115 3220 2305 3299; x_wconf 86' lang='lat' dir='ltr'><strong>aliqui</strong></span> <span class='ocrx_word' id='word_1_585' title='bbox 2357 3222 2550 3297; x_wconf 88' lang='lat' dir='ltr'><strong>illam,</strong></span> <span class='ocrx_word' id='word_1_586' title='bbox 2585 3239 2714 3283; x_wconf 89' lang='lat' dir='ltr'><strong>non</strong></span> <span class='ocrx_word' id='word_1_587' title='bbox 2769 3227 3014 3286; x_wconf 86' lang='lat' dir='ltr'><strong>tantum</strong></span> <span class='ocrx_word' id='word_1_588' title='bbox 3069 3223 3265 3285; x_wconf 87' lang='lat' dir='ltr'><strong>fidem</strong></span> <span class='ocrx_word' id='word_1_589' title='bbox 3313 3224 3688 3293; x_wconf 85' lang='lat' dir='ltr'><strong>humanam,</strong></span> 
     </span>
     <span class='ocr_line' id='line_1_88' title="bbox 2113 3313 3692 3397; baseline -0.001 -22"><span class='ocrx_word' id='word_1_590' title='bbox 2113 3313 2227 3376; x_wconf 91' lang='lat' dir='ltr'><strong>sed</strong></span> <span class='ocrx_word' id='word_1_591' title='bbox 2253 3315 2440 3376; x_wconf 86' lang='lat' dir='ltr'><strong>etiam</strong></span> <span class='ocrx_word' id='word_1_592' title='bbox 2464 3315 2786 3377; x_wconf 81' lang='lat' dir='ltr'><strong>scientiam</strong></span> <span class='ocrx_word' id='word_1_593' title='bbox 2811 3316 3155 3396; x_wconf 88' lang='lat' dir='ltr'><strong>quamdam</strong></span> <span class='ocrx_word' id='word_1_594' title='bbox 3177 3314 3552 3397; x_wconf 87' lang='lat' dir='ltr'><strong>acquisitam</strong></span> <span class='ocrx_word' id='word_1_595' title='bbox 3575 3332 3692 3393; x_wconf 84' lang='lat' dir='ltr'><strong>ap-</strong></span> 
     </span>
     <span class='ocr_line' id='line_1_89' title="bbox 2110 3407 3692 3487; baseline 0 -19"><span class='ocrx_word' id='word_1_596' title='bbox 2110 3407 2348 3487; x_wconf 85' lang='lat' dir='ltr'><strong>pellant</strong></span> <span class='ocrx_word' id='word_1_597' title='bbox 2373 3427 2390 3480; x_wconf 87' lang='lat'><strong>;</strong></span> <span class='ocrx_word' id='word_1_598' title='bbox 2435 3414 2501 3469; x_wconf 89' lang='lat' dir='ltr'><strong>at</strong></span> <span class='ocrx_word' id='word_1_599' title='bbox 2525 3426 2674 3469; x_wconf 87' lang='lat' dir='ltr'><strong>vero</strong></span> <span class='ocrx_word' id='word_1_600' title='bbox 2705 3409 2784 3471; x_wconf 92' lang='lat' dir='ltr'><strong>de</strong></span> <span class='ocrx_word' id='word_1_601' title='bbox 2803 3409 3171 3472; x_wconf 79' lang='lat' dir='ltr'><strong>veritatibus</strong></span> <span class='ocrx_word' id='word_1_602' title='bbox 3211 3408 3364 3487; x_wconf 84' lang='lat' dir='ltr'><strong>ipsis</strong></span> <span class='ocrx_word' id='word_1_603' title='bbox 3387 3408 3692 3471; x_wconf 77' lang='lat' dir='ltr'><strong>revelatis</strong></span> 
     </span>
     <span class='ocr_line' id='line_1_90' title="bbox 2110 3500 3690 3581; baseline 0 -21"><span class='ocrx_word' id='word_1_604' title='bbox 2110 3500 2254 3561; x_wconf 88' lang='lat' dir='ltr'><strong>licet</strong></span> <span class='ocrx_word' id='word_1_605' title='bbox 2294 3500 2648 3580; x_wconf 79' lang='lat' dir='ltr'><strong>praecedere</strong></span> <span class='ocrx_word' id='word_1_606' title='bbox 2693 3502 2892 3581; x_wconf 88' lang='lat' dir='ltr'><strong>possit</strong></span> <span class='ocrx_word' id='word_1_607' title='bbox 2943 3501 3104 3565; x_wconf 82' lang='lat' dir='ltr'><strong>fides</strong></span> <span class='ocrx_word' id='word_1_608' title='bbox 3167 3502 3496 3581; x_wconf 85' lang='lat' dir='ltr'><strong>acquisita,</strong></span> <span class='ocrx_word' id='word_1_609' title='bbox 3532 3501 3690 3578; x_wconf 85' lang='lat' dir='ltr'><strong>quia</strong></span> 
     </span>
     <span class='ocr_line' id='line_1_91' title="bbox 2109 3594 3690 3673; baseline 0.002 -20"><span class='ocrx_word' id='word_1_610' title='bbox 2109 3594 2231 3654; x_wconf 91' lang='lat' dir='ltr'><strong>hoc</strong></span> <span class='ocrx_word' id='word_1_611' title='bbox 2281 3594 2518 3673; x_wconf 88' lang='lat' dir='ltr'><strong>pendet</strong></span> <span class='ocrx_word' id='word_1_612' title='bbox 2561 3614 2640 3657; x_wconf 87' lang='lat' dir='ltr'><strong>ex</strong></span> <span class='ocrx_word' id='word_1_613' title='bbox 2667 3597 2990 3658; x_wconf 79' lang='lat' dir='ltr'><strong>voluntate</strong></span> <span class='ocrx_word' id='word_1_614' title='bbox 3039 3595 3376 3669; x_wconf 88' lang='lat' dir='ltr'><strong>credentis,</strong></span> <span class='ocrx_word' id='word_1_615' title='bbox 3405 3612 3532 3655; x_wconf 88' lang='lat' dir='ltr'><strong>non</strong></span> <span class='ocrx_word' id='word_1_616' title='bbox 3585 3600 3690 3656; x_wconf 87' lang='lat' dir='ltr'><strong>est</strong></span> 
     </span>
     <span class='ocr_line' id='line_1_92' title="bbox 2111 3693 3688 3768; baseline 0 -19"><span class='ocrx_word' id='word_1_617' title='bbox 2111 3693 2326 3749; x_wconf 87' lang='lat' dir='ltr'><strong>tamen</strong></span> <span class='ocrx_word' id='word_1_618' title='bbox 2369 3705 2488 3766; x_wconf 89' lang='lat' dir='ltr'><strong>per</strong></span> <span class='ocrx_word' id='word_1_619' title='bbox 2513 3706 2606 3762; x_wconf 90' lang='lat' dir='ltr'><strong>se,</strong></span> <span class='ocrx_word' id='word_1_620' title='bbox 2635 3707 2846 3767; x_wconf 88' lang='lat' dir='ltr'><strong>neque</strong></span> <span class='ocrx_word' id='word_1_621' title='bbox 2879 3694 2946 3752; x_wconf 85' lang='lat' dir='ltr'><strong>ut</strong></span> <span class='ocrx_word' id='word_1_622' title='bbox 2969 3706 3163 3751; x_wconf 86' lang='lat' dir='ltr'><strong>causa</strong></span> <span class='ocrx_word' id='word_1_623' title='bbox 3189 3706 3306 3768; x_wconf 87' lang='lat' dir='ltr'><strong>per</strong></span> <span class='ocrx_word' id='word_1_624' title='bbox 3331 3706 3424 3761; x_wconf 88' lang='lat' dir='ltr'><strong>se,</strong></span> <span class='ocrx_word' id='word_1_625' title='bbox 3469 3704 3688 3766; x_wconf 90' lang='lat' dir='ltr'><strong>neque</strong></span> 
     </span>
     <span class='ocr_line' id='line_1_93' title="bbox 2113 3780 3690 3861; baseline 0 -20"><span class='ocrx_word' id='word_1_626' title='bbox 2113 3788 2183 3842; x_wconf 90' lang='lat' dir='ltr'><strong>ut</strong></span> <span class='ocrx_word' id='word_1_627' title='bbox 2211 3780 2503 3855; x_wconf 79' lang='lat' dir='ltr'><strong>conditiO,</strong></span> <span class='ocrx_word' id='word_1_628' title='bbox 2539 3782 2688 3861; x_wconf 89' lang='lat' dir='ltr'><strong>quia</strong></span> <span class='ocrx_word' id='word_1_629' title='bbox 2713 3783 2923 3845; x_wconf 87' lang='lat' dir='ltr'><strong>statim</strong></span> <span class='ocrx_word' id='word_1_630' title='bbox 2959 3800 3034 3843; x_wconf 90' lang='lat' dir='ltr'><strong>ac</strong></span> <span class='ocrx_word' id='word_1_631' title='bbox 3061 3782 3252 3843; x_wconf 88' lang='lat' dir='ltr'><strong>homo</strong></span> <span class='ocrx_word' id='word_1_632' title='bbox 3275 3780 3522 3860; x_wconf 84' lang='lat' dir='ltr'><strong>judicat</strong></span> <span class='ocrx_word' id='word_1_633' title='bbox 3541 3798 3690 3841; x_wconf 86' lang='lat' dir='ltr'><strong>esse</strong></span> 
     </span>
     <span class='ocr_line' id='line_1_94' title="bbox 2113 3874 3689 3954; baseline -0.001 -18"><span class='ocrx_word' id='word_1_634' title='bbox 2113 3874 2406 3936; x_wconf 89' lang='lat' dir='ltr'><strong>credibile</strong></span> <span class='ocrx_word' id='word_1_635' title='bbox 2455 3874 2627 3953; x_wconf 90' lang='lat' dir='ltr'><strong>quod</strong></span> <span class='ocrx_word' id='word_1_636' title='bbox 2681 3875 3062 3937; x_wconf 82' lang='lat' dir='ltr'><strong>sufficienter</strong></span> <span class='ocrx_word' id='word_1_637' title='bbox 3103 3874 3476 3954; x_wconf 85' lang='lat' dir='ltr'><strong>proponitur</strong></span> <span class='ocrx_word' id='word_1_638' title='bbox 3501 3920 3518 3947; x_wconf 90' lang='lat'><strong>‚</strong></span> <span class='ocrx_word' id='word_1_639' title='bbox 3571 3892 3689 3953; x_wconf 86' lang='lat' dir='ltr'><strong>po-</strong></span> 
     </span>
     <span class='ocr_line' id='line_1_95' title="bbox 2109 3968 3688 4047; baseline -0.001 -16"><span class='ocrx_word' id='word_1_640' title='bbox 2109 3974 2258 4041; x_wconf 87' lang='lat' dir='ltr'><strong>test,</strong></span> <span class='ocrx_word' id='word_1_641' title='bbox 2290 3968 2344 4027; x_wconf 89' lang='lat' dir='ltr'><strong>si</strong></span> <span class='ocrx_word' id='word_1_642' title='bbox 2367 3969 2536 4044; x_wconf 76' lang='lat' dir='ltr'><strong>velit,</strong></span> <span class='ocrx_word' id='word_1_643' title='bbox 2569 3986 2714 4030; x_wconf 89' lang='lat' dir='ltr'><strong>cum</strong></span> <span class='ocrx_word' id='word_1_644' title='bbox 2733 3968 2964 4029; x_wconf 84' lang='lat' dir='ltr'><strong>auxilio</strong></span> <span class='ocrx_word' id='word_1_645' title='bbox 2985 3968 3218 4039; x_wconf 85' lang='lat' dir='ltr'><strong>divino,</strong></span> <span class='ocrx_word' id='word_1_646' title='bbox 3255 3968 3427 4047; x_wconf 87' lang='lat' dir='ltr'><strong>quod</strong></span> <span class='ocrx_word' id='word_1_647' title='bbox 3451 3974 3688 4047; x_wconf 74' lang='lat' dir='ltr'><strong>praesto</strong></span> 
     </span>
     <span class='ocr_line' id='line_1_96' title="bbox 2112 4059 3682 4133; baseline -0.001 -11"><span class='ocrx_word' id='word_1_648' title='bbox 2112 4065 2228 4133; x_wconf 86' lang='lat' dir='ltr'><strong>est,</strong></span> <span class='ocrx_word' id='word_1_649' title='bbox 2261 4059 2620 4130; x_wconf 84' lang='lat' dir='ltr'><strong>immediate</strong></span> <span class='ocrx_word' id='word_1_650' title='bbox 2639 4062 2932 4123; x_wconf 86' lang='lat' dir='ltr'><strong>assentiri</strong></span> <span class='ocrx_word' id='word_1_651' title='bbox 2959 4062 3250 4123; x_wconf 73' lang='lat' dir='ltr'><strong>revelatis</strong></span> <span class='ocrx_word' id='word_1_652' title='bbox 3277 4060 3402 4123; x_wconf 81' lang='lat' dir='ltr'><strong>fide</strong></span> <span class='ocrx_word' id='word_1_653' title='bbox 3441 4060 3682 4130; x_wconf 80' lang='lat' dir='ltr'><strong>infusa,</strong></span> 
     </span>
     <span class='ocr_line' id='line_1_97' title="bbox 2109 4154 3688 4233; baseline 0.001 -19"><span class='ocrx_word' id='word_1_654' title='bbox 2109 4170 2316 4233; x_wconf 89' lang='lat' dir='ltr'><strong>neque</strong></span> <span class='ocrx_word' id='word_1_655' title='bbox 2359 4154 2702 4232; x_wconf 88' lang='lat' dir='ltr'><strong>probabilis</strong></span> <span class='ocrx_word' id='word_1_656' title='bbox 2755 4156 2916 4216; x_wconf 90' lang='lat' dir='ltr'><strong>ratio</strong></span> <span class='ocrx_word' id='word_1_657' title='bbox 2965 4155 3224 4217; x_wconf 86' lang='lat' dir='ltr'><strong>alterius</strong></span> <span class='ocrx_word' id='word_1_658' title='bbox 3273 4154 3510 4215; x_wconf 84' lang='lat' dir='ltr'><strong>ordinis</strong></span> <span class='ocrx_word' id='word_1_659' title='bbox 3567 4170 3688 4215; x_wconf 86' lang='lat' dir='ltr'><strong>ne·</strong></span> 
     </span>
     <span class='ocr_line' id='line_1_98' title="bbox 2109 4247 3686 4328; baseline -0.001 -19"><span class='ocrx_word' id='word_1_660' title='bbox 2109 4247 2364 4309; x_wconf 88' lang='lat' dir='ltr'><strong>cessarii</strong></span> <span class='ocrx_word' id='word_1_661' title='bbox 2387 4249 2594 4309; x_wconf 86' lang='lat' dir='ltr'><strong>afferri</strong></span> <span class='ocrx_word' id='word_1_662' title='bbox 2631 4254 2858 4328; x_wconf 80' lang='lat' dir='ltr'><strong>potest,</strong></span> <span class='ocrx_word' id='word_1_663' title='bbox 2877 4249 3022 4327; x_wconf 83' lang='lat' dir='ltr'><strong>quia</strong></span> <span class='ocrx_word' id='word_1_664' title='bbox 3047 4266 3166 4309; x_wconf 90' lang='lat' dir='ltr'><strong>nec</strong></span> <span class='ocrx_word' id='word_1_665' title='bbox 3193 4267 3269 4310; x_wconf 87' lang='lat' dir='ltr'><strong>ex</strong></span> <span class='ocrx_word' id='word_1_666' title='bbox 3292 4253 3472 4328; x_wconf 84' lang='lat' dir='ltr'><strong>parte</strong></span> <span class='ocrx_word' id='word_1_667' title='bbox 3495 4248 3686 4326; x_wconf 81' lang='lat' dir='ltr'><strong>obje-</strong></span> 
     </span>
     <span class='ocr_line' id='line_1_99' title="bbox 2109 4340 3690 4421; baseline -0.002 -19"><span class='ocrx_word' id='word_1_668' title='bbox 2109 4342 2188 4402; x_wconf 81' lang='lat' dir='ltr'><strong>cti</strong></span> <span class='ocrx_word' id='word_1_669' title='bbox 2241 4358 2360 4403; x_wconf 90' lang='lat' dir='ltr'><strong>uec</strong></span> <span class='ocrx_word' id='word_1_670' title='bbox 2411 4360 2488 4403; x_wconf 87' lang='lat' dir='ltr'><strong>ex</strong></span> <span class='ocrx_word' id='word_1_671' title='bbox 2540 4346 2717 4421; x_wconf 86' lang='lat' dir='ltr'><strong>parte</strong></span> <span class='ocrx_word' id='word_1_672' title='bbox 2762 4342 3099 4404; x_wconf 81' lang='lat' dir='ltr'><strong>voluntatis</strong></span> <span class='ocrx_word' id='word_1_673' title='bbox 3139 4341 3282 4403; x_wconf 88' lang='lat' dir='ltr'><strong>talis</strong></span> <span class='ocrx_word' id='word_1_674' title='bbox 3335 4340 3690 4401; x_wconf 88' lang='lat' dir='ltr'><strong>necessitas</strong></span> 
     </span>
     <span class='ocr_line' id='line_1_100' title="bbox 2108 4435 2444 4497; baseline 0 -2"><span class='ocrx_word' id='word_1_675' title='bbox 2108 4435 2444 4497; x_wconf 78' lang='lat' dir='ltr'><strong>invenitur.</strong></span> 
     </span>
    </p>

    <p class='ocr_par' dir='ltr' id='par_1_8' title="bbox 2102 4528 3698 5638">
     <span class='ocr_line' id='line_1_101' title="bbox 2192 4528 3692 4609; baseline 0 -20"><span class='ocrx_word' id='word_1_676' title='bbox 2192 4531 2287 4589; x_wconf 75' lang='grc'><strong>14.</strong></span> <span class='ocrx_word' id='word_1_677' title='bbox 2335 4528 2751 4609; x_wconf 69' lang='lat' dir='ltr'><strong>Respondetur</strong></span> <span class='ocrx_word' id='word_1_678' title='bbox 2775 4529 2916 4607; x_wconf 82' lang='lat' dir='ltr'><strong>jam</strong></span> <span class='ocrx_word' id='word_1_679' title='bbox 2957 4528 3308 4607; x_wconf 50' lang='lat' dir='ltr'><strong>malit&amp;</strong></span> <span class='ocrx_word' id='word_1_680' title='bbox 3337 4528 3422 4593; x_wconf 76' lang='lat' dir='ltr'><strong>ad</strong></span> <span class='ocrx_word' id='word_1_681' title='bbox 3467 4544 3692 4593; x_wconf 69' lang='lat' dir='ltr'><strong>socun-</strong></span> 
     </span>
     <span class='ocr_line' id='line_1_102' title="bbox 2107 4620 3692 4703; baseline -0.001 -19"><span class='ocrx_word' id='word_1_682' title='bbox 2107 4622 2248 4684; x_wconf 77' lang='lat' dir='ltr'><strong>dm</strong></span> <span class='ocrx_word' id='word_1_683' title='bbox 2285 4626 2727 4703; x_wconf 62' lang='lat' dir='ltr'><strong>armentum.</strong></span> <span class='ocrx_word' id='word_1_684' title='bbox 2755 4650 2839 4667; x_wconf 89' lang='lat'><strong>-··</strong></span> <span class='ocrx_word' id='word_1_685' title='bbox 2859 4620 2962 4684; x_wconf 75' lang='lat' dir='ltr'><strong>Aa</strong></span> <span class='ocrx_word' id='word_1_686' title='bbox 2981 4620 3248 4701; x_wconf 66' lang='lat' dir='ltr'><strong>primum</strong></span> <span class='ocrx_word' id='word_1_687' title='bbox 3267 4621 3692 4697; x_wconf 73' lang='lat' dir='ltr'><strong>confirmatio-</strong></span> 
     </span>
     <span class='ocr_line' id='line_1_103' title="bbox 2102 4714 3694 4794; baseline 0.001 -18"><span class='ocrx_word' id='word_1_688' title='bbox 2102 4732 2257 4777; x_wconf 78' lang='lat' dir='ltr'><strong>nem.</strong></span> <span class='ocrx_word' id='word_1_689' title='bbox 2277 4748 2354 4759; x_wconf 90' lang='lat'><strong>--</strong></span> <span class='ocrx_word' id='word_1_690' title='bbox 2385 4714 2490 4777; x_wconf 74' lang='lat' dir='ltr'><strong>Aa</strong></span> <span class='ocrx_word' id='word_1_691' title='bbox 2521 4716 2864 4778; x_wconf 72' lang='lat' dir='ltr'><strong>secundam.</strong></span> <span class='ocrx_word' id='word_1_692' title='bbox 2891 4715 3091 4775; x_wconf 87' lang='lat' dir='ltr'><strong>-Ita</strong></span> <span class='ocrx_word' id='word_1_693' title='bbox 3121 4732 3274 4794; x_wconf 77' lang='lat' dir='ltr'><strong>ergo</strong></span> <span class='ocrx_word' id='word_1_694' title='bbox 3331 4714 3532 4777; x_wconf 82' lang='lat' dir='ltr'><strong>facilis</strong></span> <span class='ocrx_word' id='word_1_695' title='bbox 3585 4722 3694 4777; x_wconf 85' lang='lat' dir='ltr'><strong>est</strong></span> 
     </span>
     <span class='ocr_line' id='line_1_104' title="bbox 2103 4806 3690 4887; baseline 0.001 -20"><span class='ocrx_word' id='word_1_696' title='bbox 2103 4807 2425 4885; x_wconf 88' lang='lat' dir='ltr'><strong>responsio</strong></span> <span class='ocrx_word' id='word_1_697' title='bbox 2467 4808 2548 4867; x_wconf 90' lang='lat' dir='ltr'><strong>ad</strong></span> <span class='ocrx_word' id='word_1_698' title='bbox 2577 4806 2930 4868; x_wconf 89' lang='lat' dir='ltr'><strong>secundum</strong></span> <span class='ocrx_word' id='word_1_699' title='bbox 2967 4814 3416 4887; x_wconf 76' lang='lat' dir='ltr'><strong>argumentum</strong></span> <span class='ocrx_word' id='word_1_700' title='bbox 3447 4826 3465 4879; x_wconf 89' lang='lat'>;</span> <span class='ocrx_word' id='word_1_701' title='bbox 3529 4807 3690 4869; x_wconf 85' lang='lat' dir='ltr'><strong>dato</strong></span> 
     </span>
     <span class='ocr_line' id='line_1_105' title="bbox 2105 4901 3690 4981; baseline 0.003 -20"><span class='ocrx_word' id='word_1_702' title='bbox 2105 4902 2274 4962; x_wconf 88' lang='lat' dir='ltr'><strong>enim</strong></span> <span class='ocrx_word' id='word_1_703' title='bbox 2318 4901 2728 4964; x_wconf 87' lang='lat' dir='ltr'><strong>antecedente</strong></span> <span class='ocrx_word' id='word_1_704' title='bbox 2783 4901 2850 4961; x_wconf 90' lang='lat' dir='ltr'><strong>in</strong></span> <span class='ocrx_word' id='word_1_705' title='bbox 2899 4919 3050 4963; x_wconf 86' lang='lat' dir='ltr'><strong>vero</strong></span> <span class='ocrx_word' id='word_1_706' title='bbox 3109 4920 3301 4963; x_wconf 85' lang='lat' dir='ltr'><strong>sensu</strong></span> <span class='ocrx_word' id='word_1_707' title='bbox 3345 4903 3690 4981; x_wconf 87' lang='lat' dir='ltr'><strong>explicato,</strong></span> 
     </span>
     <span class='ocr_line' id='line_1_106' title="bbox 2103 4994 3694 5075; baseline 0.002 -20"><span class='ocrx_word' id='word_1_708' title='bbox 2103 5000 2372 5075; x_wconf 77' lang='lat' dir='ltr'><strong>negatur</strong></span> <span class='ocrx_word' id='word_1_709' title='bbox 2417 4995 2888 5074; x_wconf 89' lang='lat' dir='ltr'><strong>consequentia,</strong></span> <span class='ocrx_word' id='word_1_710' title='bbox 2935 4995 3084 5074; x_wconf 89' lang='lat' dir='ltr'><strong>quia</strong></span> <span class='ocrx_word' id='word_1_711' title='bbox 3127 4994 3288 5057; x_wconf 85' lang='lat' dir='ltr'><strong>fides</strong></span> <span class='ocrx_word' id='word_1_712' title='bbox 3317 5010 3432 5057; x_wconf 90' lang='lat' dir='ltr'><strong>seu</strong></span> <span class='ocrx_word' id='word_1_713' title='bbox 3459 4996 3694 5058; x_wconf 87' lang='lat' dir='ltr'><strong>notitia</strong></span> 
     </span>
     <span class='ocr_line' id='line_1_107' title="bbox 2105 5088 3698 5169; baseline 0.001 -20"><span class='ocrx_word' id='word_1_714' title='bbox 2105 5088 2530 5149; x_wconf 86' lang='lat' dir='ltr'><strong>credibilitatis</strong></span> <span class='ocrx_word' id='word_1_715' title='bbox 2571 5088 2798 5167; x_wconf 81' lang='lat' dir='ltr'><strong>objecti</strong></span> <span class='ocrx_word' id='word_1_716' title='bbox 2841 5102 2970 5149; x_wconf 88' lang='lat' dir='ltr'><strong>non</strong></span> <span class='ocrx_word' id='word_1_717' title='bbox 3019 5094 3115 5149; x_wconf 80' lang='lat' dir='ltr'><strong>est</strong></span> <span class='ocrx_word' id='word_1_718' title='bbox 3150 5088 3528 5169; x_wconf 87' lang='lat' dir='ltr'><strong>principium</strong></span> <span class='ocrx_word' id='word_1_719' title='bbox 3569 5106 3698 5169; x_wconf 86' lang='lat' dir='ltr'><strong>per</strong></span> 
     </span>
     <span class='ocr_line' id='line_1_108' title="bbox 2107 5180 3694 5265; baseline 0 -22"><span class='ocrx_word' id='word_1_720' title='bbox 2107 5200 2176 5242; x_wconf 89' lang='lat' dir='ltr'><strong>se</strong></span> <span class='ocrx_word' id='word_1_721' title='bbox 2207 5182 2356 5243; x_wconf 83' lang='lat' dir='ltr'><strong>fidei</strong></span> <span class='ocrx_word' id='word_1_722' title='bbox 2400 5181 2650 5253; x_wconf 71' lang='lat' dir='ltr'><strong>infusas,</strong></span> <span class='ocrx_word' id='word_1_723' title='bbox 2683 5198 2892 5259; x_wconf 90' lang='lat' dir='ltr'><strong>neque</strong></span> <span class='ocrx_word' id='word_1_724' title='bbox 2919 5180 3194 5265; x_wconf 82' lang='lat' dir='ltr'><strong>pertinet</strong></span> <span class='ocrx_word' id='word_1_725' title='bbox 3241 5182 3324 5243; x_wconf 89' lang='lat' dir='ltr'><strong>ad</strong></span> <span class='ocrx_word' id='word_1_726' title='bbox 3361 5181 3694 5261; x_wconf 84' lang='lat' dir='ltr'><strong>objectum</strong></span> 
     </span>
     <span class='ocr_line' id='line_1_109' title="bbox 2106 5274 3696 5354; baseline -0.001 -16"><span class='ocrx_word' id='word_1_727' title='bbox 2106 5275 2370 5338; x_wconf 82' lang='lat' dir='ltr'><strong>formale</strong></span> <span class='ocrx_word' id='word_1_728' title='bbox 2401 5276 2562 5354; x_wconf 83' lang='lat' dir='ltr'><strong>ejus,</strong></span> <span class='ocrx_word' id='word_1_729' title='bbox 2605 5274 2720 5335; x_wconf 91' lang='lat' dir='ltr'><strong>sed</strong></span> <span class='ocrx_word' id='word_1_730' title='bbox 2741 5280 2836 5336; x_wconf 91' lang='lat' dir='ltr'><strong>est</strong></span> <span class='ocrx_word' id='word_1_731' title='bbox 2871 5280 3118 5335; x_wconf 88' lang='lat' dir='ltr'><strong>tantum</strong></span> <span class='ocrx_word' id='word_1_732' title='bbox 3157 5274 3435 5337; x_wconf 87' lang='lat' dir='ltr'><strong>conditio</strong></span> <span class='ocrx_word' id='word_1_733' title='bbox 3457 5292 3696 5338; x_wconf 83' lang='lat' dir='ltr'><strong>neces-</strong></span> 
     </span>
     <span class='ocr_line' id='line_1_110' title="bbox 2109 5366 3692 5447; baseline 0.001 -18"><span class='ocrx_word' id='word_1_734' title='bbox 2109 5368 2272 5429; x_wconf 86' lang='lat' dir='ltr'><strong>saria</strong></span> <span class='ocrx_word' id='word_1_735' title='bbox 2301 5373 2372 5431; x_wconf 89' lang='lat' dir='ltr'><strong>ut</strong></span> <span class='ocrx_word' id='word_1_736' title='bbox 2399 5366 2780 5429; x_wconf 84' lang='lat' dir='ltr'><strong>sufficienter</strong></span> <span class='ocrx_word' id='word_1_737' title='bbox 2801 5372 3207 5447; x_wconf 87' lang='lat' dir='ltr'><strong>proponatur.</strong></span> <span class='ocrx_word' id='word_1_738' title='bbox 3251 5368 3460 5429; x_wconf 88' lang='lat' dir='ltr'><strong>Prima</strong></span> <span class='ocrx_word' id='word_1_739' title='bbox 3489 5370 3692 5431; x_wconf 86' lang='lat' dir='ltr'><strong>etiam</strong></span> 
     </span>
     <span class='ocr_line' id='line_1_111' title="bbox 2109 5460 3694 5539; baseline 0.001 -16"><span class='ocrx_word' id='word_1_740' title='bbox 2109 5460 2500 5527; x_wconf 80' lang='lat' dir='ltr'><strong>confirmatio</strong></span> <span class='ocrx_word' id='word_1_741' title='bbox 2541 5460 2774 5523; x_wconf 88' lang='lat' dir='ltr'><strong>nullius</strong></span> <span class='ocrx_word' id='word_1_742' title='bbox 2803 5465 2898 5522; x_wconf 83' lang='lat' dir='ltr'><strong>est</strong></span> <span class='ocrx_word' id='word_1_743' title='bbox 2929 5461 3258 5535; x_wconf 86' lang='lat' dir='ltr'><strong>momenti,</strong></span> <span class='ocrx_word' id='word_1_744' title='bbox 3285 5462 3434 5539; x_wconf 85' lang='lat' dir='ltr'><strong>quia</strong></span> <span class='ocrx_word' id='word_1_745' title='bbox 3459 5462 3694 5526; x_wconf 84' lang='lat' dir='ltr'><strong>infide-</strong></span> 
     </span>
     <span class='ocr_line' id='line_1_112' title="bbox 2107 5552 3690 5638; baseline -0.001 -17"><span class='ocrx_word' id='word_1_746' title='bbox 2107 5554 2186 5621; x_wconf 87' lang='lat' dir='ltr'><strong>lis</strong></span> <span class='ocrx_word' id='word_1_747' title='bbox 2210 5602 2230 5631; x_wconf 85' lang='lat'><strong>,</strong></span> <span class='ocrx_word' id='word_1_748' title='bbox 2279 5554 2391 5636; x_wconf 86' lang='lat' dir='ltr'><strong>qui</strong></span> <span class='ocrx_word' id='word_1_749' title='bbox 2441 5554 2524 5617; x_wconf 89' lang='lat' dir='ltr'><strong>ad</strong></span> <span class='ocrx_word' id='word_1_750' title='bbox 2567 5553 2760 5619; x_wconf 85' lang='lat' dir='ltr'><strong>fidem</strong></span> <span class='ocrx_word' id='word_1_751' title='bbox 2793 5552 3198 5630; x_wconf 81' lang='lat' dir='ltr'><strong>convertitur,</strong></span> <span class='ocrx_word' id='word_1_752' title='bbox 3247 5560 3458 5635; x_wconf 82' lang='lat' dir='ltr'><strong>potest</strong></span> <span class='ocrx_word' id='word_1_753' title='bbox 3505 5556 3690 5638; x_wconf 87' lang='lat' dir='ltr'><strong>prius</strong></span> 
     </span>
    </p>
   </div>
  </div>
 </body>
</html>
