3900 6217
546 447 667 514 230

632 559 730 619 14.
766 555 1233 632 Quoestiunculoe
1256 557 1513 621 subortoe
1540 555 1795 635 satisfit.
1825 557 1990 620 —At
2007 576 2114 619 rur

550 651 739 712 etiam
762 668 887 710 uon
936 654 1301 712 numeratur
1328 650 1491 713 inter
1514 652 1743 730 gratias
1771 652 1964 730 gratis
2007 651 2118 712 da·-

548 752 643 806 tas
668 745 988 825 prophetia
1010 745 1242 825 aliqua,
1274 745 1374 808 vel
1398 747 1877 826 supernaturalis
1904 747 2116 826 cogui-

552 839 639 898 tio
662 857 799 918 quae
824 841 1131 920 pertineat
1152 840 1231 900 ad
1273 841 1764 920 supernaturalia
1796 844 2087 923 mysteria
2093 887 2114 919 ,-

553 941 612 996 ct
640 935 793 996 alias
819 933 1150 996 materias?
1178 933 1565 1015 Respondeo‚
1608 936 1755 1014 quia
1802 935 1939 998 haec
1972 955 2116 999 raro

551 1027 887 1092 admodum
912 1027 1405 1090 communicatur
1430 1029 1495 1090 in
1519 1046 1681 1090 novo
1708 1033 2076 1092 testamento
2090 1045 2112 1108 ;

550 1122 777 1184 Paulus
804 1129 1011 1184 autem
1056 1129 1347 1184 numerat
1372 1122 1601 1202 gratias
1628 1141 1767 1204 quae
1806 1125 1886 1186 ad
1910 1124 2116 1186 Eccle-

957 454 1194 508 DlSPUT.
1234 454 1357 508 vm.
1394 455 1474 506 DE
1506 454 1933 507 msTlNCTmNss
1967 455 2128 508 nnn!
2163 457 2242 508 AB
2275 457 2540 511 OMNIBUS
2573 459 2752 513 110le
2784 460 2864 513 ET
2895 461 3164 522 ὓΒΑΤΙΙδ,
3196 461 3331 516 me.

2192 561 2434 643 qratia-s
2464 562 2666 645 pratis
2717 563 2894 626 datae
2909 587 2936 635 ,·
2975 564 3081 643 qui
3109 571 3320 626 tamen
3367 564 3580 626 modus
3615 581 3734 624 non

2193 656 2394 718 variat
2447 661 2618 718 actus
2669 655 3096 733 substantiam,
3137 659 3288 737 quia
3320 676 3448 720 non
3481 658 3738 738 pertinet

2195 749 2272 809 ad
2315 749 2625 829 objectum
2665 749 2946 827 formale,
2971 749 3078 812 sed
3123 753 3202 812 ad
3245 753 3574 832 quamdam
3607 770 3741 832 per-

2194 841 2527 904 fectionem
2557 843 3023 919 accidentalem,
3071 850 3144 906 ut
3198 845 3580 920 facilitatem,
3605 844 3736 906 effi-

2195 935 2452 1012 caciam,
2491 943 2608 998 etc.
2641 937 2882 998 Donum
2909 953 3060 998 vero
3077 939 3415 1021 prophetice
3431 945 3623 1000 totum
3649 943 3746 1000 est

2195 1031 2686 1110 supernaturale,
2717 1036 2788 1092 ut
2805 1049 2878 1092 ex
2905 1031 3182 1094 dicendis
3201 1033 3436 1112 patebit
3457 1032 3738 1115 amplius.

550 1215 657 1277 siae
701 1215 925 1278 Christi
982 1215 1315 1278 utilitatem
1362 1217 1557 1296 gratis
1594 1222 1659 1280 et
1702 1218 2116 1282 communiter
2213 1211 2226 1216 ⁵

550 1309 797 1382 dantur.
834 1309 1010 1372 Unde
1044 1328 1237 1374 senno
1264 1311 1583 1391 sapientior
1623 1318 1687 1373 et
1728 1312 2021 1386 sov‘entioe,
2053 1317 2116 1374 et

550 1403 973 1483 interpretatio
1018 1421 1379 1477 sermonum,
1422 1404 1780 1468 deserviunt
1805 1405 2112 1480 Ecclesiae,

550 1515 678 1559 non
734 1497 984 1578 quidem
1029 1497 1107 1558 ad
1150 1497 1551 1560 revelandum
1598 1516 1761 1560 nova
1788 1500 2110 1580 mysteria,

549 1592 653 1656 sed
700 1591 779 1656 ad
829 1592 1267 1673 exponendum
1295 1599 1358 1655 et
1383 1593 1729 1656 docendum
1766 1593 1898 1675 jam
1936 1613 2114 1658 reve-

548 1685 697 1748 lata.
744 1687 833 1748 Ex
861 1705 985 1766 quo
1018 1686 1207 1748 etiam
1236 1685 1605 1765 intelligitur
1634 1689 1823 1768 quo-i,
1850 1687 1994 1751 licet
2017 1707 2115 1752 res

545 1779 809 1842 infinitae
837 1781 1073 1861 possint
1108 1780 1324 1844 cadere
1376 1779 1492 1842 suh
1531 1781 1947 1862 cognitionem
1975 1801 2117 1864 pro-

548 1872 883 1953 pheticam,
914 1893 1041 1936 non
1084 1881 1297 1936 tamen
1338 1893 1585 1937 necesse
1630 1876 1707 1937 sit
1734 1893 1949 1940 omnes
1971 1883 2116 1940 actu

551 1967 987 2044 demonstrari,
1037 1970 1553 2049 quandocumque
1580 1969 1765 2032 alicui
1802 1971 2118 2034 confertur

550 2061 891 2140 prophetia.¹
917 2061 1173 2138 donum,
1204 2062 1355 2142 quia
1376 2079 1453 2123 ex
1478 2062 1587 2124 Dei
1612 2063 1931 2125 voluntate
1949 2063 2116 2125 limi·

551 2155 673 2214 tari
734 2161 935 2233 potest
986 2156 1067 2217 ad
1113 2155 1417 2234 quaedam,
1472 2163 1535 2218 et
1576 2173 1705 2218 non
1746 2157 1825 2218 ad
1879 2159 2115 2233 omnia,

556 2246 720 2328 quod
754 2265 865 2328 per
884 2267 947 2310 se
976 2249 1123 2310 satis
1148 2253 1408 2326 constat,
1438 2254 1500 2310 et
1526 2267 1602 2311 ex
1644 2248 1929 2330 exemplo
1972 2249 2115 2310 fidei

552 2358 691 2419 quae
716 2341 795 2402 de
821 2341 1011 2402 finitis
1038 2360 1301 2402 numero
1342 2341 1625 2404 revelatis
1653 2343 1851 2404 solum
1896 2349 2010 2418 est,
2057 2350 2118 2404 et

551 2437 868 2496 communi
914 2435 1122 2516 phrasi
1170 2436 1500 2516 Scripturae
1551 2435 1916 2498 affirmantis
1987 2453 2116 2498 non

458 2517 470 2530 ’
552 2527 763 2588 omnia
790 2528 898 2589 Dei
929 2528 1258 2608 prophetas
1284 2546 1483 2592 nosse.
1520 2528 1697 2590 Unde
1730 2545 1894 2605 cum,
1938 2529 2118 2592 Luca

552 2621 834 2699 septim0,
870 2621 1209 2700 pharisaeus
1235 2621 1519 2683 dicebat:
1548 2623 1679 2686 Hic
1707 2622 1767 2686 si
1790 2630 1945 2686 esset
1980 2642 2121 2706 pro-

544 2713 753 2796 pheta,
779 2714 965 2778 sciret
988 2714 1192 2798 ‘utique
1216 2734 1373 2797 quoe,
1398 2723 1539 2791 etc„
1572 2733 1699 2776 non
1732 2722 1898 2778 recte
1924 2735 2082 2798 argu
2097 2753 2120 2764 -

552 2807 951 2870 mentabatur
977 2855 997 2885 ,
1066 2815 1139 2870 ut
1179 2809 1545 2890 interpretes
1600 2808 1851 2889 quidam
1912 2810 2118 2873 obser·

551 2909 703 2964 vant
740 2907 784 2978 ¹,
830 2904 975 2983 quia
1013 2922 1141 2965 non
1181 2905 1524 2966 necessaria
1562 2906 1999 2984 consequentia
2053 2907 2112 2968 id

552 2997 853 3076 sequitur,
897 2997 1018 3058 nisi
1039 2998 1198 3059 forte
1218 2998 1697 3076 interpretemur
1717 2996 1796 3058 de
1812 2996 2118 3078 propheta

553 3107 665 3169 per
709 3091 1223 3168 antonomasiam,
1265 3090 1334 3152 id
1378 3096 1495 3166 est,
1544 3089 1621 3154 de
1668 3089 1779 3154 illo
1825 3091 1939 3171 qui
1983 3097 2118 3154 erat

554 3182 819 3246 Messias,

640 3281 735 3340 15.
760 3277 1019 3359 objectio
1040 3285 1253 3343 eontra
1266 3277 2119 3344 κινῶνται-δοκέω.-

556 3369 817 3450 objicies
842 3377 1057 3432 contra
1089 3371 1567 3449 conclusionem,
1588 3389 1667 3434 cx
1693 3391 1767 3434 ea
1792 3373 1967 3452 sequi
1993 3391 2114 3449 res,

556 3483 697 3546 quai
752 3465 1117 3527 naturaliter
1154 3466 1442 3543 cognosci
1488 3465 1721 3542 valent,
1770 3485 1947 3546 posse
1987 3484 2117 3528 esse

557 3559 883 3622 materiam
938 3557 1273 3640 prophetiae
1289 3575 1311 3636 3
1367 3565 1624 3638 possunt
1680 3560 1849 3622 enim
1902 3579 1941 3621 a
1995 3561 2119 3622 Deo

557 3653 725 3716 dicto
761 3653 945 3714 modo
970 3651 1269 3714 revelari:
1302 3671 1681 3734 consequens
1708 3661 1917 3716 antem
1945 3653 2118 3718 vide·

556 3753 662 3809 tur
680 3753 892 3808 contra
911 3747 981 3807 D.
1006 3746 1307 3808 'rhomam
1328 3747 1387 3808 Ω.
1406 3747 1470 3820 2,
1500 3753 1716 3826 quest.
1739 3749 1879 3822 171,
1904 3753 2024 3810 art.
2053 3745 2114 3825 3,

559 3841 636 3902 ad
670 3845 727 3914 1,
760 3839 867 3899 ubi
894 3837 1214 3901 coustituit
1234 3838 1648 3901 differentiam
1674 3840 1841 3902 inter
1872 3839 2116 3919 sapien·

562 3935 736 4002 tiam,
764 3933 1100 4007 seientiam,
1124 3941 1187 3993 et
1204 3933 1611 4016 prophetiam,
1642 3933 1833 4012 quod,
1860 3933 2111 4010 scilicet,

558 4025 685 4088 illas
707 4026 941 4106 priores
958 4032 1280 4090 versantur
1298 4027 1457 4088 circa
1472 4026 1838 4088 naturaliter
1858 4044 2114 4106 cognos-

558 4119 802 4194 cibilia3
834 4118 967 4181 haec
1017 4138 1165 4182 vero
1190 4137 1321 4181 non
1358 4120 1532 4181 item.
1564 4119 1921 4200 Respondeo
1947 4119 2012 4180 id
2039 4119 2116 4181 de

561 4211 835 4294 possibili
866 4213 1325 4274 concedendum
1354 4231 1506 4288 esse,
1558 4213 1717 4272 sicut
1746 4213 1905 4274 ratio
1952 4212 2120 4274 facta

560 4307 897 4382 convincit,
939 4325 1011 4366 ac
1050 4307 1127 4368 de
1172 4305 1295 4368 fide
1330 4305 1781 4383 concessimus3
1828 4310 2118 4386 patetque

558 4401 747 4462 etiam
776 4417 815 4460 a
840 4398 1053 4475 simili,
1082 4399 1149 4461 in
1195 4399 1451 4461 scientia
1486 4417 1597 4480 per
1654 4417 1719 4460 se
1746 4399 1954 4460 infusa
1984 4396 2116 4460 ani-

558 4511 678 4554 mae
727 4493 971 4554 Christi.
1014 4495 1146 4555 Imo
1192 4493 1269 4554 de
1317 4493 1479 4554 facto
1523 4491 1837 4554 interdum
1868 4490 1928 4552 id
1983 4489 2117 4551 ficri

555 4587 741 4646 seiitit
765 4587 835 4646 D.
879 4586 1148 4647 Thomas
1176 4585 1239 4645 d.
1272 4603 1333 4665 q.
1363 4586 1503 4661 174,
1532 4602 1589 4647 a.
1646 4586 1706 4658 3,
1738 4590 1799 4645 et
1822 4603 1885 4664 q.
1922 4585 2000 4646 12
2040 4583 2116 4644 de

557 4677 777 4750 verit„
808 4695 867 4738 a.
913 4679 975 4753 2,
1005 4678 1113 4738 ubi
1163 4678 1347 4758 plane
1390 4677 1716 4738 confirmat
1760 4695 1833 4738 ea
1871 4695 2011 4757 quae
2039 4675 2117 4737 de

558 4773 797 4852 objecto
822 4770 1161 4851 prophetiae
1196 4771 1485 4831 diximus.
1530 4772 1601 4831 ln
1650 4789 1725 4832 eo
1773 4787 1917 4831 vero
1960 4769 2119 4845 loco,

558 4870 775 4944 quaest.
830 4866 970 4939 171,
1021 4862 1217 4924 solum
1264 4863 1401 4924 vult
1426 4863 1736 4924 ordinarie
1765 4863 1960 4923 Deum
1991 4880 2120 4924 non

556 4957 831 5020 revelare
860 4956 1176 5037 prophetis
1200 4956 1321 5016 nisi
1345 4975 1419 5017 ea
1446 4974 1585 5036 quai
1604 4955 1960 5018 abscondita
1977 4964 2123 5019 sunt

556 5051 781 5114 lumini
814 5049 1116 5126 naturali;
1148 5050 1381 5112 indicat
1406 5053 1595 5112 etiam
1618 5050 1806 5112 aliam
1826 5050 2117 5114 differen-

557 5147 737 5221 tiam,
760 5144 1051 5224 quicquid
1082 5161 1191 5224 per
1220 5144 1451 5221 gratias
1480 5145 1774 5208 sermonis
1799 5145 2122 5223 sapientior

557 5246 621 5300 et
642 5238 931 5314 scientior,
974 5243 1040 5298 et
1088 5238 1612 5320 interpretationis
1648 5255 1985 5300 sermonum
2026 5236 2120 5313 fit,

554 5351 731 5414 posse
756 5332 911 5393 alias
934 5330 1069 5393 fieri
1118 5331 1505 5406 naturaliter,
1527 5349 1600 5394 ac
1636 5331 1837 5393 solum
1864 5336 2114 5411 propter

556 5425 889 5505 quemdam
938 5423 1312 5504 peculiarem
1368 5425 1623 5487 modum
1674 5425 1980 5506 pertinere
2033 5423 2110 5486 ad

642 5614 661 5650 ⁸
692 5611 777 5674 lta
796 5610 1125 5674 observant
1150 5611 1481 5674 Toletanus
1506 5617 1569 5674 et
1596 5610 1862 5676 Maldon.

2677 1331 2722 1374 .
2801 1275 3016 1329 813ch
3049 1276 3128 1328 w.

2362 1457 2512 1533 Quis
2552 1466 2610 1524 et
2647 1461 2851 1544 qualis
2895 1463 2982 1528 sit
3025 1467 3200 1530 actae
3219 1461 3590 1546 propnetioe?

2279 1691 2307 1748 1
2323 1731 2338 1748 .
2381 1686 2656 1752 Assertio
2680 1687 2902 1768 prim.
2927 1721 3010 1736 --
3031 1688 3342 1756 Probatur
3363 1690 3570 1772 prima
3595 1705 3754 1772 pore

2197 1781 2670 1846 assertionis.-
2691 1781 2876 1846 Proh.
2917 1783 2958 1848 2
2993 1801 3272 1863 pore.-
3305 1784 3448 1846 Dico
3497 1784 3692 1864 primo
3735 1797 3752 1843 t

2195 1882 2368 1936 actus
2407 1876 2746 1956 prophetiae
2797 1883 2890 1938 est
2925 1877 3410 1956 supernaturalis
3463 1879 3756 1960 quaedam

2195 1971 2466 2048 cognitio
2490 1971 2556 2032 in
2588 1971 2803 2033 divina
2829 1971 3204 2034 revelatione
3257 1971 3535 2045 fundata,
3565 1991 3604 2034 a
3629 1989 3760 2051 qua

2193 2063 2422 2127 locutio
2447 2064 2546 2126 vel
2564 2064 2882 2144 praedictio
2901 2063 3256 2145 prophetica
3283 2065 3578 2146 procedit.
3601 2065 3757 2127 Con·

2197 2156 2390 2217 clusio
2417 2165 2508 2219 cst
2527 2159 2596 2218 D.
2631 2159 2886 2218 Thomae
2915 2160 2976 2220 2.
3009 2160 3071 2234 2,
3107 2165 3328 2238 quaest.
3373 2163 3512 2234 171,
3541 2165 3657 2220 art.
3693 2163 3756 2230 1,

2199 2254 2260 2308 et
2279 2250 2539 2311 omnino
2560 2257 2746 2314 certa.
2771 2251 2944 2312 Circa
2961 2269 3150 2332 quam
3183 2259 3276 2312 est
3307 2251 3762 2314 advertendum

2197 2341 2384 2404 fuisse
2400 2345 2722 2424 antiquam
2739 2344 3024 2406 hoeresim
3052 2345 3330 2408 Montani
3351 2349 3370 2386 ¹
3382 2393 3400 2420 ‚
3430 2344 3765 2424 prophetas

2197 2435 2266 2496 in
2317 2437 2514 2498 extasi
2565 2437 2752 2500 fuisse
2793 2455 3036 2518 semper
3073 2437 3330 2514 locutae,
3377 2439 3466 2499 ita
3518 2445 3592 2498 ut
3629 2455 3764 2498 non

2199 2529 2622 2608 intelligerent
2661 2548 2800 2610 quae
2829 2531 3268 2611 loquerentur:
3296 2533 3383 2594 sic
3423 2530 3612 2592 refert
3639 2532 3770 2591 Eu-

2201 2623 2425 2700 sebius,
2449 2626 2488 2684 5
2519 2623 2777 2701 Hister„
2807 2643 2938 2705 cap.
2984 2626 3058 2687 16
3085 2631 3149 2686 ct
3179 2627 3274 2687 17.
3308 2624 3483 2686 Unde
3515 2641 3592 2686 ex
3625 2623 3774 2686 Mil-

2199 2718 2364 2778 tiade
2393 2727 2455 2779 et
2481 2719 2808 2799 Apollonio
2835 2727 3050 2782 contra
3099 2720 3262 2782 hanc
3289 2719 3570 2782 haeresim
3603 2737 3774 2780 non·

2199 2812 2370 2872 nulla
2410 2813 2682 2874 adducit.
2717 2815 3012 2875 Eamdem
3065 2814 3393 2893 impugnat
3417 2812 3774 2892 Epiphan.,

2197 2904 2306 2966 lib.
2347 2907 2409 2980 2,
2441 2905 2655 2968 haeres.
2683 2908 2791 2983 483
2823 2913 2884 2968 et
2912 2908 3351 2985 Hieronymus,
3401 2905 3468 2966 in
3519 2903 3768 2984 praefat.

2198 2999 2386 3060 Isaiae.
2419 3000 2626 3060 Prima
2651 3001 2843 3078 igitur
2869 3019 3012 3080 pars
3041 2999 3470 3074 conclusionis,
3499 2996 3766 3072 scilicet,

2197 3093 2584 3172 prophetiam
2613 3097 2944 3154 consistere
2969 3094 3036 3154 in
3066 3091 3441 3172 cognitione,
3482 3097 3658 3170 patet
3683 3107 3770 3150 ex

2197 3186 2306 3248 illo
2361 3187 2533 3248 Isaiae
2573 3189 2775 3267 primo
2818 3209 2836 3247 ι
2895 3187 3058 3254 Vieio
3109 3188 3300 3251 Isaioe
3341 3201 3524 3266 quam
3577 3185 3766 3250 vidit.

2199 3280 2498 3342 Similiter
2525 3281 2741 3342 Ezeeh.
2775 3284 2834 3354 1,
2861 3286 2923 3342 et
2949 3279 3180 3342 Daniel.
3220 3282 3280 3353 1,
3301 3279 3530 3364 dicitur
3563 3278 3774 3338 Deum

2198 3374 2436 3436 dedisse
2465 3373 2700 3435 Danieli
2729 3373 3111 3435 intellectum
3137 3373 3420 3434 omnium
3443 3371 3778 3432 visionum

2199 3474 2260 3528 et
2287 3467 2702 3541 somniorum;
2731 3473 2796 3528 et
2827 3485 2958 3548 cap.
2995 3469 3074 3527 10
3101 3483 3118 3528 z
3149 3465 3574 3549 Intellegentia
3601 3465 3784 3526 enim

2199 3578 2347 3642 opus
2371 3566 2462 3626 est
2483 3563 2556 3624 in
2575 3562 2840 3634 visiom,·
2865 3568 2928 3622 et
2954 3566 3280 3641 propterea
3311 3559 3460 3620 olim
3489 3557 3784 3638 prophe·

2197 3661 2280 3715 tae
2309 3653 2672 3716 dicebantur
2699 3655 2976 3716 videntes
3002 3657 3032 3715 1
3071 3654 3225 3732 Reg.
3253 3653 3314 3716 9.
3349 3653 3518 3726 Quod
3567 3669 3786 3730 expo-

2201 3753 2418 3808 nentes
2437 3748 2857 3827 ‚Hieronymus
2883 3748 3047 3809 Oscae
3067 3749 3165 3822 ¹2,
3199 3753 3263 3808 et
3279 3743 3745 3824 Theophylact.
3763 3789 3784 3818 ,

2201 3839 2419 3902 Matth.
2456 3844 2516 3915 1,
2545 3839 2860 3901 affirmant
2909 3839 3250 3921 appellatos
3295 3855 3428 3900 esse
3454 3838 3786 3910 videntes,

2198 3934 2342 4014 quia
2360 3933 2598 3994 occulta
2620 3933 2914 3995 videbant
2959 3942 3022 3996 et
3060 3932 3459 4007 nuntiabant,
3482 3932 3676 4010 juxta
3711 3930 3788 3990 id

2198 4027 2355 4090 Psal.
2391 4029 2512 4090 50:
2541 4026 2792 4090 Incerta
2807 4033 2866 4090 et
2890 4027 3124 4090 occulta
3146 4021 3462 4109 sapientie
3489 4028 3616 4086 tuce
3639 4043 3792 4088 ma-

2197 4120 2513 4198 nifestasti
2537 4121 2712 4184 milti.
2736 4121 2813 4180 Et
2837 4117 3238 4182 confirmatur
3259 4120 3310 4196 ²,
3325 4133 3472 4180 nam
3497 4116 3798 4196 prophe·

2198 4219 2279 4274 tae
2309 4214 2378 4275 in
2407 4214 2724 4292 Scriptura
2743 4211 3035 4274 dicuntur
3057 4212 3362 4291 sapientes
3393 4231 3410 4275 z
3436 4209 3796 4288 Sapientis

2199 4312 2398 4370 autem
2423 4303 2526 4369 eor
2567 4306 2794 4385 (inquit
2811 4305 3292 4380 Ecclesiasticus,
3329 4323 3461 4384 cap.
3497 4301 3556 4381 3)
3581 4303 3804 4366 intel-

2198 4399 2418 4483 liqilm·
2451 4399 2520 4461 in
2558 4400 2863 4480 sapientia
2878 4443 2897 4474 ,
2927 4416 3036 4460 ore
3084 4397 3314 4459 scilicet
3361 4395 3792 4478 proferendo·

2197 4493 2380 4554 Stulti
2409 4499 2616 4554 autem
2647 4497 2744 4570 (ut
2771 4493 2848 4553 de
2869 4490 3172 4554 haereticis
3203 4492 3429 4552 dicitur
3463 4493 3486 4550 1
3552 4488 3642 4548 ad
3673 4489 3804 4549 'h‘-

2195 4585 2392 4646 moth.
2447 4589 2505 4662 1)
2547 4586 2821 4650 nesciunt
2885 4603 3018 4664 quea
3057 4585 3409 4666 loquuntur,
3463 4599 3666 4663 nequ
3715 4583 3808 4644 de

2199 4679 2412 4760 quibus
2457 4679 2808 4755 affirmant.
2859 4677 3042 4738 Ratio
3093 4677 3258 4738 clara
3299 4681 3418 4750 est,
3445 4675 3602 4754 quia
3633 4691 3812 4753 pro-

2200 4771 2424 4851 phetioe
2454 4771 2687 4832 donum
2717 4769 2956 4850 perficit
2979 4769 3300 4830 hominem
3327 4768 3614 4829 humano
3635 4784 3812 4828 mo-

2199 4863 2280 4923 do
2313 4871 2375 4924 et
2400 4865 2698 4943 perfecto;
2724 4864 2894 4942 loqui
2921 4867 3130 4924 autem
3173 4862 3310 4923 sine
3349 4858 3816 4938 intelligentia

2201 4974 2416 5018 eorum
2441 4975 2582 5037 quae
2605 4958 2921 5032 dicuntur,
2965 4973 3094 5017 non
3123 4956 3393 5035 pertinet
3413 4953 3492 5015 ad
3525 4953 3812 5033 perfec-

2199 5050 2436 5112 tionem
2471 5051 2835 5126 humanam,
2875 5048 2980 5110 sed
3025 5054 3118 5110 est
3160 5049 3368 5128 potius
3413 5047 3814 5110 amentium

2199 5149 2264 5203 et
2289 5143 2760 5220 somniantium,
2799 5149 2862 5205 et
2879 5142 3214 5221 aliquando
3239 5159 3354 5204 usu
3383 5140 3664 5202 rationis
3683 5157 3814 5201 ea·
3855 5209 3858 5226 ι

2201 5237 2495 5298 rentium.
2522 5235 2804 5298 Secunda
2825 5253 2974 5298 vero
2999 5234 3412 5298 conclusionis
3433 5250 3612 5314 pars,
3639 5251 3818 5296 eam

2277 5431 2294 5466 ¹
2335 5427 2602 5506 Legatur
2651 5431 2888 5503 auctor,
2915 5425 3025 5488 lib.
3062 5429 3089 5487 1
3133 5426 3216 5488 de
3253 5426 3422 5488 Orat.
3477 5425 3820 5501 mentali,

2193 5536 2247 5580 c.
2283 5521 2381 5582 19.

2276 5611 2305 5652 ⁹
2337 5610 2494 5673 Vide
2521 5628 2730 5694 supra,
2761 5611 2992 5692 disput.
3025 5612 3086 5688 3,
3115 5616 3266 5674 sect.
3293 5612 3358 5689 8,
3385 5629 3450 5672 n.
3477 5612 3584 5673 13.
