3900 6217
754 469 922 526 SECT.
961 471 1040 525 11.
1075 473 1158 525 AN
1191 471 1314 525 Non
1349 471 1536 525 vtsult
1569 471 1702 524 VEL·
1723 471 1847 525 Nor«
1881 469 2105 526 SCITUH
2138 473 2237 526 SIT
2269 471 2579 535 cesamo,
2611 471 2745 526 E‘l'C.

136 587 280 650 ergo
307 570 416 632 ille
443 577 626 633 aetus
649 572 838 634 habet
860 578 1060 634 totum
1093 571 1409 651 obJectum
1437 571 1612 642 fidei,
1643 577 1710 632 et

135 681 256 725 non
281 663 490 724 solum
515 665 979 740 certitudinem,
1007 665 1120 726 sed
1143 666 1336 726 etiam
1368 666 1710 726 obscurita-

135 767 278 825 tem,
331 760 486 837 quia
522 761 826 822 revelatio
857 762 991 840 ipsa
1025 760 1294 822 obscura
1329 767 1444 833 est,
1499 765 1560 820 et
1587 759 1710 820 for-

133 853 296 913 male
345 853 667 933 objectum
714 855 1168 928 communicat,
1210 858 1280 914 ut
1337 854 1424 915 sic
1479 854 1706 928 dicam,

138 965 286 1007 suas
313 949 736 1027 proprietates
751 948 996 1029 objecto
1017 950 1344 1010 materiali.
1365 949 1443 1010 Et
1462 965 1498 1008 a
1529 948 1708 1027 signo

142 1039 590 1114 confirmatum
637 1059 786 1101 nam
826 1041 932 1102 ille
967 1049 1143 1103 actus
1181 1049 1277 1104 est
1315 1041 1497 1112 liber,
1539 1045 1600 1102 et
1631 1057 1708 1102 ex

139 1134 244 1214 pia
265 1135 598 1196 affectione
617 1135 989 1206 voluntatis:
1022 1154 1172 1216 ergo
1194 1135 1498 1215 perillum
1519 1135 1706 1214 capti·

133 1233 320 1287 vatur
351 1228 706 1290 intellectus
737 1229 804 1288 in
847 1229 1217 1308 obsequium
1253 1229 1364 1291 Dei
1409 1233 1472 1290 et
1507 1227 1694 1300 fidei;

133 1327 232 1381 est
261 1339 418 1398 ergo
445 1328 624 1383 actus
651 1321 822 1383 fidei.

207 1417 312 1476 17.
355 1415 578 1480 matio
611 1415 818 1486 tortia,
851 1433 964 1495 per
993 1431 1176 1495 quam
1201 1415 1285 1478 ad
1298 1413 1704 1496 principalem

133 1507 320 1588 liujus
361 1506 644 1572 sectionis
689 1507 942 1570 mulum
973 1507 1224 1588 satisfit.
1251 1537 1336 1555 —-·
1367 1507 1464 1570 Et
1512 1512 1705 1570 osten·

138 1605 172 1665 d
201 1609 310 1666 tar
335 1601 846 1683 compassibiliter
884 1607 1066 1664 actus
1087 1601 1398 1672 evidentis,
1429 1605 1487 1664 et
1520 1599 1705 1663 inevi-

143 1697 359 1760 dentis.
390 1695 800 1755 -Praeterea
855 1693 1166 1756 concludo
1215 1713 1293 1756 ex
1333 1695 1512 1755 dictis
1542 1738 1558 1766 ‚
1605 1710 1706 1754 re·-

145 1787 514 1868 spoudendo
539 1788 771 1848 directe
801 1786 882 1848 ad
905 1788 1150 1849 titulum
1173 1787 1554 1868 quaestionis,
1578 1803 1701 1847 non

143 1899 282 1944 esse
315 1881 398 1942 de
437 1881 810 1942 necessitate
831 1880 1058 1960 objecti
1097 1879 1268 1952 fidei,
1315 1887 1386 1942 ut
1405 1881 1484 1942 sit
1509 1880 1708 1940 omni·

141 1993 228 2038 no
271 1991 402 2036 non
457 1975 718 2036 evidens
774 1975 1287 2049 concomitanter,
1343 1973 1453 2036 sed
1501 1973 1706 2034 solum

132 2069 514 2134 formaliter.
558 2067 624 2129 id
664 2073 780 2144 est,
815 2085 930 2147 per
969 2065 1176 2147 ipsum
1223 2067 1497 2129 medinm
1533 2067 1701 2128 fidei.

131 2165 270 2225 Hoc
297 2166 476 2242 patet
503 2179 580 2222 ex
612 2159 816 2235 dictim
844 2162 990 2241 quia
1025 2161 1174 2222 fidei
1214 2167 1390 2223 actus
1419 2177 1558 2222 esse
1595 2177 1709 2239 po·-

129 2261 256 2318 test
279 2271 429 2316 cum
460 2259 606 2316 actu
633 2254 998 2315 naturaliter
1023 2253 1310 2314 evidente
1353 2251 1434 2314 de
1485 2252 1714 2315 eodem

129 2349 380 2430 objecto
397 2365 418 2425 ;
445 2365 606 2426 ergo
644 2347 744 2407 illa
775 2346 1090 2409 evidentia
1129 2365 1263 2408 non
1295 2345 1568 2408 destruit
1600 2347 1716 2407 ob-

129 2442 365 2524 jectum
381 2440 650 2502 formale
667 2439 838 2515 fidei,
861 2441 1008 2518 quia
1031 2457 1160 2500 non
1177 2447 1272 2502 est
1293 2457 1412 2519 per
1429 2439 1710 2501 medium

139 2539 292 2617 ejus,
325 2535 446 2597 sed
475 2551 592 2615 per
621 2534 790 2596 aliud
806 2551 824 2612 3
863 2553 1012 2596 nam
1040 2535 1093 2596 si
1120 2535 1474 2596 destrueret
1501 2535 1712 2613 objec-

141 2638 266 2691 tum
313 2629 588 2690 formale
633 2627 807 2702 fidei,
861 2628 1264 2707 impossibilis
1315 2632 1479 2690 esset
1509 2609 1712 2688 'actus

135 2723 301 2793 fidei,
339 2722 494 2802 quia
523 2739 654 2782 uon
697 2727 905 2800 potest
951 2739 1090 2782 esse
1127 2721 1264 2784 siue
1303 2739 1420 2782 suo
1463 2721 1710 2801 objecto

137 2817 398 2880 formali.
427 2815 724 2878 Secundo
744 2815 826 2876 ad
849 2817 964 2876 hoc
983 2813 1488 2876 confirmandum
1503 2814 1714 2876 valent

145 2911 412 2973 rationes
443 2909 722 2970 Durandi
751 2908 816 2968 in
861 2909 1066 2981 tertio,
1108 2906 1251 2969 dist.
1283 2910 1385 2974 24,
1419 2907 1564 2987 quia
1593 2907 1716 2969 t'or-

157 3005 314 3066 male
343 3004 660 3080 obiectum
699 3002 844 3063 fidei
879 3007 971 3062 est
997 3001 1172 3076 illud,
1207 3001 1376 3080 quod
1405 3001 1551 3062 facit
1579 3019 1716 3063 rem

163 3116 290 3159 esse
313 3095 658 3157 formaliter
685 3095 1074 3169 credibilem,
1109 3100 1172 3156 et
1199 3101 1412 3154 movet
1436 3093 1720 3155 intellec-

157 3199 274 3252 tum
311 3189 394 3252 ad
435 3205 809 3267 assensuum
847 3189 962 3250 sed
999 3187 1253 3268 negatio
1304 3187 1408 3248 illa
1455 3188 1718 3250 actualis

146 3283 468 3346 evidentias
495 3301 629 3344 non
655 3283 803 3343 facit
825 3300 964 3343 rem
1008 3280 1400 3353 credibilem,
1435 3299 1553 3342 nec
1581 3299 1718 3340 mo-

139 3384 236 3439 vet
259 3377 338 3438 ad
370 3376 885 3451 assentiendum,
931 3382 997 3436 et
1045 3374 1356 3436 contraria
1405 3373 1716 3434 evidentia

3273 459 3349 524 87

1789 570 2171 636 inevidentia
2214 572 2498 654 opposita
2535 573 2861 635 evidentia
2900 569 3190 633 naturali.
3232 569 3351 634 Ne·

1789 683 1914 744 que
1945 666 2091 728 dicti
2135 674 2423 728 auctores
2462 668 2733 729 afferunt
2763 666 3095 734 rationem,
3138 663 3357 742 quaid

1793 760 1965 821 essica
1976 761 2130 822 citer
2144 761 2436 839 probent:
2465 760 2887 820 testimonium
2920 764 3127 820 autem
3152 757 3349 832 Pauli,

1789 855 2110 936 qwodfides
2150 859 2242 916 est
2282 859 2703 935 argumentum
2739 871 2857 914 aon
2900 851 3348 935 apparentium,

1789 945 2193 1024 probabiliter
2240 952 2451 1026 posset
2496 948 2721 1025 exponi
2768 945 2870 1007 illo
2915 945 3126 1015 modo,
3182 944 3353 1024 quod

1789 1037 1948 1099 fides
1984 1040 2119 1118 ipsa
2163 1044 2257 1099 est
2307 1044 2773 1116 argumentum,
2819 1039 2988 1119 quod
3036 1057 3163 1098 nou
3209 1038 3354 1100 facit

1789 1148 2097 1211 apparere
2150 1149 2285 1193 rem
2336 1132 2663 1208 creditam,
2705 1151 2822 1194 nec
2874 1132 3135 1214 requirit
3181 1131 3350 1193 illam

1782 1225 2237 1304 apparentiam,
2284 1229 2349 1285 nt
2389 1225 2663 1304 praebeat
2696 1243 3060 1296 assensum;
3096 1243 3225 1285 non
3257 1229 3348 1285 ta·

1781 1336 1929 1379 men
1960 1319 2108 1380 iude
2142 1320 2427 1397 sequitur
2456 1319 2779 1398 requirere
2810 1323 2877 1381 ut
2903 1319 3075 1378 nulla
3103 1317 3220 1378 alia
3252 1316 3353 1377 via

1781 1430 1886 1472 res
1916 1417 2240 1490 appareat,
2290 1428 2495 1491 neque
2522 1413 2641 1473 boc
2666 1411 2813 1474 dicit
2840 1413 3089 1473 Paulus.
3123 1412 3353 1474 Secun-

1784 1503 1866 1566 do
1895 1521 2045 1565 vero
2086 1511 2147 1566 et
2182 1504 2424 1566 facilius
2456 1505 2595 1566 dico
2624 1507 2917 1566 veritates
2945 1505 3205 1572 divinas.
3240 1521 3353 1584 per

1785 1598 1985 1659 solam
2020 1598 2400 1659 evidentiam
2431 1599 2781 1659 naturalem
2816 1616 2943 1659 non
2974 1598 3357 1660 sufficienter

1787 1691 1967 1750 nobis
1990 1707 2321 1770 apparere,
2354 1691 2501 1771 quia
2532 1707 2649 1752 nec
2686 1691 2972 1754 videmus
3002 1691 3137 1752 illas
3168 1695 3352 1769 prout

1785 1783 1852 1844 iu
1872 1800 1938 1844 se
1970 1789 2137 1858 sunt,
2184 1801 2392 1863 neque
2424 1801 2535 1862 per
2562 1783 2840 1845 medium
2870 1785 3053 1864 quod·
3081 1784 3355 1862 praebeat

1787 1893 2095 1938 summam
2129 1877 2561 1939 certitudinem
2595 1877 2871 1948 illarutm
2921 1883 2981 1939 et
3024 1875 3171 1939 ideo
3215 1875 3355 1937 talis

1787 1971 2096 2034 evidentia
2128 1971 2419 2050 relinquit
2447 1971 2857 2033 sufficientem
2882 1987 3013 2032 nou
3048 1987 3355 2051 apparen-

1785 2064 1962 2137 tiam,
2006 2068 2073 2124 ut
2107 2063 2189 2124 ibi
2240 2065 2426 2125 etiam
2456 2063 2661 2126 locum
2692 2061 2921 2125 habeat
2948 2063 3105 2126 fides
3132 2061 3358 2126 certifi-

1795 2157 1999 2219 cando
2029 2156 2435 2229 intellectum,
2470 2163 2536 2219 ut
2562 2175 2725 2238 soepe
2770 2157 2937 2228 dixi;
2982 2176 3123 2237 quae
3174 2155 3357 2218 certi-

1791 2250 1944 2312 tudo
1988 2251 2343 2312 necessario
2382 2251 2637 2313 involvit
2678 2253 3122 2314 obscuritatem
3148 2297 3164 2322 ,
3211 2267 3356 2311 cum

1789 2343 2091 2406 fundetur
2130 2345 2193 2404 in
2239 2345 2593 2406 testimonio
2628 2363 2757 2406 nnn
2794 2346 3116 2408 evidenter
3144 2346 3359 2416 cogni·

1791 2442 1878 2508 to,
1917 2444 1981 2499 et
2002 2437 2145 2499 ideo
2181 2438 2377 2500 libera
2410 2439 2507 2499 sit.
2538 2439 2609 2500 Et
2634 2440 2751 2500 bor
2792 2440 2853 2500 in
2888 2457 2955 2501 re
2985 2441 3116 2517 ipsa
3160 2439 3358 2501 faten-

1790 2537 1894 2593 tur
1921 2531 2026 2592 alii
2054 2539 2366 2606 anctoreS,
2394 2531 2545 2592 dum
2585 2533 2937 2595 concedunt
2966 2534 3049 2594 ibi
3088 2534 3359 2595 interve-

1793 2627 1930 2688 nire
1958 2626 2396 2687 certitudinem
2424 2625 2597 2696 ndei,
2648 2633 2710 2688 et
2756 2627 2840 2688 ita
2880 2627 3087 2706 potius
3126 2631 3361 2705 augent

1792 2719 2243 2790 difficultatem,
2278 2737 2468 2799 quam
2496 2721 2668 2781 illam
2708 2721 3043 2800 expediant
3088 2726 3196 2782 aut
3248 2720 3360 2780 mi·

1794 2819 2032 2884 nuant3
2068 2831 2215 2873 nam
2245 2813 2307 2874 in
2338 2829 2465 2872 uno
2497 2819 2558 2874 et
2591 2813 2813 2875 eodem
2844 2821 2986 2878 actu
3025 2813 3360 2876 admittunt

1796 2908 2234 2970 certitudinem
2268 2907 2577 2968 minorem
2598 2911 2661 2968 et
2680 2910 3009 2986 majorem,
3036 2915 3099 2972 et
3138 2925 3360 2970 couse-

1796 3007 2064 3082 quenter
2100 3006 2411 3073 coguntur
2439 3000 2763 3064 admittere
2796 3003 3173 3064 evici-mitam
3215 3018 3359 3064 cum

1798 3095 2197 3160 obscuritate,
2228 3093 2666 3154 necessitatem
2688 3113 2831 3156 cum
2868 3097 3147 3157 libertate
3174 3097 3233 3156 in
3260 3113 3361 3155 eo·

1798 3189 1944 3252 dem
1988 3195 2129 3249 actu
2167 3187 2455 3266 simplici,
2492 3187 2557 3248 in
2584 3205 2709 3267 qno
2748 3189 3105 3252 difficillime
3138 3187 3363 3252 intelli-

1797 3286 2065 3362 guntur3
2118 3281 2182 3342 in
2230 3282 2476 3342 duobus
2517 3291 2725 3344 autem
2761 3284 2894 3346 sine
2941 3285 3065 3344 ulla
3106 3282 3364 3348 difficul-

1793 3381 1944 3446 tate,
1963 3381 2146 3454 prout
2164 3375 2313 3436 satis
2333 3375 2719 3439 declaratum
2736 3383 2849 3440 est.
2873 3379 2968 3440 Ad
2986 3379 3197 3440 Patres
3224 3385 3362 3440 tan-

147 3491 260 3530 non
287 3469 575 3532 excludit
603 3468 882 3529 divinum
903 3467 1330 3530 testimonium
1351 3467 1714 3542 obscurum,
1799 3469 1940 3531 dem
1972 3485 2236 3530 numero
2276 3469 2553 3530 serundo
2583 3469 2825 3546 allatos,
2866 3473 3055 3552 paulo
3082 3471 3241 3533 infra
3264 3471 3363 3532 in-

155 3571 206 3624 et
257 3563 616 3628 inem-ideas.
663 3561 836 3640 quod
873 3569 1123 3624 moveat
1172 3561 1256 3624 ad
1305 3559 1715 3633 credendum,
1802 3561 2046 3624 dicatur
2070 3562 2395 3640 responsio
2422 3563 2481 3624 in
2508 3581 2684 3624 num.
2718 3581 2852 3643 seq.

153 3663 210 3716 ut
249 3661 506 3718 constat
553 3672 633 3716 ex
657 3655 876 3724 dictis;
907 3670 1058 3714 nam
1098 3656 1264 3715 Deus
1307 3671 1421 3713 sua
1455 3652 1722 3714 auctori·
1885 3656 1983 3716 ⁴9.
2016 3653 2289 3717 Assertio
2318 3661 2561 3736 quarta.
2592 3659 2661 3721 de
2703 3657 3191 3738 comparimitate
3224 3658 3365 3732 fidei

161 3757 274 3812 tate
309 3747 657 3810 confirmat
681 3749 896 3827 plures
930 3749 1248 3821 veritates,
1283 3765 1440 3825 quas
1470 3752 1724 3807 natura·
1805 3765 1938 3809 cum
1966 3746 2241 3814 scientia.
2273 3765 2391 3809 aon
2418 3751 2684 3830 prm-edic
2703 3769 2838 3813 cum
2860 3750 3069 3825 infusa
3093 3752 3365 3813 abstraa-

155 3844 226 3904 lis
248 3843 574 3904 evidentia
611 3841 918 3918 ostendit3
957 3857 1108 3918 ergo
1139 3839 1240 3900 illa
1289 3841 1562 3901 carentia
1599 3839 1728 3900 evi·
1806 3837 1955 3912 tiva,
1996 3840 2067 3901 de
2090 3842 2359 3920 potentia
2403 3845 2738 3908 ordinaria.
2760 3877 2837 3889 —
2858 3843 3019 3906 Bene
3070 3847 3266 3905 tamen
3296 3843 3365 3905 do

157 3939 384 3998 dentia»
413 3953 549 3996 non
591 3941 686 3996 cst
721 3934 802 3996 de
837 3932 1080 3994 formali
1123 3934 1368 4012 objecto
1407 3933 1578 4004 fidei,
1607 3949 1726 3992 nec
1799 3932 2073 4014 potentia
2096 3935 2603 4000 extraordinaria.
2630 3968 2712 3983 —
2738 3937 3189 4016 Explicandum
3214 3955 3363 3998 vero

157 4030 468 4091 contraria
495 4026 810 4088 evidentia
835 4027 1106 4088 excludit
1135 4026 1490 4106 hujusmodi
1519 4025 1727 4104 objec·
1806 4031 2093 4104 superest
2138 4045 2219 4086 an
2250 4027 2327 4088 sit
2368 4029 2531 4090 idem
2575 4029 2909 4092 dicendum
2942 4030 3021 4092 de
3055 4030 3364 4092 evidentia

161 4133 284 4184 tum
311 4121 606 4182 formale.
631 4119 910 4181 Tandem
939 4125 1035 4181 est
1067 4121 1302 4198 optima
1342 4120 1522 4193 ratio,
1551 4118 1718 4197 quia,
1809 4119 2265 4198 supernaturali
2328 4121 2721 4184 abstractiva.
2784 4125 2854 4185 Iu
2918 4142 3041 4204 quo
3096 4123 3367 4184 breviter

169 4235 284 4276 non
311 4215 609 4276 obstante
641 4213 744 4273 illa
776 4211 1084 4273 evidentia
1125 4211 1415 4283 naturali,
1457 4211 1616 4272 fides
1641 4213 1726 4271 al·
1811 4213 1948 4274 dico
1974 4213 2184 4292 quoad
2204 4215 2451 4276 habitus
2470 4217 2630 4276 inter
2655 4235 2745 4287 se,
2773 4224 2835 4279 et
2858 4217 3063 4298 quoad
3087 4217 3367 4278 habitum

171 4311 298 4370 tiori
335 4315 396 4369 et
427 4307 724 4368 nobiliori
761 4307 946 4367 modo
985 4307 1192 4366 firmat
1231 4306 1612 4367 intellectum
1657 4303 1722 4364 iu
1812 4313 2241 4385 comparatum
2281 4307 2361 4367 ad
2404 4313 2632 4382 actum,
2674 4311 2962 4373 eamdem
3001 4329 3138 4372 esse
3187 4312 3367 4371 ratio-

169 4419 426 4465 assensu
455 4401 625 4462 illius
653 4400 946 4474 veritatis,
991 4405 1062 4460 ut
1093 4398 1368 4466 fatentur
1395 4399 1580 4459 etiam
1617 4397 1726 4457 ad·
1808 4417 1980 4475 nem,
2014 4417 2205 4478 quam
2233 4401 2497 4481 amplius
2526 4402 2835 4482 explicare
2877 4423 3001 4464 non
3034 4411 3127 4465 est
3155 4421 3371 4466 neces·

165 4497 455 4568 versarii;
488 4494 594 4554 bic
619 4496 830 4554 autem
859 4494 1118 4553 effectus
1167 4509 1297 4552 non
1339 4497 1547 4569 potest
1591 4507 1731 4569 pro·
1811 4509 1900 4552 se.
1931 4493 2003 4552 In
2032 4492 2271 4553 actibus
2292 4511 2439 4555 vero
2462 4501 2555 4557 est
2578 4495 2865 4575 quaedam
2891 4496 3236 4558 differentia
3260 4515 3368 4557 no·

161 4593 378 4651 venire
421 4588 544 4648 nisi
585 4587 668 4646 ab
709 4586 919 4665 aliquo
958 4585 1188 4646 motivo
1236 4583 1482 4645 formali
1522 4600 1730 4644 assen-
1809 4584 2025 4654 tanda,
2074 4604 2224 4646 nam
2276 4593 2451 4647 actus
2507 4590 3063 4666 supernaturaliter
3119 4589 3373 4651 evidens

165 4683 384 4757 fiendi,
420 4681 590 4761 quod
613 4681 692 4740 sit
729 4678 1257 4758 supernaturalis3
1290 4695 1438 4757 ergo
1467 4695 1596 4737 nou
1625 4695 1734 4756 po·
1815 4685 1908 4740 est
1954 4679 2139 4740 etiam
2186 4681 2744 4759 supernaturaliter
2787 4689 3026 4756 certus;
3076 4683 3245 4744 unde
3293 4683 3375 4743 ad

167 4783 288 4840 test
337 4793 484 4836 esse
535 4774 650 4835 nisi
693 4774 994 4834 motivum
1052 4771 1312 4832 formale
1361 4770 1532 4846 fidei,
1587 4771 1734 4850 quia
1814 4774 2143 4834 minimum
2188 4773 2433 4834 videtur
2485 4793 2621 4836 esse
2664 4793 2843 4854 aeque
2882 4783 3113 4850 certuS,
3162 4795 3235 4838 ac
3280 4781 3374 4836 est

167 4871 416 4932 nullum
441 4867 612 4928 aliud
640 4867 821 4928 nobis
862 4869 956 4926 est
981 4864 1192 4926 datum
1221 4865 1286 4926 in
1332 4865 1450 4924 hac
1475 4865 1623 4940 vita,
1653 4862 1735 4924 ad

169 4961 734 5043 supernaturaliter
767 4958 1255 5020 assentiendum.

249 5060 352 5119 18.
403 5053 508 5120 Aa
545 5055 774 5116 motiva
824 5054 1136 5116 sementim
1173 5052 1243 5114 in
1285 5069 1348 5112 n.
1389 5053 1447 5111 3.
1479 5083 1562 5098 ·-
1591 5051 1737 5114 Loci

169 5151 366 5215 Pali
393 5145 706 5229 erpuino.
737 5179 822 5194 -—
863 5145 1144 5206 Tandem
1189 5162 1266 5204 ex
1301 5145 1398 5205 his
1431 5143 1614 5206 facile
1644 5149 1739 5204 est

165 5241 562 5320 respondere
611 5240 694 5300 ad
747 5239 980 5299 motiva
1039 5239 1372 5311 contraria,
1427 5243 1738 5317 quatenus

169 5345 392 5399 contra
431 5337 598 5395 banc
633 5339 878 5410 partem
903 5330 1248 5410 procedere
1281 5336 1574 5410 possunt3
1605 5347 1740 5391 om-

169 5433 274 5491 nia
313 5430 488 5490 enim
535 5425 876 5486 fundantur
912 5424 980 5483 in
1026 5424 1170 5497 hoc,
1217 5423 1384 5502 quod
1425 5423 1742 5484 ineviden-

171 5527 259 5586 tia
297 5525 394 5585 rei
431 5521 698 5601 cognitae
745 5525 842 5580 est
888 5516 1242 5579 necessaria
1285 5517 1365 5578 ad
1413 5533 1741 5578 assensum

177 5618 350 5693 fidei,
377 5615 555 5696 quod
583 5631 698 5674 nos
721 5611 906 5674 facile
925 5628 1256 5694 negamus,
1291 5610 1633 5690 prasertim
1663 5609 1741 5671 de

1817 4872 1993 4927 actus
2042 4865 2225 4936 fielei;
2276 4873 2336 4927 et
2392 4867 2534 4929 ideo
2586 4868 2897 4931 evidentia
2936 4876 3376 4950 supernatura-

1815 4958 1892 5019 lis
1955 4965 2017 5019 et
2066 4959 2325 5019 actualis
2381 4979 2509 5020 non
2562 4960 2810 5023 videtur
2868 4964 3225 5044 relinquere
3284 4963 3377 5024 lo-

1817 5069 1959 5113 cum
2022 5052 2223 5113 officio
2288 5051 2433 5114 fidei
2462 5099 2477 5124 ‚
2534 5053 2682 5133 quia
2738 5074 2865 5117 non
2912 5062 3115 5136 potest
3172 5058 3382 5118 minus

1815 5145 2069 5206 firmare
2111 5144 2493 5208 intellectum
2534 5146 2599 5207 in
2654 5165 2917 5210 assensu
2956 5150 3229 5211 veritatis
3278 5169 3384 5210 co-

1821 5239 2034 5318 gnitae,
2076 5254 2267 5316 quam
2299 5240 2377 5300 sit
2413 5239 2695 5301 firmatus
2740 5259 2852 5319 per
2896 5241 3121 5310 fidem:
3158 5247 3216 5303 et
3242 5241 3382 5302 ideo

1823 5349 1900 5392 ex
1923 5331 2042 5391 hac
2064 5335 2241 5410 parte
2276 5332 2569 5394 videntur
2606 5333 2812 5393 minus
2850 5351 2987 5394 esse
3022 5335 3387 5413 compatibi-

1821 5423 1915 5484 les
1942 5441 2238 5485 assensus
2274 5423 2445 5496 fidei,
2494 5431 2556 5486 et
2592 5426 2869 5487 scientiae
2908 5425 3127 5486 infusas
3175 5444 3247 5487 ac
3286 5445 3390 5486 su·

1821 5518 2305 5598 pernaturaliter
2332 5518 2656 5590 evidentia,
2693 5537 2879 5598 quam
2914 5537 3206 5580 assensus
3241 5519 3387 5581 fidei

1825 5614 1888 5672 et
1907 5611 2181 5672 scientim
2210 5611 2511 5672 naturalis
2532 5611 2611 5672 de
2636 5611 2857 5673 eadem
2887 5612 3170 5676 veritate.
3203 5613 3279 5676 Et
3303 5613 3387 5674 ita
