3900 6217
863 403 1035 458 SECT.
1072 406 1110 457 1.
1146 404 1231 457 AN
1264 402 1456 457 onum
1486 404 1591 456 nm
1624 400 1721 457 sn·
1752 400 2082 457 Paeonum
2113 400 2354 459 ommim
2385 400 2694 459 nummi.

188 506 264 571 Si
292 522 411 567 non
448 502 830 578 remiseritis,
869 508 1017 578 etc„
1047 504 1115 565 de
1162 504 1439 565 cordibus
1482 500 1725 564 vestiis.

183 599 473 672 Secunde,
506 595 874 675 intelligitur
901 596 1167 657 exterior
1192 595 1608 657 manifestatio
1634 595 1731 655 in-

182 691 413 753 terioris
458 690 675 764 animi,
706 707 831 769 qua
862 708 1031 763 eum,
1070 689 1178 767 qui
1228 688 1521 767 injuriam
1562 687 1729 747 intu-

183 786 250 847 lit
273 830 292 859 ,
343 784 409 843 in
468 783 806 844 amicitiam
855 783 1249 861 recipiamus,
1280 788 1341 843 et
1386 800 1499 841 nos
1544 798 1737 869 omne·

182 880 383 940 odium
417 876 773 957 deposuisse
815 875 1215 949 ostendimuS,
1249 883 1310 935 et
1338 874 1456 934 hoc
1496 872 1729 953 simpli-

184 975 331 1033 citer
377 978 441 1032 et
494 970 771 1032 absolute
830 988 959 1032 non
1010 974 1103 1029 est
1146 974 1519 1048 praeceptum
1541 1013 1562 1043 ,
1610 966 1731 1027 nisi

178 1066 417 1146 quando
469 1065 533 1125 id
582 1064 867 1125 omittere
905 1060 1220 1123 moraliter
1276 1067 1433 1121 esset
1470 1078 1599 1121 sese
1638 1079 1732 1121 os-

182 1160 427 1221 tendere
479 1165 541 1220 et
598 1176 811 1235 gerere
855 1163 926 1217 ut
984 1156 1333 1217 inimicum.
1388 1155 1565 1215 Ratio
1614 1160 1729 1230 est,

180 1253 318 1333 quia
372 1271 499 1313 non
569 1268 815 1331 semper
881 1256 1170 1311 tenemur
1215 1248 1504 1309 exhibere
1555 1250 1733 1327 signa

178 1346 474 1407 amicitiae.
522 1344 697 1405 Unde
741 1343 1047 1421 colligunt
1092 1348 1370 1403 auctores
1418 1340 1625 1418 citati',
1670 1348 1735 1403 et

178 1439 401 1499 indicat
443 1437 629 1498 divus
668 1436 937 1498 Thomas
966 1439 1025 1497 2.
1053 1437 1115 1509 2,
1147 1440 1366 1515 quaest.
1398 1437 1501 1509 83,
1537 1452 1731 1512 quan-

182 1533 273 1605 do,
305 1534 409 1611 qui
454 1532 750 1610 injuriam
780 1530 1015 1598 intulit,
1046 1530 1293 1589 veniam
1323 1529 1501 1607 petit,
1532 1528 1729 1589 teneri

181 1626 432 1687 alterum
490 1624 569 1685 ad
628 1622 975 1684 exhibenda
1015 1623 1191 1701 signa
1238 1622 1558 1697 amicitias,
1591 1638 1730 1700 quae

185 1717 549 1778 sufficienter
586 1714 915 1777 ostendant
938 1716 1379 1795 depositionem
1402 1714 1551 1781 odii.
1580 1714 1727 1794 quia

180 1820 317 1871 tunc
344 1811 408 1869 in
440 1808 563 1869 illis
586 1809 1055 1870 circumstantiis
1074 1826 1149 1869 ea
1176 1810 1458 1867 omittere
1478 1813 1571 1867 est
1597 1825 1727 1867 mo·

176 1906 291 1965 rale
318 1905 561 1982 signum
592 1902 720 1962 odii
748 1922 765 1977 ;
796 1902 947 1962 item
973 1908 1064 1961 est
1090 1900 1475 1976 scandalum,
1503 1907 1565 1961 et
1588 1918 1727 1979 pro·

176 2014 379 2059 voc-are
422 1995 693 2057 alterum
736 1995 815 2054 ad
870 1995 1387 2074 perseverandum
1412 1994 1481 2053 in
1514 1993 1723 2054 inimi-

179 2093 333 2166 citia,
362 2106 509 2168 quia
551 2093 731 2168 putat
758 2106 823 2149 se
868 2106 995 2147 non
1038 2087 1317 2147 invenire
1355 2086 1561 2147 locum
1615 2105 1726 2147 ve·-

177 2184 308 2251 niae,
338 2190 408 2242 ut
444 2181 649 2258 colligi
690 2187 891 2260 potest
928 2198 1002 2239 ex
1033 2179 1250 2241 Matth.
1286 2184 1348 2239 et
1385 2179 1557 2254 Luc.,
1589 2198 1724 2259 cap.

188 2280 242 2337 6.
272 2276 423 2350 Quid
450 2282 665 2335 autem
698 2276 765 2334 in
794 2292 865 2335 ea
894 2274 1349 2353 opportunitate
1377 2272 1727 2335 faciendum

184 2372 275 2443 sit,
303 2368 649 2448 prudentias
676 2368 1105 2427 committitur.

252 2464 345 2524 10.
406 2460 563 2523 Alia
610 2461 909 2523 remissio.
940 2461 1245 2521 -Tertio
1275 2504 1297 2539 ‚
1357 2459 1727 2539 intelligitur

180 2555 537 2617 condonatio
574 2553 777 2613 omnis
816 2553 1244 2613 satisfactionis
1265 2603 1280 2627 ‚
1316 2560 1379 2613 et
1422 2554 1538 2615 hoc
1581 2557 1727 2615 sim-

180 2650 399 2729 pliciter
460 2666 594 2707 non
650 2652 741 2707 est
806 2647 871 2707 in
928 2653 1271 2727 praecept03
1316 2665 1463 2709 nam
1528 2654 1727 2727 potest

178 2743 301 2822 quis
330 2742 495 2819 juste
546 2741 651 2819 jus
696 2757 875 2799 suum
916 2740 1202 2819 prosequi
1230 2758 1339 2819 per
1380 2740 1724 2819 legitimam

178 2840 550 2913 potestatem,
582 2837 654 2892 ut
684 2832 946 2893 habetur
986 2833 1053 2892 in
1090 2832 1406 2893 nonnullis
1433 2835 1719 2911 decretis,

177 2934 231 2987 et
265 2927 323 2986 id
364 2925 694 2987 confirmat
710 2926 993 2984 omnium
1022 2931 1343 2985 auctorum
1365 2944 1721 3003 consensus,

180 3025 231 3079 et
254 3038 393 3079 usus
418 3019 697 3078 virorum
729 3018 1085 3096 proborum.
1113 3018 1291 3077 Ratio
1320 3026 1432 3094 est,
1456 3020 1603 3099 quia
1618 3019 1725 3081 ille

178 3113 243 3173 de
284 3131 343 3172 se
374 3118 467 3173 est
518 3118 691 3172 actus
736 3116 1182 3172 consentaneus
1224 3111 1504 3189 justitiae,
1554 3112 1723 3192 quod

176 3206 425 3265 maxime
451 3204 644 3266 habet
661 3205 889 3279 locum,
913 3204 1160 3283 quando
1192 3204 1331 3283 quis
1359 3204 1627 3265 intendit
1653 3212 1725 3269 ut

175 3299 278 3357 sibi
304 3300 711 3359 restituantur
737 3296 904 3358 bona
940 3303 1220 3372 externa,
1248 3296 1347 3358 vel
1390 3297 1591 3359 honor
1612 3305 1723 3359 aut

173 3392 345 3468 fama,
394 3398 515 3454 etc.
566 3392 681 3453 Sed
738 3390 1083 3451 cavendum
1134 3398 1226 3451 est
1272 3409 1349 3452 ne
1396 3391 1725 3453 misceatur

175 3487 367 3545 odium
385 3508 401 3562 3
432 3483 707 3547 secundo
726 3502 807 3545 ne
839 3484 1103 3544 nimium
1132 3484 1452 3563 proximus
1481 3502 1724 3564 prema-

176 3586 285 3656 tur,
316 3581 399 3641 ita
428 3587 501 3641 ut
540 3596 683 3639 cum
711 3576 971 3637 notabili
994 3578 1365 3639 detrimento
1392 3596 1505 3639 suo
1542 3596 1724 3657 coga-

174 3680 269 3733 tur
309 3676 404 3735 vel
438 3674 701 3733 minimo
744 3670 975 3732 damno
1012 3670 1396 3746 satisfacere3
1440 3689 1586 3733 nam
1628 3674 1721 3732 in·

176 3769 403 3828 terdum
432 3768 498 3828 id
532 3765 754 3846 poterit
779 3782 908 3826 esse
959 3771 1171 3826 contra
1222 3764 1609 3840 charitatem,
1654 3770 1723 3825 ut

177 3867 330 3939 patet
356 3860 628 3923 Matthaei
660 3864 739 3921 13
782 3865 847 3919 et
874 3860 971 3919 18.
1010 3858 1183 3919 Unde
1211 3864 1384 3919 notat
1412 3858 1725 3937 Sylvester

179 3972 369 4033 supra,
432 3956 485 4015 si
531 3956 583 4015 is
631 3955 738 4033 qui
794 3952 1007 4013 intulit
1058 3952 1375 4029 injuriam,
1434 3951 1724 4013 satisfecit

180 4052 363 4127 quoad
407 4051 637 4131 potuit,
687 4055 901 4110 contra
950 4046 1315 4109 charitatem
1356 4062 1487 4108 esse
1542 4047 1721 4107 illum

180 4144 424 4221 amplius
461 4161 710 4222 urgere,
756 4148 825 4201 ut
858 4141 1040 4201 faciat
1080 4141 1245 4220 quod
1290 4157 1417 4201 non
1457 4144 1720 4219 poterit3

180 4235 331 4311 quod
380 4244 677 4317 proeterea
704 4234 1179 4311 intelligendum
1208 4240 1319 4305 est,
1364 4232 1484 4293 nisi
1520 4234 1724 4293 inten-

180 4326 350 4390 datur
384 4348 499 4409 per
523 4346 587 4390 se
608 4330 779 4407 justa
816 4344 1001 4407 poena
1043 4331 1293 4406 propter
1324 4328 1723 4387 commissum

179 4420 451 4482 delictum
492 4441 507 4483 ι
550 4422 712 4501 quod
742 4421 955 4497 etiam,
1008 4421 1061 4481 si
1102 4420 1309 4481 debito
1362 4420 1543 4479 modo
1589 4418 1719 4495 fiat,

176 4512 397 4588 justum
435 4532 565 4577 esee
594 4520 815 4595 potest,
864 4522 926 4574 et
952 4514 1267 4575 interdum
1318 4519 1719 4593 praeceptum,

180 4606 327 4666 utin
355 4610 615 4669 materia
640 4608 717 4669 de
734 4606 979 4687 justitia
1002 4612 1321 4668 tractatur.

644 4809 1095 4874 DISPUTATIO
1136 4810 1239 4872 vl.

294 5008 368 5053 ns
408 5009 679 5055 peccans
720 5007 1065 5054 conruens
1107 5004 1205 5051 ms
1244 5002 1596 5051 ramerus,

254 5171 594 5251 Antequam
616 5170 977 5233 accedamus
1002 5169 1079 5229 ad
1110 5174 1405 5251 praecepta
1432 5184 1569 5247 quae
1586 5184 1723 5227 vcr-

182 5270 382 5323 santur
409 5266 569 5326 circa
596 5271 771 5325 actus
801 5264 1157 5338 exteriora,
1189 5262 1463 5323 dicemus
1491 5259 1568 5320 de
1594 5276 1726 5321 mo·

182 5354 270 5414 dis
306 5357 519 5435 quibus
542 5358 801 5419 interius
828 5362 1115 5436 peccatur
1150 5360 1364 5417 contra
1409 5353 1541 5415 haec
1570 5370 1725 5432 pras·

184 5454 369 5526 cepta,
429 5470 563 5531 quse
629 5456 953 5512 versantur
1007 5448 1075 5509 in
1135 5447 1373 5509 actibus
1423 5446 1717 5519 internis;

186 5548 384 5603 contra
410 5562 545 5624 quse
578 5543 820 5605 duobus
862 5542 1059 5603 modis
1110 5543 1175 5602 in
1214 5558 1437 5621 genere
1486 5540 1721 5619 peccari

3259 402 3372 467 671

1809 505 2029 579 potest,
2065 502 2164 563 vel
2194 502 2562 579 omittenda,
2591 509 2656 565 et
2683 504 2758 563 de
2799 502 2918 576 hoc
2955 503 3116 565 nihil
3159 524 3380 569 occur-

1807 592 1890 653 rit
1917 594 2278 668 dicendum3
2305 596 2616 675 supposita
2647 596 2816 657 enim
2843 598 3194 673 cognitione
3223 618 3382 680 prae-

1809 688 1973 765 cepti
2027 686 2406 763 affirmativi,
2451 694 2514 750 et
2548 690 2866 768 temporiS,
2919 708 2992 751 ac
3043 693 3207 753 modi
3253 713 3378 773 quo

1809 778 2066 857 obligat,
2099 782 2347 842 omissio
2387 800 2498 862 per
2528 802 2592 843 se
2633 784 2832 844 solum
2876 784 3046 845 addit
3087 788 3379 865 privatio-

1810 890 1991 947 nem;
2021 872 2180 934 alius
2220 875 2438 936 modus
2481 888 2576 937 est
2616 878 3082 954 committendo,
3125 880 3202 941 de
3252 900 3376 961 quo

1814 966 2124 1044 agendum
2151 968 2290 1029 erit.

2453 1170 2670 1224 sscrlo
2703 1158 2778 1223 1.‘

1902 1346 2121 1410 Utrum
2168 1346 2368 1411 odium
2407 1345 2522 1411 Dei
2561 1351 2650 1458 sit
2687 1354 2998 1429 peccatum
3029 1354 3294 1417 omnium

2415 1461 2771 1507 maa-imum.

1892 1632 1948 1689 1.
2001 1628 2216 1693 Odium
2243 1631 2392 1711 qvid
2410 1630 2513 1693 sit.
2540 1662 2624 1679 —-
2647 1628 2860 1693 Odium
2887 1633 3368 1697 abominationis.

1806 1754 1887 1769 —
1912 1719 2126 1785 Odium
2177 1721 2538 1787 inimicitie.
2568 1724 2929 1799 -Odium,
2989 1733 3060 1787 ut
3106 1746 3143 1787 a
3196 1727 3373 1789 nobis

1808 1813 2099 1892 explicari
2145 1820 2364 1894 potest,
2418 1822 2511 1877 est
2563 1816 2720 1877 velle
2769 1815 2946 1879 alteri
3000 1819 3258 1893 malum,
3303 1827 3374 1881 ut

1809 1908 2045 1969 malum
2099 1910 2180 1968 sit
2223 1908 2315 1970 1111
2333 1924 2352 1987 ;
2397 1911 2506 1991 qui
2548 1918 2723 1972 actus
2774 1911 3119 1976 formaliter
3175 1915 3374 1992 magis

1808 2006 1901 2061 est
1936 2001 2308 2063 desiderium
2355 2004 2668 2082 quoddam
2710 2005 2992 2066 indicans
3027 2006 3374 2068 formaliter

1808 2091 2046 2167 odium,
2079 2095 2240 2172 quod
2272 2095 2338 2155 in
2369 2096 2638 2175 quadam
2674 2098 2996 2159 aversione
3035 2099 3372 2159 voluntatis

1807 2186 2118 2259 consistit3
2169 2188 2329 2248 sicut
2381 2189 2553 2251 enim
2601 2208 2776 2251 amor
2818 2197 2910 2252 est
2960 2192 3224 2272 pondus,
3275 2192 3372 2255 vel

1806 2278 2124 2340 vinculum
2149 2298 2295 2341 cum
2317 2300 2386 2343 re
2416 2288 2646 2356 amata,
2677 2300 2754 2344 ex
2789 2302 2912 2363 quo
2940 2285 3220 2364 sequitur
3267 2285 3372 2346 de·

1809 2372 2103 2460 siderium
2131 2372 2277 2433 boni
2301 2374 2494 2451 illius,
2525 2376 2572 2435 si
2599 2376 2678 2435 sit
2699 2394 2877 2438 amor
2901 2377 3367 2451 benevolentioe,

1805 2464 1905 2525 vel
1932 2464 2306 2526 desiderium
2337 2484 2458 2546 quo
2486 2469 2832 2547 appetimus
2882 2469 3053 2530 illam
3083 2489 3214 2532 rem
3261 2490 3372 2531 no·-

1804 2556 1921 2630 his,
1952 2557 2005 2619 si
2029 2557 2106 2617 sit
2133 2576 2310 2618 amor
2342 2562 2846 2639 concupiscentiae
2867 2608 2882 2635 ,
2921 2564 3010 2623 ita
3039 2564 3254 2625 odium
3277 2571 3372 2625 est

1805 2649 2060 2729 quidam
2105 2657 2278 2711 actus
2317 2670 2440 2731 quo
2487 2654 2706 2733 aliquis
2753 2653 3095 2715 voluntarie
3135 2656 3372 2734 disjun-

1804 2739 1973 2816 gitur
2001 2738 2066 2797 in
2099 2738 2320 2799 affeetu
2353 2742 2638 2817 amandi;
2675 2743 2842 2819 quod
2871 2744 3198 2821 dupliciter
3225 2762 3370 2805 con-

1804 2832 2013 2911 tingit,
2043 2832 2140 2894 vel
2178 2833 2620 2895 considerando
2655 2834 2844 2897 alium
2879 2844 2947 2897 ut
2983 2836 3172 2899 habet
3205 2839 3370 2900 ordi-

1803 2942 1949 2985 nem
1999 2924 2079 2986 ad
2129 2944 2262 2999 nos,
2315 2932 2379 2986 et
2431 2933 2522 2988 est
2565 2927 2745 2988 nobis
2775 2928 3030 2989 infestus
3044 2946 3065 3005 ;
3121 2948 3199 2992 ex
3246 2948 3372 3011 quo

1803 3019 2082 3097 sequitur
2099 3025 2172 3078 ut
2194 3018 2609 3080 desideremus
2631 3019 2722 3080 illi
2743 3020 2976 3083 malum
3002 3022 3179 3098 illud,
3203 3023 3369 3103 quod

1804 3110 2114 3173 sufficiens
2145 3118 2235 3172 est
2263 3117 2335 3171 ut
2361 3111 2538 3173 illum
2569 3130 2610 3173 a
2655 3112 2838 3173 nobis
2885 3132 3262 3194 separemus,
3307 3123 3370 3177 et

1804 3202 1917 3264 hoc
1980 3202 2196 3265 odium
2241 3204 2508 3282 pertinet
2553 3204 2633 3264 ad
2680 3208 3264 3287 concupiscentiam,
3305 3216 3370 3271 et

1801 3295 1958 3357 solet
1982 3296 2104 3357 dici
2129 3296 2644 3372 abominationis3
2686 3299 3022 3378 aliquando
3063 3302 3370 3378 contingit

1802 3387 2186 3449 voluntatem
2215 3390 2411 3451 averti
2438 3389 2518 3449 ab
2557 3391 2678 3452 alio
2707 3392 2772 3454 in
2817 3410 2902 3466 se,
2935 3400 2998 3453 et
3037 3393 3183 3455 inde
3213 3394 3368 3457 velle

1802 3481 1895 3543 illi
1922 3500 2110 3546 omne
2137 3482 2372 3544 malum
2423 3484 2809 3564 simpliciter,
2857 3493 2920 3547 et
2949 3486 3065 3547 hoc
3105 3493 3198 3548 est
3229 3504 3367 3565 pro·

1804 3575 2010 3655 prium
2035 3576 2251 3637 odium
2281 3576 2642 3654 inimicitiae,
2673 3578 2778 3639 sed
2805 3579 3173 3658 regulariter
3197 3579 3370 3642 ducit

1804 3669 2112 3747 originem
2151 3688 2230 3731 ex
2277 3671 2492 3749 priori,
2536 3670 2714 3748 juxta
2766 3670 2918 3733 illud
2948 3674 3228 3752 Sapient.
3275 3677 3360 3737 2:

1807 3760 2356 3827 Circumveniamns
2383 3764 2652 3843 jmtum,
2691 3764 2972 3845 quoniam
3021 3766 3366 3831 contrua-ius

1803 3862 1893 3919 cet
1924 3855 2200 3937 operibns
2221 3856 2476 3920 nostris.

1882 3952 1943 4011 2.
1993 3947 2278 4029 objectio.
2323 3984 2408 3999 --
2441 3950 2704 4015 Solntio.
2729 3953 3002 4015 -Dices
3042 3975 3057 4015 ε
3109 3974 3368 4036 quomo-

1804 4043 1885 4103 do
1924 4043 2210 4104 voluntas
2253 4051 2452 4122 potest
2498 4044 2654 4105 velle
2704 4045 2963 4119 malum,
3023 4050 3142 4109 sub
3179 4054 3366 4112 ratio-

1803 4154 1885 4197 ne
1914 4136 2088 4212 mali,
2131 4137 2320 4199 etiam
2365 4136 2588 4199 alteri?
2616 4138 2748 4198 Dici
2783 4146 2985 4217 posset
3010 4142 3210 4203 odisse
3237 4161 3366 4205 non

1802 4246 1931 4289 esse
1959 4228 2139 4306 velle,
2173 4230 2280 4291 sed
2308 4229 2472 4291 nolle
2503 4231 2744 4310 potius;
2775 4232 2912 4293 dico
2941 4238 3150 4295 tamen
3175 4236 3364 4297 etiam

1803 4320 2020 4381 odium
2063 4320 2378 4383 includere
2427 4322 2756 4401 positivam
2789 4323 3192 4400 voluntatem,
3241 4344 3367 4405 qua

1803 4416 2152 4493 appetimus
2206 4414 2385 4475 alteri
2426 4415 2664 4477 malum
2681 4438 2700 4491 ;
2747 4422 2818 4476 ut
2869 4423 3080 4477 autem
3127 4418 3366 4483 malum

1802 4508 1980 4569 alteri
2025 4508 2309 4582 velimus,
2363 4526 2490 4569 non
2529 4515 2770 4588 oportet
2819 4509 2888 4569 in
2938 4510 3044 4571 illo
3091 4530 3366 4590 quaerero

1802 4604 2111 4666 rationem
2158 4602 2330 4677 honi,
2365 4602 2473 4665 sed
2517 4604 2720 4681 potius
2765 4602 2912 4665 mali
2951 4624 2966 4663 :
3022 4620 3167 4664 nam
3207 4605 3368 4667 sicut

1802 4715 2086 4758 amamus
2139 4696 2326 4757 alicui
2373 4695 2604 4756 bonum
2647 4697 2794 4774 quia
2851 4694 3050 4757 bonus
3094 4703 3207 4772 est,
3266 4699 3364 4761 vel

1802 4791 1949 4869 quia
2003 4790 2206 4870 ipsum
2256 4806 2465 4849 amare
2515 4788 2748 4852 bonum
2804 4795 2920 4865 est,
2941 4790 3030 4850 ita
3081 4789 3366 4853 volumus

1800 4883 1990 4944 alicui
2022 4882 2282 4955 malum,
2308 4882 2455 4961 quia
2490 4882 2688 4943 malus
2713 4880 3106 4961 aliquomodo
3129 4889 3243 4944 est.
3273 4883 3366 4943 Ex

1800 4994 1923 5057 quo
1952 4985 2118 5037 recte
2157 4976 2318 5035 dixit
2361 4977 2426 5037 D.
2478 4975 2745 5037 Thomas
2786 4976 2846 5036 Ξ.
2901 4976 2962 5050 2,
3010 4982 3223 5055 quoest.
3258 4978 3360 5051 34,

1802 5076 1918 5133 art.
1955 5074 2018 5143 l,
2052 5069 2266 5131 odium
2295 5070 2428 5147 Dei,
2469 5068 2744 5131 sisoium
2791 5069 3044 5150 praecise
3087 5070 3358 5131 conside·

1801 5171 1974 5227 retur
1999 5164 2066 5226 id
2108 5164 2272 5243 quod
2311 5164 2380 5225 in
2407 5164 2532 5225 Deo
2560 5170 2672 5239 est,
2709 5182 2834 5225 non
2879 5181 3010 5225 esse
3053 5165 3360 5244 possibile,

1804 5258 2064 5337 ideoque
2105 5274 2230 5317 non
2273 5274 2448 5336 posse
2500 5256 2715 5317 haberi
2763 5273 2802 5316 a
2852 5255 3100 5318 vidente
3144 5260 3360 5333 Deum,

1806 5352 1951 5430 quia
1979 5352 2046 5411 in
2074 5351 2198 5411 Deo
2229 5350 2566 5411 secundum
2592 5368 2656 5411 se
2681 5350 2851 5412 nulla
2873 5356 2972 5411 est
2989 5352 3154 5411 ratio
3176 5352 3327 5412 mali
3341 5374 3360 5426 3

1803 5449 2014 5505 tamen
2050 5461 2166 5524 per
2205 5443 2568 5505 relationem
2617 5444 2694 5505 ad
2721 5442 2976 5505 effectus
3005 5450 3206 5521 potest
3249 5445 3363 5507 sub

1803 5536 2012 5617 aliqua
2037 5538 2279 5599 ratione
2310 5537 2456 5598 mali
2485 5536 2888 5617 apprehendi,
2917 5536 3148 5599 scilicet
3181 5539 3364 5617 puni-
