3900 6217
580 351 663 413 96

579 456 857 536 proclus,
900 454 1233 532 Cajetanus
1274 458 1335 513 et
1378 452 1737 525 Themistoc,
1784 457 1849 513 et
1883 450 2010 523 alii,
2067 468 2140 509 ac

582 550 769 631 plane
802 552 875 611 D.
904 549 1252 619 Thomas‚1
1286 564 1377 627 p..
1402 564 1463 625 q.
1496 550 1551 621 l,
1588 554 1702 608 art.
1743 550 1768 607 l
1806 551 1867 607 et
1895 546 1954 605 2.
1987 545 2142 623 Spe-

583 643 822 705 eialiter
856 660 1003 704 vero
1028 642 1190 703 hanc
1216 640 1590 701 sententiam
1622 639 1910 719 explicat,
1943 644 2005 699 et
2031 636 2142 697 de-

582 735 779 799 fendit
804 734 1054 807 Melina,
1084 732 1341 794 articulo
1371 734 1594 812 primo,
1633 732 1792 812 disp.
1837 732 2040 811 prima
2082 734 2143 791 et

586 830 882 903 secunda,
941 835 1001 890 et
1048 828 1215 907 quod
1262 826 1622 887 “mirandum
1664 833 1779 900 est,
1824 826 1995 886 illam
2056 826 2142 885 ita

586 923 859 1001 ampliat,
895 928 960 983 ut
987 922 1153 983 dieat
1180 920 1611 982 conclusiones
1639 920 1873 983 elicitas
1910 939 1989 980 ex
2015 937 2143 979 una

584 1018 664 1095 de
706 1014 852 1090 tide,
898 1021 960 1075 et
992 1016 1186 1075 altera
1216 1012 1527 1088 evidente,
1560 1032 1686 1073 non
1719 1032 1856 1075 esse
1884 1013 1962 1073 de
1992 1012 2139 1087 fide,

584 1110 826 1173 etiamsi
856 1109 937 1169 ab
966 1108 1241 1169 Ecclesia
1271 1108 1541 1169 definitae
1564 1108 1707 1183 sint,
1738 1107 1849 1169 sed
1879 1124 2136 1167 manere

583 1221 833 1281 semper
874 1202 991 1261 sub
1036 1201 1411 1263 certitudine
1468 1202 1840 1279 theologica.
1893 1199 2138 1260 Funda-

580 1301 862 1358 mentum
893 1294 1214 1355 sententiae
1234 1300 1350 1367 est,
1368 1294 1511 1373 quia
1540 1294 1837 1355 revelatio
1860 1291 2140 1353 virtualis

580 1394 825 1451 tantum
891 1405 1019 1447 non
1076 1390 1291 1447 causat
1360 1393 1597 1447 tantam
1674 1384 2138 1457 certitudinem,

582 1489 883 1563 quantam
950 1480 1185 1560 praebet
1242 1480 1540 1541 revelatio
1600 1480 1907 1551 formalis;
1989 1495 2140 1556 ergo

583 1595 708 1636 non
762 1574 986 1635 sufficit
1022 1573 1101 1634 ad
1146 1590 1471 1633 assensum
1528 1572 1697 1634 fidei.
1746 1574 2142 1650 Consequen-

582 1668 733 1729 tiam
784 1683 1018 1747 negare
1087 1671 1347 1727 conatur
1404 1666 1575 1745 Vega
1636 1684 1851 1744 supra,
1912 1664 2025 1724 sed
2075 1681 2140 1723 m

581 1779 658 1823 ea
688 1760 1093 1840 responsione
1123 1777 1253 1819 non
1288 1760 1579 1837 persistit,
1615 1765 1677 1819 et
1703 1758 1960 1831 merit03
1995 1757 2140 1835 quia

582 1872 877 1916 assensus
928 1852 1075 1914 fidei
1118 1870 1337 1912 omnes
1396 1860 1539 1912 sunt
1599 1870 1779 1931 aeque
1828 1851 1977 1911 certi
2031 1868 2144 1928 per

584 1966 673 2021 se,
731 1954 791 2008 et
856 1946 1289 2019 essentialiter,
1338 1944 1485 2006 lieet
1548 1964 1623 2007 ex
1666 1952 1840 2025 parte
1900 1944 2146 2023 subjec-

580 2041 625 2102 ti
658 2040 850 2121 possit
895 2058 1033 2101 esse
1084 2039 1291 2117 aliqua
1327 2039 1733 2117 inaequalitas,
1766 2057 1904 2117 quae
1955 2038 2142 2098 etiam

582 2134 843 2195 inveniri
922 2138 1125 2212 potest
1210 2133 1375 2194 cirea
1436 2150 1539 2193 res
1623 2131 1968 2193 formaliter
2044 2148 2144 2191 re·

581 2228 857 2289 velatas:
904 2233 966 2288 et
1010 2228 1167 2287 ratio
1223 2232 1337 2296 est,
1387 2225 1532 2304 quia
1574 2244 1795 2285 omnes
1848 2242 2142 2285 assensus

580 2322 726 2382 fidei
769 2326 913 2381 sunt
947 2338 1123 2400 aeque
1154 2318 1531 2391 ineluibiles,
1571 2318 1716 2397 quia
1748 2319 1946 2397 prima
1985 2316 2141 2377 veri-

580 2421 677 2475 tas
736 2413 992 2493 aeqnalis
1044 2419 1137 2473 est
1191 2412 1253 2471 in
1304 2412 1639 2484 omnibus;
1694 2410 2140 2490 consequentia

583 2525 732 2587 ergo
760 2506 991 2585 optima
1018 2511 1131 2565 est.
1168 2504 1472 2565 Probatur
1492 2509 1703 2565 autem
1735 2503 2138 2574 antecedens,

581 2601 726 2679 quia
757 2597 1055 2659 revelatio
1077 2603 1319 2657 tantum
1343 2578 1622 2658 virtualis
1649 2615 1775 2658 non
1814 2595 2038 2657 sufficit
2063 2595 2142 2655 ad

578 2692 1010 2755 certitudinem
1036 2708 1366 2766 assensus3
1391 2692 1538 2770 quia
1554 2690 1819 2770 ipsamet
1840 2689 2136 2750 revelatio

576 2804 703 2847 non
733 2784 1004 2847 ostendit
1030 2784 1359 2846 virtualem
1389 2784 1836 2845 continentiam
1864 2784 2049 2843 unius
2073 2782 2140 2843 in

578 2880 723 2953 alio,
753 2879 863 2941 sed
895 2880 1057 2940 hanc
1086 2879 1443 2939 manifestat
1466 2878 1704 2951 lumen,
1743 2896 1851 2939 seu
1886 2876 2140 2937 eviden-

576 2974 661 3034 tia
692 2970 1024 3049 naturali53
1057 2972 1191 3033 haec
1224 2976 1435 3031 autem
1469 2989 1595 3031 non
1626 2970 1865 3031 confert
1902 2976 2142 3029 tantam

578 3065 1013 3128 certitudinem
1054 3064 1211 3125 sicut
1242 3062 1451 3124 divina
1488 3062 1826 3139 revelati03
1858 3080 2010 3141 ergo
2042 3080 2142 3121 as·-

578 3178 800 3219 sensus
844 3158 989 3219 inde
1034 3156 1375 3235 productus
1416 3174 1544 3216 non
1582 3162 1787 3236 potest
1830 3174 1968 3217 esse
2013 3162 2138 3215 tam

576 3258 803 3324 certuS,
834 3250 990 3311 sieut
1011 3267 1305 3309 assensus
1326 3248 1492 3309 fidei.
1514 3248 1692 3310 Unde
1708 3248 2135 3323 confirmatur,

578 3345 724 3425 quia
748 3330 849 3405 ille
893 3360 1187 3403 assensus
1225 3360 1339 3421 per
1368 3361 1437 3403 se
1461 3341 1693 3420 pendet
1733 3359 1809 3402 ex
1834 3342 2136 3421 principio

578 3438 887 3513 evidente,
923 3436 1069 3515 quia
1100 3436 1233 3495 sine
1262 3434 1367 3495 illo
1395 3434 1693 3495 revelatio
1732 3440 1978 3495 tantum
2018 3434 2140 3495 vir-

576 3530 762 3592 tualis
790 3548 919 3591 non
956 3528 1308 3605 sufficeret3
1350 3545 1538 3607 supra
1576 3533 1787 3588 autem
1819 3534 2140 3589 ostensum

578 3630 673 3685 est
706 3622 1077 3704 principium
1109 3622 1367 3712 evidens
1393 3640 1516 3682 non
1552 3639 1691 3682 esse
1721 3621 2034 3682 sufficiens
2059 3620 2141 3682 ad

576 3716 968 3778 fundandum
1034 3734 1361 3776 assensum
1408 3714 1600 3789 fidei,
1636 3715 1782 3793 quia
1826 3716 2142 3776 conclusio

579 3802 847 3889 semper⁴
896 3807 1178 3887 sequitur
1215 3807 1581 3869 debiliorem
1646 3814 1891 3887 partem
1933 3809 2145 3887 quoad

577 3903 991 3984 proprietates
1016 3901 1334 3979 utriusque
1358 3900 1726 3979 praemissae3
1760 3919 1931 3980 ergo.

657 3999 719 4057 4.
767 3994 1019 4057 Molinoe
1064 3993 1381 4081 ampliatio
1419 3994 1730 4057 suadetur.
1755 4027 1836 4041 —
1870 3994 2144 4075 Amplia-

576 4089 812 4151 tionem
842 4094 1053 4147 autem
1103 4104 1281 4157 suam
1319 4086 1544 4165 probat
1570 4084 1823 4159 Melina,
1856 4088 2005 4166 quia
2035 4090 2145 4150 Ec-

578 4181 769 4243 clesia
801 4198 927 4241 non
958 4184 1165 4259 potest
1207 4178 1414 4240 facere
1450 4184 1517 4239 ut
1564 4178 1642 4239 sit
1671 4179 1748 4240 de
1778 4178 1927 4256 fide,
1971 4183 2144 4260 quod

578 4281 764 4336 antea
792 4292 919 4333 non
962 4278 1095 4334 erat
1132 4271 1209 4333 de
1245 4270 1408 4348 fide3
1448 4270 1559 4331 sed
1606 4274 1919 4336 conclusio
1974 4276 2147 4344 illata

582 4386 659 4429 ex
689 4386 814 4428 una
855 4367 1179 4446 proemissa
1216 4363 1295 4427 de
1328 4364 1478 4437 fide,
1513 4372 1574 4425 et
1607 4366 1803 4427 altera
1834 4368 2144 4450 evidente,

584 4480 717 4523 non
748 4467 883 4522 erat
922 4460 999 4521 de
1044 4458 1166 4521 fide
1192 4465 1337 4520 ante
1376 4459 1803 4521 definitionem
1826 4462 2144 4544 Ecclesiae,

582 4556 773 4615 etiam
799 4552 969 4633 apud
1000 4572 1109 4613 eos
1161 4552 1267 4632 qui
1310 4553 1544 4632 optime
1574 4560 1877 4615 noverant
1921 4556 2048 4617 vim
2075 4558 2145 4619 il·

1052 348 1289 407 niseum
1325 348 1409 403 111.
1446 348 1525 405 ΒΕ
1559 347 1819 404 omssc‘ro
1852 345 2124 403 rounam
2159 348 2340 410 FlDEl,
2379 350 2458 405 m·
2489 352 2783 416 Quonooo
2817 356 2900 408 Αῐ)
2935 356 3134 419 thuin,
3165 356 3298 409 E‘rc.

2227 458 2486 527 certum,
2533 455 2754 517 saltem
2791 456 3096 529 mediate;
3133 475 3278 517 nam
3305 458 3551 539 Spiritus
3575 465 3735 527 Sanc-

2223 550 2346 619 tuS,
2397 547 2618 626 inquit,
2655 567 2784 610 non
2809 550 3040 611 assistit
3083 552 3393 627 Ecclesiae,
3422 560 3485 617 ut
3533 558 3738 637 aliquid

2225 640 2452 701 efficiat
2479 642 2557 703 dc
2585 642 2733 714 fide,
2763 635 2938 723 quod'
2981 650 3166 706 antea
3205 663 3332 707 non
3374 655 3521 721 erat,
3560 653 3660 713 sed
3683 660 3738 715 ut

2222 752 2350 793 non
2401 740 2566 797 erret
2613 738 2865 814 quando
2907 736 3182 801 declarat
3227 738 3374 817 quid
3401 739 3476 801 sit
3521 742 3592 803 de
3630 745 3737 809 tide

2224 828 2518 902 mediate,
2553 830 2655 889 vel
2683 830 3063 893 immediate.

2303 922 2363 981 5.
2413 921 2670 987 Notatio
2691 923 2900 1005 prima
2921 941 3036 1006 pro
3067 943 3209 989 vera
3231 925 3534 990 sententia.
3553 930 3740 995 —No-

2224 1015 2376 1077 tatio
2409 1016 2687 1079 secunda.
2721 1048 2802 1062 —
2825 1017 3081 1083 Notatio
3124 1020 3328 1083 tertia.
3353 1053 3434 1067 —
3460 1020 3550 1081 Ad
3577 1025 3742 1101 expli-

2221 1106 2484 1169 candam
2514 1126 2722 1169 meam
2753 1112 3148 1185 sententiam,
3189 1112 3441 1173 adverto
3468 1113 3740 1191 duplicem

2221 1200 2518 1279 distingui
2595 1221 2779 1283 posse
2849 1203 3201 1265 discursum
3275 1205 3686 1284 Theologicum
3725 1230 3734 1267 :

2223 1312 2387 1355 unus
2417 1313 2496 1355 ex
2547 1295 2972 1374 propositione
3026 1297 3360 1358 universali
3413 1298 3488 1358 de
3521 1298 3653 1373 fide,
3692 1310 3742 1363 et

2224 1386 2586 1466 particulari
2614 1386 2934 1449 evidenter
2973 1395 3148 1462 nota,
3185 1389 3504 1451 inferendo
3529 1393 3743 1455 conclu·

2225 1480 2462 1541 sionem
2493 1481 2955 1559 particularem,
2998 1488 3067 1543 ut
3109 1484 3170 1543 in
3206 1483 3314 1544 illo
3365 1485 3632 1563 exemplo
3679 1486 3741 1549 (le

2225 1572 2458 1635 infante
2487 1574 2795 1653 baptizato
2823 1595 2838 1648 ;
2887 1594 3035 1637 nam
3069 1576 3172 1637 illa
3203 1577 3597 1637 universalis:
3630 1576 3745 1641 Om-

2223 1667 2323 1728 nis
2349 1668 2518 1729 homo
2554 1668 2672 1729 rite
2700 1668 3042 1749 baptizatus
3067 1672 3200 1733 siae
3231 1671 3385 1733 obice
3397 1670 3744 1750 justificatus

2223 1765 2334 1840 est,
2369 1767 2463 1821 est
2493 1760 2746 1835 defide3
2781 1763 2916 1825 haec
2943 1769 3157 1825 autem
3187 1764 3602 1843 particularis:
3635 1766 3743 1827 Iste

2221 1855 2428 1931 infans
2472 1860 2563 1917 est
2601 1857 2721 1917 rice
2773 1856 3137 1937 baptizatus,
3190 1862 3285 1917 est
3326 1863 3560 1918 tantum
3594 1865 3744 1918 natu-

2221 1946 2437 2007 raliter
2459 1954 2631 2020 nota,
2665 1954 2726 2008 et
2756 1948 2900 2010 inde
2929 1948 3191 2010 infertur
3227 1948 3535 2009 conclusio
3563 1949 3746 2029 singu-

2225 2040 2392 2101 laris.
2429 2042 2602 2101 Alius
2639 2042 2956 2105 discursus
3000 2050 3096 2106 est
3125 2061 3158 2104 e
3189 2044 3496 2105 contrario
3545 2062 3614 2105 ex
3636 2046 3744 2105 uni·

2223 2137 2447 2195 versati
2505 2137 2872 2197 naturaliter
2927 2144 3072 2198 nota
3113 2182 3130 2211 ,
3179 2144 3242 2197 et
3302 2136 3642 2216 particulari
3683 2137 3744 2199 de

2223 2226 2373 2299 side,
2413 2227 2736 2289 inferendo
2768 2230 3176 2305 assertionem
3219 2230 3663 2309 particularem,
3692 2236 3746 2290 ut

2223 2320 2286 2379 in
2333 2321 2453 2381 alio
2503 2323 2830 2401 exemplo:
2879 2319 3089 2385 Omnis
3139 2324 3310 2385 homo
3364 2328 3452 2385 est
3503 2322 3742 2395 risibilis,
3817 2334 3819 2349 *

2227 2413 2506 2477 Christus
2532 2421 2624 2477 est
2657 2415 2824 2477 homo
2845 2441 2870 2488 ;
2890 2432 3051 2496 crya.
3093 2414 3294 2487 Quam
3327 2415 3746 2477 distinctionem

2224 2507 2426 2588 attigit
2472 2506 2531 2566 in
2577 2508 2867 2587 praesenti
2896 2509 3160 2569 materia
3197 2508 3534 2589 Gregorius
3559 2509 3627 2569 de
3651 2510 3748 2567 Va·

2224 2601 2402 2675 lent„
2437 2606 2604 2661 tomo
2636 2602 2695 2673 3,
2731 2600 2890 2680 disp.
2926 2604 2986 2677 1,
3017 2607 3233 2679 quaest.
3271 2606 3331 2677 l,
3375 2606 3594 2681 puncto
3619 2602 3673 2671 2,
3699 2606 3747 2661 et

2220 2694 2489 2754 affirmat
2508 2693 2571 2752 in
2601 2693 2788 2771 priori
2820 2693 3104 2754 discursu
3143 2694 3604 2755 conclusionem
3634 2709 3747 2752 esse

2221 2786 2298 2848 de
2328 2787 2477 2860 tide,
2507 2786 2571 2847 in
2600 2787 2927 2866 posteriori
2957 2794 3166 2848 autem
3195 2793 3444 2849 tantum
3473 2787 3749 2849 estTheo-

2219 2880 2524 2961 logicam3
2566 2886 2624 2940 et
2674 2879 2949 2958 priorem
3000 2887 3246 2958 partem
3288 2885 3458 2943 recte
3507 2879 3751 2939 intellec-

2220 2979 2350 3033 tam
2380 2972 2580 3033 sentio
2612 2990 2750 3033 esse
2802 2990 3037 3045 veram,
3083 2974 3496 3051 posteriorem
3547 2979 3745 3043 autem,

2219 3065 2367 3128 lieet
2395 3066 2460 3125 in
2494 3065 2597 3126 illo
2630 3063 2916 3145 exemplo
2961 3082 3110 3125 vera
3151 3065 3254 3139 sit,
3287 3084 3418 3127 non
3460 3071 3656 3126 tamen
3681 3063 3750 3125 vi·

2221 3159 2353 3221 deri
2431 3158 2851 3219 universalem
2885 3178 2900 3231 ;
2933 3177 3083 3219 nam
3148 3159 3212 3221 in
3284 3160 3406 3221 hoc
3457 3159 3746 3221 discursu:

2223 3251 2433 3315 Omnis
2461 3254 2628 3315 homo
2653 3252 2824 3315 habet
2851 3253 3118 3315 animam
3140 3253 3502 3317 rationalem
3520 3277 3546 3325 ,·
3579 3249 3753 3314 Chris-

2221 3352 2320 3410 tus
2360 3351 2449 3408 est
2489 3346 2657 3407 homo
2679 3370 2705 3419 ;
2729 3362 2868 3425 crya
2891 3345 3064 3408 habet
3093 3343 3360 3407 am'mam
3402 3344 3749 3415 rationalem,

2221 3438 2582 3519 proceditur
2624 3456 2700 3498 ex
2725 3436 3028 3517 principio
3060 3438 3400 3501 universali
3429 3437 3756 3499 naturaliter

2222 3538 2394 3604 note,
2451 3537 2514 3592 et
2557 3528 2964 3591 nihilominus
3009 3530 3325 3591 conclusio
3377 3536 3474 3592 est
3509 3530 3583 3591 de
3629 3528 3755 3601 fide,

2225 3631 2288 3685 et
2337 3623 2479 3686 ideo
2529 3628 2774 3701 oportet
2815 3622 2936 3682 alio
2973 3622 3161 3683 modo
3191 3622 3645 3685 distinctionem
3670 3640 3758 3683 ex-

2225 3716 2477 3797 plicare,
2513 3717 2622 3795 qui
2670 3721 2733 3777 et
2791 3714 2990 3795 magis
3049 3714 3419 3795 adaequatus
3457 3718 3551 3790 sit,
3583 3721 3641 3777 et
3679 3733 3760 3775 ra-

2225 3810 2459 3871 tionem
2499 3808 2909 3870 distinctionis
2947 3808 3241 3871 declaret.
3279 3810 3552 3871 Adverto
3595 3808 3760 3889 igitur

2228 3902 2396 3963 aliud
2449 3920 2588 3964 esse
2617 3901 3064 3963 revelationem
3097 3920 3236 3965 esse
3263 3908 3512 3965 tantum
3555 3903 3760 3964 virtua-

2223 3996 2372 4068 lem,
2418 3993 2589 4055 aliud
2629 4012 2779 4056 vero
2824 4012 2961 4056 esse
2993 3996 3105 4074 (ut
3155 3996 3244 4057 sic
3291 3996 3544 4073 dicam)
3575 3994 3761 4057 confu-

2225 4106 2361 4151 sam
2377 4106 2418 4175 3·
2449 4092 2652 4167 potest
2682 4088 2850 4161 enim
2885 4089 3181 4150 revelatio
3225 4107 3364 4150 esse
3393 4089 3679 4163 formaliS,
3709 4092 3762 4147 et

2225 4200 2352 4241 non
2409 4198 2546 4241 esse
2605 4199 2721 4259 per
2762 4182 3184 4261 cognitionem
3243 4182 3596 4245 distinctam
3647 4196 3762 4239 om-

2230 4276 2404 4337 nium
2433 4320 2454 4351 ,
2513 4294 2652 4353 quae
2711 4275 2773 4335 in
2833 4295 2909 4337 ea
2952 4275 3294 4338 formaliter
3339 4277 3757 4346 continentur,

2229 4368 2398 4451 quod
2441 4368 2741 4448 contingit
2791 4368 3144 4449 dupliciter,
3186 4370 3388 4450 primo
3419 4368 3660 4452 quando
3705 4366 3763 4427 fit

2227 4462 2541 4545 generalis
2601 4464 2898 4525 revelatio
2934 4464 3343 4539 distributiva,
3387 4472 3456 4526 ut
3499 4465 3566 4525 in
3619 4463 3764 4525 dicto

2230 4557 2516 4636 exemplu
2550 4576 2564 4618 :
2603 4554 3011 4622 Sacramenta
3035 4563 3348 4637 conserunt
3371 4562 3636 4642 qratiam
3661 4571 3765 4617 aon

578 4646 851 4720 lationiS,
891 4651 953 4707 et
1006 4645 1385 4707 evidentiam
1431 4646 1767 4725 praemissae
1814 4650 2138 4726 naturalis,
2216 4649 2576 4733 ponentibus
2605 4652 2864 4724 obicem,·
2905 4652 3040 4712 vel:
3097 4653 3181 4713 In
3221 4652 3382 4713 omni
3421 4652 3616 4717 hostia
3661 4648 3765 4711 rite

580 4748 766 4819 atque
831 4738 989 4799 adeo
1068 4736 1515 4801 continentiam
1586 4738 1915 4803 virtualem
1977 4743 2141 4805 illius

579 4831 997 4894 conclusionis
1050 4831 1112 4890 in
1167 4831 1470 4911 principio
1516 4831 1796 4893 revelato
1867 4852 1904 4893 a
1961 4836 2134 4909 Deo;

579 4944 731 5006 ergo
777 4942 985 5003 neque
1034 4930 1175 5005 post
1234 4923 1659 4985 definitionem
1711 4925 2007 4990 Ecclesioe
2049 4934 2144 4992 est

580 5020 659 5081 de
706 5018 852 5080 fide.
908 5016 1107 5096 Major
1164 5016 1409 5079 videtur
1447 5016 1661 5079 haberi
1696 5036 1771 5081 ex
1824 5022 2140 5083 communi

579 5131 893 5189 consensu
958 5110 1447 5193 Theologorum,
1494 5112 1639 5190 quia
1685 5112 1961 5175 Ecclesia
2013 5135 2142 5177 non

579 5207 771 5268 habet
815 5223 1012 5266 novas
1056 5204 1495 5279 revelationes,
1548 5212 1617 5267 ut
1648 5224 1809 5268 nova
1845 5205 2140 5289 dogmata

579 5301 727 5379 fidei
766 5299 1121 5363 constituat.
1156 5299 1333 5371 Quod
1376 5300 1425 5360 si
1457 5298 1807 5379 inquiratur
1856 5300 2010 5382 quid
2036 5322 2145 5364 no·

579 5394 677 5455 his
728 5393 1006 5454 conferat
1056 5392 1349 5454 Ecclesiae
1399 5392 1677 5454 definitio
1706 5439 1723 5467 ‚
1756 5394 2142 5475 respondet,

582 5493 646 5550 ut
701 5486 883 5547 nohis
935 5492 1103 5547 certo
1162 5492 1398 5547 constet
1456 5478 1609 5547 illud
1676 5504 1814 5547 esse
1881 5487 1958 5547 dc
2023 5488 2146 5549 fide

2226 4748 2574 4807 consecrata
2615 4746 2784 4808 adest
2825 4742 3104 4809 Christus
3122 4770 3149 4819 ,·
3197 4744 3261 4806 in
3301 4745 3404 4805 illa
3445 4744 3610 4805 enim
3643 4742 3766 4801 uni-

2224 4834 2448 4897 versali
2491 4854 2711 4898 omnes
2771 4836 3118 4917 singulares
3178 4837 3522 4900 formaliter
3593 4834 3767 4897 conti·

2224 4938 2476 5007 nentur,
2511 4932 2794 5012 quamvis
2844 4932 3124 4995 confuse.
3159 4932 3293 4994 Alio
3323 4933 3511 4993 modo
3549 4930 3765 4993 contin-

2224 5024 2313 5104 git
2360 5024 2481 5085 hoe
2525 5026 2588 5085 in
2624 5025 2983 5087 definitione
3018 5032 3080 5087 et
3125 5026 3406 5105 partibus
3461 5028 3618 5104 ejus,
3646 5040 3766 5083 res-

2223 5123 2408 5197 pectu
2453 5116 2730 5191 definiti;
2781 5138 2927 5180 nam
2961 5119 3232 5199 cognitio
3261 5119 3494 5181 definiti
3525 5116 3766 5180 confusa

2226 5216 2321 5271 est
2343 5217 2632 5290 respectu
2673 5209 3072 5285 definitionis,
3105 5218 3168 5275 et
3193 5212 3594 5273 nihilominus
3645 5226 3766 5269 om-

2226 5322 2339 5365 nes
2371 5308 2580 5383 partes
2617 5305 2993 5367 definitionis
3030 5306 3094 5367 in
3145 5306 3400 5369 definito
3442 5303 3766 5367 formaliter

2226 5396 2644 5471 continentur,
2677 5398 2840 5460 etita
2873 5418 3016 5461 cum
3043 5400 3356 5462 revelatur
3371 5399 3547 5463 nobis
3580 5396 3768 5460 Chris—

2228 5496 2360 5553 tum
2393 5510 2530 5553 csse
2563 5492 2904 5571 hominem,
2933 5493 3080 5555 satis
3110 5494 3450 5555 formaliter
3469 5491 3766 5553 revelatur
