3900 6217
729 406 898 461 ster.
937 411 974 462 Ι.
1011 408 1094 461 ΑΝ
1127 409 1302 461 mul-:s
1339 409 1438 462 Srr
1468 412 1668 464 actus
1699 409 2132 472 INTELLECTUS,
2170 409 2247 462 ΕΤ
2280 407 2573 472 ΩΠΟΜΟΒΟ
2608 410 2877 463 ΒΕῈΙΝῘΜ
2910 369 3137 462 Possn'.

329 513 478 570 ante
526 507 786 588 triginta
827 526 1029 570 annos
1077 513 1126 582 ¹,
1163 509 1282 571 hoc
1329 515 1420 572 est
1451 529 1618 573 anno
1651 511 1898 574 Domini

334 603 494 667 1585
507 649 528 680 ,
556 601 764 666 docuit
789 603 1002 666 Romoe
1032 622 1161 665 esse
1189 604 1266 666 de
1295 603 1451 684 fide,
1487 606 1656 668 hunc
1685 606 1894 668 Ponti·

331 697 514 760 ficem
542 715 674 758 esse
700 714 918 758 verum
948 697 1310 760 Pontificem
1327 748 1343 772 ‚
1375 705 1699 780 postquam
1727 700 1897 762 suffi-

333 790 524 852 cienti
569 807 871 852 consensu
905 792 1100 852 totius
1141 791 1422 855 Ecclesiae
1461 799 1741 874 receptus
1780 801 1896 869 est,

333 889 398 946 et
437 881 526 944 ita
565 881 958 964 approbatus,
1007 890 1081 945 ut
1117 902 1334 946 omnes
1373 883 1466 946 illi
1514 884 1765 950 obedire
1805 893 1900 949 te-

335 985 624 1052 neantur,
678 977 866 1038 etiam
921 978 987 1038 in
1030 976 1498 1042 definitionibus
1543 978 1712 1057 fidei,
1749 979 1898 1062 quia

337 1069 468 1132 baec
487 1069 786 1148 obligatio
803 1070 1146 1133 necessario
1154 1072 1453 1152 ‘supponit
1471 1071 1646 1134 illam
1667 1080 1901 1137 certam

339 1162 549 1240 fldem,
579 1169 644 1224 et
666 1161 774 1226 illa
797 1163 1024 1225 veritas
1051 1164 1440 1245 particularis
1472 1171 1564 1227 est
1591 1167 1900 1230 sufficien-

335 1263 432 1318 ter
454 1263 746 1320 contenta
773 1257 840 1319 in
867 1257 1200 1320 universali
1226 1257 1516 1339 dogmate
1537 1257 1707 1335 fidei,
1737 1263 1905 1343 quod

337 1369 640 1415 accessor
679 1351 858 1416 Petri
903 1360 992 1416 est
1029 1371 1209 1416 verm
1247 1353 1546 1432 Pontifex
1567 1379 1595 1428 ;
1643 1359 1707 1417 et
1751 1361 1902 1417 tunc

333 1443 711 1508 sufficienter
727 1445 1095 1526 applicatur,
1121 1454 1184 1509 et
1205 1446 1488 1510 fidelibus
1509 1448 1894 1529 proponitur.

335 1539 538 1613 Quam
576 1539 948 1602 sententiam
993 1547 1207 1620 postea
1249 1541 1448 1602 nostri
1493 1541 1593 1604 vel
1634 1541 1783 1623 publ
1791 1541 1901 1604 icis

335 1631 862 1713 disputationibus
898 1633 1330 1711 defenderunt,
1367 1632 1470 1696 vel
1505 1635 1674 1716 typis
1709 1636 1899 1699 etiam

333 1725 624 1790 nonnulli
646 1725 1046 1789 mandarunt.
1077 1729 1169 1790 Ex
1190 1727 1415 1809 quibus
1441 1729 1680 1791 consuli
1701 1734 1900 1810 potest

339 1819 690 1902 Alpbousus
717 1819 1063 1898 Salmeron,
1091 1820 1204 1883 lib.
1247 1825 1276 1884 i
1313 1820 1382 1884 in
1406 1821 1662 1904 Epistol.
1695 1822 1897 1901 Pauli,

339 1921 511 2000 parte
535 1915 832 1993 secunda,
850 1915 1140 1996 disputat.
1161 1915 1238 1978 «le
1265 1917 1556 1996 Ecclesia,
1581 1917 1729 1980 satis
1755 1922 1901 1982 ante

339 2013 636 2090 medium,
663 2032 702 2075 a
721 2013 761 2095 ξ
783 2013 1006 2094 Anqeli
1023 2013 1240 2078 etiam:
1267 2011 1646 2091 Albertinus,
1665 2017 1898 2090 tom.1‚

336 2107 546 2170 coroll.
579 2110 618 2170 3
643 2107 1039 2188 TheologicO,
1069 2127 1146 2171 ex
1167 2109 1352 2171 tertio
1376 2109 1680 2190 principio
1703 2108 1902 2190 philo-

336 2201 614 2284 sophico,
655 2208 876 2282 quaest.
926 2203 986 2280 3,
1027 2221 1066 2264 a
1089 2221 1266 2265 num.
1301 2203 1380 2266 ¹0
1401 2226 1419 2280 ;
1449 2201 1760 2279 Valentia,
1799 2223 1902 2265 su-

333 2313 468 2378 pra,
493 2295 562 2356 iu
585 2295 624 2376 §
651 2296 754 2372 38,
783 2295 1000 2358 versic.
1035 2295 1313 2360 Secunda
1333 2297 1520 2372 ratio,
1541 2295 1686 2359 licet
1708 2296 1901 2377 ipsius

334 2389 616 2470 probatio
643 2408 867 2472 parum
891 2390 1235 2453 concludat.
1263 2391 1524 2474 Reliqua
1542 2391 1739 2454 videri
1763 2409 1902 2476 pos·

335 2484 574 2547 suntin
601 2503 794 2567 supra
820 2485 1024 2550 citatis
1049 2485 1430 2551 auctoribus.

823 2724 1276 2789 msPu'rA'rlo
1315 2727 1414 2788 vl.

873 2931 956 2978 DB
989 2931 1145 2980 Anw
1179 2931 1362 2980 vmn.

419 3128 636 3193 Totius
673 3127 1109 3207 disputationis
1129 3131 1360 3208 partes.
1397 3157 1482 3175 —
1507 3127 1651 3191 Post
1673 3134 1900 3192 tracta-

337 3227 466 3284 tum
491 3220 572 3283 de
598 3220 844 3302 objecto
871 3219 1054 3294 fidei,
1087 3219 1457 3301 ,priusquam
1499 3220 1779 3284 dicamus
1818 3222 1897 3285 de

333 3313 501 3377 illius
539 3311 786 3390 habitu,
827 3312 1160 3374 dicendum
1198 3327 1291 3374 est
1324 3313 1402 3375 de
1443 3319 1606 3390 actu,
1639 3315 1750 3394 qui
1785 3333 1896 3377 na-

332 3415 474 3470 tura
501 3427 622 3469 sua
643 3406 814 3488 prior
837 3411 931 3468 est
953 3428 970 3481 3
1013 3425 1163 3468 nam
1185 3411 1439 3489 propter
1463 3405 1644 3470 illum
1670 3415 1762 3470 est
1787 3409 1898 3471 ha·

331 3500 498 3563 bitus
517 3548 536 3576 ,
579 3505 645 3563 et
671 3499 750 3562 ab
777 3499 886 3562 illo
912 3502 1180 3580 speciem
1207 3500 1438 3579 sumit3
1486 3507 1659 3564 actus
1684 3509 1898 3566 autem

331 3595 512 3671 fidei,
551 3593 894 3657 seeundum
931 3593 1282 3674 generalem
1324 3595 1629 3657 rationem
1673 3613 1849 3658 suam
1872 3644 1894 3676 ,

329 3689 642 3752 abstrahit
677 3689 758 3750 ab
787 3687 1064 3750 humana
1092 3695 1152 3751 et
1184 3688 1398 3751 divina
1429 3689 1591 3767 fide3
1639 3691 1706 3752 in
1734 3697 1898 3772 prae·

331 3783 495 3844 senti
539 3787 752 3842 tamen
799 3781 1000 3842 solum
1043 3782 1122 3844 de
1163 3781 1378 3844 divina
1427 3787 1787 3859 tractamus,
1835 3793 1899 3846 et

333 3877 474 3938 ideo
505 3875 914 3956 supponimus
941 3875 1150 3937 omnia
1179 3893 1320 3956 quae
1344 3875 1422 3938 de
1445 3875 1725 3939 bumana
1749 3877 1896 3954 fide,

335 3987 442 4031 seu
463 3968 545 4031 de
571 3969 888 4030 communi
909 3968 1150 4030 ratione
1171 3975 1344 4031 aetus
1366 3969 1508 4032 fidei
1533 3968 1734 4031 solent
1763 3971 1902 4032 Dia·

333 4061 538 4125 lectiei
571 4061 906 4142 disputare.
953 4061 1250 4126 Similiter
1285 4074 1459 4124 artus
1498 4063 1642 4125 fidei
1668 4063 1898 4127 diviuoe

333 4153 630 4217 convenit
669 4171 812 4215 cum
861 4153 999 4214 aliis
1043 4155 1281 4218 actibus
1319 4157 1622 4218 virtutum
1667 4155 1902 4220 infusa·

333 4265 476 4308 rum
505 4293 526 4321 ,
583 4249 652 4308 in
705 4247 949 4309 ratione
1005 4254 1176 4310 actus
1231 4250 1721 4331 supernaturalis
1744 4297 1763 4327 ,
1820 4250 1903 4314 ad

335 4357 552 4422 quem,
581 4357 662 4402 ex
685 4341 748 4401 vi
777 4359 904 4402 suae
927 4341 1150 4421 speciei
1181 4349 1243 4405 et
1267 4349 1534 4420 naturae,
1571 4351 1661 4406 est
1688 4344 1902 4406 divina

338 4435 542 4514 gratia
571 4435 912 4497 necessaria
929 4480 950 4510 ,
988 4439 1051 4496 et
1075 4436 1152 4498 de
1173 4435 1283 4499 illa
1306 4439 1494 4499 etiam
1517 4437 1634 4498 sub
1653 4437 1771 4500 hac
1795 4457 1901 4518 ge·

333 4527 538 4590 neu-ali
563 4527 803 4590 ratione
829 4527 988 4590 nihil
1013 4529 1079 4590 in
1104 4531 1394 4609 praesenti
1422 4530 1756 4592 dicendum
1783 4536 1898 4607 est,

333 4622 486 4700 quia
537 4619 620 4682 ad
661 4623 986 4683 materiam
1032 4621 1108 4684 de
1153 4623 1368 4686 Gratia
1406 4630 1663 4704 spectat,
1713 4631 1775 4686 et
1812 4623 1902 4687 ibi

331 4713 717 4776 sufficienter
744 4713 979 4775 dictum
1009 4721 1122 4791 est,
1165 4713 1307 4778 libr.
1337 4717 1398 4792 2,
1437 4735 1474 4778 a
1501 4735 1637 4797 cap.
1680 4720 1742 4779 4.
1786 4719 1902 4780 Re·

339 4805 654 4887 linquitur
679 4823 828 4886 ergo
853 4807 1302 4871 consideranda
1341 4810 1592 4890 propria
1617 4815 1681 4872 et
1709 4812 1901 4890 speci-

333 4897 454 4978 fica
479 4900 644 4962 ratio
667 4907 840 4962 actus
859 4899 1002 4962 fidei
1025 4901 1285 4963 infusoe:
1317 4901 1393 4965 de
1418 4920 1542 4983 quo
1568 4903 1739 4983 prius
1762 4903 1904 4964 sub-

333 4995 655 5071 stantiam,
703 4995 928 5058 deinde
969 4997 1393 5078 proprietates,
1439 5005 1651 5079 postea
1689 5017 1902 5062 causas

333 5095 396 5148 et
423 5085 684 5150 effectus
712 5087 1259 5152 considerabimus.
1306 5090 1766 5154 Advertendum
1792 5112 1900 5155 au-

333 5185 464 5242 tem
493 5187 588 5244 αἱ
615 5187 826 5244 actum
854 5181 1002 5244 fidei
1028 5201 1157 5245 non
1177 5183 1407 5247 babere
1435 5204 1513 5248 ex
1537 5193 1766 5250 natura
1788 5206 1902 5249 sua

336 5291 614 5352 causam,
641 5293 782 5358 quae
805 5282 1010 5356 cogat,
1041 5295 1150 5338 seu
1172 5279 1494 5342 uecaesitet
1517 5279 1900 5344 intellectum

333 5366 414 5429 ad
439 5367 618 5432 illum
638 5367 1072 5448 efficiendum3
1097 5371 1248 5452 quia
1271 5371 1523 5436 evidens
1543 5391 1672 5438 non
1695 5379 1810 5453 est,
1835 5380 1899 5437 et

417 5557 436 5596 ⁸
483 5554 634 5619 Vide
661 5554 856 5628 infra,
888 5554 1118 5635 disput.
1153 5555 1248 5626 ⁴0.
1283 5569 1428 5617 sect.
1465 5557 1522 5620 5.

3422 396 3536 459 165

1971 513 2121 575 hinc
2168 513 2241 577 fit
2277 527 2351 575 ut
2394 514 2681 577 voluntas
2725 512 2805 575 sit
2850 511 3188 574 necessaria
3230 507 3305 572 ad
3354 507 3533 568 illum

1971 607 2385 686 praestandum
2413 626 2430 671 ε
2454 614 2517 670 et
2538 607 2685 689 quia
2705 612 2849 670 ante
2875 621 3123 666 omnem
3153 602 3536 663 voluntatem

1975 698 2393 761 necessarium
2416 707 2508 762 est
2530 701 2860 782 judicium,
2905 696 3067 778 quod
3092 695 3169 758 ad
3200 693 3531 755 volendum

1971 791 2245 870 inducat,
2292 793 2441 876 quia
2480 795 2641 856 nihil
2676 794 2961 868 volitum,
3003 790 3155 872 quin
3198 788 3537 868 praecogni·

1972 891 2109 947 tum
2131 933 2151 964 ,
2186 885 2327 950 ideo
2371 893 2559 950 etiam
2605 893 2752 950 ante
2788 886 3173 948 voluntatem
3216 881 3532 953 credendi,

1973 981 2387 1044 nec-essarium
2416 987 2509 1044 est
2538 981 2738 1044 simile
2766 979 3090 1062 judicium.
3136 975 3313 1039 Unde
3346 974 3540 1037 resul-

1972 1077 2112 1135 tant
2152 1079 2275 1136 tres
2313 1081 2488 1136 actus
2533 1094 2572 1138 a
2606 1074 2786 1137 nobis
2822 1070 3194 1153 explicandi,
3240 1070 3347 1148 qui
3386 1069 3540 1130 inci·

1973 1167 2156 1248 piunt
2177 1187 2214 1229 a
2233 1166 2488 1248 judicio,
2513 1188 2637 1250 quo
2655 1169 2843 1230 homo
2865 1166 3081 1230 statuit
3102 1163 3389 1244 expedire
3412 1179 3541 1224 cre·

1972 1260 2143 1336 dere,
2170 1280 2280 1323 seu
2305 1263 2681 1325 credendum
2711 1281 2867 1340 esse,
2898 1267 2961 1324 et
2986 1259 3133 1323 inde
3160 1257 3232 1319 fit
3260 1275 3538 1338 progres-

1978 1373 2083 1415 sus
2105 1353 2185 1416 ad
2216 1355 2599 1421 voluntatem
2638 1355 2970 1433 credendi,
3012 1360 3076 1416 et
3101 1350 3351 1413 tandem
3376 1349 3541 1411 elici-

1974 1454 2080 1510 tur
2126 1454 2301 1511 actus
2338 1447 2511 1528 fidei,
2564 1451 2631 1512 in
2668 1469 2794 1530 quo
2828 1449 2983 1511 fides
3026 1449 3537 1521 consummatur3

1974 1551 2037 1609 et
2070 1545 2211 1608 ideo
2234 1549 2542 1610 contrario
2568 1546 2787 1610 ordine
2812 1541 3144 1608 dicendum
3172 1544 3288 1614 est,
3318 1557 3388 1600 ac
3418 1539 3541 1619 pri-

1974 1658 2081 1705 mo
2106 1639 2183 1703 de
2210 1639 2329 1705 hoc
2350 1642 2483 1724 ipso
2509 1646 2655 1703 actu
2678 1639 2747 1704 in
2771 1657 2894 1722 quo
2919 1635 3071 1699 fides
3097 1631 3399 1696 consistit.

2616 1837 2833 1892 sueno
2862 1839 2901 1893 1.
3014 1815 3021 1822 ’

2028 2011 2248 2078 Utrum
2274 2011 2426 2090 fides
2446 2009 2726 2074 situatas
2750 2008 3105 2085 intellectus,
3136 2012 3192 2072 et
3222 2005 3504 2090 quomodo

2520 2102 2767 2181 definiri
2780 2101 3013 2183 possit?

2061 2302 2121 2363 1.
2164 2299 2375 2363 Error
2418 2299 2859 2362 lum-eticorum.
2890 2330 2972 2345 —
2997 2297 3115 2377 Rej
3117 2297 3324 2362 icitur.
3370 2297 3546 2359 —Iu

1977 2392 2281 2476 principio
2308 2390 2497 2473 hujus
2534 2392 2834 2468 materiae,
2864 2390 3282 2472 disputatione
3315 2388 3540 2470 prima,

1977 2486 2109 2548 dixi
2154 2486 2281 2549 late
2322 2485 2401 2548 de
2434 2485 2689 2548 nomine
2742 2485 2914 2562 fidei,
2962 2490 3148 2566 atque
3196 2483 3436 2548 ostendi
3483 2489 3546 2545 et

1976 2587 2187 2643 actum
2216 2579 2561 2642 intellectus
2584 2586 2647 2643 et
2670 2579 3005 2642 voluntatis
3026 2577 3373 2658 significare
3404 2596 3543 2659 pos·

1977 2694 2041 2737 se
2052 2691 2073 2753 3
2113 2680 2183 2735 ut
2217 2691 2369 2753 ergo
2398 2692 2525 2736 non
2566 2673 2647 2735 sit
2672 2673 2902 2744 iterum
2925 2671 3001 2733 de
3046 2671 3302 2733 nomine
3330 2671 3541 2751 dispu-

1973 2770 2152 2847 tatio,
2196 2787 2479 2850 suppono
2504 2786 2855 2831 sermonem
2884 2787 3013 2830 esse
3038 2768 3116 2830 de
3149 2767 3258 2830 illa
3284 2767 3429 2842 fide,
3466 2766 3543 2828 de

1974 2883 2100 2946 qna
2121 2862 2277 2924 dixit
2305 2861 2553 2938 PauluS,
2586 2862 2665 2924 ad
2692 2861 2881 2925 Hebr.
2917 2863 3029 2925 ¹0:
3058 2862 3112 2925 J
3114 2868 3286 2924 uetus
3312 2879 3383 2924 em
3423 2861 3545 2938 fido

1972 2958 2151 3034 vivit,
2195 2957 2411 3036 utique
2432 2964 2733 3037 tanquam
2767 2974 2844 3017 ex
2880 2955 3289 3016 fundamento
3342 2959 3406 3016 et
3442 2972 3542 3016 ra·

1974 3049 2107 3112 dice
2134 3049 2412 3131 justitias,
2454 3055 2523 3110 ut
2555 3048 2849 3129 explicuit
2883 3047 3343 3122 Tridentinum,
3375 3065 3527 3109 sess.

1974 3148 2037 3222 6,
2060 3163 2194 3224 cap.
2214 3145 2287 3222 83
2309 3149 2371 3205 et
2384 3143 2523 3205 ideo
2541 3147 2796 3204 vocatur
2809 3141 3221 3204 communiter
3244 3140 3541 3220 fidesjus·

1976 3238 2247 3316 tificaas,
2283 3255 2409 3299 nou
2455 3241 2756 3316 tanquam
2783 3235 2913 3298 sola
2948 3234 3234 3310 sufficiat,
3265 3251 3379 3296 nec
3402 3239 3542 3295 tan·

1974 3349 2163 3412 quam
2192 3329 2322 3393 sola
2345 3329 2570 3405 forma,
2601 3329 2706 3390 sed
2743 3335 2818 3390 ut
2854 3328 3030 3408 origo
3062 3327 3343 3408 justitiae,
3381 3327 3541 3387 sicut

1975 3423 2042 3485 in
2090 3442 2276 3504 opere
2329 3423 2407 3486 de
2456 3421 2664 3485 Gratia
2709 3440 2835 3484 non
2873 3421 3095 3496 semel,
3148 3419 3544 3501 peculiariter

1973 3535 2121 3580 vero
2144 3516 2211 3577 in
2234 3516 2276 3579 l.
2306 3517 2367 3594 8,
2399 3535 2534 3596 cap.
2566 3517 2671 3592 21,
2702 3524 2916 3577 contra
2942 3512 3263 3576 hoereticos
3306 3513 3541 3574 dictum

1975 3615 2087 3672 est.
2115 3611 2200 3672 De
2224 3609 2342 3672 hac
2370 3627 2518 3687 ergo
2546 3607 2665 3670 fide
2685 3607 2841 3669 dixit
2860 3608 3185 3683 LutheruS,
3214 3623 3400 3687 quem
3432 3605 3543 3668 alii

1977 3709 2341 3784 sequuntur,
2375 3722 2507 3766 esse
2548 3708 2755 3764 actum
2794 3701 3152 3777 voluntatiS,
3190 3719 3316 3763 non
3362 3700 3547 3761 intel-

1974 3796 2202 3873 lectus;
2228 3795 2537 3858 definiunt
2558 3795 2726 3858 enim
2748 3813 2879 3856 esse
2905 3793 3199 3855 fiduciam
3228 3793 3303 3856 de
3331 3793 3545 3856 divina

1977 3889 2394 3952 misericordia
2419 3897 2669 3969 propter
2705 3887 3050 3950 Christum:
3079 3906 3208 3950 non
3226 3887 3408 3949 video
3430 3906 3540 3948 au·

1976 3987 2105 4045 tem
2137 3981 2615 4044 fundamentum
2625 3980 2902 4061 ,alicujus
2944 3981 3244 4042 momenti
3282 3998 3394 4061 pro
3426 3979 3545 4041 hoc

1978 4093 2213 4150 errore3
2232 4075 2431 4136 solum
2448 4075 2615 4138 enim
2628 4074 2899 4136 afferunt
2917 4075 3200 4154 quaedam
3216 4074 3544 4152 Scripturas

1976 4167 2355 4244 testimonia,
2407 4169 2473 4228 in
2502 4167 2728 4248 quibus
2761 4167 3010 4242 fiducia,
3050 4167 3167 4227 sub
3188 4165 3439 4227 nomine
3472 4166 3541 4226 fi-

1977 4261 2101 4338 dei,
2126 4260 2281 4323 solet
2306 4259 2604 4342 postulari
2627 4283 2644 4335 ;
2668 4260 2745 4322 de
2768 4260 2888 4321 illis
2919 4278 3065 4321 vero
3091 4261 3243 4339 jam,
3267 4259 3541 4339 disputa·

1976 4354 2147 4416 tione
2174 4353 2401 4434 prima,
2427 4353 2667 4415 ostendi
2683 4353 2906 4415 melius
2922 4351 3187 4431 intelligi
3203 4351 3280 4413 de
3296 4351 3545 4431 propria

1976 4445 2125 4524 fide,
2153 4466 2316 4527 quae,
2359 4445 2503 4508 licet
2532 4445 2610 4508 ad
2650 4445 2943 4507 fiduciam
2976 4445 3319 4506 necessaria
3347 4444 3449 4521 sit,
3481 4451 3545 4506 et

1980 4546 2229 4621 propter
2262 4539 2433 4600 illam
2472 4538 2838 4620 postuletur,
2878 4558 2945 4601 re
2985 4543 3196 4599 tamen
3235 4556 3385 4599 vera
3415 4555 3543 4598 non

1979 4641 2074 4697 est
2111 4632 2375 4711 fiducia3
2422 4639 2485 4696 et
2512 4633 2760 4708 deinde,
2812 4631 2955 4694 licet
2996 4632 3285 4694 daremus
3320 4633 3387 4694 in
3429 4632 3539 4693 ali·

1978 4726 2201 4809 quibus
2226 4727 2374 4788 locis
2398 4743 2745 4790 sermonem
2776 4743 2904 4787 esse
2932 4725 3008 4786 de
3032 4723 3259 4787 fiducia
3278 4724 3394 4787 sub
3430 4744 3539 4787 no-

1980 4820 2151 4882 mine
2179 4819 2351 4896 fidei,
2383 4819 2600 4898 negari
2623 4839 2749 4880 non
2774 4823 2975 4900 potest
2994 4820 3172 4898 quin,
3200 4819 3310 4881 ubi
3340 4838 3541 4880 sermo

1978 4921 2071 4974 est
2096 4912 2173 4974 de
2196 4914 2449 4994 propria
2471 4913 2593 4975 fide
2630 4911 3027 4993 justificante,
3055 4911 3133 4974 ad
3160 4913 3542 4975 intellectum

1978 5005 2304 5069 referatur.
2490 5014 2497 5020 '

2058 5101 2121 5162 Ξ.
2176 5100 2453 5164 Aesonio
2489 5100 2696 5180 prima
2732 5100 3123 5180 affirmat-iva
3189 5104 3245 5162 et
3308 5101 3543 5160 omnino

1979 5199 2165 5270 certa,
2191 5194 2585 5271 satisfaciens
2607 5193 2807 5273 priori
2824 5193 2997 5274 parti
3019 5193 3295 5254 tituli.-
3309 5192 3546 5256 Proba-

1979 5293 2086 5348 tur
2108 5288 2309 5367 prim
2334 5305 2406 5350 em
2427 5285 2780 5368 Scriptura.
2826 5319 2909 5333 —
2950 5285 3094 5346 Dico
3122 5303 3270 5364 ergo
3304 5286 3541 5366 primo:

1976 5375 2151 5440 'actus
2176 5377 2322 5442 fidei
2356 5379 2574 5441 infusae
2608 5385 2783 5441 actus
2812 5386 2904 5441 est
2925 5377 3004 5441 ab
3032 5377 3351 5441 intellectu
3380 5376 3547 5438 elici·

1982 5477 2103 5533 tus·
2152 5472 2244 5534 lta
2288 5473 2357 5534 D.
2390 5471 2660 5532 Thomas
2697 5473 2757 5533 Ξ.
2790 5473 2854 5545 2,
2898 5478 3115 5552 qnoest.
3157 5472 3219 5546 2,
3270 5470 3443 5531 artic.
3481 5473 3541 5544 1,

1978 5564 2319 5646 praeserlim
2375 5561 2666 5626 solve-ndo
2730 5570 3121 5643 argumenta,
3168 5571 3229 5626 et
3279 5581 3423 5625 cum
3471 5581 3545 5624 eo
