3900 6217
551 365 682 426 776

542 513 554 526 .
591 471 925 525 oevi-indatio
959 470 1046 530 iul
1071 471 1150 522 cit
1179 469 1248 523 lis
1279 469 1345 520 de
1372 471 1570 524 haeresi
1605 472 1746 524 licita
1775 475 1856 528 mt
1885 477 1936 522 et
1974 469 2117 532 rigo-

619 562 736 601 rose
760 546 1092 615 obligatoria,
1115 546 1332 611 quando
1356 547 1576 599 haeresis
1599 557 1676 601 cst
1705 547 1933 614 publica,
1964 558 2114 597 num.

619 630 647 677 4
671 631 789 679 (31.5.

619 704 732 754 lmo
758 700 966 753 etiamsi
999 699 1148 752 solus
1171 697 1492 752 denuntians
1519 712 1638 753 eam
1659 697 1883 759 noverit,
1911 711 2059 749 num.
2088 701 2115 746 7

615 783 668 830 et
691 790 803 841 seq.

559 861 606 906 6.
643 852 1034 906 Renuntiationi
1085 850 1310 903 haeresis
1350 861 1458 903 non
1507 851 1872 916 praeponenda
1917 855 2129 902 secreta

623 927 938 989 admonitio,
976 927 1125 989 ibid,
1164 941 1196 978 a
1240 940 1388 979 num.
1417 932 1492 981 11.
1525 933 1578 978 et
1617 934 1765 979 tract.
1799 921 1848 989 ε’,
1896 926 2037 991 disp.
2073 929 2121 990 8,

623 1013 752 1058 sect.
777 1009 825 1063 6,
849 1019 998 1058 num.
1020 1011 1049 1056 5
1080 1014 1126 1058 et
1163 1013 1212 1058 6.

555 1089 602 1133 6.
643 1082 990 1135 Emendatum
1029 1082 1096 1135 de
1136 1083 1325 1136 haeresi
1358 1095 1468 1135 non
1513 1093 1632 1133 esse
1661 1077 2121 1141 denuntiandum,

627 1159 941 1222 probabile.
977 1158 1170 1211 stando
1209 1171 1264 1210 tn
1299 1159 1418 1225 iure
1453 1165 1693 1209 naturae.
1737 1155 1856 1208 ead.
1893 1161 2025 1208 sect.
2068 1159 2124 1218 ⁴,

623 1249 770 1287 num.
799 1240 878 1287 13.

619 1313 688 1364 Ex
718 1313 836 1374 jure
858 1319 1032 1364 tamen
1057 1311 1285 1376 positivo
1325 1310 1394 1363 dc
1421 1310 1558 1362 sacto
1585 1315 1667 1362 est
1705 1308 2122 1369 denuntiandus,

625 1389 752 1441 ibid.

559 1469 603 1517 7.
643 1463 898 1522 llaeretici.
929 1469 1018 1515 aut
1041 1475 1228 1516 eorum
1259 1463 1576 1527 complices,
1598 1474 1695 1527 per
1715 1461 2119 1514 consessionem

619 1541 834 1608 cogniti,
867 1537 1168 1592 nullatenus
1189 1537 1560 1596 denuntiandi,
1590 1537 1714 1590 eod.
1737 1549 1884 1588 num.
1914 1540 1995 1587 16.

619 1618 772 1669 Extra
794 1617 938 1668 bunc
965 1627 1150 1666 rasum
1177 1613 1382 1666 nullum
1417 1611 1562 1665 aliud
1575 1620 1839 1664 secretum
1863 1617 1946 1663 est
1978 1611 2124 1663 exci-

621 1692 872 1757 piendum
884 1689 1557 1756 ,quantumvisjuramewo
1573 1688 2023 1741 firmatummum.
2044 1690 2122 1737 17.

557 1775 602 1820 8.
645 1769 960 1821 Denuntiarc
984 1779 1043 1818 se
1069 1778 1178 1818 non
1207 1773 1414 1818 tenetur
1443 1766 1743 1824 haereticus,
1769 1764 1870 1816 nisi
1899 1761 2127 1828 juridice

623 1845 998 1909 interrogatus,
1027 1855 1174 1894 num.
1203 1846 1282 1893 18.

624 1919 738 1972 lmo
774 1931 874 1972 nec
895 1929 1008 1970 suae
1037 1918 1256 1969 haeresis
1283 1917 1591 1981 complices,
1623 1928 1774 1966 num.
1799 1919 1878 1964 19.

563 2003 612 2050 ο.
649 1996 932 2048 Baercticos
973 2005 1340 2060 quoscumque
1379 1993 1515 2046 alios
1554 1993 1712 2044 etiam
1747 1991 2127 2054 conjunctissi-

626 2086 745 2126 mos
769 2081 976 2124 tenetur
999 2071 1225 2135 quisque
1251 2070 1518 2134 judicibus
1532 2068 1865 2126 denuntiare,
1882 2080 2028 2119 num.
2044 2072 2123 2118 2⁰.

565 2155 643 2202 ¹⁰.
679 2148 998 2201 Denuntiare
1021 2155 1223 2213 patrem
1267 2146 1572 2198 haereticum
1607 2145 1690 2197 vel
1723 2145 1863 2197 tilius
1897 2149 2123 2206 tenetur,

627 2237 774 2278 num.
799 2227 880 2274 21.

627 2303 744 2366 lpse
773 2307 947 2352 tamen
982 2299 1252 2352 indemnis
1285 2299 1346 2350 tit
1373 2310 1404 2348 a
1437 2297 1616 2364 poenis
1647 2296 1700 2348 in
1734 2295 1873 2349 tilios
1907 2296 2125 2348 haereti·

624 2389 808 2429 corum
842 2375 1280 2436 redundantibus»,
1311 2387 1460 2426 num.
1491 2377 1569 2423 2t.

563 2457 641 2503 11.
679 2459 755 2502 An
781 2450 942 2514 aliqui
970 2450 1039 2503 ob
1061 2451 1422 2516 exceptionem
1445 2449 1578 2512 juris
1597 2448 1911 2503 eximantur.
1935 2453 1989 2500 ut
2016 2459 2125 2500 non

627 2528 836 2593 possint
885 2526 1026 2592 apud
1070 2526 1414 2591 inquisitores
1441 2523 1763 2582 denuntiari,
1791 2524 2037 2588 quamvis
2072 2524 2126 2575 in

627 2603 874 2656 haeresim
907 2603 1115 2662 cadant,
1143 2601 1259 2653 ead.
1292 2609 1421 2654 sect.
1454 2606 1502 2662 6,
1528 2612 1560 2652 a
1585 2612 1730 2651 num.
1756 2603 1834 2651 2⁸.

628 2678 759 2741 Quid
789 2679 857 2730 de
890 2677 1220 2744 principibus
1249 2678 1414 2736 laicis,
1440 2690 1586 2729 num.
1614 2680 1692 2726 2⁴.

629 2755 761 2818 Quid
781 2755 847 2806 de
867 2755 1141 2820 Episcopls
1165 2761 1217 2806 et
1241 2753 1574 2814 patriarchis,
1608 2765 1754 2804 num.
1775 2756 1858 2803 25.

627 2829 758 2892 Quid
789 2829 858 2882 de
891 2827 1204 2882 officialibus
1232 2829 1519 2890 pontificis,
1551 2841 1700 2880 num.
1719 2832 1800 2880 2⁶.

630 2905 764 2968 Quid
794 2905 1006 2958 tandem
1042 2905 1109 2958 de
1137 2904 1418 2971 religiosis,
1447 2917 1593 2956 num.
1630 2908 1710 2954 27.

569 2987 646 3035 1¹.
681 2981 794 3034 Non
819 2981 1140 3034 denuntinas
1161 2982 1228 3034 de
1252 2979 1440 3033 haeresi
1464 2993 1624 3045 quam
1657 2979 1820 3042 novit,
1848 2991 1982 3043 quas
2012 2991 2131 3045 poe-

631 3069 729 3110 nas
752 3057 1002 3118 incurrat,
1032 3056 1181 3119 ibid,
1203 3069 1354 3110 num.
1385 3061 1467 3107 23.

571 3137 648 3184 n.
686 3133 1022 3186 Denuntiatio
1054 3133 1280 3186 aliorum
1311 3132 1624 3185 delictorum
1647 3131 1716 3184 ab
1746 3130 1935 3184 hoeresi
1964 3144 2051 3194 an,
2074 3136 2130 3184 et

631 3210 846 3276 quando
878 3209 990 3262 lieri
1015 3209 1182 3275 possit
1203 3209 1321 3262 sine
1345 3209 1542 3275 proevia
1563 3207 1932 3260 admonitione
1951 3206 2129 3259 delin-

626 3285 863 3352 quentis,
893 3285 1012 3338 vide
1045 3299 1314 3339 connectio
1331 3299 1600 3348 niman,
1625 3298 1656 3336 a
1678 3297 1824 3337 num.
1855 3287 1936 3335 25.

1187 3417 1498 3455 bulbeno·-

570 3516 618 3564 1.
657 3511 984 3565 Desidet-iuni
1020 3523 1128 3565 non
1163 3523 1378 3576 semper
1415 3519 1496 3564 est
1539 3515 1690 3564 actus
1735 3523 1793 3563 re
1822 3510 1939 3576 ipsa
1966 3521 1999 3562 a
2030 3523 2127 3576 spe

635 3587 1104 3645 distinctus,tract.
1127 3593 1174 3646 Ξ,
1205 3587 1348 3652 disp.
1373 3592 1418 3647 1,
1453 3595 1580 3639 sect.
1605 3591 1652 3646 3,
1685 3598 1717 3638 a
1744 3599 1891 3638 num.
1918 3590 1998 3638 16.

568 3668 616 3715 2.
663 3663 988 3715 Desideriutn
1057 3662 1400 3716 beatitudinis
1464 3663 1754 3728 perfectum
1825 3668 2003 3714 ortum
2068 3673 2132 3714 ex

635 3753 820 3792 amore
838 3740 1286 3804 concupiscentiae
1315 3740 1401 3790 Dei
1423 3739 1490 3792 ad
1518 3739 1767 3792 virtutem
1803 3737 1918 3804 spei
1967 3737 2132 3804 perti-

635 3823 746 3876 net,
773 3816 920 3874 ibid..
953 3829 1099 3867 num.
1129 3819 1210 3866 1³.

577 3897 624 3942 ⁸.
661 3889 916 3944 Desiderii
941 3899 994 3943 et
1023 3901 1218 3944 nomen
1245 3896 1297 3943 et
1319 3889 1452 3944 ratio
1478 3890 1634 3943 latius
1655 3896 1794 3955 patet
1807 3901 1969 3955 quam
1995 3888 2129 3954 spei,

639 3979 786 4018 num.
817 3969 895 4018 12.

1194 4097 1503 4136 ompturio.

575 4200 618 4248 1.
659 4195 1050 4260 Desperatioesl
1071 4201 1220 4246 actus
1240 4191 1528 4247 voluntatis
1556 4191 1756 4245 directe
1777 4193 1890 4257 spel
1913 4197 2133 4244 coutra-

637 4273 768 4334 rius,
799 4278 946 4323 tract.
977 4275 1029 4332 2,
1057 4270 1194 4336 disp.
1221 4275 1269 4327 Ξ,
1301 4277 1430 4322 sect.
1455 4275 1503 4328 Β,
1531 4282 1680 4320 num.
1705 4271 1754 4320 1.

572 4355 622 4401 a.
659 4347 964 4412 Desperatio
996 4348 1112 4400 sine
1138 4347 1324 4399 haeresi
1351 4346 1466 4398 dari
1488 4351 1682 4411 potest,
1707 4342 1857 4405 ibid„
1877 4355 2025 4395 num.
2050 4347 2099 4394 2.

576 4429 619 4476 3.
659 4424 750 4475 Est
771 4437 866 4489 per
893 4437 952 4476 se
981 4422 1137 4482 mala,
1165 4429 1213 4474 et
1235 4427 1498 4488 praecepto
1517 4420 1630 4485 spei
1657 4419 1946 4485 prohibita,
1980 4417 2131 4480 ibid,

637 4513 784 4551 num.
818 4503 863 4552 3.

575 4581 622 4628 4.
659 4577 746 4626 Est
768 4582 1038 4640 peccatum
1063 4587 1124 4625 ex
1153 4586 1349 4639 genere
1377 4573 1614 4634 mortale,
1643 4583 1790 4623 num.
1826 4573 1872 4622 ⁴.

637 4652 857 4704 Gravius
901 4651 1106 4702 caeteris
1145 4658 1332 4702 contra
1375 4650 1596 4701 virtutes
1639 4647 1903 4709 morales,
1949 4645 2131 4697 minus

636 4739 798 4793 grave
818 4739 978 4791 quam
1014 4726 1195 4778 odium
1227 4725 1334 4784 Dei,
1363 4725 1490 4776 ibid.

576 4807 623 4854 tt.
660 4802 968 4868 Desperatio
999 4815 1067 4854 au
1097 4801 1310 4868 gravius
1338 4806 1610 4866 peccatum
1641 4811 1802 4863 quam
1825 4797 2132 4860 infidelitas,

639 4885 786 4932 tract.
806 4883 852 4939 1,
882 4879 1019 4944 disp.
1044 4883 1124 4941 16,
1146 4883 1274 4930 sect.
1290 4883 1337 4940 2,
1355 4890 1504 4929 num.
1530 4881 1576 4942 83
1601 4882 1651 4928 et
1675 4883 1822 4928 tract.
1842 4879 1895 4937 ί,
1917 4873 2057 4939 disp.
2083 4878 2130 4935 2,

635 4962 764 5008 sect.
795 4960 843 5016 2,
875 4969 1002 5008 num
1050 4960 1097 5005 5.

572 5039 620 5084 e.
659 5035 947 5099 Desperare
980 5045 1046 5084 an
1081 5033 1210 5096 quis
1247 5031 1384 5083 licite
1423 5030 1593 5096 possit
1639 5028 1868 5081 revelata
1903 5027 2007 5078 sibi
2038 5039 2135 5078 sua

639 5109 1030 5176 reprobatione,
1054 5109 1171 5162 ead.
1204 5107 1341 5173 disp.
1373 5113 1421 5170 2,
1457 5112 1586 5159 sect.
1617 5109 1666 5168 2,
1703 5117 1852 5156 num.
1881 5109 1927 5158 8.

1277 5238 1416 5276 ntus.

570 5339 616 5388 1.
652 5340 710 5389 1η
739 5337 844 5388 Deo
869 5334 1288 5401 triplexveritas:
1311 5331 1366 5384 in
1387 5331 1706 5394 essendo,in
1731 5327 2129 5395 cognoscendo,

634 5411 688 5462 in
711 5411 956 5474 dicendo,
983 5417 1130 5462 tract.
1162 5414 1206 5470 1,
1238 5409 1374 5474 disp.
1403 5416 1448 5468 tt,
1487 5415 1614 5461 sect.
1653 5411 1700 5462 ⁴.
1729 5419 1874 5459 num,
1897 5409 1942 5456 1.

1945 369 2131 421 ΙΝΒΕΧ
2168 367 2395 420 RERUM.

2198 474 2245 522 a.
2284 472 2421 523 Deus
2452 472 2621 538 magis
2648 472 2850 524 bonum
2900 472 3111 538 cuique,
3158 487 3323 538 quam
3376 473 3607 540 quisque
3646 477 3741 542 sihi,

2261 554 2411 600 tract.
2449 553 2495 599 ³.
2532 548 2670 612 disp.
2710 551 2755 600 1.
2786 555 2915 600 sect.
2942 553 2991 608 4,
3024 563 3173 602 num.
3210 557 3256 602 ⁴.

2199 626 2246 675 ⁴.
2284 626 2419 677 Deus
2452 631 2511 676 ut
2544 625 2749 676 donum
2778 626 3053 691 proprium
3080 627 3359 692 quomodo
3380 627 3605 693 possita
3632 645 3737 695 quo·

2263 701 2404 764 piam
2426 700 2552 753 odio
2582 700 2788 756 haberi.
2807 709 2957 755 tract.
2986 709 3039 760 2.
3060 703 3199 770 disp.
3227 710 3279 767 2,
3310 712 3451 756 sect.
3474 709 3527 765 2,
3554 714 3737 762 numa.

2208 781 2239 827 6
2294 778 2429 828 Deus
2453 790 2523 828 an
2554 784 2607 828 et
2650 779 2925 842 quomodo
2952 783 3021 832 stt
3046 780 3315 844 objectum
3358 780 3509 842 fidei,
3548 784 3659 839 vide
3682 803 3744 840 n·

2269 869 2351 905 bul
2372 868 2633 908 ῦΝΒῦΐῦΙ.

2842 933 3116 975 niscoatm.

2210 1010 2257 1058 1.
2292 1005 2562 1061 Discordia
2577 1005 2955 1062 irrationabilis
2968 1010 3239 1064 interdum
3256 1011 3623 1066 contrariatur
3638 1015 3749 1068 elta·

2273 1083 2439 1144 ritati,
2492 1084 2755 1136 interdum
2800 1086 2949 1139 alteri
2997 1088 3195 1148 virtuti,
3233 1093 3395 1143 tract.
3442 1095 3492 1151 a,
3526 1089 3656 1156 disp.
3683 1097 3745 1155 11,

2268 1167 2397 1213 sect.
2434 1165 2483 1220 1,
2514 1175 2641 1214 num
2675 1167 2727 1223 2,
2754 1168 2809 1215 et
2840 1167 2885 1214 ³.

2206 1240 2253 1288 Ξ.
2290 1237 2561 1290 Discordia
2592 1249 2657 1289 ex
2700 1250 2800 1291 suo
2838 1252 3035 1304 genere
3074 1247 3155 1293 est
3194 1247 3485 1307 peccatum
3534 1245 3744 1306 moi-take,

2266 1311 2557 1376 aliquando
2590 1326 2621 1364 a
2642 1315 2849 1366 mortali
2872 1323 3171 1376 excusatur,
3200 1316 3335 1369 ibid.

2204 1393 2253 1439 3.
2292 1387 2569 1442 contentio
2604 1401 2724 1454 qute
2762 1403 2826 1442 ex
2867 1390 3139 1444 discordia
3186 1393 3362 1447 oritur
3410 1392 3559 1446 mala
3576 1400 3743 1460 estpro

2264 1463 2515 1529 qualitate
2547 1465 2831 1525 discordia,
2858 1481 3009 1520 num.
3044 1474 3089 1521 5.

2268 1538 2396 1592 Vide
2424 1555 2569 1593 ιτιιι
2598 1555 2889 1596 conantio.

2848 1674 3105 1713 maculans
3112 1699 3123 1712 .

2206 1776 2254 1823 1.
2289 1773 2566 1826 Discursus
2595 1779 2768 1840 potest
2809 1776 3125 1830 antecedere
3152 1777 3223 1829 ad
3248 1778 3419 1830 fidem
3468 1785 3677 1838 remote.
3704 1787 3744 1832 et

2268 1855 2343 1976 :112
2348 1862 2528 1976 “clauisa
2558 1863 2653 1915 per
2690 1852 2958 1913 accidens,
2990 1859 3143 1906 tract.
3192 1859 3241 1916 1,
3280 1855 3433 1919 disp.
3474 1858 3525 1912 6,
3560 1861 3679 1907 sect.
3712 1860 3746 1918 t,

2269 2001 2381 2053 Non
2408 2008 2583 2054 autem
2612 2009 2665 2054 ut
2689 2015 2849 2056 causa
2878 2015 2974 2071 per
3000 2017 3077 2068 se,
3110 2011 3164 2058 et
3186 2004 3339 2071 proxi
3354 2019 3466 2067 ma,
3491 2019 3524 2057 a
3550 2019 3687 2058 num.
3708 2013 3743 2058 ⁴.

2274 2077 2397 2130 Vide
2424 2093 2711 2132 consensio.

2834 2197 3137 2236 marmulo-

2208 2308 2253 2356 1.
2290 2304 2583 2369 Disputatio
2612 2305 2681 2358 de
2704 2305 2810 2358 {ide
2832 2306 2936 2358 alia
2959 2307 3273 2368 materialis,
3294 2306 3547 2358 somatis
3581 2305 3735 2368 altera,

2269 2386 2323 2432 et
2349 2379 2476 2445 quid
2507 2387 2746 2444 utraque.
2771 2387 2923 2433 tract.
2959 2386 3007 2440 1,
3038 2381 3177 2446 disp.
3210 2387 3290 2440 20.
3312 2387 3450 2433 sect.
3478 2386 3524 2440 1,
3550 2394 3601 2432 n.
3623 2385 3663 2432 1.

2204 2459 2255 2508 2.
2294 2455 2581 2521 Disputatio
2612 2455 2899 2508 materialis
2938 2455 3007 2509 de
3030 2467 3091 2508 se
3112 2457 3255 2510 licita
3282 2463 3387 2518 est,
3438 2463 3493 2508 et
3532 2455 3650 2520 quld
3686 2456 3739 2506 ad

2272 2531 2375 2584 hoc
2405 2533 2721 2596 requiratur,
2750 2533 2879 2583 ibid.

2206 2611 2255 2659 a.
2291 2606 2583 2670 Disputatio
2616 2621 2679 2659 ex
2705 2607 2869 2660 dubio
2892 2613 3009 2660 orta
3026 2607 3313 2660 intrinsece
3338 2607 3488 2658 mala
3514 2613 3607 2663 est.
3628 2619 3675 2657 n.
3694 2611 3735 2656 2.

2209 2686 2255 2734 ⁴.
2274 2683 2570 2770 'Disputare
2588 2696 2711 2736 cum
2737 2684 2997 2736 haereticis
3019 2697 3117 2750 pro
3134 2683 3239 2736 tide
3258 2683 3465 2736 tuenda
3488 2682 3735 2742 laudabile,

2272 2758 2718 2885 Ιῑῗῑιῗῖἆεῖιῃῶιξῖιω
2748 2833 3161 2886 circumstantiae
3182 2832 3554 2892 observandae,
3574 2845 3605 2884 a
3626 2845 3673 2882 n.
3694 2837 3733 2882 8.

2210 2913 2257 2959 5.
2291 2907 2584 2972 Disputatio
2613 2909 2727 2962 baec
2756 2923 2876 2962 cum
2911 2908 3173 2962 haereticis
3193 2909 3491 2974 aliquando
3516 2909 3733 2974 obligato-

2273 2984 2351 3035 ria
2374 2997 2517 3048 saepe
2538 2985 2696 3036 etiam
2728 2984 3010 3050 prohibita.
3036 2999 3092 3036 n.
3125 2989 3203 3036 16.

2208 3065 2257 3111 6.
2294 3061 2571 3125 Disputare
2590 3066 2775 3112 contra
2798 3059 3075 3113 haereticos
3096 3060 3245 3113 laicis
3268 3057 3621 3118 interdictum,
3637 3057 3729 3110 ead.

2269 3139 2709 3266 {effetla’rnhltzcis
2738 3175 3019 3280 religiosis,
3052 3225 3107 3264 n.
3140 3215 3221 3262 16.

2269 3288 2401 3351 Quid
2423 3288 2492 3342 de
2514 3287 2651 3342 laico
2673 3288 2909 3354 alioquin
2940 3288 3116 3350 docto,
3150 3300 3204 3339 n.
3234 3290 3313 3338 11.

2908 3419 3049 3456 ulvas
3056 3445 3067 3456 .

2210 3522 2256 3570 1.
2293 3517 2446 3570 Dives
2472 3514 2688 3581 quando
2709 3521 2762 3566 et
2786 3511 3057 3577 quomodo
3086 3518 3328 3566 teneatur
3371 3511 3443 3564 ad
3482 3507 3725 3564 eleemosi-

2274 3606 2417 3656 nam,
2443 3592 2566 3645 vide
2588 3602 2921 3643 scammum.

2830 3718 3130 3758 bocuartsu
3138 3745 3149 3756 .

2214 3819 2259 3868 1.
2297 3815 2635 3880 Dogmatistoe
2671 3815 2903 3867 haeretici
2928 3827 2995 3865 an
3021 3813 3331 3878 recipiendi,
3356 3813 3459 3866 etsi
3482 3824 3597 3865 vere
3620 3822 3730 3863 con·

2276 3901 2569 3955 vertantur,
2589 3897 2737 3944 tract.
2770 3894 2817 3952 1,
2844 3889 2987 3954 disp.
3018 3893 3097 3952 23,
3132 3895 3247 3940 sect
3287 3894 3335 3948 2,
3368 3902 3403 3941 a
3426 3903 3477 3941 n.
3510 3894 3554 3940 ⁹.

2211 3973 2244 4019 2
2298 3968 2621 4033 Dogmatista
2646 3979 2753 4020 non
2782 3972 2881 4029 est,
2914 3965 3005 4030 qui
3040 3977 3225 4028 unum,
3260 3965 3344 4017 vel
3374 3965 3588 4018 alterum
3627 3972 3725 4027 per-

2274 4044 2446 4103 vertit,
2483 4057 2535 4095 n.
2564 4048 2639 4094 11.

2211 4127 2259 4172 ⁸.
2298 4121 2619 4186 Dogmatista
2640 4131 2823 4186 presse
2842 4125 3087 4186 sumptus
3108 4119 3231 4184 quis
3252 4117 3477 4179 dicatur,
3506 4114 3620 4166 ibid.

2213 4200 2259 4248 ⁴.
2298 4194 2651 4262 Dogmatistis,
2668 4197 2712 4247 si
2747 4208 2873 4248 vere
2901 4207 2997 4248 eos
3016 4195 3288 4260 poeniteat,
3320 4206 3431 4246 non
3454 4187 3723 4255 deneganda

2274 4272 2540 4325 absolutlo
2568 4278 2623 4323 et
2651 4271 2975 4324 eucharistia
3006 4276 3131 4323 ante
3150 4278 3401 4332 mortem,
3430 4268 3569 4328 ibid..
3594 4277 3638 4316 n.
3658 4269 3719 4314 12.

2863 4402 3121 4440 Donatum.

2214 4499 2260 4547 1.
2297 4495 2599 4548 Dominium
2628 4495 2891 4548 bonorum
2917 4493 3084 4546 amitti
3107 4506 3202 4559 per
3223 4494 3467 4547 haeresim
3486 4492 3590 4558 ipso
3608 4488 3715 4540 facto

2275 4571 2365 4636 qui
2395 4572 2576 4631 velint,
2604 4576 2753 4622 tract.
2780 4576 2829 4630 1,
2849 4569 2989 4635 disp.
3012 4574 3090 4630 22,
3114 4576 3244 4621 sect.
3270 4574 3317 4631 3,
3338 4583 3393 4620 n.
3423 4574 3467 4621 1.

2272 4648 2368 4710 Qui
2394 4655 2587 4714 negent
2606 4646 2775 4698 amitti
2792 4658 2963 4711 usque
2978 4646 3047 4697 ad
3072 4645 3485 4698 declarationem
3505 4636 3717 4695 criminis.

2277 4738 2329 4776 n.
2370 4727 2445 4775 12.

2213 4806 2261 4853 ἱ.
2299 4800 2600 4854 Dominium
2628 4799 2887 4851 directum
2926 4797 3112 4849 transit
3144 4794 3215 4848 ad
3258 4794 3465 4856 liscum,
3498 4804 3603 4845 cum
3631 4785 3717 4853 pri·

2280 4887 2423 4927 mum
2454 4879 2859 4927 consummatur
2886 4873 3104 4925 haeresis
3126 4877 3358 4931 externa,
3388 4882 3445 4922 n.
3466 4875 3511 4920 6.

2216 4955 2263 5002 8.
2300 4950 2600 5004 Dominium
2624 4949 2769 5004 utile.
2796 4948 3009 5000 nonnisi
3044 4958 3139 5011 per
3174 4945 3369 5008 judicis
3404 4940 3713 4998 executionem

2278 5033 2397 5090 post
2422 5025 2740 5077 declaratam
2765 5025 3101 5084 sententiam,
3126 5035 3178 5073 n.
3204 5025 3253 5073 7.

2276 5101 2405 5154 Vide
2432 5100 2599 5154 verbo
2616 5113 2943 5162 consummo,
2970 5106 3025 5150 et
3051 5096 3218 5149 verbo
3246 5109 3391 5148 aon.

2898 5228 3087 5266 bottul.

2214 5335 2261 5381 1.
2298 5331 2501 5382 Donum
2533 5328 2851 5396 linguarum,
2886 5327 3009 5380 vide
3036 5327 3221 5380 (ἑυνα
3252 5339 3425 5378 anm
3440 5335 3573 5376 nm.

2212 5411 2257 5457 2.
2296 5406 2502 5458 Donum
2527 5405 2750 5464 timoris,
2786 5403 2909 5456 vide
2936 5404 3113 5455 Ttuoa.

568 5492 617 5538 2.
652 5488 790 5539 Deus
821 5499 888 5538 an
920 5487 1088 5553 possit
1112 5484 1194 5538 vel
1223 5484 1292 5537 de
1323 5485 1560 5549 potentia
1589 5483 1821 5543 mentiri,
1849 5480 1970 5533 vid-e
1990 5495 2127 5532 nn-
2210 5486 2257 5533 Β.
2294 5483 2439 5533 Dona
2466 5479 2693 5543 Spiritus
2724 5480 2897 5532 Sar-cti
2930 5479 2984 5531 in
3008 5491 3117 5544 quo
3158 5473 3411 5528 differant
3448 5487 3479 5526 a
3502 5473 3702 5524 sermone

630 5575 830 5614 mcum.

2271 5557 2507 5610 scientiae
2530 5562 2582 5608 et
2602 5555 2893 5622 sapientiae,
2922 5553 3045 5608 vide
3074 5555 3259 5607 Gutta
3290 5565 3465 5605 euris
3491 5560 3610 5600 nin.
