3900 6217
581 352 703 418 'm

582 463 848 541 agimuS,
893 461 1204 540 praecipue
1246 462 1664 540 aggressivum
1715 469 1828 536 est,
1875 469 1938 522 et
1984 481 2145 542 saepe

583 555 900 616 inducitur
941 561 1156 614 eontra
1185 573 1310 614 non
1357 555 1666 632 subditos;
1707 556 1870 616 unde
1899 573 2144 618 neeesse

585 655 677 708 est
719 656 792 706 ut
829 647 1166 706 intercedat
1207 665 1420 708 eorum
1465 649 1662 728 eulpa,
1692 650 1932 710 ratione
1966 649 2147 727 eujus

585 739 930 801 efficiantur
975 739 1238 815 subditi3
1265 741 1538 819 alioquin
1569 759 1692 821 quo
1720 742 1902 803 titulo
1942 746 2145 802 essent

584 834 757 911 digni
775 849 984 912 poena,
1002 839 1109 892 aut
1128 833 1444 894 subessent
1461 834 1680 896 alienoe
1693 835 2142 914 jurisdictioni?

583 926 859 986 Tandem
901 926 950 985 si
987 925 1079 985 illi
1108 927 1298 1002 tituli,
1325 945 1433 988 seu
1469 909 1624 988 fines
1655 928 1730 987 ad
1759 947 1912 1007 quos
1943 928 2143 1007 genti-

582 1019 720 1079 litas
747 1017 1108 1096 respiciebat
1137 1019 1448 1096 (ambiti0,
1475 1020 1784 1093 videlicet,
1815 1022 2140 1101 cupiditas,

583 1119 768 1190 atque
793 1113 980 1172 etiam
1007 1111 1211 1172 inanis
1237 1113 1454 1195 gloria,
1477 1121 1539 1175 et
1563 1114 1804 1174 feroeiae
1829 1114 2142 1192 ostensio),

584 1211 786 1266 essent
813 1204 965 1264 liciti
997 1211 1060 1265 et
1087 1205 1478 1283 sufficientes,
1511 1225 1896 1287 unaquaeque
1933 1225 2148 1287 respu-

581 1297 740 1359 blica
758 1303 961 1378 posset
982 1299 1058 1358 ad
1081 1299 1217 1360 illos
1239 1301 1539 1379 aspirare3
1565 1319 1712 1379 ergo
1732 1308 1886 1362 esset
1911 1302 2145 1362 bellum

581 1409 661 1451 ex
687 1399 950 1470 utraque
977 1399 1151 1469 parte
1177 1393 1410 1471 justum
1445 1411 1554 1472 per
1595 1411 1682 1467 se,
1713 1401 1775 1453 et
1805 1395 1942 1456 sine
1970 1397 2145 1473 igno·

583 1484 819 1560 rantia3
863 1483 1028 1562 quod
1069 1490 1162 1544 est
1211 1484 1757 1562 absurdissimum3
1803 1487 1928 1548 duo
1977 1488 2145 1548 enim

581 1579 888 1638 contraria
907 1580 1054 1656 jura
1080 1596 1206 1638 non
1235 1587 1493 1658 possunt
1518 1598 1650 1641 esse
1667 1581 1858 1659 justa.

663 1674 726 1732 2.
771 1673 1028 1734 Notatio
1047 1674 1544 1754 primm—Sunt
1573 1693 1720 1736 vero
1741 1677 1820 1736 ad
1851 1694 1983 1736 rem
2014 1693 2143 1736 ma·

584 1765 676 1844 gis
721 1764 1148 1843 explic-andam
1191 1767 1492 1826 nonnulla
1541 1769 1812 1830 notanda
1849 1786 1864 1830 ε
1913 1769 2140 1849 prime,

583 1875 708 1918 non
758 1877 1214 1937 quamcumque
1263 1879 1509 1920 causam
1561 1877 1693 1922 esse
1737 1861 2146 1922 sufficientem

585 1950 663 2011 ad
701 1951 958 2026 bellum,
1005 1951 1105 2011 sed
1138 1969 1416 2029 gravem,
1459 1961 1520 2014 et
1549 1955 1792 2014 damnis
1827 1955 1975 2016 belli
2006 1972 2149 2034 pro-

585 2045 1022 2123 portionatam.
1054 2046 1277 2106 Contra
1317 2049 1618 2107 rationem
1660 2049 1830 2108 euim
1873 2052 2030 2109 esset
2068 2047 2147 2107 ob

585 2136 784 2197 levem
810 2138 1101 2216 injuriam
1132 2139 1494 2216 gravissima
1515 2139 1747 2201 inferre
1775 2142 2024 2202 damna.
2056 2140 2149 2200 Ad

585 2229 721 2292 haee
754 2231 946 2308 judex
975 2250 1101 2292 non
1145 2239 1342 2311 potest
1379 2234 1615 2312 quaevis
1641 2234 1862 2295 delicta
1897 2233 2144 2315 punire,

587 2323 690 2384 sed
721 2341 860 2402 quoe
901 2323 1174 2385 militant
1205 2333 1420 2386 eontra
1467 2345 1862 2388 communem
1905 2345 2143 2407 pacem,

589 2415 944 2495 bonumque
978 2418 1350 2497 reipublicae.
1387 2421 1452 2479 ln
1482 2438 1606 2498 quo
1633 2425 1842 2480 tamen
1872 2420 2149 2480 conside·

587 2509 852 2570 randum
895 2516 1002 2582 est,
1039 2529 1168 2570 non
1211 2530 1354 2571 raro
1395 2529 1689 2591 apparere
1733 2512 2031 2590 injuriam
2064 2511 2151 2572 le·

589 2619 752 2674 vem,
778 2619 915 2680 quae
944 2621 1159 2662 revera
1187 2604 1392 2681 gravis
1419 2612 1533 2678 est,
1557 2605 1608 2664 si
1635 2605 1848 2664 omnia
1873 2610 2153 2683 specten-

587 2698 720 2768 tur,
743 2692 842 2753 vel
869 2694 920 2752 si
951 2695 1182 2755 similes
1205 2695 1340 2755 aliae
1367 2697 1825 2774 permittantur,
1849 2698 2148 2774 quoniam

587 2786 885 2864 paulatim
917 2787 1060 2847 inde
1090 2788 1341 2848 evenire
1369 2796 1621 2867 possunt
1650 2807 1878 2868 magna
1910 2790 2151 2850 incom-

587 2877 792 2940 moda.
825 2880 924 2939 Sic
964 2898 1258 2958 occupare
1301 2880 1400 2941 vel
1447 2882 1778 2942 minimum
1819 2883 2145 2960 oppidum,

585 2971 760 3034 verbi
787 2973 1009 3050 gratia,
1035 2974 1366 3051 aliquando
1393 2975 1599 3054 gravis
1625 2976 1856 3053 injuria
1885 2976 2024 3050 erit,
2050 2978 2151 3038 vel

587 3067 974 3127 excursiones
1030 3066 1229 3127 faeere
1254 3111 1271 3140 ,
1321 3074 1439 3128 etc..
1469 3111 1488 3142 ,
1543 3069 1849 3148 praecipue
1901 3071 2150 3149 quando

587 3160 894 3240 princepS,
916 3160 1025 3240 qui
1049 3160 1342 3240 injuriam
1363 3161 1611 3238 fecerat,
1635 3163 1987 3223 admonitus
2008 3183 2153 3225 eon·

588 3254 832 3314 temnit.

671 3349 729 3408 3.
759 3346 1016 3414 Notatio
1036 3349 1682 3410 secundm—Secundo
1701 3350 2147 3413 advertendum

588 3440 862 3500 estvaria
889 3458 1018 3501 esse
1044 3439 1132 3518 inj
1142 3441 1418 3501 uriarum
1441 3458 1674 3518 genera
1695 3462 1808 3522 pro
1820 3443 1978 3521 justi
2004 3444 2148 3506 belli

589 3550 792 3604 eausa,
815 3550 958 3611 quae
993 3533 1073 3593 ad
1101 3533 1220 3592 tria
1247 3534 1446 3612 capita
1475 3541 1862 3597 revocantur.
1912 3537 2143 3611 Unum,

590 3625 640 3685 si
665 3626 942 3705 princeps
975 3643 1072 3686 res
1099 3624 1351 3685 alterius
1385 3631 1642 3708 occupet
1666 3646 1740 3688 ae
1777 3627 1935 3689 nolit
1974 3630 2149 3690 resti·

594 3727 790 3780 tuere.
822 3720 1129 3794 Alterum,
1161 3720 1210 3779 si
1244 3725 1426 3798 neget
1449 3720 1806 3782 eommunia
1825 3723 1973 3800 jura
2002 3740 2151 3800 gen·

591 3811 751 3873 tium
779 3813 910 3872 sine
939 3811 1292 3872 rationabili
1332 3830 1535 3885 eausa,
1565 3819 1636 3872 ut
1661 3815 1993 3874 transitum
2019 3816 2148 3874 via·

591 3923 757 3981 rum,
787 3923 1117 3965 commune
1165 3904 1634 3978 commercium,
1673 3911 1791 3966 ete.
1822 3907 2143 3980 ·Tertium,

595 4001 800 4077 gravis
819 3997 986 4058 lessio
1009 3999 1076 4058 in
1107 3997 1292 4073 fama,
1321 3997 1422 4058 vel
1467 3997 1722 4059 honore.
1751 3997 2149 4060 Addendum-

591 4109 714 4170 que
737 4090 1016 4151 sufficere
1027 4089 1668 4168 hujusmodialiquam
1695 4091 1780 4169 inj
1791 4092 1991 4152 uriam
2014 4091 2150 4152 fieri

593 4184 692 4246 vel
741 4189 956 4244 eontra
1001 4185 1202 4263 ipsum
1252 4183 1616 4262 principem,
1656 4184 1758 4244 vel
1784 4191 1999 4244 contra
2034 4173 2153 4243 sibi

563 4277 897 4340 -subditos.
938 4277 1090 4337 Nam
1123 4276 1410 4355 princeps
1447 4281 1650 4336 custos
1675 4283 1768 4336 est
1800 4276 2153 4356 reipublicae

593 4378 656 4432 et
681 4371 1106 4447 subditorumj,
1141 4369 1425 4430 sufficere
1449 4375 1744 4448 praeterea
1771 4369 1906 4431 fleri
1939 4376 2155 4431 eontra

594 4481 762 4537 eum,
785 4464 893 4542 qui
921 4462 1284 4544 protectioni
1306 4462 1600 4540 principis
1623 4479 1688 4522 se
1705 4463 2035 4535 commisit,
2062 4469 2155 4522 at-

591 4573 713 4634 que
749 4556 902 4616 adeo
939 4561 1152 4614 contra
1183 4553 1526 4628 faederatoS,
1571 4556 1699 4614 sive
1717 4553 2154 4627 amieos,utvi-

594 4650 738 4710 dere
775 4654 866 4708 est
904 4647 1124 4709 Genes.
1173 4651 1271 4722 14,
1305 4649 1371 4706 in
1412 4646 1786 4719 AbrahamO,
1816 4648 2013 4724 lReg.
2048 4647 2151 4720 28,

594 4743 656 4802 in
703 4739 957 4803 Davide.
985 4741 1262 4818 Namque
1285 4740 1518 4802 amicus
1540 4744 1633 4828 fist
1658 4740 1814 4802 alter
1853 4740 2004 4819 ipse,
2046 4756 2155 4798 no·-

594 4853 676 4894 no
701 4833 1086 4906 Eum-orum,
1109 4850 1164 4892 e.
1194 4835 1233 4893 4
1257 4838 1320 4891 et
1343 4835 1404 4893 9.
1442 4833 1571 4892 Hoc
1615 4850 1760 4894 vero
1803 4832 2153 4908 intelligen-

597 4928 774 5001 dum,
800 4925 1137 4988 dummodo
1161 4924 1392 4985 amicus
1412 4925 1514 5004 Jus
1542 4926 1767 4986 habeat
1785 4925 1862 4984 ad
1885 4925 2007 4985 tale
2025 4924 2156 4985 bel-

597 5021 754 5093 lum,
775 5019 1058 5097 adsitque
1075 5018 1208 5096 ejus
1233 5018 1513 5077 voluntas
1524 5018 1814 5095 explic-ita
1831 5016 1928 5077 vel
1950 5016 2155 5095 impli-

591 5113 736 5171 eita.
754 5111 932 5171 Ratio
948 5117 1062 5185 est,
1081 5109 1226 5189 quia
1238 5110 1467 5187 injuria
1485 5109 1665 5179 alteri
1691 5109 1852 5170 facta
1869 5126 1994 5168 non
2010 5127 2152 5168 eon·

589 5204 710 5264 fert
746 5203 900 5262 mihi
927 5203 1029 5281 jus
1055 5203 1134 5263 ad
1163 5201 1604 5261 vindicandum
1628 5200 1828 5272 illum,
1858 5201 1977 5260 nisi
2006 5218 2149 5260 cum

589 5297 799 5375 ipsese
820 5301 1012 5374 potest
1019 5297 1185 5373 juste
1209 5293 1551 5368 vindicare,
1572 5295 1754 5372 idque
1777 5293 1854 5353 de
1881 5293 2041 5356 facto
2056 5295 2151 5354 iu-

587 5388 789 5448 tendit
811 5409 828 5462 3
851 5387 970 5449 hoe
987 5393 1198 5448 autem
1218 5387 1434 5464 posite,
1457 5386 1758 5447 auxilium
1782 5403 1991 5446 meum
2012 5405 2151 5446 coo-

589 5481 826 5560 peratio
853 5485 946 5541 est
967 5480 1190 5540 actioni
1223 5478 1401 5538 bonoe
1433 5485 1498 5539 et
1519 5479 1726 5558 justoe.
1753 5479 1837 5538 At
1873 5497 2021 5540 vero
2053 5499 2149 5540 se-

1615 365 1847 416 Disru'r.
1889 365 2013 415 xm.
2052 363 2129 414 ET
2164 361 2393 418 ULTmA
2429 365 2509 418 DE
2540 363 2757 416 BELLO.

2226 464 2277 523 cl
2287 483 2395 525 usa
2422 465 2532 525 tali
2564 464 2894 536 voluntate,
2926 462 3126 541 quivis
3146 461 3301 522 alius
3328 477 3477 521 non
3506 463 3704 537 potest
3728 477 3779 521 se

2225 557 2667 632 intromittere,
2694 575 2835 618 eum
2864 556 2919 617 is
2944 557 3054 635 qui
3098 555 3243 616 fecit
3284 553 3627 632 injuriam,
3676 571 3779 612 non
3867 545 3868 596 ἶ

2224 652 2595 729 cuicumque
2654 651 2734 710 sit
2782 649 2979 710 faetus
3034 649 3337 720 subditus,
3392 645 3511 708 sed
3560 651 3780 706 tantum
3867 711 3868 714 Ἴ

2224 743 2479 803 offenso.
2514 743 2710 816 Unde,
2743 743 2905 822 quod
2934 742 3189 821 quidam
3224 741 3440 810 aiunt,
3476 754 3781 816 supremos

2224 853 2401 911 reges
2430 836 2657 896 habere
2678 842 3043 916 potestatem
3076 835 3155 894 ad
3194 830 3627 896 vindicandas
3644 830 3782 908 inju-
3867 827 3868 830 ’

2222 928 2345 988 rias
2370 930 2558 988 totius
2592 929 2782 1004 orbis,
2834 935 2926 990 aet
2958 928 3215 988 omuino
3252 927 3529 995 falsum,
3570 929 3635 982 et
3660 941 3786 982 eon-

2223 1021 2427 1081 fundit
2441 1039 2691 1083 omnem
2710 1022 3015 1097 ordinem,
3040 1027 3105 1081 et
3122 1021 3609 1081 distinctionem
3622 1017 3785 1096 juris-
3867 1057 3868 1060 κ

2227 1113 2564 1175 dictionum
2594 1115 2783 1174 :talis
2812 1115 2979 1176 enim
3012 1119 3306 1193 potestas,
3349 1129 3579 1190 neque
3602 1129 3641 1170 a
3684 1113 3785 1170 Deo
3867 1183 3868 1188 γ

2226 1207 2369 1267 data
2394 1215 2507 1278 est,
2542 1225 2747 1287 neque
2770 1227 2845 1269 ex
2867 1208 3108 1268 ratione
3138 1206 3495 1284 colligitur.

2306 1303 2365 1360 4.
2408 1300 2665 1366 Notatio
2690 1304 2748 1362 3.
2770 1335 2853 1348 —-
2876 1302 3081 1362 Tertio
3105 1297 3607 1370 advertendum,
3646 1297 3787 1357 eirca

2224 1394 2521 1471 injuriam
2545 1394 2780 1455 illatam
2810 1394 2933 1454 duo
2952 1411 3129 1474 posse
3162 1390 3499 1454 contendi.
3532 1389 3781 1450 Primum

2226 1494 2336 1561 est,
2370 1493 2441 1547 ut
2479 1489 2885 1549 restituantur
2932 1504 3213 1567 personoe
3266 1485 3545 1546 offensae
3584 1482 3785 1542 damna

2226 1581 2396 1640 illata
2419 1597 2438 1657 ;
2463 1580 2581 1642 hac.
2602 1599 2752 1642 vero
2778 1580 2855 1639 de
2898 1598 3083 1640 causa
3108 1579 3280 1640 nulla
3320 1582 3427 1638 est
3446 1573 3781 1650 difficultas,

2227 1691 2403 1752 posse
2430 1675 2597 1735 licite
2618 1673 2811 1734 indici
2838 1672 3069 1733 bellum
3092 1689 3113 1750 3
3142 1673 3191 1732 si
3222 1672 3399 1731 enim
3426 1669 3682 1728 ratione
3712 1669 3785 1727 in-

2217 1767 2401 1845 juriae
2437 1767 2602 1841 lieet,
2652 1767 2923 1827 maxime
2968 1772 3220 1846 propter
3244 1765 3425 1824 hune
3476 1761 3693 1835 finem,
3730 1768 3784 1822 ut

2226 1861 2483 1939 quisque
2510 1879 2575 1922 se
2604 1867 2923 1921 conservet
2948 1859 3329 1932 indemnem,
3374 1856 3465 1916 de
3514 1873 3643 1934 quo
3694 1855 3783 1914 ha-

2228 1953 2453 2014 hentur
2478 1952 2673 2014 multa
2700 1953 2981 2031 exempla
3002 1953 3069 2012 in
3080 1951 3431 2030 Scriptura,
3452 1949 3681 2009 Genes.
3706 1951 3784 2024 14,

2228 2064 2369 2106 eum
2397 2046 2725 2123 similibus,
2755 2045 3035 2106 Alterum
3062 2050 3175 2116 est,
3206 2051 3279 2104 ut
3304 2044 3429 2122 qui
3446 2041 3782 2114 offenderit,

2228 2138 2432 2199 debita
2468 2156 2649 2218 poena
2672 2139 2989 2218 puniatur,
3015 2137 3083 2200 in
3110 2155 3235 2217 quo
3260 2154 3377 2197 sua
3414 2141 3519 2195 est
3544 2132 3787 2194 difficul-

2228 2238 2344 2290 tas,

2310 2327 2369 2384 5.
2407 2323 2687 2388 Secunda
2714 2323 3011 2386 conclusio
3036 2325 3397 2388 communis.
3412 2356 3506 2369 —
3522 2321 3786 2384 Declara-

2228 2423 2355 2492 tur,
2374 2423 2431 2481 et
2448 2419 2757 2494 probatur,
2787 2419 2985 2494 primo
3004 2435 3079 2478 σω
3096 2415 3465 2494 Scriptura,
3478 2415 3675 2478 Num.
3694 2416 3778 2488 25,

2230 2514 2286 2573 et
2308 2514 2347 2572 2
2370 2513 2522 2593 Ray.
2553 2513 2631 2572 10
2656 2515 2717 2573 et
2752 2508 2849 2572 ss.
2880 2543 2963 2556 —-
2990 2509 3267 2574 Secundo
3306 2527 3387 2571 em
3432 2510 3691 2570 ratione.
3718 2541 3783 2564 .-

2232 2605 2373 2665 Dioo
2396 2623 2547 2681 ergo
2566 2602 2835 2664 seeundo
2866 2619 2883 2663 ε
2912 2603 3079 2681 justa
3100 2605 3291 2663 etiam
3310 2620 3521 2662 eausa
3550 2601 3689 2662 belli
3706 2608 3782 2660 est

2230 2703 2303 2758 ut
2328 2698 2435 2776 qui
2464 2697 2758 2776 injuriam
2800 2696 3009 2757 intulit
3043 2697 3226 2774 juste·
3250 2696 3595 2773 puniatur,
3628 2694 3677 2752 si
3708 2711 3783 2754 re·

2228 2796 2401 2850 cuset
2426 2789 2657 2868 absque
2676 2787 2836 2849 bello
2858 2789 3095 2867 justam
3124 2787 3627 2848 satisfactionem
3647 2804 3779 2863 prae-

2229 2883 2398 2944 bere.
2433 2883 2539 2943 Est
2566 2883 2933 2956 communis,
2962 2882 3029 2942 in
3056 2899 3179 2960 qua
3215 2888 3278 2942 et
3304 2882 3376 2942 in
3432 2877 3777 2958 praecedenti

2230 2983 2322 3036 est
2354 2975 2731 3036 observanda
2774 2975 2879 3036 illa
2907 2975 3197 3048 eonditi0‚
3244 2981 3316 3034 ut
3364 2993 3511 3034 non
3532 2973 3615 3033 sit
3648 2972 3776 3032 alter

2232 3073 2480 3147 paratus
2518 3067 2842 3128 restituere
2870 3067 2969 3128 vel
3002 3067 3375 3144 satisfacere3
3410 3083 3565 3127 nam
3598 3065 3648 3122 si
3692 3083 3777 3140 pa-

2228 3165 2399 3219 ratus
2426 3166 2603 3230 esset,
2634 3160 2865 3237 injusta
2884 3158 3244 3220 redderetur
3260 3160 3595 3237 aggressio
3632 3155 3772 3230 belli,

2230 3259 2300 3313 ut
2325 3253 2393 3312 in
2420 3254 2818 3331 sequentibus
2842 3251 3141 3313 dicemus.
3163 3251 3477 3313 Probatur
3501 3253 3629 3329 jam
3656 3266 3779 3308 ωη-

2228 3343 2419 3404 clusio
2450 3345 2649 3422 primo
2678 3363 2756 3406 ex
2772 3345 3115 3423 Scriptura,
3144 3345 3328 3404 Num.
3358 3346 3473 3419 25,
3498 3351 3561 3404 et
3588 3345 3625 3404 2
3646 3343 3770 3417 Reg.

2232 3440 2307 3497 10
2334 3444 2395 3498 et
2419 3441 2519 3513 ll,
2555 3437 2779 3516 quibus
2808 3438 2875 3497 iu
2894 3436 3046 3497 loeis
3070 3455 3147 3497 ex
3166 3437 3269 3497 Dei
3283 3436 3477 3515 jussu
3510 3453 3659 3514 pura
3682 3451 3777 3512 pu·

2229 3531 2385 3591 nitio
2434 3529 2803 3608 injuriarum
2848 3531 3193 3592 executioni
3248 3530 3400 3591 data
3450 3536 3565 3590 oet.
3622 3527 3773 3590 Ratio

2234 3632 2348 3700 est,
2396 3626 2543 3704 quia
2576 3625 2739 3684 sicut
2780 3625 2946 3684 intra
2995 3624 3274 3686 eamdem
3314 3621 3770 3702 rempublicam,

2232 3723 2305 3778 ut
2338 3737 2455 3798 pax
2480 3728 2785 3791 servetur,
2828 3716 3173 3778 necessaria
3230 3722 3324 3776 est
3373 3715 3659 3793 legitima
3683 3729 3770 3791 po-

2228 3819 2413 3874 testas
2440 3813 2514 3872 ad
2550 3811 2935 3891 puniendum
2964 3810 3215 3885 delicta,
3244 3812 3335 3872 ita
3372 3810 3447 3870 in
3501 3809 3667 3880 orbe,
3714 3811 3773 3864 ut

2227 3907 2483 3968 diversae
2524 3905 2881 3979 respublicae
2908 3912 3119 3982 pacate
3154 3905 3391 3975 vivant,
3458 3899 3771 3966 necessaria

2228 4006 2319 4060 est
2362 4005 2625 4079 potestas
2668 3999 2965 4078 puniendi
3020 3999 3280 4076 injurias
3326 3997 3525 4058 unius
3580 4005 3769 4056 contra

2228 4093 2439 4154 aliam.
2470 4092 2613 4152 Haec
2644 4097 2850 4152 autem
2878 4097 3143 4169 potestas
3180 4107 3307 4151 non
3336 4097 3439 4151 est
3482 4090 3549 4150 in
3588 4088 3769 4166 aliquo

2233 4185 2571 4264 superiore,
2598 4184 2745 4262 quia
2769 4182 3015 4243 nullum
3052 4182 3309 4258 habent,
3348 4191 3426 4244 ut
3472 4183 3761 4264 ponimus;

2232 4295 2381 4355 ergo
2406 4293 2651 4338 neeesse
2670 4283 2783 4350 est,
2804 4282 2875 4336 ut
2894 4277 3053 4338 sitin
3074 4293 3363 4354 supremo
3378 4275 3651 4354 principe
3666 4271 3766 4332 rei-

2232 4369 2492 4450 publieoe
2524 4369 2702 4443 laesoe,
2747 4369 2845 4429 eui
2869 4369 3031 4429 alius
3062 4368 3367 4428 subdatur
3402 4368 3641 4428 ratione
3675 4365 3765 4423 de-

2232 4463 2383 4522 licti.
2418 4461 2591 4523 Unde
2620 4460 2968 4540 hujusmodi
2990 4460 3223 4521 bellum
3250 4461 3665 4548 introduenim
3690 4461 3766 4516 est

2234 4556 2371 4618 loco
2389 4557 2541 4634 justi
2566 4555 2783 4632 judicii
2805 4555 3186 4614 vindicativi.

2312 4650 2371 4708 6.
2420 4646 2681 4727 objecti-o
2730 4648 2937 4725 prima
2968 4665 3041 4709 ero
3068 4647 3248 4710 Rom.
3291 4650 3371 4710 12
3404 4646 3675 4710 solvitur.
3698 4675 3762 4689 —

2238 4743 2497 4821 Objectz‘o
2528 4741 2803 4804 secunda.
2826 4773 2903 4784 ———
2928 4741 3096 4818 Ejus
3130 4737 3761 4822 confirmata—Cou-

2233 4837 2524 4912 firmatm·
2549 4833 2817 4896 secunde.
2840 4833 3053 4894 -Sed
3086 4839 3305 4894 contra
3342 4834 3629 4914 objicitur
3652 4829 3756 4910 pri-

2237 4945 2362 5000 me,
2404 4926 2551 5005 quia
2596 4925 2711 4984 hoe
2744 4924 3008 4984 militare
3060 4925 3311 4986 videtur
3364 4933 3577 4986 contra
3631 4921 3759 4983 illud

2236 5019 2499 5079 Roman.
2546 5019 2661 5078 12:
2694 5017 3087 5081 Nonmazum
3099 5034 3219 5097 pro
3248 5019 3409 5080 malo
3454 5017 3755 5084 reddentes,

2232 5129 2351 5172 non
2373 5129 2477 5173 vos
2513 5109 2909 5184 vindicantes,
2960 5117 3073 5170 etc.
3140 5111 3581 5190 Respondetur,
3624 5105 3755 5167 illud

2233 5202 2497 5281 intelligi
2525 5203 2601 5263 de
2630 5204 2866 5281 privata
2890 5202 3277 5276 auctoritate,
3328 5209 3391 5262 et
3426 5203 3631 5264 animo
3676 5199 3756 5256 in·

2230 5294 2467 5356 ferendi
2490 5294 2669 5355 alteri
2700 5293 2933 5354 malum
2960 5313 3073 5374 per
3094 5312 3201 5368 se;
3256 5302 3532 5356 attamen
3576 5295 3625 5353 si
3662 5291 3753 5351 fiat

2228 5395 2527 5467 potestate
2579 5387 2857 5466 legitima
2906 5393 2969 5448 et
3015 5387 3283 5466 publica,
3334 5395 3515 5468 atque
3564 5386 3750 5445 animo

2226 5481 2581 5544 continendi
2602 5481 2804 5544 hostes
2830 5480 2896 5542 in
2924 5479 3141 5555 officio,
3174 5485 3237 5541 et
3258 5479 3583 5541 reducendi
3604 5473 3748 5556 quod
