3900 6217
561 394 679 459 120

558 506 847 585 praeclara
876 526 894 569 ε
924 510 1127 573 Multa
1152 518 1293 575 sunt
1319 530 1452 593 quce
1474 513 1541 575 in
1567 516 1845 580 Ecclesia
1872 534 1964 579 me
1971 516 2122 597 jus-

560 600 793 664 tissime
820 608 1037 675 tenent,
1088 608 1386 669 consensio
1424 610 1805 687 populorum,
1862 616 1919 673 ec
1973 628 2120 691 yen-

558 694 713 758 tz‘um
742 698 1075 762 auctoritas
1100 699 1419 765 miracolis
1442 701 1747 781 inchoata,
1792 723 1895 785 spe
1914 714 2114 782 aucta,

560 790 817 853 caritate
852 792 1131 871 firmata,
1156 800 1211 857 et
1237 801 1527 860 vetustate
1570 798 1833 875 nutrita,
1866 805 2017 863 tenet
2045 800 2119 862 ab

558 881 699 961 ipsa
728 884 858 946 sede
904 886 1083 949 Petri
1127 888 1432 967 Apostoli,
1481 891 1579 953 cus·
1618 894 1962 972 pascendas·
1989 912 2122 957 oves

558 992 707 1039 suas
738 978 1038 1042 Dominus
1076 982 1411 1059 mandavit,
1440 1002 1626 1064 usque
1650 985 1732 1047 ad
1768 993 2122 1065 praesentem

560 1068 999 1151 Episcopatum
1042 1076 1331 1138 successio
1372 1078 1741 1139 sacerdotum
1762 1102 1791 1150 ,·
1812 1083 1968 1143 tenet
2018 1081 2122 1143 dc-

558 1163 739 1244 m‘quc
772 1165 974 1245 ipsum
1004 1165 1329 1232 Catholicoe
1368 1188 1598 1247 nomen,
1650 1173 1807 1251 quod
1846 1190 1966 1234 non
1992 1173 2124 1237 sinc

562 1274 747 1319 causa
774 1258 935 1321 inter
982 1264 1109 1322 tam
1138 1262 1367 1326 multas
1396 1264 1645 1327 hoercscs
1688 1264 1819 1328 sola
1844 1265 1972 1327 Itoec
1996 1266 2122 1327 Ec-

562 1350 745 1413 clesia
771 1350 1048 1417 obtinuit.
1084 1355 1391 1418 Consonat
1430 1357 1615 1419 etiam
1663 1357 1810 1419 huic
1869 1358 2121 1421 veritati

564 1444 900 1524 Scriptura,
926 1444 1139 1508 dicens
1178 1466 1197 1509 ε
1229 1448 1600 1513 Testimonia
1650 1456 1759 1513 tua
1804 1451 2122 1515 credibilia

561 1540 737 1614 sacta
780 1545 923 1601 ssent
962 1540 1175 1617 nimis,
1214 1542 1444 1604 Psalm.
1484 1545 1589 1606 92.
1632 1544 1711 1605 Et
1754 1543 1923 1623 quod
1963 1544 2124 1607 dixit

564 1627 813 1706 Paulus,
840 1632 917 1693 ad
939 1632 1123 1695 Hebr.
1160 1636 1203 1695 2
1234 1656 1251 1695 ε
1278 1635 1573 1710 Quomodo
1598 1654 1709 1699 nos
1734 1638 2127 1719 effuyiemus,

560 1723 789 1786 scilicet
814 1726 974 1788 iram
1006 1728 1133 1801 Dei,
1180 1731 1239 1791 si
1276 1735 1509 1793 tantam
1543 1730 1980 1812 neqlexcrimus
2026 1750 2126 1795 sa-

563 1817 767 1895 lutem,
794 1836 927 1901 quoe
948 1838 1079 1884 cum
1106 1822 1354 1885 initium
1378 1826 1699 1904 accepisset
1732 1826 1994 1888 narrari
2012 1842 2124 1905 per

560 1911 911 1988 Dominum,
968 1914 1039 1977 in
1076 1934 1184 1979 nos
1210 1918 1571 1994 confirmata
1619 1923 1730 1994 cst,
1767 1924 2126 1990 contestante

559 2004 708 2080 Deo,
742 2005 937 2084 sionis
962 2012 1017 2070 et
1051 2010 1373 2088 portentis,
1410 2014 1575 2073 etc.?
1628 2011 1739 2072 Cui
1784 2017 2126 2073 consonant

560 2096 669 2159 illa
694 2098 885 2159 verba
908 2099 1129 2162 Christi
1158 2101 1426 2180 Domini,
1454 2104 1634 2167 Joan.
1666 2107 1743 2168 15
1775 2120 1793 2165 ε
1828 2104 1911 2169 Si
1946 2122 2126 2185 opera

558 2208 677 2252 non
704 2193 983 2269 fecissem
1022 2193 1090 2255 in
1132 2194 1243 2270 eis,
1277 2201 1423 2273 etc„
1452 2214 1609 2259 nunc
1634 2202 1833 2261 autem
1870 2215 2124 2261 excusa-

558 2285 777 2347 tionem
803 2302 921 2347 non
947 2286 1161 2349 habent
1190 2289 1259 2350 dc
1278 2294 1515 2368 peccato
1540 2310 1670 2353 suo.

636 2380 698 2438 2.
731 2378 1030 2441 Motivum
1052 2380 1319 2458 primum
1369 2384 1662 2459 credendi,
1710 2388 2015 2463 sumptum
2051 2404 2124 2449 σω

557 2469 799 2551 triplici
816 2474 1227 2553 proeroyativa
1256 2475 1423 2552 fidei.
1448 2510 1531 2521 —
1561 2478 1783 2539 Prima
1806 2494 2124 2560 prm-oya-

556 2564 687 2625 tiva
707 2595 791 2609 —
817 2564 897 2625 Ut
920 2571 1133 2627 autem
1178 2568 1501 2629 veritatem
1549 2568 1710 2630 hanc
1755 2570 1998 2632 ratione
2029 2590 2124 2632 os-

555 2658 909 2733 tendamus,
966 2664 1209 2739 oportet
1266 2660 1675 2724 fundamenta
1728 2684 1837 2725 seu
1888 2665 2124 2728 motiva

552 2749 739 2829 hujus
780 2750 1203 2814 credibilitatis
1240 2754 1425 2833 paulo
1467 2756 1659 2817 fusius
1682 2758 1904 2821 afferre
1932 2764 1996 2821 et
2017 2776 2122 2821 ex·-

552 2842 818 2924 plicare3
856 2848 917 2905 et
962 2844 1238 2925 primum
1266 2848 1515 2926 quidem
1562 2850 1867 2913 motivum
1892 2852 2124 2933 prinei-

553 2938 693 3017 pale
720 2938 883 2999 sumi
906 2945 1105 3020 potest
1132 2958 1209 3002 ex
1236 2942 1695 3005 conditionibus
1720 2944 1819 3007 vel
1858 2947 2124 3026 qualita-

552 3032 719 3093 tibus
763 3032 958 3113 ipsius
1004 3032 1323 3110 doctrinae,
1368 3054 1508 3115 quae
1558 3044 1817 3118 possunt
1862 3040 1943 3101 ad
1997 3046 2122 3102 tres

551 3126 849 3188 revocari.
898 3126 1102 3188 Prima
1146 3133 1238 3189 est
1280 3129 1509 3191 veritas
1552 3131 1687 3193 sine
1738 3133 1814 3193 ad
1822 3132 2122 3196 mixtione

550 3218 816 3299 alicujus
864 3219 1173 3285 falsitatis.
1222 3222 1379 3283 Nam
1395 3268 1416 3299 ,
1464 3230 1535 3283 ut
1578 3242 1769 3305 supra
1812 3226 2118 3304 diximus,

553 3330 697 3373 cum
741 3314 899 3373 Deus
946 3312 1030 3374 sit
1074 3313 1277 3394 prima
1320 3316 1571 3394 veritas,
1620 3336 1747 3379 non
1782 3325 1986 3399 potest
2021 3320 2122 3382 vel

554 3405 885 3467 minimam
912 3406 1247 3469 falsitatem
1271 3408 1606 3471 testificari.
1639 3411 1837 3489 Unde,
1870 3430 1945 3473 eo
1984 3414 2120 3493 ipso

552 3498 717 3579 quod
746 3498 955 3579 aliqua
980 3500 1265 3563 doctrina
1312 3502 1531 3563 miscet
1580 3504 1817 3585 aliquid
1862 3504 2116 3583 falsum,

550 3592 794 3655 etiamsi
810 3593 1004 3655 multa
1020 3612 1169 3655 vera
1180 3594 1416 3670 doceat,
1435 3601 1527 3657 est
1540 3596 1855 3659 sufficiens
1866 3598 2118 3677 sig-num

549 3684 721 3747 illam
752 3703 879 3747 non
912 3704 1041 3749 esse
1065 3706 1106 3749 a
1134 3688 1257 3749 Deo
1274 3704 1296 3767 3
1339 3694 1525 3769 atque
1552 3690 1764 3765 etiam,
1797 3708 1833 3751 e
1874 3698 2120 3753 contra-

546 3778 666 3854 rio,
696 3778 749 3837 si
798 3778 1085 3841 doctrina
1114 3780 1196 3841 sit
1235 3780 1492 3843 omnino
1520 3801 1699 3863 pura,
1728 3790 1792 3845 et
1820 3802 1962 3865 qum
1989 3801 2118 3851 non

548 3872 739 3953 possit
778 3872 855 3933 de
904 3872 1115 3953 aliqua
1162 3873 1429 3937 falsitate
1470 3877 1773 3952 convinci,
1818 3894 2118 3956 magnum

550 3972 989 4045 argumentum
1004 3968 1293 4047 est,quod
1312 3967 1537 4031 habeat
1556 3970 1752 4030 Deum
1776 3976 2116 4049 auctorem3

554 4066 687 4121 tum
718 4059 867 4140 quia
883 4059 1168 4121 homines
1192 4060 1371 4121 facile
1394 4060 1730 4141 decipiunt,
1762 4062 1911 4142 quia
1928 4066 2122 4127 omnis

552 4155 721 4215 homo
751 4154 1041 4229 menda-‘03
1086 4160 1221 4215 tum
1247 4154 1437 4215 etiam
1480 4156 1629 4234 quia
1658 4156 1855 4218 multo
1884 4156 2122 4219 facilius

550 4246 979 4327 decipiuntur-3
1028 4265 1155 4308 non
1188 4248 1359 4310 enim
1405 4254 1603 4329 potest
1628 4249 1818 4311 homo
1849 4251 1986 4313 sine
2015 4252 2122 4327 Dci

550 4340 785 4401 auxilio
830 4342 1151 4403 veritatem
1199 4342 1265 4403 in
1311 4342 1601 4405 omnibus
1652 4344 1923 4423 assequi,
1967 4346 2121 4425 quin

548 4434 867 4497 interdum
906 4435 1005 4497 vel
1045 4454 1205 4516 saepe
1232 4442 1416 4512 erret,
1446 4444 1509 4498 et
1536 4438 1806 4500 maxime
1841 4439 1911 4499 in
1938 4438 2122 4501 rebus

554 4528 807 4605 divinis»,
846 4535 908 4590 et
948 4548 1087 4610 quae
1131 4530 1211 4590 ad
1257 4529 1788 4593 immortalitatem
1818 4536 2119 4611 spectant,

554 4623 717 4685 utin
764 4625 1026 4685 materia
1054 4624 1131 4685 de
1158 4624 1369 4685 Gratia
1410 4623 1737 4703 probatum
1766 4631 1881 4702 est,
1910 4624 2020 4686 lib.
2062 4629 2119 4702 1,

554 4734 691 4797 cap.
718 4722 779 4793 1,
816 4722 877 4778 ct
901 4716 1013 4778 lib.
1046 4719 1107 4793 2,
1140 4735 1177 4779 a
1206 4716 1495 4798 princip„
1542 4724 1605 4779 et
1631 4719 1763 4799 ipss
1800 4720 2124 4800 experien-

556 4809 645 4871 tia
693 4811 839 4871 satis
888 4811 1157 4873 ostendit
1195 4811 1262 4871 in
1305 4811 1597 4873 omnibus
1645 4812 2025 4894 philosophis
2061 4819 2124 4877 et

554 4903 881 4983 gentibus3
932 4922 1059 4966 non
1093 4922 1417 4985 possumus
1444 4910 1655 4967 autem
1680 4906 1996 4969 evidenter
2027 4924 2124 4969 os·

556 4996 811 5058 tendere
838 4996 1049 5058 omnia
1076 5014 1215 5077 quai
1244 4997 1397 5060 fides
1422 4997 1601 5060 docet
1648 5015 1779 5060 esse
1805 5016 1978 5075 vera,
2009 5018 2120 5061 ne·

552 5108 673 5170 que
699 5089 766 5150 in
800 5089 917 5151 hoc
943 5108 1126 5152 sensu
1156 5091 1513 5171 accipienda
1544 5097 1637 5153 est
1660 5093 1791 5155 haec
1817 5093 2116 5168 conditio,

552 5184 701 5265 quia
727 5200 854 5243 non
894 5184 973 5246 de
1016 5186 1275 5247 veritate
1319 5184 1426 5247 sed
1446 5186 1523 5247 de
1548 5184 1959 5248 credibilitate
1986 5187 2118 5265 agi·

548 5294 709 5338 mus.
748 5275 1227 5355 Intelligendum
1254 5284 1348 5339 est
1370 5296 1519 5359 ergo
1560 5278 1686 5340 duo
1724 5296 1854 5340 esse
1882 5296 2118 5358 genera

548 5371 883 5433 veritatum
901 5371 969 5431 in
992 5370 1108 5431 hac
1132 5370 1279 5432 fidei
1298 5371 1615 5433 doctrina:
1646 5370 1955 5452 quaedam,
1977 5388 2116 5451 quae

550 5462 817 5526 naturali
860 5462 1096 5525 lumine
1144 5464 1429 5545 cognosci
1457 5472 1748 5545 possunt.;
1800 5464 1939 5527 aliae
1967 5482 2116 5526 vero

548 5562 693 5619 sunt
718 5556 977 5619 omnino
1003 5557 1525 5638 supernaturales.
1558 5560 1630 5620 In
1676 5558 1990 5641 prioribus
2015 5558 2113 5619 in-

1142 401 1383 457 msrur.
1416 408 1498 457 ιν.
1534 408 1615 460 ns
1648 374 2368 462 paor-osmens‘ossscri
2400 404 2565 461 mnu
2597 408 3014 469 sussiciens-s,
3049 408 3184 461 erc.

2201 508 2510 583 venimus,
2539 513 2774 571 etcum
2801 508 3114 573 evidentia
3139 512 3568 591 cognoscimus,
3617 519 3718 581 sal.

2201 606 2328 663 tem
2355 601 2424 663 in
2452 599 2688 679 multis,
2708 601 2896 665 fidem
2921 602 3084 663 hanc
3097 600 3316 665 docere
3347 620 3420 667 ea
3445 624 3574 686 quoe
3595 619 3720 677 sunt

2201 695 2472 757 maxime
2497 711 2670 771 vera,
2685 700 2750 757 et
2763 695 2990 757 rationi
3013 701 3444 761 consentanea.
3474 700 3720 767 Primum

2199 790 2266 851 in
2289 788 2388 851 bis
2413 808 2553 870 quas
2591 788 2780 851 tradit
2805 788 2882 851 de
2909 789 3034 851 Deo
3073 789 3232 869 ipso,
3262 795 3336 851 ut
3373 798 3465 853 est
3482 811 3634 857 unus
3667 804 3724 859 et

2199 888 2439 944 creator
2463 883 2772 960 omnium,
2799 888 2864 944 et
2887 881 3034 945 fluis
3075 881 3331 945 ultimus
3375 883 3674 949 hominum
3699 907 3718 969 3

2199 975 2422 1038 deinde
2443 977 2512 1039 in
2533 976 2632 1039 his
2663 994 2804 1056 quae
2829 980 3110 1057 spectant
3127 976 3210 1037 ad
3230 976 3722 1045 immortalitatem

2200 1070 2446 1147 animas,
2475 1076 2538 1132 et
2563 1070 2644 1133 ad
2665 1086 2878 1131 veram
2907 1069 3378 1147 beatitudinem,
3417 1075 3722 1151 prasertim

2200 1163 2344 1226 vitae
2373 1165 2600 1227 futuras
2610 1180 2632 1243 3
2668 1164 2738 1225 in
2763 1163 2988 1244 quibus
3033 1163 3221 1227 etiam
3265 1162 3490 1227 multos
3515 1183 3726 1231 errores

2203 1256 2552 1339 philosophi
2607 1258 2970 1320 docuerunt.
3031 1258 3122 1319 Ex
3175 1256 3274 1319 his
3325 1275 3472 1338 ergo
3525 1278 3726 1341 magua

2201 1350 2608 1414 credibilitate
2629 1352 3000 1431 colligimus,
3027 1358 3248 1413 coetera
3277 1351 3466 1415 etiam
3491 1370 3620 1433 quai
3643 1372 3726 1417 ra·

2199 1444 2433 1507 tionem
2464 1452 2779 1525 superant,
2809 1462 2958 1509 vera
2989 1462 3144 1522 esse,
3173 1463 3284 1507 seu
3327 1444 3590 1509 maxime
3617 1466 3728 1509 cre-

2201 1537 2446 1614 dibilia3
2469 1543 2608 1599 tum
2633 1537 2784 1619 qnia
2805 1543 2938 1600 tota
2963 1536 3244 1599 doctrina
3269 1537 3352 1599 ab
3379 1537 3586 1601 eodem
3607 1558 3728 1603 auc-

2202 1638 2336 1693 tore
2376 1632 2648 1713 profecta
2689 1640 2782 1695 est
2792 1648 2814 1711 3
2850 1639 2985 1695 tum
3001 1688 3006 1695 .
3021 1633 3210 1694 etiam
3243 1632 3392 1713 quia
3427 1632 3554 1713 ipsa
3593 1636 3728 1697 ratio

2201 1726 2504 1787 naturalis
2521 1725 2696 1787 docet
2719 1727 2912 1787 Deum
2929 1742 3062 1787 esse
3078 1725 3729 1805 incomprehensibilem

2201 1818 2479 1880 humano
2522 1819 2800 1898 ingeni0‚
2837 1824 2901 1880 et
2943 1836 3072 1879 esse
3117 1818 3357 1881 altioris
3405 1819 3623 1881 ordinis
3663 1821 3729 1883 ab

2203 1914 2378 1973 omni
2421 1918 2723 1987 creauit-a,
2753 1917 2816 1973 et
2857 1912 2998 1973 ideo
3034 1912 3219 1973 altius
3261 1918 3328 1973 et
3369 1912 3731 1976 excellentius

2204 2023 2334 2067 esse
2355 2006 2430 2067 de
2457 2006 2565 2067 illo
2589 2005 3006 2081 sentiendum,
3025 2022 3214 2086 quam
3243 2003 3528 2067 naturale
3547 2005 3730 2069 lumen

2203 2100 2445 2179 assequi
2475 2100 2685 2180 possit.
2718 2098 2830 2161 llla
2856 2117 3002 2161 vero
3031 2117 3172 2180 quoe
3205 2098 3364 2161 fides
3387 2098 3466 2161 de
3491 2100 3606 2161 Deo
3641 2100 3732 2159 do·

2203 2198 2300 2255 cet
2321 2212 2506 2273 supra
2527 2193 2808 2255 naturale
2831 2192 3068 2268 lumen,
3093 2192 3310 2255 omnia
3331 2192 3733 2255 commendant

2203 2286 2632 2348 excellentiam
2651 2285 2881 2347 divina»,
2903 2286 3263 2365 majestatis,
3287 2290 3354 2347 ct
3377 2302 3618 2347 omnem
3636 2285 3733 2347 im-

2201 2380 2640 2462 perfectionem
2679 2380 2762 2442 ab
2799 2381 2932 2459 ipso
2958 2380 3278 2457 auferunt,
3307 2386 3372 2443 et
3410 2398 3536 2442 non
3562 2386 3735 2443 osten·

2203 2473 2436 2536 duntur
2479 2493 2594 2535 nec
2639 2474 2880 2535 ostendi
2924 2480 3179 2554 possunt
3223 2473 3638 2554 impossibilia,
3676 2482 3736 2535 ut

2201 2568 2362 2630 ratio
2399 2568 2588 2630 etiam
2615 2569 2750 2648 ipsa
2781 2568 3082 2629 naturalis
3109 2570 3492 2648 assequitur3
3521 2585 3654 2647 ergo
3682 2568 3736 2628 in

2201 2668 2332 2724 tota
2357 2662 2474 2723 hac
2501 2662 2780 2723 doctrina
2809 2667 2902 2723 est
2927 2679 3158 2741 magna
3177 2662 3576 2723 consonantia
3603 2661 3738 2723 veri-

2200 2756 2367 2831 tatis,
2395 2774 2534 2836 quae
2563 2772 2642 2816 ex
2663 2754 2779 2817 hoc
2806 2754 3004 2834 capite
3029 2754 3255 2815 suffieit
3281 2755 3366 2816 ad
3392 2754 3738 2815 evidentiam

2201 2848 2646 2925 eredibilitatis,
2685 2854 2748 2909 et
2775 2847 2854 2909 de
2879 2848 2998 2909 hac
3021 2848 3378 2910 conditione
3405 2846 3594 2908 videri
3619 2864 3738 2925 pos-

2203 2949 2348 3004 sunt
2385 2942 2668 3004 Clemens
2710 2940 3183 3015 Alexandrinus‚
3213 2940 3324 3002 lib.
3361 2943 3397 3001 7
3443 2940 3738 3016 Stromat.;

2203 3040 2266 3097 et
2303 3034 2622 3109 Eusebius,
2649 3034 2760 3095 lib.
2793 3036 2832 3095 8
2857 3034 2936 3095 de
2964 3035 3297 3115 Proeparat.
3329 3035 3564 3112 Evang.

2281 3132 2341 3191 3.
2367 3128 2649 3193 Secunda
2672 3127 3480 3208 promptulam-Secunda
3499 3126 3742 3189 conditio

2199 3229 2315 3299 est,
2359 3221 2652 3283 sanctitas
2699 3227 2762 3283 et
2807 3222 3046 3303 puritas
3087 3220 3416 3299 doctrinae,
3458 3220 3536 3282 ad
3577 3238 3740 3300 quam

2199 3320 2458 3397 spectat,
2485 3322 2558 3377 ut
2583 3314 2798 3377 omnia
2825 3334 2964 3396 quae
2997 3315 3216 3377 doceat
3243 3315 3374 3377 sint
3399 3314 3665 3389 honesta,
3691 3319 3743 3373 et

2201 3408 2362 3469 nihil
2386 3408 2686 3489 approbet
2711 3409 2878 3489 quod
2909 3415 3090 3488 turpe
3118 3409 3220 3483 sit,
3251 3414 3442 3487 atque
3477 3407 3656 3469 etiam
3683 3412 3744 3465 ut

2201 3502 2414 3563 omnia
2443 3502 2669 3578 tradat,
2713 3519 2852 3581 quae
2897 3502 2976 3562 ad
3003 3500 3442 3563 rectitudinem
3487 3500 3622 3561 vitae.
3651 3517 3742 3559 ne-

2199 3595 2460 3657 cessaria
2489 3596 2616 3657 sint
2645 3601 2708 3657 et
2753 3594 3060 3661 sufficiant
3071 3611 3094 3672 ;
3121 3612 3270 3655 nam
3313 3610 3464 3655 cum
3500 3594 3647 3655 Deus
3678 3594 3746 3653 sit

2199 3706 2442 3751 summe
2482 3688 2706 3764 bonus,
2739 3706 2866 3749 non
2895 3694 3096 3769 potest
3124 3688 3496 3767 pravitatem
3521 3686 3742 3759 docere,

2201 3786 2312 3842 aut
2335 3781 2678 3857 consulere,
2705 3781 2884 3861 juxta
2915 3780 3066 3843 illud
3095 3779 3316 3843 Psalm.
3349 3782 3429 3843 18
3457 3780 3620 3845 :Dm
3639 3779 3744 3841 Do-

2199 3876 2356 3937 mini
2399 3874 2792 3937 immaculata
2807 3898 2836 3946 ,·
2859 3881 2924 3937 et
2956 3874 3180 3937 Psalm.
3220 3876 3342 3937 118
3381 3890 3400 3935 τ
3429 3875 3575 3941 Non
3607 3873 3746 3935 enim

2201 3970 2308 4051 qui
2339 3974 2666 4048 operantur
2697 3967 3104 4051 iniquitatem,
3135 3970 3206 4031 in
3243 3969 3368 4031 ciis
3397 3968 3529 4049 ejus
3563 3967 3748 4031 ambu-

2201 4063 2498 4125 laverunt.
2527 4062 2606 4122 Et
2639 4062 2786 4143 quia
2831 4062 2940 4124 Dei
2983 4062 3172 4123 etiam
3206 4062 3594 4143 providentia
3627 4078 3748 4141 per·

2201 4156 2366 4217 fecta
2399 4162 2515 4232 est,
2545 4156 2704 4218 nihil
2739 4158 2806 4218 in
2837 4174 2951 4218 sua
2985 4156 3268 4219 doctrina
3302 4157 3562 4233 omittit,
3601 4154 3750 4234 quod

2203 4250 2282 4311 ad
2329 4250 2475 4311 vitas
2529 4250 2916 4313 honestatem
2965 4252 3048 4313 sit
3089 4250 3532 4312 necessarium.
3591 4248 3750 4323 Quod

2198 4351 2407 4405 autem
2446 4344 2514 4405 in
2557 4343 2837 4405 doctrina
2871 4350 3098 4407 nostrae
3129 4343 3274 4405 fidei
3321 4343 3456 4406 haeo
3497 4342 3750 4406 conditio

2201 4437 2638 4517 perfectissime
2669 4436 3034 4517 reperiatur,
3061 4436 3242 4498 facile
3285 4437 3527 4499 ostendi
3569 4442 3750 4517 potest

2201 4532 2484 4594 discursu
2537 4532 2726 4593 simili
2774 4532 3166 4614 proecedenti.
3215 4534 3370 4595 Nam
3421 4533 3586 4595 inter
3633 4532 3752 4593 haec

2203 4626 2490 4703 moralia,
2517 4624 2802 4707 quasdam
2829 4626 3018 4688 etiam
3045 4626 3356 4688 naturalia
3389 4631 3560 4702 sunt,
3601 4641 3754 4704 quae—

2201 4718 2346 4781 dam
2383 4719 2878 4801 supernaturalia
2909 4736 2926 4781 z
2957 4719 3166 4800 priora
3213 4720 3530 4799 pertinent
3569 4718 3646 4779 ad
3675 4717 3750 4777 le-

2204 4830 2344 4892 gem
2375 4820 2638 4889 naturae,
2667 4830 2857 4893 quam
2885 4812 3166 4875 doctrina
3193 4812 3340 4875 fidei
3379 4812 3669 4887 illustrat,
3697 4817 3754 4871 et

2201 4924 2332 4969 non
2371 4906 2572 4969 solum
2599 4906 2758 4969 nihil
2787 4906 3066 4969 eontinet
3093 4906 3190 4968 illi
3228 4906 3634 4981 contrarium,
3658 4922 3754 4966 ve·

2197 5018 2340 5061 rum
2370 5001 2558 5062 etiam
2584 4999 2784 5061 multa
2807 4998 3082 5061 declarat
3107 5005 3171 5060 et
3195 4998 3488 5075 consulit,
3515 5016 3656 5078 quae
3681 4996 3752 5057 ad

2197 5093 2623 5175 perfectiorem
2670 5091 2836 5154 illius
2871 5092 3364 5155 observationem
3409 5090 3752 5163 conferunt,
3811 5108 3813 5115 ·

2197 5192 2268 5247 ut
2307 5192 2550 5248 constat
2585 5204 2660 5249 ex
2697 5185 2978 5247 doctrina
3013 5186 3262 5262 Christi,
3287 5184 3504 5247 Matth.
3534 5186 3598 5259 5,
3625 5198 3755 5263 quse

2197 5284 2290 5342 est
2335 5280 2606 5341 maxime
2653 5285 3064 5341 consentanea
3105 5280 3334 5340 rationi
3365 5277 3666 5351 naturali3
3697 5280 3756 5335 et

2195 5372 2404 5433 nullus
2451 5371 2958 5453 philosophorum
3014 5371 3191 5433 illam
3245 5370 3488 5451 assequi
3534 5368 3753 5449 potuit.

2197 5464 2702 5546 Super-naturalia
2729 5482 2877 5527 vero
2910 5462 3146 5527 habent
3181 5464 3427 5527 easdem
3457 5462 3754 5525 conditio·
3809 5518 3811 5525 .

2195 5574 2308 5620 nes
2349 5576 2538 5639 supra
2565 5558 2928 5635 insinuatas,
2971 5557 3122 5638 quia
3147 5575 3277 5639 prae
3307 5575 3373 5621 se
3415 5557 3626 5619 ferunt
3650 5554 3760 5616 ho·
