3900 6217
91 5892 109 5902 ζ·
91 5830 99 5879 ‘'V*
90 5752 99 5817 --
91 5563 103 5747 -—-—;--g„,
98 5501 101 5510 -

578 368 699 433 128
1162 366 1401 421 msvu'r.
1436 363 1521 419 lv,
1557 364 1638 421 DE
1670 362 2114 421 rnorosmonss
2147 360 2394 415 omnen
2426 358 2590 413 riom
2621 352 3042 417 sumamma,
3077 352 3194 407 mc

580 476 756 537 Matt.
784 472 904 549 243
942 474 1007 531 et
1030 469 1163 532 haec
1188 486 1357 531 nnnc
1384 467 1698 529 sufficiunt
1734 467 1811 528 de
1848 466 2050 545 primo
2079 468 2140 525 et

2219 460 2308 520 tia
2335 459 2498 520 inter
2539 455 3009 519 credibilitatem
3049 451 3190 514 fidei
3224 452 3506 515 Romanae
3549 458 3606 515 et
3637 473 3728 517 cu·

582 566 833 649 proprio
883 582 1091 627 errore
1137 562 1513 626 Judoeorum.
1563 560 1707 622 Fuit
1751 577 1899 622 vero
1950 556 2142 621 etiam
2213 553 2592 635 juscumque
2617 549 2922 613 haereticae
2946 546 3258 609 doctrinae.

583 661 764 737 alius,
812 659 919 741 qui
948 657 1233 739 proprius
1260 656 1485 717 dicitur
1512 653 1991 735 judaizantium,
2036 670 2143 732 po-

586 756 707 817 tius
734 772 922 835 quam
948 753 983 814 J
989 752 1340 826 udaeorum3
1372 768 1523 812 nam
1554 755 1731 811 erant
1757 748 1861 810 isti
1888 746 2144 809 creden·

582 855 677 911 tes
716 849 783 909 in
821 847 1155 921 Christum,
1199 843 1491 907 volebant
1523 849 1733 905 autem
1756 841 2145 922 judaismum

583 942 962 1024 conjungere
991 959 1134 1002 cum
1161 937 1521 1018 Evangelio,
1548 943 1889 999 asserentes
1919 934 2146 997 debere

584 1038 619 1101 J
625 1037 846 1113 udaeos,
880 1034 1123 1097 etiamsi
1150 1033 1461 1096 Christum
1485 1037 1557 1093 ut
1576 1030 1860 1095 Messinm
1880 1027 2148 1110 amplec-

587 1138 823 1207 tantur,
866 1147 1111 1193 servare
1143 1128 1347 1209 legem
1380 1127 1607 1207 Moysis
1633 1149 1651 1202 ;
1708 1124 1815 1187 sed
1844 1124 1947 1187 hic
1976 1141 2150 1186 error

588 1242 717 1287 non
740 1229 971 1305 spectat
994 1222 1073 1285 ad
1100 1220 1555 1302 illamspeciem
1579 1218 1987 1293 infidelitatiS‚
2009 1233 2148 1299 qnae

587 1323 679 1379 est
712 1316 747 1377 J
754 1316 1067 1378 ndaismus
1086 1362 1108 1393 ,
1155 1312 1263 1377 sed
1309 1313 1388 1375 ad
1437 1314 1702 1394 speciem
1754 1311 2039 1390 hoeresis3
2087 1315 2152 1373 et

592 1411 729 1473 ideo
757 1430 895 1492 quae
928 1411 1138 1473 statim
1170 1409 1516 1489 generatim
1546 1408 1820 1470 dicemus
1849 1406 1926 1467 de
1958 1405 2152 1468 haere·

591 1506 668 1583 si,
718 1511 932 1567 contra
974 1504 1149 1567 illam
1184 1503 1415 1579 valent,
1468 1508 1531 1565 et
1570 1500 1913 1583 specialiter
1949 1500 2150 1580 impu-

592 1599 773 1679 gnari
814 1599 967 1661 solet
1004 1596 1326 1659 tractando
1369 1596 1445 1658 de
1478 1596 1813 1657 cessatione
1852 1592 2152 1673 legalium

590 1690 662 1751 in
692 1691 948 1753 materia
972 1691 1047 1753 de
1074 1689 1365 1770 Legibus,
1390 1692 1453 1751 Ξ.
1486 1691 1551 1766 2,
1579 1693 1797 1771 quaest.
1829 1689 1968 1749 103.
1997 1686 2154 1749 vide

592 1782 635 1846 1.
669 1786 709 1847 9
738 1784 814 1848 de
843 1785 1131 1865 Legibus,
1161 1790 1223 1847 et
1250 1782 1595 1867 prolegom.
1624 1784 1662 1845 5
1688 1782 1763 1843 de
1786 1781 2019 1845 Gratia.

772 2017 1159 2098 Comparatio
1186 2018 1269 2080 ad
1291 2022 1483 2081 sectas
1513 2016 1984 2105 Han-eticorum.

678 2228 739 2294 7.
786 2232 1147 2297 Notationes
1170 2248 1281 2311 pro
1310 2229 1423 2292 Ιιασ
1448 2228 2163 2309 comparatione.—Ter-

603 2327 691 2387 tio
707 2372 728 2403 ,
774 2322 1191 2405 comparanda
1229 2328 1319 2384 est
1362 2321 1517 2383 fides
1549 2326 1761 2384 nostra
1800 2338 1941 2381 cum
1983 2320 2164 2383 sectis

600 2419 1033 2482 haereticorum
1057 2417 1422 2499 generatim.
1467 2418 1534 2479 ln
1570 2434 1696 2497 quo
1730 2421 1998 2496 puncto,
2047 2416 2164 2476 im-

605 2514 829 2597 primis
898 2518 992 2575 est
1050 2512 1497 2573 advertendum
1554 2510 1873 2572 haereticos
1948 2527 2167 2571 omnes

603 2608 883 2673 confiteri
909 2606 1251 2668 doctrinam
1282 2624 1319 2667 a
1352 2604 1588 2667 Christo
1624 2610 1685 2665 et
1713 2603 2019 2685 Apostolis
2045 2610 2167 2665 tra-

604 2704 801 2766 ditam
822 2720 955 2765 esse
976 2717 1189 2761 veram
1211 2720 1229 2775 3
1260 2699 1326 2759 in
1353 2716 1477 2779 quo
1503 2716 1644 2760 cnm
1668 2696 1994 2759 Catholicis
2023 2715 2167 2759 con-

604 2798 889 2860 veniunt.
936 2794 1093 2856 Item
1140 2793 1521 2855 conveniunt
1570 2792 1636 2853 in
1681 2792 1821 2868 hoc,
1862 2790 2029 2873 quod
2074 2792 2165 2853 fn-

604 2896 815 2953 tentur
840 2889 1028 2951 fidem
1056 2887 1279 2950 Christi
1302 2893 1545 2947 tantum
1575 2904 1703 2948 esse
1730 2906 1959 2963 unam,
1987 2886 2168 2967 juxta

604 2984 759 3047 illud
788 2983 986 3060 Pauli,
1025 2982 1098 3043 ad
1132 2980 1354 3061 Ephes.
1380 2982 1464 3041 4:
1518 2979 1687 3044 Unus
1716 2980 1900 3056 Deus,
1937 3000 2062 3043 una
2087 2980 2166 3057 fi-

604 3079 723 3141 des.
772 3079 923 3139 item
948 3075 1218 3137 fatentur
1245 3072 1407 3135 hanc
1429 3072 1617 3136 fidem
1645 3072 1868 3135 debere
1898 3091 2028 3136 esse
2052 3091 2167 3154 pu·

604 3188 738 3233 ram
768 3170 848 3233 ab
875 3168 1047 3231 omni
1073 3166 1384 3244 falsitate3
1420 3184 1567 3228 nam
1594 3166 1874 3229 doctrina
1902 3185 2041 3247 quoe
2063 3185 2130 3229 re
2147 3202 2166 3211 -

606 3281 755 3327 vera
780 3262 1055 3346 procedit
1081 3279 1119 3323 a
1148 3260 1411 3337 Christo,
1453 3258 1795 3323 necessario
1824 3258 2011 3323 debet
2041 3278 2170 3322 esse

608 3358 677 3421 in
705 3357 994 3419 omnibus
1028 3374 1178 3419 vera
1200 3362 1263 3418 et
1302 3353 1649 3416 infallibilis
1673 3369 1693 3433 ;
1739 3353 1891 3415 alias
1919 3358 2052 3415 tota
2082 3372 2176 3416 es-

612 3458 704 3513 set
733 3452 997 3528 incerta,
1044 3456 1106 3511 et
1134 3467 1260 3512 non
1289 3455 1491 3530 posset
1529 3446 1747 3510 haberi
1788 3454 1860 3511 ut
1894 3446 2179 3509 doctrina

611 3544 724 3609 Dei
740 3562 760 3624 ;
790 3545 958 3607 unde
986 3544 1080 3621 fit,
1110 3543 1273 3605 inter
1296 3560 1511 3604 omnes
1538 3542 1872 3620 doctriuaS,
1902 3558 2041 3622 quae
2070 3559 2179 3602 no-

615 3639 785 3700 mine
806 3636 1029 3700 Christi
1046 3638 1111 3700 in
1134 3636 1371 3699 mundo
1389 3636 1687 3712 existunt,
1714 3652 1905 3696 unam
1931 3638 2179 3695 tantum

615 3730 861 3793 illarum
886 3748 1013 3792 esse
1040 3724 1313 3793 revera‘a
1337 3728 1599 3805 Christo,
1626 3746 1699 3789 ac
1722 3726 1987 3789 subinde
2009 3726 2179 3788 illam

616 3824 817 3887 solum
844 3842 975 3887 esse
1002 3822 1387 3901 credibilem,
1421 3828 1493 3884 ut
1520 3841 1557 3884 a
1594 3820 1724 3884 Deo
1750 3821 2002 3896 dictam,
2031 3820 2180 3901 quia

618 3937 759 3981 cum
812 3918 935 3981 illae
988 3917 1283 3980 doetrinae
1344 3917 1659 3979 contraria
1708 3914 1994 3991 doceant,
2053 3932 2180 3975 non

620 4016 877 4093 possunt
918 4029 1047 4075 esse
1085 4028 1301 4073 omnes
1338 4028 1500 4073 veroe
1527 4032 1547 4087 ;
1594 4026 1743 4090 ergo
1778 4026 1907 4069 una
1934 4012 2182 4069 tantum

622 4104 875 4167 illarum
918 4110 1011 4167 est
1045 4122 1191 4166 vera
1228 4103 1508 4165 doctrina
1553 4102 1798 4165 Christi.
1836 4098 2186 4165 Difficultas

624 4204 833 4262 autem
854 4205 965 4274 est,
988 4198 1137 4279 quia
1150 4197 1574 4279 unusquisque
1592 4194 2020 4259 haereticorum
2044 4212 2187 4256 con-

624 4292 827 4355 tendit
866 4310 1042 4354 suam
1093 4292 1441 4353 doctrinam
1457 4337 1478 4368 ,
1522 4308 1651 4353 esse
1679 4307 1867 4371 quam
1913 4288 2188 4351 Christus

626 4392 688 4447 et
726 4382 1002 4467 Apostoli
1047 4383 1443 4447 crediderunt
1492 4391 1557 4448 et
1603 4381 1918 4446 miraculis
1967 4380 2189 4443 confir-

626 4485 881 4542 marunt
905 4525 926 4557 ‚
980 4483 1042 4541 et
1094 4478 1164 4540 in
1226 4496 1411 4559 quam
1478 4477 1744 4558 denique
1808 4474 2191 4538 conveniunt

626 4574 840 4635 omnia
896 4589 1033 4653 quae
1086 4572 1386 4653 superiori
1432 4570 1704 4633 sectione
1758 4569 2051 4631 diximus
2111 4566 2194 4629 Ut

627 4685 777 4747 ergo
816 4671 1033 4727 contra
1062 4682 1279 4728 omnes
1306 4664 1627 4727 haereticos
1664 4662 2064 4725 ostendamus
2094 4660 2194 4721 in-

626 4759 944 4822 credibilia
988 4760 1207 4822 docere
1244 4808 1262 4836 ,
1316 4758 1776 4840 comparatione
1816 4754 1966 4818 fidei
2005 4772 2190 4836 quam

628 4852 897 4915 Ecclesia
924 4852 1229 4915 catholica
1257 4858 1319 4914 et
1347 4853 1625 4913 Romana
1654 4850 1853 4925 docet,
1894 4847 2197 4911 nonnulla

630 4946 865 5008 motiva
912 4946 1012 5009 vel
1056 4946 1234 5027 signa
1282 4945 1532 5007 haeresis
1582 4943 1982 5025 proponenda
2027 4945 2194 5004 sunt.

632 5040 964 5102 Possumus
1008 5047 1219 5103 autem
1268 5038 1379 5102 illa
1421 5038 1601 5117 signa
1650 5037 1939 5099 reducere
1969 5035 2047 5097 ad
2080 5033 2204 5096 tria

630 5133 833 5215 capita
852 5178 871 5210 ,
918 5133 1119 5215 posita
1163 5135 1231 5194 in
1280 5132 1550 5195 sectione
1599 5130 2014 5212 praecedente,
2065 5145 2203 5210 quoe

632 5232 779 5289 sunt
799 5226 1064 5307 qualitas
1085 5227 1406 5303 doctrinae,
1436 5230 1619 5287 testes
1646 5224 1805 5304 ejuS,
1835 5229 1898 5285 et
1923 5220 2039 5285 Dei
2061 5220 2204 5283 sub-

633 5320 884 5402 scriptio
936 5338 1046 5382 seu
1102 5318 1493 5383 confirmatio
1543 5336 1657 5400 per
1710 5318 1962 5399 propria
2015 5332 2205 5397 opera

633 5415 769 5495 ejus
802 5436 815 5475 ε
865 5414 998 5477 haec
1026 5432 1295 5495 namque
1334 5412 1704 5477 conferendo
1742 5430 1851 5473 seu
1880 5418 2206 5493 contrapo-

638 5507 843 5569 neudo
869 5552 890 5584 ,
930 5507 1307 5589 intelligitur
1334 5506 1513 5570 facile
1543 5510 1777 5588 quanta
1804 5505 1884 5566 sit
1911 5506 2206 5569 differen-

2304 648 2364 709 8.
2412 646 2530 709 Fit
2548 645 2690 725 jam
2727 642 2914 707 tertia
2941 640 3306 719 comparatio
3339 657 3409 703 ea·
3433 642 3612 721 primo
3636 662 3733 705 mo-

2227 740 2349 805 tivo
2372 737 2928 822 proeroyativarum
2953 734 3100 813 fidei
3124 734 3316 813 posito
3342 740 3476 797 sect.
3507 735 3564 809 3,
3595 754 3647 797 n.
3687 740 3732 811 Ι,

2227 836 2446 917 quibus
2467 833 2744 897 accedunt
2773 830 2936 893 alioe.
2953 860 3038 873 —
3063 827 3283 891 Prima
3308 832 3392 891 est
3417 829 3732 908 antiquitas.

2223 960 2308 975 —
2335 927 2551 1008 Hujus
2567 924 3000 1007 praerogativa
3027 920 3212 984 ratio.
3253 954 3332 965 —
3370 919 3439 982 In
3460 921 3638 1000 primo
3657 940 3736 981 ea-

2226 1024 2354 1105 pite
2395 1018 2680 1084 addenda
2719 1022 2810 1081 est
2849 1015 2950 1078 hic
2995 1014 3290 1090 conditio,
3339 1031 3470 1094 quae
3513 1018 3597 1091 est
3633 1032 3737 1075 ma-

2231 1132 2430 1197 guum
2455 1112 2759 1173 indicium
2786 1127 2948 1171 verae
2982 1107 3080 1171 vel
3101 1107 3269 1169 falsae
3295 1105 3578 1169 doctrinae
3601 1106 3737 1183 fidei,

2229 1208 2331 1272 vel
2357 1225 2497 1289 quae
2527 1210 2772 1267 tantum
2795 1201 2871 1263 de
2895 1200 3017 1263 fide
3045 1199 3414 1282 praedicatur
3427 1215 3449 1278 3
3477 1216 3603 1279 quae
3625 1218 3740 1261 con·

2231 1302 2384 1365 ditio
2407 1308 2502 1363 est
2523 1296 2862 1379 antiquitas
2888 1293 2989 1355 vel
3015 1294 3276 1369 novitas,
3299 1310 3444 1353 nam
3465 1309 3600 1353 vera
3621 1292 3742 1355 fides

2231 1396 2415 1460 debet
2441 1411 2570 1457 esse
2591 1391 2852 1473 antiqua
2877 1433 2901 1467 ,
2937 1388 3179 1450 novitas
3203 1392 3410 1449 autem
3437 1386 3501 1447 in
3527 1385 3744 1447 materia

2231 1490 2377 1554 fidei
2419 1489 2668 1569 signum
2713 1490 2806 1547 est
2852 1483 3107 1545 haeresis
3134 1496 3156 1559 ;
3187 1478 3328 1543 talis
3367 1484 3565 1541 autem
3601 1478 3747 1540 debet

2233 1602 2362 1647 esse
2388 1580 2752 1662 antiquitas,
2788 1582 2860 1639 ut
2882 1577 3017 1657 ejus
3041 1574 3218 1655 origo
3245 1573 3438 1655 possit
3463 1572 3654 1635 reduci
3686 1572 3747 1632 ad

2235 1676 2542 1739 Christum
2570 1679 2633 1736 et
2663 1670 3007 1755 Apostolos,
3036 1666 3136 1731 vel
3157 1666 3518 1741 formaliter,
3546 1664 3632 1727 vel
3651 1666 3749 1725 vir·

2235 1776 2368 1845 tute
2387 1815 2409 1846 ,
2457 1767 2522 1829 id
2554 1772 2668 1842 est,
2701 1764 2782 1827 ad
2820 1764 3032 1845 aliqua
3057 1760 3364 1843 principia
3389 1758 3464 1821 ab
3491 1756 3751 1838 Apostolis

2236 1863 2464 1927 tradita
2477 1878 2499 1941 ;
2530 1858 2732 1923 omnis
2755 1864 2966 1919 autem
2995 1855 3242 1918 novitas
3267 1870 3408 1935 quoe
3441 1850 3517 1913 ab
3540 1851 3644 1911 hac
3663 1868 3751 1910 an·

2239 1958 2523 2039 tiquitate
2551 1952 2832 2029 discedit,
2882 1951 3134 2031 signum
3165 1956 3259 2013 est
3287 1946 3452 2009 falsie
3479 1945 3750 2019 doctrinm,

2241 2070 2350 2113 seu
2375 2048 2597 2111 alienae
2627 2066 2666 2109 a
2699 2064 2847 2109 vera
2871 2044 3015 2108 fide.
3065 2045 3215 2107 Haec
3245 2047 3454 2104 autem
3483 2038 3755 2099 diversitas

2241 2143 2560 2207 evidenter
2585 2140 2892 2223 reperitur
2933 2138 3098 2199 inter
3139 2134 3488 2198 doctrinam
3514 2130 3754 2193 Ecclesia

2243 2242 2305 2301 et
2337 2234 2816 2309 haereticorum3
2856 2250 3004 2295 nam
3050 2230 3333 2293 doctrina
3375 2225 3640 2291 Ecclesiae
3673 2224 3758 2285 ha·

2241 2330 2348 2393 bet
2375 2328 2736 2412 praedictam
2777 2326 3238 2406 antiquitatem,
3269 2332 3344 2385 ut
3377 2326 3540 2402 patet
3566 2326 3684 2382 tum
3701 2335 3760 2379 ex

2242 2431 2544 2507 perpetua
2571 2420 2952 2484 successione
2989 2417 3362 2481 Pontificum
3391 2416 3762 2477 Romanorum

2244 2538 2282 2581 a
2314 2520 2491 2581 Petro
2523 2534 2718 2597 usque
2761 2515 2838 2577 ad
2865 2512 3035 2575 hunc
3061 2512 3170 2593 qui
3199 2509 3390 2573 modo
3417 2508 3600 2583 sedet,
3642 2508 3764 2567 Pau-

2243 2612 2378 2675 lum
2405 2612 2480 2685 V,
2506 2617 2568 2673 et
2595 2608 2900 2685 Ecclesiae,
2925 2624 3064 2689 quse
3091 2605 3230 2668 illos
3254 2609 3328 2666 ut
3351 2604 3611 2664 Pastor-es
3629 2616 3763 2659 sem·

2244 2725 2356 2788 per
2382 2704 2661 2786 agnovit,
2705 2708 2768 2764 et
2800 2701 2988 2763 fidem
3017 2700 3184 2761 Petri
3215 2695 3512 2771 retinuit;
3561 2692 3765 2753 nullum

2245 2798 2412 2861 enim
2457 2796 2631 2861 aliud
2669 2794 2922 2857 initium
2969 2792 3155 2872 hujus
3198 2790 3352 2852 fidei
3408 2786 3658 2849 inveniri
3685 2788 3772 2845 aut

2247 2892 2405 2973 fingi
2432 2896 2632 2973 potest
2671 2910 2686 2950 :
2739 2887 2886 2949 item
2923 2886 3071 2967 quia
3096 2883 3234 2947 haec
3265 2883 3417 2945 fides
3445 2881 3512 2943 in
3543 2876 3772 2955 antiquis

2252 2985 2533 3049 Patribus
2565 2982 2850 3045 Ecclesiae
2879 2979 3219 3057 invenitur,
3245 2978 3358 3057 qui
3379 2996 3415 3039 a
3443 2971 3774 3055 temporibus

2249 3080 2378 3143 fere
2405 3076 2840 3161 Apostolorum
2868 3092 3063 3155 usque
3089 3073 3168 3135 ad
3199 3077 3416 3135 nostra
3443 3076 3696 3147 tempora
3715 3062 3776 3123 si·

2248 3174 2314 3238 bi
2343 3174 2808 3247 successerunt3
2847 3175 2913 3229 at
2939 3185 3112 3243 vero,
3137 3183 3174 3229 e
3203 3162 3538 3237 contrario,
3567 3160 3627 3219 in
3649 3174 3776 3237 qua·

2249 3284 2520 3347 cumque
2551 3263 2770 3327 haeresi
2811 3261 3064 3324 initium
3092 3259 3226 3341 ejus
3266 3263 3542 3331 notatur,
3565 3260 3624 3315 et
3650 3260 3778 3311 tem-

2253 3381 2370 3444 pus
2409 3367 2472 3425 et
2503 3361 2676 3423 locus
2708 3356 2816 3421 ubi
2853 3356 3108 3439 incepit,
3136 3360 3200 3417 et
3221 3358 3444 3417 auctor
3465 3370 3504 3413 a
3523 3367 3636 3431 quo
3653 3344 3784 3408 ordi-

2256 3456 2432 3519 narie
2478 3470 2708 3516 nomen
2756 3449 2994 3531 accepit
3021 3465 3044 3528 ;
3087 3454 3152 3511 et
3192 3447 3364 3510 hanc
3410 3440 3785 3509 differentiam

2255 3550 2420 3611 inter
2445 3546 2790 3609 doctrinam
2823 3549 2886 3607 et
2911 3542 3202 3605 haeresim
3239 3545 3545 3603 notarunt
3575 3535 3788 3597 Patres:

2259 3640 2605 3721 Cyprianus
2625 3683 2648 3715 ‚
2696 3637 2776 3701 de
2800 3636 3076 3699 veritate
3105 3633 3394 3697 Ecclesioe
3439 3648 3457 3693 ε
3495 3630 3636 3697 Non
3663 3624 3792 3688 enim

2257 3752 2366 3797 nos
2390 3733 2463 3795 ab
2491 3732 2648 3806 illis,
2671 3730 2778 3795 sed
2803 3730 2903 3793 illi
2941 3748 2984 3793 a
3009 3729 3182 3791 nobis
3205 3727 3621 3792 discesserunt.
3656 3716 3793 3779 Idem

2257 3825 2391 3890 fere
2417 3823 2801 3908 Epiphanius
2821 3868 2844 3901 ,
2885 3823 2954 3885 in
2989 3821 3377 3896 Anchorato,
3422 3818 3582 3880 circa
3611 3812 3791 3883 finem,

2261 3928 2324 3983 et
2351 3920 2582 3983 Haeres.
2627 3920 2730 3995 76,
2779 3936 2925 3979 cum
2958 3916 3176 3979 Acrius
3209 3913 3554 3977 Catholicos
3584 3906 3798 3969 vocaret

2261 4012 2646 4093 antiquarios
2673 4059 2688 4085 ,
2737 4029 2814 4073 ex
2857 4011 3122 4092 ipsomet
3147 4008 3342 4071 verbo
3376 4006 3554 4069 illum
3579 3998 3798 4065 convin-

2265 4107 2350 4171 cit
2380 4124 2399 4168 2
2429 4106 2600 4175 Nam
2628 4104 2810 4185 fides.
2849 4104 3076 4185 inquit,
3105 4120 3337 4183 semper
3375 4100 3645 4181 antiqua,
3675 4108 3802 4155 aaa·

2265 4218 2448 4283 quam
2473 4199 2790 4264 veterascit
2811 4224 2840 4273 ,·
2885 4203 2948 4261 et
2971 4196 3005 4258 J
3010 4195 3251 4257 ustinus
3289 4195 3550 4273 Martyr,
3593 4190 3654 4251 in
3687 4185 3804 4247 Dia-

2265 4293 2392 4375 log.
2440 4311 2584 4356 cum
2615 4291 2930 4373 Triphone
2963 4308 2981 4352 ι
3029 4288 3352 4365 Quoniam,
3387 4284 3613 4367 inquit,
3643 4278 3808 4343 omnis

2269 4386 2517 4451 heresis
2543 4386 2615 4450 ab
2644 4385 2848 4466 aliquo
2874 4384 3040 4447 ducit
3063 4382 3390 4464 ericium,
3413 4380 3520 4463 qui
3537 4396 3576 4441 a
3597 4374 3810 4441 Christo

2271 4480 2625 4555 desciverit,
2661 4495 2699 4541 a
2726 4478 2961 4541 nomino
2990 4476 3259 4541 auctoris
3279 4492 3428 4538 mos
3449 4484 3708 4553 sequaces
3727 4482 3810 4525 ao-

2271 4575 2492 4639 minat.
2517 4570 2656 4634 Alia
2681 4571 2877 4635 videri
2906 4575 3162 4651 possunt
3183 4568 3250 4631 in
3281 4569 3541 4643 Irenaeo,
3571 4565 3612 4626 l.
3639 4564 3675 4623 8
3691 4576 3812 4621 con-

2271 4673 2371 4731 tra
2401 4666 2656 4743 naeres„
2687 4683 2826 4747 cap.
2858 4667 2896 4725 3
2911 4687 2932 4742 3
2959 4662 3322 4739 Athanasio,
3353 4680 3542 4725 serm.
3572 4660 3611 4719 2
3631 4662 3814 4718 contra

2274 4758 2576 4835 Arianos;
2627 4759 3036 4839 Hieronymo,
3087 4766 3256 4819 cont.
3297 4755 3530 4830 Lucis„
3573 4751 3724 4813 circa
3759 4742 3817 4803 fi·

2275 4870 2442 4916 nem.
2492 4852 2672 4916 Ratio
2699 4857 2910 4914 autem
2955 4851 3143 4933 hujus
3183 4847 3563 4914 conditionis
3588 4848 3648 4907 et
3671 4838 3818 4901 diffe-

2281 4946 2498 5010 rentioe
2537 4952 2630 5011 est
2666 4944 2992 5009 manifesta
3001 4961 3026 5024 3
3072 4962 3221 5007 nam
3263 4960 3412 5005 vera
3449 4940 3624 5016 fides,
3655 4948 3818 5016 quam

2281 5040 2669 5123 profitemur,
2709 5046 2801 5103 est
2825 5038 2978 5101 fides
3005 5038 3270 5115 Christi3
3317 5055 3471 5117 ergo
3497 5034 3578 5095 ab
3603 5031 3708 5093 illo
3733 5026 3820 5087 de-

2282 5134 2389 5197 bet
2442 5134 2666 5197 ducere
2721 5133 3030 5213 originem
3073 5179 3096 5211 ,
3155 5139 3219 5195 et
3269 5132 3710 5209 consequenter
3757 5116 3822 5181 ab

2285 5228 2616 5311 Apostolis,
2658 5229 2808 5309 quia
2835 5246 2946 5309 per
2971 5227 3112 5291 illos
3135 5226 3476 5308 praedicata
3503 5230 3619 5299 est,
3647 5227 3707 5283 et
3729 5232 3824 5297 per

2286 5321 2594 5386 mundum
2621 5323 2967 5397 seminata;
3013 5340 3162 5401 ergo
3201 5320 3507 5396 doctrina,
3551 5332 3686 5398 quoe
3717 5326 3825 5373 non

2285 5414 2602 5479 reducitur
2628 5415 2706 5476 ad
2735 5414 2896 5477 hanc
2922 5414 3233 5493 originem
3249 5460 3271 5491 ,
3313 5430 3442 5475 non
3469 5418 3564 5473 est
3591 5404 3826 5470 credibi-

2283 5507 2362 5570 lis
2387 5513 2456 5571 ut
2480 5507 2633 5573 fides
2658 5508 2885 5571 Christi
2909 5554 2932 5584 ‚
2971 5514 3033 5570 et
3073 5507 3300 5569 deinde
3341 5524 3469 5569 non
3500 5509 3694 5585 potest
3719 5514 3826 5561 esse
