3900 6217
727 378 898 432 SEGT.
933 379 1014 432 XI.
1051 379 1137 432 AN
1167 379 1520 434 Rssvsstsrto
1551 379 1828 434 mentua
1863 378 2185 432 stJFFtctA‘r
2218 380 2303 432 An
2336 380 2667 442 OBJECTUM,
2704 379 2841 434 me.

203 467 350 530 tiam.
375 471 472 534 Sic
501 474 696 540 etiam
733 496 884 542 vere
912 478 1138 542 dicitur
1175 480 1372 560 quod,
1416 480 1582 542 sicut
1605 480 1734 542 hae-

204 561 436 626 retices
417 583 486 628 ιιι
513 585 644 630 uno
673 570 936 634 articulo
965 571 1170 652 perdit
1188 578 1386 636 totam
1415 573 1655 636 fidem
1639 592 1736 636 ιιι-

205 651 376 716 fusam
423 661 636 737 quoad
671 680 914 739 omneS,
967 665 1056 726 ita
1077 667 1273 728 etiam
1301 667 1507 746 perdit
1537 673 1735 729 totam

201 745 596 830 Theologiam,
625 772 764 834 quae
787 757 1046 820 scientia
1076 777 1191 820 suo
1211 760 1400 822 modo
1439 767 1556 834 est,
1591 760 1738 824 licet

199 841 436 905 retineat
479 846 672 910 fidem
713 851 1058 927 quamdam
1087 853 1452 927 humanam,
1511 854 1736 916 saltem

199 936 530 1014 mediatam,
553 944 764 1022 quoad
801 945 1044 1025 aliquas
1066 947 1502 1010 conclusiones
1530 949 1736 1010 Theo-

199 1025 438 1110 logiras;
465 1053 615 1096 nam
649 1037 956 1116 quidquid
984 1040 1062 1100 sit
1103 1039 1184 1100 de
1213 1040 1452 1116 habitu,
1483 1047 1580 1102 est
1614 1041 1732 1102 hoc

199 1137 392 1184 verum
435 1128 646 1206 quoad
691 1148 880 1192 usum
929 1137 994 1194 et
1037 1133 1400 1194 exercitium
1445 1141 1724 1208 actuum,

189 1213 320 1292 quia
345 1217 425 1278 illi
449 1221 806 1299 pendebant
832 1241 946 1304 per
968 1243 1060 1298 se,
1094 1231 1156 1286 et
1181 1225 1360 1305 quasi
1381 1226 1724 1290 essentiali-

181 1311 272 1368 ter
305 1310 390 1374 ab
419 1332 678 1378 assensu
705 1313 852 1378 fidei
895 1317 1138 1390 insusse,
1185 1317 1296 1398 qui
1341 1318 1410 1379 in
1436 1319 1728 1384 haeretico

175 1417 308 1462 cese
335 1422 464 1468 non
504 1411 724 1488 potest.
773 1408 1188 1474 Conna-matur
1211 1412 1330 1476 hoc
1357 1418 1418 1474 et
1444 1410 1730 1474 deelara-

173 1497 272 1556 tur
307 1496 606 1578 breviter,
633 1501 778 1581 quia
823 1521 951 1566 non
979 1509 1075 1566 est
1102 1504 1440 1568 verisimile
1489 1505 1728 1568 boereti-

179 1605 342 1664 cum,
402 1593 654 1658 firmiori
709 1596 811 1659 vel
855 1597 1096 1660 meliori
1142 1616 1406 1662 assensu
1466 1600 1726 1662 credere

173 1679 508 1762 Christum,
545 1687 716 1753 verbi
755 1690 979 1770 gretia,
1011 1709 1150 1752 esse
1177 1691 1502 1765 risibilem,
1535 1711 1728 1772 quam

173 1791 316 1838 esse
335 1779 670 1854 hominem
703 1780 818 1844 sed
843 1783 962 1846 hoc
991 1784 1340 1846 secundum
1367 1785 1568 1848 credit
1591 1789 1729 1848 tan·

181 1873 314 1932 tum
343 1873 472 1938 fide
497 1875 753 1936 humana
773 1894 791 1948 ;
815 1893 970 1956 ergo
993 1885 1063 1957 et,
1083 1878 1388 1956 primum;
1413 1897 1448 1940 e
1479 1887 1728 1942 contra-

181 1963 270 2024 rio
321 1984 478 2030 vero
519 1968 856 2032 catholicus
901 1986 1028 2031 non
1073 1970 1301 2032 minori
1353 1971 1723 2035 certitudine

171 2059 394 2124 credit
421 2062 692 2124 Christum
719 2079 858 2126 esse
903 2063 1230 2140 risibilem,
1275 2083 1468 2144 quam
1513 2085 1724 2128 assen-

181 2151 388 2218 tiatur
417 2157 492 2216 illi
540 2156 858 2220 universali
889 2158 1194 2237 principio
1229 2179 1244 2220 :
1277 2160 1493 2222 Omnis
1532 2161 1722 2222 homo

177 2255 302 2310 est
315 2249 558 2322 risibilis,
573 2250 742 2328 cujus
773 2251 1080 2312 certitudo
1111 2258 1206 2313 est
1232 2253 1454 2331 major,
1487 2260 1550 2313 et
1581 2271 1723 2332 per-

175 2339 438 2414 fectior,
461 2361 626 2422 quam
655 2344 732 2406 sit
777 2342 926 2404 fidei
968 2343 1298 2430 humanaez
1339 2363 1490 2425 ergo
1532 2347 1721 2408 etiam

183 2451 486 2498 assensus
505 2435 650 2496 illius
673 2436 1094 2498 conclusionis
1120 2438 1538 2516 Theologicae,
1577 2457 1722 2518 per-

173 2526 468 2590 fectioris
491 2529 722 2592 rationis
765 2535 864 2592 est
903 2529 966 2590 in
1013 2529 1353 2605 CatholieO,
1409 2549 1602 2608 quam
1653 2532 1719 2592 in

181 2621 498 2684 heretico.
533 2621 598 2684 Et
645 2622 794 2684 ratio
823 2622 1078 2702 propria
1108 2628 1224 2696 est,
1261 2623 1410 2702 quia
1439 2623 1718 2686 medium

183 2714 379 2786 illud,
409 2715 613 2777 stratio
640 2715 1039 2790 assentiendi,
1069 2735 1456 2797 consurgens
1487 2737 1564 2780 ex
1593 2725 1719 2782 tes-

187 2810 444 2870 timonio
465 2809 647 2874 divino
667 2811 802 2890 conj
813 2816 998 2872 uncto
1027 2829 1170 2872 cum
1197 2811 1506 2874 evidentia
1537 2819 1716 2874 natu·

199 2901 414 2972 tutati,
440 2907 518 2964 est
536 2901 904 2982 perfectioris
933 2903 1212 2978 rationis,
1243 2923 1436 2984 quam
1471 2905 1550 2966 sit
1584 2924 1716 2968 me·

209 2992 384 3054 dium
402 3012 732 3075 consurgene
759 3015 836 3056 ex
867 2997 1224 3058 testimonio
1255 2997 1532 3059 humano
1567 3017 1714 3060 con·

193 3087 410 3164 juncto
429 3105 548 3150 etun
563 3087 772 3150 eadem
798 3088 1112 3152 evidentia
1141 3089 1434 3166 naturali,
1463 3097 1532 3152 ιιι
1545 3091 1714 3154 vide·

193 3183 308 3240 tur
319 3197 424 3257 per
441 3198 502 3242 se
517 3181 926 3245 manifestum.

279 3275 368 3332 10.
395 3272 668 3338 Probatur
683 3275 888 3340 aetnae
908 3277 1162 3341 assertio
1185 3278 1439 3344 “cundo
1467 3277 1615 3353 zoco,
1643 3277 1712 3342 iu

189 3381 334 3426 earu
371 3383 476 3446 quo
515 3367 810 3436 diem-sse
863 3369 1106 3434 dicatur
1153 3369 1348 3434 solum
1398 3371 1706 3450 applicare

194 3458 504 3522 nater-iam.
529 3491 602 3507 —
621 3461 704 3524 Iu
723 3462 830 3526 hoo
851 3481 1002 3526 casu
1027 3463 1286 3528 intendit
1309 3467 1706 3530 assertionem

191 3549 266 3610 B.
286 3551 548 3616 Thenas.
569 3555 890 3620 -Emm
911 3559 1098 3622 ratio.
1125 3589 1208 3606 —
1235 3558 1534 3638 Superest
1563 3577 1704 3638 pro-

193 3639 378 3706 banda
401 3648 638 3710 assertio
665 3647 730 3709 in
757 3648 880 3710 alio
926 3668 1142 3726 sensu,
1171 3651 1424 3729 quando
1469 3652 1705 3714 utimur

187 3735 450 3802 discursu
485 3741 864 3823 Theologicffi
901 3762 1030 3806 non
1074 3751 1140 3806 ut
1179 3743 1426 3806 formali
1459 3745 1701 3808 ratione

185 3834 556 3911 assentiendi,
586 3835 695 3904 sed
723 3843 788 3900 nt
817 3838 1192 3918 applicante,
1219 3838 1320 3900 vel
1351 3839 1699 3918 explicante

183 3926 484 3992 materiam
532 3947 662 4008 quae
729 3931 1083 3994 continetur
1147 3931 1266 3994 suh
1317 3931 1697 3993 revelatione

189 4013 394 4091 divina,
447 4037 574 4099 que
619 4028 836 4102 postea
889 4031 984 4086 est
1035 4025 1222 4088 unica
1273 4023 1434 4086 ratio
1479 4041 1698 4086 assen-

187 4109 386 4182 tiendi3
413 4113 476 4174 in
501 4131 618 4193 quo
647 4133 836 4178 sensu
863 4116 1074 4178 minus
1099 4124 1269 4182 certa
1297 4124 1396 4180 est
1444 4119 1697 4180 conclu-

179 4200 286 4273 sio,
309 4210 366 4265 et
386 4206 576 4284 prima
600 4209 808 4288 opinio
850 4210 1154 4289 majorem
1199 4210 1390 4274 habet
1417 4211 1694 4290 speciem

177 4294 604 4375 pmhabititatis,
657 4301 806 4381 quia
853 4302 958 4366 ille
987 4309 1162 4366 actus
1194 4309 1288 4366 est
1315 4303 1498 4365 valde
1527 4303 1693 4364 simi·

173 4383 242 4444 lis
261 4390 412 4452 actui
439 4389 576 4455 fidei
617 4393 682 4454 in
710 4392 900 4456 modo
929 4396 1334 4470 assentiendi,
1379 4397 1444 4456 in
1471 4397 1692 4458 obscu-

165 4479 356 4552 ritate,
387 4483 771 4560 inevidentia,
787 4487 1098 4564 libertate‚
1119 4495 1182 4550 et
1209 4489 1312 4570 pia
1329 4489 1683 4552 affectione.

169 4569 542 4638 Nihilominus
563 4579 792 4641 etiam
777 4599 842 4642 ιιι
870 4580 990 4644 hoc
1014 4599 1202 4644 sensu
1236 4583 1516 4646 existimo
1545 4601 1686 4644 esse

169 4681 354 4730 veram
376 4672 793 4747 assertionem,
815 4679 880 4738 et
899 4667 1300 4740 intentamab
1329 4677 1685 4743 auctoribus

167 4761 432 4826 secunde
455 4768 798 4842 sententiae,
826 4771 1168 4846 praesertim
1213 4790 1254 4832 a
1301 4771 1372 4832 D.
1418 4771 1680 4846 Thema,

147 4857 246 4936 qni
269 4855 440 4920 docet
461 4857 590 4922 dari
605 4879 938 4924 assensum
963 4863 1406 4944 Theologicum
1435 4863 1684 4925 distinc-

133 4959 268 5012 tum
293 4949 374 5012 ab
403 4969 654 5017 assensu
679 4951 848 5027 fidei,
893 4960 958 5016 et
997 4949 1330 5018 certiorem
1361 4957 1681 5036 praemissa

125 5043 488 5106 naturaliter
516 5046 823 5122 evidente,
850 5046 958 5126 qui
997 5041 1293 5110 assensus
1323 5067 1450 5111 non
1475 5055 1680 5129 potest

119 5157 260 5202 esse
287 5137 472 5214 alius,
494 5139 610 5200 nisi
637 5139 692 5201 is
715 5139 792 5202 de
825 5159 949 5220 quo
980 5141 1316 5221 loquimur,
1346 5143 1491 5222 quia
1523 5143 1682 5204 alter

119 5251 414 5296 assensus
443 5250 556 5311 per
580 5251 648 5294 se
676 5233 976 5294 fundatus
999 5234 1066 5294 in
1094 5236 1402 5308 discursu,
1428 5255 1556 5296 non
1586 5240 1682 5299 est

119 5327 342 5390 certior
381 5343 574 5404 quam
603 5327 904 5388 naturalis
926 5330 1251 5406 praemissa
1289 5329 1566 5402 evidens,
1613 5336 1684 5392 ut

125 5419 506 5483 declaratum
531 5425 628 5482 est
645 5440 662 5494 ;
679 5439 830 5500 ergo
859 5421 1050 5482 etiam
1068 5422 1170 5483 hic
1198 5439 1494 5484 assensus
1510 5423 1683 5486 theo-

129 5516 354 5595 logicus
401 5513 596 5575 habet
645 5515 962 5593 objectum
1013 5513 1274 5578 fonnale
1323 5515 1678 5578 distinctum

3304 375 3386 436 99

1816 480 1896 542 ab
1926 480 2174 560 objecto
2208 480 2454 543 formali
2493 480 2675 553 fidei3
2712 497 2861 561 ergo
2910 478 3211 542 revelatio
3264 481 3390 542 vir-

1815 571 2001 634 tualis
2039 577 2307 647 tantum,
2358 592 2471 636 seu
2517 573 2815 646 mediata,
2848 573 3007 633 etin
3058 572 3205 647 alio,
3254 591 3385 634 non

1817 666 2044 728 sufficit
2096 668 2179 729 ad
2206 667 2521 746 objectum
2565 665 2829 728 formale
2858 664 3037 740 fidei;
3067 683 3217 728 nam
3252 667 3388 728 haec

1815 759 2117 822 revelatio
2144 761 2425 822 virtualis
2470 765 2562 822 est
2587 759 2849 821 formale
2879 758 3194 838 objectum
3222 760 3387 820 illius

1815 871 2115 914 assensus
2136 853 2517 934 Theologici.
2538 852 2715 917 Unde
2746 852 2866 914 hoc
2895 853 3081 914 etiam
3110 853 3389 914 sentiunt

1813 945 1918 1006 alii
1948 946 2274 1027 Theologi,
2329 945 2435 1025 qui
2488 945 2551 1006 in
2583 947 2702 1006 hoe
2746 944 3138 1024 distinguunt
3178 944 3389 1024 objec-

1815 1043 1950 1100 tum
1996 1037 2261 1102 formale
2298 1038 2657 1119 Theologiae
2713 1038 2793 1098 ab
2840 1037 3087 1116 objecto
3137 1037 3385 1098 formali

1811 1130 1987 1194 fidei:
2042 1150 2191 1192 nam
2221 1133 2364 1199 licet
2408 1137 2743 1211 utrumque
2786 1131 2865 1191 sit
2896 1129 3099 1209 prima
3126 1129 3379 1201 veritas,

1809 1231 2099 1305 respectu
2148 1224 2296 1287 fidei
2340 1231 2434 1287 est
2479 1224 2841 1286 immediate
2868 1222 3236 1297 testificans,
3269 1241 3384 1284 seu

1807 1317 2154 1380 formaliter
2196 1318 2521 1390 revelans;
2570 1322 2863 1396 respectu
2911 1332 3063 1376 vero
3115 1316 3380 1396 propriae

1807 1410 2164 1491 Theologioe
2218 1410 2420 1474 solum
2452 1409 2820 1472 testificatur
2846 1410 2909 1470 in
2940 1408 3085 1482 alio,
3118 1427 3233 1472 seu
3262 1411 3385 1472 vir-

1807 1503 2081 1564 tualiter.
2142 1503 2321 1566 Ratio
2372 1509 2587 1566 autem
2632 1508 2751 1576 est,
2808 1502 2955 1581 quia
3002 1501 3104 1562 hic
3152 1500 3385 1582 duplex

1807 1596 2035 1658 modus
2078 1595 2529 1658 testificationis
2576 1595 2770 1656 habet
2804 1595 3115 1657 rationem
3166 1595 3380 1658 motivi

1808 1689 1991 1752 valde
2018 1689 2352 1762 diversam,
2384 1694 2449 1750 et
2488 1688 2676 1769 longe
2706 1687 2952 1751 diverso
2980 1689 3169 1751 modo
3196 1691 3379 1751 certi·

1809 1782 1957 1844 ficet
1983 1783 2389 1856 intellectum,
2438 1783 2585 1861 quia
2626 1780 2825 1843 multo
2854 1783 3058 1864 magis
3092 1801 3383 1846 necessa·

1805 1877 1898 1938 ria
1929 1883 2024 1938 est
2046 1877 2274 1938 veritas
2298 1873 2685 1938 testificantis
2715 1874 2779 1936 in
2810 1893 2885 1936 eo
2906 1875 3079 1954 quod
3101 1874 3381 1938 formali-

1806 1972 1904 2032 ter
1954 1975 2018 2030 et
2044 1987 2341 2048 expresse
2385 1969 2675 2043 affirmat,
2727 1986 2919 2048 quam
2969 1969 3035 2030 in
3086 1987 3161 2031 eo
3211 1967 3381 2049 quod

1802 2063 2033 2126 virtute
2064 2069 2308 2126 tantum
2337 2063 2401 2126 in
2430 2079 2499 2124 re
2524 2062 2689 2124 dicta
2716 2064 3093 2137 continetur,
3121 2081 3381 2144 praeser·

1805 2157 1914 2219 tim
1943 2157 2197 2236 quando
2226 2156 2358 2218 haec
2380 2157 2513 2238 ipsa
2531 2157 2919 2218 continentia
2940 2158 3124 2218 unius
3138 2157 3205 2219 in
3228 2157 3376 2232 alio,

1803 2269 1922 2312 nec
1945 2251 2281 2324 revelatur,
2314 2268 2433 2312 nec
2456 2267 2573 2330 per
2600 2269 2669 2311 se
2696 2268 2770 2310 ac
2798 2249 3145 2314 formaliter
3174 2251 3379 2314 existit

1803 2342 1868 2404 in
1893 2361 1963 2404 re
1994 2344 2293 2405 revelata.

1883 2439 1982 2498 11.
2046 2436 2256 2500 Tertia
2310 2442 2509 2502 tamen
2554 2437 2888 2500 assertione
2926 2438 3248 2501 statuitur.
3294 2468 3377 2486 -

1797 2528 2111 2594 Probatur
2138 2529 2503 2594 auctoritate
2546 2528 3001 2612 Theoloaorum.
3030 2559 3113 2576 -
3137 2529 3232 2594 Et
3265 2549 3375 2594 ra-

1796 2622 1981 2687 tione.
2006 2653 2089 2668 -
2120 2620 2553 2700 confirmatur.
2592 2653 2675 2668 --
2722 2621 2951 2686 Evasio
2996 2623 3373 2702 insufficiens

1798 2714 2161 2778 excluditur.
2208 2745 2291 2760 -
2338 2712 2745 2792 Consti-matur
2772 2717 2999 2798 primo.
3027 2745 3111 2762 -
3134 2715 3371 2778 Nihilo-

1796 2807 2007 2866 minus
2064 2807 2403 2868 dicendum
2464 2813 2560 2868 est
2612 2807 2797 2870 tertio
2826 2853 2842 2880 ‚
2898 2808 3362 2870 conclusionem

1793 2899 2260 2980 Theologicam,
2308 2918 2445 2980 quae
2474 2901 2647 2980 prius
2684 2904 2931 2962 tantum
2961 2902 3183 2962 virtute
3214 2920 3367 2963 con·-

1795 2992 2111 3053 tinebatur
2157 2991 2219 3052 in
2268 2993 2459 3054 rebus
2500 2993 2808 3066 revelatiS,
2872 3000 3203 3074 postquam
3250 3013 3366 3076 per

1794 3085 2141 3148 Ecclesiam
2169 3085 2485 3160 definitur,
2537 3105 2675 3148 esse
2723 3086 3066 3150 formaliter
3114 3093 3174 3150 et
3220 3107 3363 3168 pro·

1791 3178 2101 3258 priissime
2144 3179 2222 3240 de
2278 3179 2427 3252 fide,
2460 3198 2591 3240 non
2622 3180 2892 3242 mediate
2930 3187 3195 3257 tantum,
3250 3183 3363 3244 sed

1792 3272 2189 3346 immediate;
2222 3272 2369 3352 quia
2394 3274 2526 3352 jam
2552 3292 2678 3335 non
2711 3273 2977 3337 habetur
2998 3275 3104 3338 illa
3130 3277 3359 3338 veritas

1785 3368 2033 3428 tantum
2076 3370 2143 3428 ut
2182 3367 2409 3428 virtute
2440 3373 2502 3428 et
2530 3367 2802 3430 mediate
2822 3368 3122 3443 revelata,
3148 3371 3261 3432 sed
3292 3376 3359 3433 ut

1783 3461 2063 3520 revelata
2089 3459 2437 3520 formaliter
2470 3466 2531 3521 et
2566 3460 2628 3520 in
2662 3479 2750 3522 se.
2786 3461 2928 3522 Haec
2958 3463 3218 3524 assertio
3266 3463 3358 3524 vi-

1785 3552 1969 3614 detur
1995 3553 2147 3616 mihi
2175 3559 2367 3628 certa,
2403 3559 2466 3614 et
2485 3553 2707 3616 haberi
2750 3573 2826 3616 ex
2854 3557 3172 3618 communi
3203 3575 3355 3619 con-

1785 3663 1975 3708 sensu
1996 3648 2482 3726 Theologorum‚
2514 3647 2621 3725 qui
2648 3647 2915 3726 primam
2943 3648 3251 3730 regulam,
3290 3655 3353 3712 et

1782 3739 2131 3820 proximam
2184 3740 2394 3820 quoad
2434 3759 2575 3812 noe,
2611 3741 2691 3801 ad
2743 3742 3216 3804 assentiendum
3272 3743 3350 3804 de

1780 3832 1928 3908 fide,
1956 3842 2203 3914 ponunt
2222 3833 2655 3896 definitionem
2668 3833 2981 3910 Ecclesiae,
3006 3843 3069 3898 ut
3092 3855 3168 3896 ex
3190 3854 3351 3916 prae-

1780 3925 2030 3988 cedenti
2076 3928 2352 3990 sectione
2403 3927 2663 4008 intelligi
2711 3933 2953 4007 potest;
3010 3933 3073 3990 et
3123 3930 3347 3990 eadem

1777 4025 2041 4082 utuntur
2068 4019 2478 4100 adjudicium
2496 4019 2825 4082 ferendum
2866 4019 2945 4082 de
2974 4023 3349 4100 propositio-

1777 4113 1946 4174 tione
1982 4113 2301 4186 haeretica,
2331 4120 2401 4176 ut
2430 4114 2697 4174 sumitur
2722 4120 2937 4194 aperte
2970 4133 3047 4176 ex
3072 4115 3147 4174 D.
3179 4116 3343 4176 Tho-

1775 4224 1878 4268 ma
1907 4208 1969 4268 2.
2001 4209 2063 4280 2,
2117 4212 2336 4286 quoest.
2374 4211 2471 4280 11,
2524 4205 2785 4268 articulo
2814 4205 3114 4284 secundo,
3166 4207 3247 4268 ad
3276 4210 3337 4282 3,

1772 4287 2251 4378 ubiCajetanus,
2280 4303 2342 4361 et
2365 4318 2610 4372 omneS,
2641 4305 2703 4360 et
2731 4299 2888 4361 infra
2918 4300 3337 4381 disputatione

1772 4393 2011 4456 decima
2036 4411 2229 4467 nona,
2252 4394 2527 4454 sectione
2548 4392 2847 4466 secunda,
2864 4393 3049 4455 latius
3074 4393 3333 4457 dicetur.

1770 4487 1987 4566 Neque
2023 4487 2091 4546 in
2120 4486 2238 4548 hoc
2281 4487 2537 4548 invenio
2578 4487 2967 4568 Theologum
3023 4489 3333 4551 contradi-

1770 4587 2017 4641 centem
2046 4599 2062 4653 ;
2088 4598 2237 4640 nam
2268 4581 2457 4652 Cano,
2491 4580 2600 4658 qui
2635 4581 2879 4654 citatur,
2914 4583 2987 4640 12
3014 4581 3091 4642 de
3128 4581 3329 4658 LociS,

1767 4691 1902 4752 cap.
1939 4675 1999 4748 3,
2035 4674 2242 4753 potius
2269 4675 2536 4735 affirmat
2564 4675 3021 4753 propositiones
3042 4673 3331 4738 delinitas

1765 4767 1845 4828 ab
1889 4767 2186 4842 Ecclesia,
2227 4786 2365 4828 esse
2402 4766 2481 4828 de
2518 4766 2664 4842 fide,
2698 4767 2867 4846 quod
2908 4768 2987 4828 ad
3014 4787 3147 4830 rem
3176 4787 3330 4847 prae·

1765 4867 2003 4922 sentem
2036 4867 2312 4940 spectat3
2344 4866 2559 4939 postea
2590 4880 2739 4921 vero
2769 4860 2999 4924 indicat
3041 4880 3168 4924 non
3200 4882 3329 4923 om-

1763 4971 1878 5014 nes
1918 4954 2055 5015 illas
2096 4972 2235 5016 esse
2276 4953 2579 5034 principia
2620 4953 2995 5032 Theologiae‚
3042 4955 3212 5033 quod
3240 4955 3330 5016 di-

1761 5065 2015 5109 versum
2044 5053 2160 5126 est,
2181 5055 2241 5111 et
2272 5048 2541 5128 pertinet
2567 5047 2826 5109 fortasse
2858 5048 3211 5110 admodum
3236 5050 3328 5110 lo-

1761 5141 1997 5220 quendi
2020 5141 2099 5203 de
2129 5141 2385 5202 scientia
2410 5141 2790 5220 Theologiae.
2820 5141 2996 5203 Ratio
3024 5161 3172 5204 vero
3205 5150 3321 5218 est,

1763 5235 1910 5314 quia
1930 5234 2101 5314 quod
2124 5235 2397 5298 Ecclesia
2424 5235 2661 5310 definit,
2669 5237 2834 5296 Deus
2857 5253 2969 5313 per
2984 5235 3323 5297 Ecclesiam

1762 5329 2146 5402 testificatum
2180 5326 2455 5390 Ecclesia
2480 5333 2689 5390 autem
2718 5324 2935 5390 definit
2964 5327 3148 5388 talem
3168 5329 3327 5390 veri-

1762 5427 1955 5485 tatem
2006 5422 2071 5484 in
2124 5439 2191 5484 se
2240 5441 2313 5482 ac
2359 5419 2738 5493 formaliter3
2791 5436 2942 5500 ergo
2976 5421 3109 5500 jam
3158 5421 3323 5484 Deus
3402 5451 3415 5458 -

1762 5515 1971 5578 illam
1956 5535 2019 5576 ιιι
2045 5534 2111 5576 se
2134 5535 2206 5576 ac
2233 5499 2576 5575 formaliter
2610 5513 3008 5575 testificatur·
2990 5557 3011 5590 ,
3044 5531 3193 5593 ergo
3246 5533 3321 5576 eo
