3900 6217
679 351 850 404 SECT.
888 351 968 403 IV.
1005 349 1145 412 Quis
1178 349 1274 401 st'r
1307 348 1530 400 Jusrus
1561 345 1824 398 ‘l'l‘l'ULUS
1857 345 2053 409 BELLl,
2088 345 2331 400 STANoo
2367 347 2429 400 IN
2464 347 2733 400 RATIONE
2764 347 3097 402 NATURALI.

273 455 696 518 inordinatum
733 457 867 514 erat
893 451 972 511 ad
1021 449 1300 511 debitum
1357 448 1664 521 ordinem,
1715 463 1842 506 non

271 549 472 610 solum
511 567 638 610 non
670 553 766 608 est
792 543 1198 625 prohibitum,
1251 543 1356 604 sed
1400 539 1836 602 necessarium.

273 642 450 704 Unde
479 662 532 704 c.
574 645 650 704 13
673 641 958 702 subditur
987 655 1004 700 t
1033 637 1178 702 Non
1203 637 1332 700 sine
1357 653 1541 699 causa
1563 633 1840 714 gladium

265 741 500 815 portat,
535 725 814 799 minister
840 733 958 795 Dei
989 735 1078 794 ost
1109 730 1190 793 ad
1222 729 1556 792 vindictam
1588 725 1837 800 malesa-

275 835 528 892 0tomm.
561 829 866 908 Objicitur
902 823 1218 886 secundo:
1263 840 1410 884 nam
1455 819 1731 898 sequitur
1772 818 1840 878 in

273 923 493 984 eadem
523 941 708 984 causa
731 919 1018 982 eumdem
1053 935 1183 977 esse
1229 921 1546 977 auctorem
1585 918 1648 972 et
1679 909 1842 989 judi·

275 1033 433 1092 cem,
453 1015 616 1096 quod
630 1021 720 1076 oet
741 1012 1066 1090 contrajus
1083 1016 1324 1072 naturas
1343 1025 1358 1068 t
1379 1005 1624 1084 sequela
1647 1008 1839 1083 patet,

275 1111 570 1190 quoniam
611 1109 776 1170 idem
807 1107 1094 1187 princeps
1121 1103 1389 1164 offensus
1419 1096 1836 1179 aggrediendo

273 1203 464 1263 sumit
497 1201 772 1262 officium
809 1199 1056 1278 j11dieis.
1099 1199 1176 1257 Et
1219 1194 1640 1264 confirmatur,
1698 1196 1837 1251 tum

274 1295 422 1374 quia
440 1295 556 1355 hac
582 1295 822 1354 ratione
847 1298 1107 1369 negatur
1122 1289 1376 1369 privatis
1391 1285 1664 1367 personis
1693 1298 1836 1361 pro·

257 1388 410 1468 -pria
435 1387 745 1459 vindicta3
775 1384 1092 1446 moraliter
1123 1383 1290 1443 enim
1328 1380 1580 1461 justitioe
1620 1373 1835 1437 termi-

275 1498 388 1540 nos
427 1480 795 1542 excederent
833 1499 848 1538 ε
883 1477 1052 1538 idem
1097 1495 1244 1538 vero
1283 1473 1627 1554 periculum
1654 1466 1840 1529 estin

275 1573 552 1652 principe
565 1591 628 1633 se
644 1571 1016 1643 vindicante;
1039 1577 1175 1630 tum
1191 1568 1336 1648 quia
1352 1566 1480 1644 pari
1495 1564 1758 1634 ratione,
1787 1558 1842 1618 si

275 1667 518 1745 privata
547 1683 810 1746 persona
837 1682 962 1725 non
990 1663 1178 1742 possit
1196 1660 1588 1741 perjudicem
1617 1674 1680 1716 se
1709 1653 1843 1714 vin-

275 1759 507 1833 dicare,
540 1765 740 1838 posset
760 1758 890 1836 jam
933 1773 1233 1836 usurpare
1282 1755 1405 1833 jus,
1449 1757 1511 1812 et
1539 1767 1652 1810 sua
1695 1764 1838 1807 auc-

274 1852 528 1913 toritate
557 1853 618 1913 id
647 1858 957 1932 praestare,
983 1868 1124 1911 cum
1154 1867 1279 1910 non
1313 1847 1436 1909 alio
1465 1845 1838 1906 fundamen-

275 1952 342 2005 to
371 1945 434 2005 id
475 1945 848 2006 concedatur
883 1942 1174 2022 principi,
1199 1957 1386 2022 quam
1415 1937 1564 2018 quia
1593 1953 1720 1997 non
1741 1937 1840 1994 est

273 2036 498 2098 modus
523 2037 683 2098 alius
700 2038 880 2116 justas
903 2035 1208 2096 vindictas.

358 2133 419 2191 7.
463 2129 768 2194 Diluitur.
795 2161 878 2176 -
901 2126 1003 2190 Ad
1017 2129 1289 2208 primam
1311 2125 1834 2205 confirmationem.

271 2221 476 2286 -Ad
497 2223 814 2286 secundam
851 2222 1242 2306 quorumdam
1267 2217 1574 2300 responsio
1628 2234 1840 2296 capen-

275 2319 468 2382 ditwr.
493 2350 570 2362 —
589 2315 792 2378 Plana
809 2315 1140 2394 responsio.
1169 2344 1248 2358 -
1270 2311 1696 2390 Respondetur
1711 2326 1840 2370 non

273 2429 450 2492 posse
495 2413 734 2489 negari,
767 2411 920 2490 quin
959 2411 1024 2471 in
1047 2409 1162 2470 boc
1187 2408 1436 2486 negotio
1463 2406 1677 2467 eadem
1704 2422 1839 2484 per·

273 2523 428 2565 sona
455 2503 910 2584 quodammodo
957 2503 1172 2563 subeat
1201 2519 1428 2562 munus
1470 2498 1738 2560 auctoris
1779 2503 1842 2557 et

268 2598 522 2677 judicis,
573 2598 729 2658 sicut
755 2598 942 2656 etiam
971 2597 1038 2656 in
1087 2597 1210 2656 Deo
1261 2593 1697 2672 conspicimus,
1740 2591 1840 2652 cui

274 2699 546 2772 potestas
585 2691 832 2770 publica
865 2689 1086 2751 similis
1133 2696 1258 2767 est3
1293 2706 1478 2750 causa
1526 2706 1674 2748 vero
1719 2685 1843 2748 alia

273 2803 402 2844 non
433 2792 542 2858 est,
577 2801 764 2863 quam
783 2784 932 2862 quia
953 2789 1122 2843 actus
1165 2781 1264 2842 hic
1286 2781 1541 2860 justitia}
1567 2779 1843 2862 vindica-

275 2877 420 2938 tivae
442 2877 562 2937 fuit
589 2876 970 2938 necessarius
996 2875 1274 2958 humano
1297 2874 1534 2954 generi,
1573 2879 1636 2934 et
1660 2879 1841 2934 natu-

273 2971 490 3030 raliter
541 2975 725 3048 atque
765 2968 1040 3030 humano
1085 2968 1269 3030 modo
1325 2985 1453 3027 non
1483 2967 1686 3046 potuit
1739 2967 1843 3027 via

280 3063 408 3123 ulla
441 3063 574 3123 dari
625 3061 1112 3136 convenientior,
1158 3061 1501 3140 praesertim
1552 3060 1700 3139 quia
1739 3077 1844 3119 cx-

277 3156 583 3236 pectanda
645 3160 741 3215 est
787 3161 934 3216 ante
1001 3154 1234 3214 bellum
1273 3154 1660 3214 coutumacia
1704 3171 1842 3232 per·

271 3267 442 3310 sonas
491 3248 880 3323 offendentis,
943 3247 1290 3308 satisfacere
1343 3245 1645 3313 nolentis:
1693 3265 1840 3306 nam

269 3347 424 3402 tunc
450 3342 569 3402 sibi
587 3343 854 3422 imputet
891 3343 942 3401 si
965 3340 1023 3402 ei
1045 3341 1331 3402 subditur
1355 3357 1541 3419 quem
1559 3338 1836 3402 offendit.

271 3437 486 3515 Neque
513 3441 604 3496 est
646 3434 848 3495 simile
877 3435 950 3494 dc
998 3451 1258 3514 persona
1284 3434 1565 3512 privata,
1611 3434 1836 3512 primo,

269 3529 421 3608 quia
447 3547 590 3590 cum
615 3530 856 3608 privato
879 3535 1130 3606 regatur
1148 3527 1424 3601 consilio,
1451 3525 1632 3587 facile
1669 3533 1842 3605 pote-

269 3624 355 3682 rit
383 3623 674 3682 vindictae
705 3622 960 3682 modum
990 3619 1282 3683 excedere
1308 3639 1324 3692 ;
1347 3626 1414 3681 at
1441 3625 1705 3700 potestas
1727 3638 1842 3699 pu-

269 3715 432 3776 blica
459 3715 708 3795 publico
741 3715 987 3775 ducitur
1006 3714 1284 3789 consilio,
1306 3715 1490 3792 idque
1505 3714 1840 3775 auscultari

274 3815 544 3884 tenetur,
575 3808 785 3888 sicque
803 3809 1040 3870 facilius
1063 3814 1262 3888 potest
1283 3808 1480 3868 vitare
1499 3808 1842 3867 incommo-

273 3902 354 3962 da
377 3903 608 3981 proprii
635 3902 912 3963 affectus·
939 3900 1242 3974 Secundo,
1282 3899 1428 3979 quia
1465 3899 1841 3960 vindicativa

275 4001 548 4075 potestas
573 4013 687 4074 per
723 4013 786 4055 se
815 4013 942 4055 non
971 3994 1048 4055 ad
1080 3995 1418 4074 privatum,
1447 3992 1554 4053 sed
1573 3993 1651 4053 ad
1674 4009 1841 4053 com-

278 4105 468 4148 mune
513 4087 748 4148 bonum
775 4087 1076 4162 refertur;
1136 4093 1198 4147 et
1227 4087 1366 4147 ideo
1406 4104 1534 4146 non
1582 4085 1839 4164 privatae

281 4197 580 4258 personae,
612 4181 718 4242 sed
747 4180 1015 4259 publicae
1045 4181 1370 4240 commissa
1397 4187 1523 4255 est3
1553 4196 1743 4259 quare
1789 4178 1843 4238 si

277 4272 410 4332 hoec
435 4273 750 4334 vindicare
769 4279 1034 4352 nequeat
1053 4279 1163 4333 aut
1187 4272 1364 4346 nolit,
1391 4273 1500 4332 illa
1537 4274 1840 4333 damnum

277 4366 583 4444 patienter
635 4365 940 4426 tolerabit.
998 4368 1072 4424 Et
1097 4383 1202 4445 per
1228 4364 1360 4425 hoec
1389 4370 1555 4444 patet
1585 4383 1843 4443 respon·

276 4459 368 4518 sio
413 4458 492 4517 ad
537 4459 806 4537 primam
859 4457 1415 4518 confirmationem.
1485 4457 1576 4517 Ad
1625 4475 1842 4518 secun-

275 4551 442 4625 dam,
475 4551 728 4629 quidam
754 4551 1046 4610 dixerunt
1073 4551 1139 4610 in
1168 4567 1240 4610 eo
1267 4568 1408 4610 casu
1433 4549 1618 4610 licere
1637 4551 1840 4628 priva·

275 4649 354 4704 toe
377 4661 652 4721 personae
693 4643 928 4704 occulte
955 4660 1019 4702 se
1046 4643 1386 4716 vindicare,
1433 4649 1497 4703 et
1549 4643 1613 4701 iu
1639 4642 1844 4704 codice

273 4735 492 4796 titulus
515 4736 816 4796 habetur:
868 4734 1114 4808 Quando
1153 4737 1334 4798 liceat
1371 4737 1503 4798 sino
1527 4735 1738 4815 judice
1779 4751 1844 4796 so

275 4827 586 4890 vindicare
603 4852 628 4900 ,·
659 4827 764 4888 sed
788 4827 1260 4904 intelligendum
1289 4827 1408 4888 hoc
1433 4829 1624 4902 venit,
1648 4845 1842 4905 quau-

276 4925 410 4980 tum
439 4919 516 4980 ad
558 4920 928 4982 damnorum
971 4920 1458 4995 restitutionem3
1499 4920 1698 4998 quoad
1735 4921 1837 4979 de-

273 5013 406 5074 licti
449 5032 598 5073 vero
638 5015 1024 5092 punitionem
1049 5020 1140 5074 est
1169 5013 1572 5074 intolerabilis
1617 5027 1832 5088 error,

273 5112 446 5166 actus
474 5107 703 5186 quippe
751 5105 1138 5168 vindicativae
1185 5107 1436 5180 iustitias
1462 5105 1834 5184 jurisdictio·

275 5201 372 5259 nis
400 5206 518 5274 est,
547 5216 734 5277 quam
765 5199 1010 5278 privata
1033 5217 1292 5278 persona
1330 5216 1454 5258 non
1477 5199 1686 5273 habet,
1729 5215 1838 5258 ne·

275 5311 394 5372 que
429 5294 538 5372 per
555 5292 808 5352 alterius
847 5291 1142 5352 delictum
1187 5297 1524 5372 comparat,
1559 5291 1836 5371 alioquin

275 5403 406 5447 non
437 5391 749 5466 oporteret
781 5385 875 5444 uti
905 5384 1150 5464 publica
1201 5393 1496 5465 potestate
1551 5385 1837 5465 jurisdic-

274 5479 464 5541 tionis
479 5502 500 5556 3
547 5477 648 5540 vel
687 5485 852 5544 certe
908 5497 1051 5540 cum
1085 5485 1349 5562 potestas
1377 5478 1836 5568 jurisdictionis

3368 349 3485 408 745

1923 445 2199 508 dimanet
2216 449 2295 508 ab
2320 449 2469 528 ipsis
2494 447 2869 521 hominibus,
2900 449 3247 528 potuissent
3258 451 3495 530 singuli

1921 559 2050 602 non
2075 543 2407 606 transferre
2432 543 2621 603 talem
2666 549 3027 621 potestatem
3058 545 3123 606 iu
3160 545 3485 620 magistra-

1921 639 2078 708 tum,
2110 635 2215 694 sed
2248 654 2384 696 eam
2406 635 2522 696 sibi
2547 654 2907 698 conservare
2929 652 2949 713 3
2970 638 3135 716 quod
3158 645 3251 698 est
3273 647 3491 718 aperte

1919 734 2133 788 contra
2164 728 2267 807 jus
2320 735 2581 800 naturus,
2638 737 2703 791 et
2738 736 2953 790 contra
2984 730 3215 792 bonam
3261 731 3487 810 guber·

1920 820 2237 882 nationem
2268 823 2511 900 generis
2562 822 2843 883 humani.
2894 824 3163 902 Negatur
3218 841 3365 902 ergo
3394 843 3489 886 se-

1921 913 2129 994 quela,
2162 933 2309 976 nam
2348 916 2515 993 leges
2546 918 2874 978 attendunt
2900 935 2975 979 ea
3022 935 3161 997 quae
3206 924 3352 978 sunt
3380 937 3491 997 per

1921 1025 2020 1085 se;
2092 1017 2156 1070 at
2206 1012 2462 1090 privatas
2522 1028 2826 1090 personas,
2874 1029 2986 1090 per
3032 1029 3097 1072 se
3150 1011 3489 1090 loquendo,

1919 1103 2152 1166 habent
2172 1105 2520 1184 expeditam
2559 1105 2903 1165 vindictam
2932 1104 3299 1166 delictorum
3345 1125 3487 1184 pro-

1917 1203 2056 1276 pter
2086 1197 2395 1276 publicam
2446 1203 2847 1278 potestatem;
2882 1198 3046 1277 quod
3102 1215 3251 1258 vero
3300 1198 3489 1260 inter-

1917 1291 2069 1352 dum
2094 1311 2219 1352 non
2248 1293 2501 1371 possint,
2555 1313 2666 1374 per
2693 1294 2979 1354 accidens
3020 1294 3247 1366 evenit,
3300 1299 3488 1373 atque

1919 1385 2061 1447 ideo
2114 1388 2455 1449 necessario
2498 1387 2911 1462 tolerandum,
2940 1395 3011 1447 ut
3051 1389 3347 1448 diximus.
3406 1387 3489 1449 At

1920 1499 2067 1543 vero
2094 1483 2423 1544 necessitas
2468 1483 2633 1544 inter
2658 1483 2811 1542 duas
2864 1481 3239 1561 respublicas
3274 1499 3489 1561 supre-

1921 1592 2055 1635 mas
2082 1593 2193 1654 per
2218 1595 2281 1636 se
2327 1583 2451 1648 est;
2488 1583 2550 1637 et
2576 1577 2665 1636 ita
2710 1582 2854 1636 sunt
2903 1575 3283 1654 exponendae
3319 1593 3487 1653 quae-

1919 1669 2065 1728 dam
2088 1669 2317 1730 Glossae
2344 1670 2581 1742 civileS,
2616 1687 2769 1746 quas
2798 1688 2983 1748 supra
3012 1669 3260 1731 Covarr.
3293 1669 3490 1730 addu-

1918 1763 2023 1823 cit.
2077 1763 2161 1823 De
2188 1782 2311 1843 quo
2354 1764 2543 1824 etiam
2583 1762 2861 1824 Victoria
2912 1763 2979 1822 in
3024 1761 3361 1824 relectione
3410 1763 3489 1822 de

1919 1854 2223 1916 Potestate
2254 1855 2445 1928 civili,
2480 1875 2518 1916 a
2548 1874 2811 1916 numero
2857 1861 3027 1916 sexto
3060 1877 3077 1930 ;
3122 1858 3295 1934 soto,
3340 1859 3381 1918 4
3409 1856 3489 1918 de

1915 1945 2184 2019 Justitia‚
2209 1957 2425 2028 quaest.
2452 1950 2515 2024 4,
2546 1955 2665 2010 art.
2696 1953 2753 2010 1.

2002 2041 2062 2100 8.
2106 2040 2317 2102 Tertia
2368 2040 2661 2112 conclusio
2720 2042 3068 2120 manifesta.
3100 2071 3183 2088 --
3225 2040 3488 2102 Dubium

1919 2133 2251 2195 subortum.
2288 2165 2371 2180 -
2410 2133 2573 2207 Quid
2606 2136 2840 2215 quando
2892 2153 2967 2198 σω
3010 2135 3159 2196 hollo
3214 2134 3489 2214 sequitur

1897 2227 2207 2290 damnum
2252 2227 2568 2291 Ecclesiae.
2616 2262 2695 2273 —
2729 2227 2891 2301 Quid
2940 2229 3177 2309 quando
3218 2225 3487 2320 scquicm·

1923 2325 2137 2382 contra
2154 2321 2425 2384 hostilem
2444 2327 2709 2402 partem.
2736 2353 2817 2368 -
2840 2321 3001 2394 Quid
3030 2322 3264 2400 quando
3294 2320 3490 2400 sequi-

1921 2419 2029 2478 tur
2063 2414 2187 2495 ipsi
2222 2414 2437 2477 bollum
2468 2415 2775 2495 instrati.
2815 2445 2897 2460 --
2930 2414 3073 2476 Dico
3104 2413 3317 2474 tertio:
3379 2410 3488 2492 qui

1919 2508 2053 2568 sine
2080 2525 2262 2568 causa
2285 2508 2451 2586 justa
2476 2507 2707 2568 bellum
2729 2507 3113 2585 aggreditur,
3136 2525 3261 2566 non
3282 2506 3487 2567 solum

1919 2607 2135 2662 contra
2164 2601 2549 2676 charitatem,
2590 2601 2700 2662 sed
2720 2602 2911 2662 etiam
2934 2607 3151 2660 contra
3180 2597 3487 2678 justitiam

1924 2699 2131 2772 peccat
2149 2709 2169 2770 ;
2199 2693 2367 2754 unde
2401 2699 2646 2754 tenetur
2684 2694 2894 2753 omnia
2948 2693 3177 2753 damna
3204 2693 3489 2755 restitue-

1922 2803 2011 2846 re.
2044 2785 2366 2846 Conclusio
2392 2791 2487 2846 est
2514 2785 2860 2846 manifesta.
2891 2785 3101 2846 Solum
3136 2785 3329 2862 quaeri
3352 2802 3490 2863 pos·

1923 2885 2017 2938 set
2042 2897 2121 2940 an
2158 2877 2339 2938 detur
2366 2878 2676 2938 interdum
2712 2895 2895 2938 causa
2922 2876 3071 2938 belli
3088 2894 3389 2938 excusans
3407 2876 3487 2938 ab

1921 2971 2245 3048 injustitia,
2277 2989 2407 3031 non
2434 2989 2581 3032 vero
2624 2989 2663 3032 a
2694 2975 2941 3051 peccato
2978 2976 3191 3030 contra
3220 2969 3488 3030 charita·

1919 3071 2071 3125 tem.
2131 3064 2770 3144 Respondendumque
2824 3082 2965 3124 raro
3018 3063 3137 3124 hoc
3184 3063 3485 3141 accidere,

1921 3177 2049 3219 non
2072 3164 2283 3218 tamen
2335 3157 2675 3237 quidquam
2722 3175 3099 3238 repugnare;
3133 3156 3293 3218 sicut
3317 3158 3487 3218 enim

1922 3253 2087 3312 inter
2113 3251 2383 3331 privatos
2408 3251 2737 3330 contingit,
2765 3257 2834 3311 ut
2852 3251 3007 3312 alter
3028 3251 3107 3312 ab
3135 3250 3329 3312 altero
3352 3268 3489 3312 rem

1919 3345 2039 3406 sibi
2066 3344 2339 3406 debitam
2372 3345 2647 3423 accipiat,
2680 3344 3060 3423 proindeque
3086 3361 3216 3404 non
3238 3343 3317 3402 sit
3340 3360 3487 3403 con-

1919 3444 2017 3498 tra
2042 3437 2371 3516 justitiam,
2400 3443 2617 3496 contra
2642 3436 3007 3497 charitatem
3039 3453 3187 3496 vero
3206 3435 3489 3514 aliquan-

1920 3531 2035 3606 do,
2070 3529 2371 3590 nimirum
2420 3529 2473 3589 si
2505 3547 2577 3589 ea
2604 3529 2683 3589 de
2708 3546 2895 3589 causa
2920 3527 3162 3588 debitor
3209 3529 3489 3589 incurrat

1919 3623 2282 3702 gravissima
2310 3621 2563 3696 damna,
2588 3628 2650 3682 et
2678 3639 2775 3682 res
2797 3620 2903 3682 illa
2930 3621 3217 3682 creditori
3251 3638 3377 3682 non
3406 3620 3487 3680 sit

1920 3717 2101 3778 valde
2146 3716 2487 3778 necessaria
2514 3761 2532 3788 ,
2585 3715 2675 3775 ita
2729 3721 2935 3794 posset
2994 3714 3267 3776 accidere
3323 3714 3489 3774 inter

1921 3812 2231 3890 principes
2258 3816 2321 3870 et
2362 3807 2763 3887 respublicas.
2791 3809 2860 3868 ln
2882 3826 3005 3888 quo
3036 3813 3247 3868 tamen
3272 3806 3488 3866 adver-

1919 3903 2202 3977 tendum,
2238 3902 2307 3962 in
2336 3900 2695 3979 hujusmodi
2724 3899 2885 3960 bello
2909 3919 3083 3980 posse
3110 3897 3491 3961 considerari

1921 3997 2125 4074 primo
2173 3995 2473 4055 damnum
2501 3991 2857 4070 reipublicae
2888 4002 3105 4054 contra
3131 4009 3319 4072 quam
3348 3990 3488 4051 bel·

1921 4087 2125 4165 latnr3
2152 4085 2419 4148 secundo
2440 4083 2607 4144 illius
2640 4101 2779 4162 quoe
2827 4084 3061 4146 bellum
3107 4084 3295 4144 infert
3312 4099 3332 4160 3
3364 4090 3488 4144 ter-

1925 4183 2011 4243 tio
2040 4180 2306 4259 denique
2339 4178 2637 4238 damnum
2666 4176 2925 4238 fortasse
2946 4179 3137 4246 totius
3178 4175 3483 4236 Ecclesioe.

1920 4278 1993 4337 In
2028 4276 2146 4336 hoc
2172 4271 2355 4332 tertio
2386 4275 2636 4345 eventu,
2670 4269 2850 4331 facile
2874 4269 2962 4344 id,
2996 4269 3161 4348 quod
3186 4268 3483 4343 diximus,

1921 4366 2189 4429 inveniri
2214 4369 2427 4444 potest.
2458 4365 2615 4424 Nam
2641 4362 2785 4423 licet
2810 4379 2919 4422 rex
2932 4361 3315 4422 Christianus
3344 4378 3486 4439 pos-

1924 4462 2005 4523 sit
2031 4461 2155 4521 alio
2178 4458 2345 4538 justo
2383 4457 2563 4516 titulo
2587 4456 2821 4518 bellum
2844 4455 3139 4529 indicere,
3166 4453 3485 4514 nihilomi-

1923 4571 2043 4614 nus
2064 4551 2285 4630 poterit
2304 4567 2550 4628 peccare
2577 4556 2789 4609 contra
2816 4547 3176 4608 charitatem
3198 4545 3484 4608 Ecclesiae

1923 4645 2219 4716 debitam,
2250 4641 2373 4701 tale
2396 4643 2499 4718 jus
2540 4641 2999 4720 prosequend03
3036 4645 3107 4700 ut
3139 4641 3191 4700 si
3214 4639 3361 4700 iude
3397 4639 3484 4697 vi-

1923 4739 2065 4798 deat
2090 4735 2295 4796 hostes
2320 4733 2465 4828 fidgi
2510 4733 2646 4794 fieri
2680 4735 3077 4813 potentioreS,
3124 4738 3273 4807 etc.;
3305 4733 3371 4792 in
3408 4748 3481 4791 eo

1922 4847 2070 4908 ergo
2098 4844 2263 4901 casu,
2292 4826 2436 4887 licet
2462 4827 2542 4885 sit
2570 4832 2887 4905 peccatum
2923 4827 3175 4901 bellare,
3224 4843 3350 4886 non
3386 4831 3484 4885 ta-

1918 4939 2065 4982 men
2096 4919 2369 4999 insurgit
2402 4918 2763 4980 restituendi
2821 4918 3138 4996 obligati0,
3188 4919 3481 4996 quoniam

1917 5015 2021 5075 ille
2048 5013 2209 5074 alius
2229 5013 2433 5090 justus
2458 5010 2673 5070 titulus
2700 5011 2875 5070 illum
2906 5011 3238 5089 deobligat.
3278 5012 3483 5084 Quan-

1915 5108 1995 5166 do
2029 5123 2175 5166 vero
2204 5105 2503 5165 damnum
2547 5108 2639 5163 est
2682 5103 2865 5182 primi
2894 5103 3161 5182 generis»,
3186 5109 3334 5164 tunc
3355 5121 3485 5164 non

1915 5199 2183 5259 multum
2222 5196 2481 5274 obligat,
2524 5196 2671 5274 quia
2724 5213 2911 5273 prava
2949 5196 3234 5256 voluntas
3280 5197 3367 5257 rei
3373 5214 3483 5275 pu·

1914 5291 2093 5352 blicae
2128 5289 2417 5368 injuriam
2452 5288 2772 5350 inferentis
2798 5288 2921 5349 fuit
2950 5307 3135 5349 causa
3186 5288 3388 5362 illius;
3430 5289 3483 5348 si

1915 5391 2128 5444 tamen
2152 5383 2225 5442 in
2248 5400 2390 5442 casu
2426 5380 2635 5461 aliquo
2665 5399 2791 5442 non
2818 5388 3020 5460 posset
3046 5381 3153 5443 illa
3180 5381 3483 5460 respubli-

1915 5495 2015 5552 ca,
2043 5475 2143 5538 vel
2170 5473 2541 5551 satisfacere,
2566 5473 2665 5536 vel
2716 5476 3039 5538 restituere
3060 5474 3193 5538 sine
3240 5475 3483 5558 magnis
