3900 6217
529 412 648 476 560

528 513 875 586 haereticus,
916 517 978 571 et
1006 510 1146 570 ideo
1174 510 1464 571 continue
1493 508 1904 569 confiscantur
1927 508 2091 569 bona

528 624 668 686 quse
699 607 765 667 in
793 605 900 665 illo
937 609 1213 683 tempore
1243 604 1531 684 acquirit.
1575 605 1902 682 Postquam
1944 619 2091 662 vcro

527 702 728 762 iactus
755 704 848 759 est
872 696 1239 772 Catholicus‚
1285 702 1498 774 cessat,
1527 696 1841 776 inquiunt,
1873 694 2092 756 confis-

529 792 714 868 catio,
742 797 804 851 et
845 789 1025 870 plene
1079 808 1151 849 ac
1203 789 1394 852 libere
1435 787 1700 870 possidet
1743 787 1907 848 bona
1952 805 2091 868 quas

529 891 677 945 tunc
704 883 994 963 acquirit,
1028 882 1178 961 quia
1201 883 1330 960 jam
1361 901 1488 943 non
1515 881 1844 960 delinquit,
1866 886 1927 941 et
1947 880 2093 959 quia

531 994 642 1056 pro
671 995 744 1037 eo
793 981 1070 1054 tempore
1099 975 1372 1036 maxime
1405 973 1680 1054 procedit
1723 974 2094 1035 fundamen-

527 1076 662 1130 tum
694 1069 909 1149 primas
945 1068 1290 1145 sententiae,
1320 1068 1469 1147 quia
1493 1075 1626 1146 jam
1655 1073 1749 1126 est
1787 1067 2095 1128 sententia

529 1161 658 1222 lata
704 1179 816 1242 per
850 1160 1052 1239 legem
1083 1161 1303 1238 ipsam,
1352 1167 1414 1220 et
1456 1160 1594 1222 ideo
1651 1158 1848 1221 solum
1894 1159 2096 1220 fertur

523 1254 707 1332 juxta
734 1252 1152 1314 conditionem
1199 1252 1648 1332 delinquentis,
1696 1270 1771 1313 eo
1818 1257 2094 1331 tempore

529 1365 652 1426 quo
730 1344 1054 1424 delinquit.
1125 1347 1202 1406 Et
1265 1345 1424 1405 hanc
1496 1345 1848 1424 opinionem
1929 1350 2095 1406 tenet

531 1439 785 1512 Sanch.,
824 1437 982 1498 libro
1025 1439 1087 1514 2,
1129 1457 1262 1517 cap.
1310 1440 1409 1511 14,
1446 1456 1621 1499 num.
1664 1440 1765 1512 10,
1805 1437 1911 1517 qui
1941 1437 2094 1498 alios

530 1529 737 1609 plures
768 1530 984 1604 refert,
1015 1537 1078 1590 et
1107 1531 1446 1610 praesertim
1475 1531 1722 1591 videtur
1752 1529 1917 1591 idem
1960 1551 2095 1593 sen-

531 1623 648 1683 tire
697 1621 870 1683 Tello
925 1621 1302 1698 Fernandez,
1344 1623 1410 1682 in
1456 1622 1624 1701 leges
1668 1624 1890 1699 Tauri,
1936 1623 1983 1684 l.
2028 1627 2091 1699 4,

528 1733 596 1776 n.
635 1717 746 1789 483
800 1721 862 1776 et
891 1715 1181 1790 Guttier.,
1220 1717 1260 1776 l.
1309 1719 1348 1777 2
1391 1717 1718 1778 Praeticar.
1747 1722 1990 1796 quaest.,
2027 1737 2088 1798 q.

533 1809 632 1883 39,
682 1826 858 1869 num.
906 1808 945 1868 6
963 1829 982 1882 ;
1025 1813 1088 1868 et
1125 1807 1381 1870 Salcedo
1401 1854 1422 1884 ,
1457 1807 1538 1870 ad
1575 1809 1916 1870 Practicam
1950 1809 2095 1870 Ber-

533 1898 713 1962 nard.
749 1900 1061 1973 Lucensis„
1084 1918 1136 1960 ο.
1170 1901 1271 1962 86.

612 1993 710 2053 13.
739 1991 1024 2054 Primum
1035 1995 1505 2073 pronunciatum
1530 1995 1692 2057 circa
1721 1995 1829 2059 hoo
1857 1995 2099 2059 dubium

523 2086 819 2166 probatur
847 2087 1099 2164 exvj-ure.
1121 2117 1203 2132 —
1230 2087 1301 2147 ln
1340 2085 1458 2148 hac
1496 2107 1588 2164 re,
1627 2088 1980 2168 incipiendo
2020 2089 2098 2150 ab

527 2179 628 2240 his
656 2195 800 2259 quae
842 2178 1100 2239 certiora
1127 2185 1294 2254 sunt,
1337 2179 1471 2239 dico
1495 2182 1697 2260 primo
1723 2203 1736 2240 :
1775 2188 2097 2262 postquam

528 2270 655 2332 lata
683 2277 776 2332 est
801 2271 1126 2347 sententia,
1157 2278 1219 2331 et
1240 2270 1564 2333 haereticus
1591 2279 1683 2334 est
1708 2275 2094 2349 emendatus,

531 2370 593 2425 et
637 2361 954 2425 absolutus
979 2363 1058 2424 ab
1085 2363 1371 2439 Ecclesia,
1405 2365 1578 2425 nulla
1619 2372 1711 2425 est
1746 2365 2097 2426 confiscatio

529 2456 833 2519 bonorum
865 2475 1003 2536 quae
1026 2470 1236 2538 postea
1257 2457 1540 2536 acquirit,
1573 2459 1676 2520 sed
1705 2467 1854 2519 tunc
1879 2457 2097 2520 saltcm

531 2551 789 2612 omnino
823 2551 1058 2611 finitur.
1108 2549 1252 2610 Haec
1291 2557 1382 2611 est
1415 2552 1917 2612 communissima
1958 2569 2095 2611 sen-

531 2643 748 2719 tentia,
781 2663 920 2723 quae
944 2643 1053 2704 vix
1078 2648 1277 2723 potest
1315 2644 1384 2704 in
1425 2640 1684 2705 dubium
1717 2645 1914 2716 trahi;
1948 2644 2097 2724 quia

533 2734 609 2796 de
628 2736 1062 2798 confiscatione
1085 2737 1152 2796 in
1178 2754 1405 2814 genere
1429 2742 1519 2796 est
1533 2754 1816 2817 expressa
1843 2737 1910 2798 in
1928 2738 2094 2817 jure,

530 2829 574 2890 l.
625 2827 706 2892 Si
725 2831 1104 2906 mandavero,
1136 2829 1174 2911 ἓ
1201 2831 1275 2894 Is
1299 2831 1422 2908 oui,
1450 2829 1518 2892 ff.
1544 2831 1842 2907 Mandati,
1874 2831 1983 2893 ubi
2006 2831 2099 2892 di-

531 2923 713 2999 citur,
746 2924 1072 3005 publicatis
1105 2923 1305 3002 bonis,
1336 2923 1630 3003 quicquid
1665 2931 1872 3005 postea
1892 2925 2100 3006 acqui-

530 3018 714 3090 ritur,
747 3035 872 3078 nou
906 3018 1183 3096 sequitur
1209 3017 1428 3098 fiscum
1445 3033 1467 3094 3
1511 3023 1571 3079 et
1615 3018 1782 3080 idem
1823 3019 2103 3098 sequitur

532 3127 610 3170 ex
653 3127 788 3191 cap.
839 3107 1088 3184 Felicis,
1131 3128 1291 3172 vers.
1359 3111 1575 3178 me
1619 3127 1752 3176 cum
1794 3111 1967 3184 talis,
2024 3111 2101 3172 de

533 3203 757 3279 Poenis,
789 3205 858 3264 in
881 3210 1074 3280 sexto,
1104 3202 1191 3264 ibi
1221 3222 1238 3266 :
1267 3205 1358 3268 De
1382 3205 1755 3284 postmodnm
1783 3204 2103 3286 acquisitis

531 3298 808 3380 repetitio
856 3313 974 3359 non
1022 3302 1267 3379 περαίαν
1285 3320 1312 3370 ,·
1349 3315 1504 3376 ‘ergo
1557 3298 1721 3359 idem
1768 3297 2100 3359 dicendum

532 3398 622 3452 est
645 3391 714 3451 in
734 3396 983 3469 peccato
1005 3387 1277 3451 haeresiS.
1309 3391 1612 3451 Probatur
1633 3391 2097 3471 consequentia;

531 3489 666 3544 tum
717 3485 864 3562 quia
924 3481 1080 3543 nihil
1133 3482 1394 3564 speciale
1439 3483 1778 3562 disponunt
1822 3483 1970 3561 jura
2020 3483 2098 3544 dc

532 3575 966 3638 confiscatione
1019 3574 1297 3637 haeretici
1352 3575 1553 3655 quoad
1604 3575 1765 3636 hanc
1817 3581 2057 3656 partem
2072 3591 2095 3653 3

529 3675 667 3730 tum
697 3669 882 3732 etiam
916 3669 1062 3751 quia
1094 3668 1335 3728 nullum
1365 3675 1456 3730 est
1487 3669 1592 3746 jus
1625 3667 1788 3748 quod
1818 3669 2101 3748 imponat

528 3761 692 3824 banc
726 3781 977 3843 poenam
1011 3762 1326 3837 haereticO,
1363 3768 1432 3822 ut
1467 3763 1679 3824 testari
1718 3779 1845 3822 non
1883 3766 2095 3841 possit,

531 3857 770 3917 etiamsi
794 3857 925 3936 Jam
966 3855 1219 3936 punitus
1255 3853 1445 3915 fuerit
1483 3873 1596 3934 per
1625 3853 1957 3916 Ecclesiam
1977 3900 1999 3932 ,
2037 3862 2100 3917 et

531 3948 872 4025 absolutus,
922 3949 1140 4010 saltem
1192 3946 1398 4028 quoad
1449 3966 1523 4008 ea
1563 3947 1728 4010 bona
1773 3965 1912 4028 quae
1962 3953 2101 4028 post

531 4045 900 4104 sententiam
921 4042 1218 4122 acquisita
1244 4041 1500 4103 fuerunt
1515 4057 1535 4119 3
1560 4059 1686 4102 non
1716 4049 1860 4102 sunt
1887 4046 2098 4104 autem

531 4128 1015 4216 multiplicandas
1088 4153 1287 4215 poenae
1357 4135 1489 4194 sine
1565 4151 1852 4214 expresso
1913 4137 2095 4214 jure3

531 4247 681 4308 ergo
712 4231 868 4290 sicut
896 4228 1002 4290 illa
1027 4226 1192 4288 bona
1219 4228 1520 4308 acquisita
1551 4233 1691 4307 post
1729 4227 2098 4288 sententiam

529 4321 724 4383 libere
753 4321 1141 4401 possidentur
1164 4320 1366 4401 quoad
1395 4319 1547 4381 alios
1571 4337 1718 4380 usus
1741 4319 1838 4380 vel
1865 4319 2097 4382 aliena-

531 4415 754 4491 tioneS,
787 4417 878 4476 ita
919 4414 1108 4476 etiam
1146 4414 1346 4493 quoad
1390 4411 1842 4492 disponendum
1873 4413 1950 4473 de
1978 4412 2098 4473 illis

532 4527 646 4588 per
665 4514 1105 4570 testamentum
1125 4529 1145 4582 3
1167 4524 1313 4585 ergo
1337 4505 1573 4566 nullam
1601 4504 2098 4567 confiscationem

529 4602 878 4663 incurrunt.
908 4601 985 4661 Et
1027 4601 1115 4660 ita
1149 4599 1359 4661 docuit
1392 4615 1676 4678 expresse
1708 4597 1938 4659 Anton.
1982 4597 2099 4658 Go-

531 4715 695 4773 mez,
725 4697 794 4758 in
821 4697 987 4757 dicto
1015 4713 1148 4774 cap.
1193 4692 1334 4769 ult.,
1371 4694 1698 4772 allegando
1727 4693 1911 4769 alios»,
1942 4699 2005 4755 et
2033 4693 2098 4753 id

531 4810 642 4870 pro
691 4789 996 4851 constanti
1046 4789 1220 4868 ponit
1263 4787 1518 4850 Saucius
1561 4805 1770 4867 supra,
1824 4787 2097 4849 referens

529 4883 758 4964 plures,

613 4981 709 5040 14.
762 4975 1105 5042 Secundum
1167 4973 1652 5058 pronuntiatum.
1710 5007 1790 5017 -
1849 4969 2101 5056 Triplex

531 5073 918 5136 corollarimn
959 5087 1034 5132 ιω
1063 5086 1222 5131 nnnc
1252 5067 1459 5130 dictis.
1485 5097 1567 5112 —
1591 5065 1738 5127 Dico
1776 5068 2045 5126 secundo
2076 5081 2093 5127 ε

529 5163 878 5226 confiscatio
943 5162 1251 5222 bonorum
1315 5177 1436 5221 non
1491 5157 1709 5219 finitur
1765 5159 1973 5218 statim
2029 5175 2101 5218 ac

528 5257 718 5320 homo
757 5263 951 5318 cessat
989 5255 1068 5316 ab
1105 5253 1332 5315 actuali
1363 5258 1612 5333 peccato
1647 5251 1921 5328 haeresis,
1957 5269 2097 5331 pro-

529 5359 667 5432 pter
686 5351 852 5431 quod
872 5349 1039 5410 bona
1067 5347 1510 5422 confiscantur3
1533 5345 1638 5406 sed
1657 5347 1735 5406 ad
1761 5347 2095 5407 minimum

532 5446 717 5508 durat
767 5443 1044 5526 quandiu
1093 5441 1368 5517 haeresis,
1420 5439 1638 5500 saltem
1685 5441 1919 5514 anime,
1969 5455 2097 5500 non

530 5543 922 5601 retractatur.
957 5536 1278 5612 Probatur,
1319 5533 1469 5614 quia
1514 5533 1622 5615 qui
1659 5533 1850 5595 semel
1879 5533 2100 5594 incidit

911 413 1147 466 DlSPUT.
1185 412 1336 464 xxn.
1369 412 1451 464 DE
1483 411 1834 464 TEMPORALI
1867 411 2060 464 PoeNA
2092 411 2567 476 HAERETICORUU,
2603 412 2747 474 QUAE
2778 409 2893 461 EST
2926 407 3336 463 coumscnlo.

2172 509 2239 568 in
2266 510 2575 586 haeresim,
2607 505 2885 588 quandiu
2907 505 2974 566 in
2998 504 3105 566 illa
3127 514 3453 586 permanet,
3480 512 3676 572 virtua-

2172 599 2313 664 liter
2358 602 2550 664 credit
2592 601 2880 663 eumdem
2931 616 3227 674 errorem,
3278 605 3337 659 et
3380 600 3501 662 vult
3536 612 3679 666 extra

2171 695 2501 757 Ecclesiam
2533 710 2961 777 perseverarc;
2992 710 3138 770 ergo
3167 711 3400 774 semper
3429 703 3512 756 est
3539 702 3682 776 quasi

2172 787 2237 849 in
2269 789 2481 851 eodem
2512 795 2797 869 peccat03
2841 805 2990 864 ergo
3032 804 3273 866 semper
3307 787 3483 848 etiam
3508 791 3680 868 subje-

2174 889 2309 942 ctus
2353 888 2445 943 est
2484 882 2683 943 cidem
2730 879 3171 942 confiscationi.
3206 881 3397 956 Dices,
3445 886 3685 960 quamvis

2174 982 2534 1056 permaneat
2578 975 2644 1036 in
2691 973 2992 1037 habituali
3035 978 3308 1053 peccato,
3355 973 3482 1035 fieri
3514 981 3729 1054 tamcn-
3835 981 3836 988 ’

2175 1087 2346 1150 posse
2376 1075 2447 1129 ut
2475 1069 2701 1130 iterum
2726 1086 2853 1128 non
2888 1067 3236 1127 committat
3263 1066 3488 1128 actuale
3513 1087 3691 1146 pecca-

2174 1168 2304 1223 tum
2341 1161 2611 1222 haeresis,
2654 1160 3016 1240 Respondeo
3049 1158 3354 1238 imprimis
3385 1159 3456 1220 de
3478 1178 3535 1220 se
3560 1179 3691 1221 sem-

2175 1274 2283 1335 per
2318 1271 2707 1334 perseverare
2734 1254 2802 1314 in
2840 1259 3002 1312 statu
3030 1250 3285 1312 actualis
3312 1254 3547 1330 peccati,
3572 1257 3695 1332 quia

2174 1365 2418 1428 semper
2453 1353 2515 1407 et
2547 1347 2842 1407 continue
2889 1349 3135 1405 tenetur
3173 1344 3378 1404 statim
3418 1345 3487 1404 ad
3524 1345 3694 1408 Eccle-

2172 1441 2328 1501 siam
2356 1439 2558 1502 redire
2583 1455 2601 1515 ;
2632 1446 2694 1501 et
2722 1439 2861 1498 ideo
2884 1436 3367 1499 accidentarium
3390 1455 3530 1512 esse,
3558 1440 3693 1518 quod

2174 1539 2426 1614 propter
2449 1532 2967 1592 inadvertentiam
2994 1548 3032 1591 a
3054 1548 3218 1591 novo
3240 1536 3482 1611 peccato
3504 1532 3693 1592 actuali

2176 1631 2519 1688 excusetur.
2562 1624 2793 1685 Deinde
2822 1623 2923 1685 lex
2957 1621 3233 1684 absolute
3267 1621 3539 1683 confiscat
3562 1622 3697 1682 bona

2174 1719 2450 1781 haeretici
2474 1701 2522 1804 ξ’
2568 1716 2673 1779 ille
2735 1723 2945 1777 autem
3014 1717 3344 1778 haereticus
3379 1722 3491 1790 est,
3542 1717 3698 1776 etiam

2177 1812 2426 1892 quando
2472 1809 2791 1873 actualiter
2826 1809 2902 1871 de
2936 1809 3151 1870 hae'resi
3198 1827 3326 1869 non
3367 1809 3594 1886 cogitat.
3630 1811 3700 1870 Ac

2177 1904 2446 1984 denique
2474 1903 2790 1984 probabile
2820 1908 2912 1963 est
2950 1902 3038 1962 ita
3077 1901 3396 1962 confiscari
3424 1899 3573 1961 bona
3592 1899 3699 1961 11ae-

2178 1996 2389 2073 retici,
2446 2003 2515 2057 ut
2562 1997 2697 2076 ipsa
2753 2013 3036 2075 persona,
3080 1994 3359 2074 quandiu
3406 1994 3473 2054 in
3516 1991 3700 2054 haeresi

2179 2096 2429 2166 manet,
2472 2091 2552 2150 sit
2600 2091 2865 2169 incapax
2912 2089 2992 2149 ad
3042 2087 3487 2168 acquirendum
3526 2085 3696 2162 bona,

2178 2202 2313 2265 quoe
2343 2201 2470 2244 non
2498 2183 2643 2258 sint,
2684 2201 2758 2244 eo
2787 2185 2941 2262 ip30,
2982 2180 3127 2243 fisco
3164 2179 3454 2259 obligata.
3488 2179 3640 2242 Unde
3670 2199 3701 2241 a

2176 2276 2418 2338 fortiori
2453 2275 2738 2348 infertur,
2772 2273 3181 2356 improbabile
3223 2290 3378 2348 esse,
3418 2273 3571 2352 quod
3596 2273 3703 2350 qui-

2178 2369 2323 2432 dam
2373 2369 2687 2444 dixerunt,
2744 2385 2855 2448 per
2908 2367 3341 2448 poenitentiam
3393 2366 3467 2428 dc
3515 2365 3704 2427 haeresi

2176 2463 2404 2524 auferri
2454 2462 2955 2524 confiscationem
3010 2461 3201 2522 etiam
3254 2458 3331 2520 de
3380 2457 3547 2521 bonis
3588 2465 3705 2518 ante

2174 2556 2463 2617 haeresim
2528 2555 2843 2634 acquisitis
2869 2570 2891 2632 3
2954 2555 3099 2634 quia
3160 2551 3521 2634 poenitentia
3571 2549 3706 2630 apud

2176 2649 2368 2712 Deum
2395 2667 2521 2710 non
2550 2647 2771 2710 liberat
2796 2647 3114 2709 hominem
3148 2665 3187 2706 a
3217 2646 3418 2726 poenis
3443 2643 3705 2716 Ecclesiae‚

2178 2747 2247 2802 ut
2278 2760 2463 2820 supra
2502 2739 2735 2802 dictum
2768 2747 2881 2816 est,
2931 2745 2993 2801 et
3026 2746 3201 2800 notat
3234 2739 3489 2801 Saucius
3525 2753 3701 2816 supra,

2180 2852 2441 2895 numero
2490 2837 2589 2895 13.
2635 2833 2810 2904 Unde
2855 2835 3130 2912 sequitur
3175 2832 3467 2906 secundo,
3505 2829 3551 2890 si
3593 2829 3706 2908 quis

2182 2935 2317 3008 post
2344 2927 2617 3008 primum
2652 2926 2898 3006 lapsum
2929 2928 2995 2987 in
3024 2925 3341 2999 haeresim,
3372 2940 3567 2984 coram
3605 2921 3707 2981 Deo

2180 3021 2515 3101 resipiscat,
2563 3031 2627 3080 et
2670 3021 2893 3080 iterum
2942 3019 3155 3080 redeat
3196 3017 3276 3078 ad
3318 3017 3607 3089 haeresim,
3648 3032 3707 3074 eo

2180 3115 2315 3195 ipso
2357 3115 2677 3176 confiscari
2722 3115 2927 3175 denuo
2954 3115 3139 3188 bona,
3172 3113 3365 3174 etiam
3410 3117 3537 3192 post
3575 3109 3709 3190 prio-

2182 3226 2313 3269 rem
2357 3209 2843 3287 resipiscentiam
2881 3207 3200 3287 acquisita.
3248 3207 3337 3266 Ac
3371 3204 3603 3265 tandem
3636 3221 3711 3264 se-

2182 3301 2394 3382 quitur
2413 3318 2579 3376 eum,
2610 3301 2807 3380 quiin
2834 3305 2993 3360 statu
3034 3300 3290 3360 haeresis
3318 3298 3625 3378 reperitur,
3650 3313 3709 3356 eo

2177 3401 2456 3474 tempore
2490 3411 2613 3472 quo
2655 3392 2732 3453 ad
2771 3393 3080 3471 judicium
3128 3390 3415 3453 Ecclesiae
3457 3387 3706 3463 trahitur,

2176 3485 2406 3548 habere
2435 3487 2645 3548 omnia
2672 3486 2835 3546 bona
2862 3483 3194 3546 confiscata
3223 3502 3362 3564 quae
3393 3489 3532 3543 tunc
3554 3481 3710 3562 possi·

2179 3577 2305 3656 det,
2341 3579 2583 3640 etiamsi
2631 3580 2854 3658 saepius
2902 3583 3085 3638 autea
3120 3577 3543 3658 poenitentiam
3581 3572 3710 3652 egis-

2180 3679 2294 3749 set,
2332 3673 2477 3754 quia
2517 3692 2628 3752 per
2667 3672 2960 3732 ultimum
2997 3677 3205 3732 actum
3260 3669 3501 3731 haeresis
3530 3665 3711 3728 omnia

2178 3766 2587 3846 praecedcntia
2624 3771 2770 3826 sunt
2804 3771 3109 3842 revocata,
3147 3763 3393 3824 etiamsi
3434 3762 3706 3832 daremus,

2178 3859 2344 3921 bona
2409 3861 2710 3940 acquisita
2766 3877 2839 3920 eo
2895 3866 3171 3939 tempore
3191 3902 3213 3935 ,
3272 3874 3395 3938 quo
3448 3856 3512 3917 in
3574 3859 3708 3915 statu

2179 3954 2560 4034 poenitentiae
2610 3947 3056 4036 perseverabat,
3116 3973 3249 4014 non
3303 3952 3487 4014 fuisse
3529 3950 3705 4012 statim

2179 4047 2527 4110 confiscata.

2261 4143 2362 4203 15.
2410 4141 2684 4205 Tertium
2726 4142 3219 4224 pronuntiatum.
3252 4173 3335 4186 —-
3363 4140 3501 4201 Dico
3530 4143 3702 4198 tamen

2176 4237 2361 4297 tertio
2400 4234 2778 4315 probabilius
2820 4252 2949 4296 csse
2990 4233 3488 4296 confiscationem
3519 4230 3703 4290 durare

2178 4347 2374 4409 usque
2418 4328 2499 4389 ad
2547 4335 2791 4408 tempus
2837 4327 2980 4388 latae
3028 4329 3376 4403 sententiae,
3424 4330 3483 4386 et
3530 4320 3705 4384 omnia

2176 4421 2341 4484 bona
2369 4439 2560 4502 usque
2582 4422 2661 4482 ad
2683 4420 2836 4482 illud
2862 4421 3165 4500 acquisita
3190 4439 3324 4481 esse
3346 4413 3701 4498 publicanda,

2176 4515 2394 4576 saltem
2422 4515 2489 4576 in
2512 4520 2644 4590 soro
2666 4513 2983 4578 Ecclesioe.
3014 4513 3320 4575 Probatur
3347 4511 3559 4591 primo,
3584 4506 3705 4586 quia

2176 4605 2309 4668 hoec
2347 4615 2438 4668 est
2474 4607 2866 4669 communior
2892 4607 3221 4680 sententia,
3262 4611 3326 4666 et
3350 4597 3705 4664 favorabilior

2178 4697 2345 4762 fidei.
2380 4701 2682 4770 Secundo,
2716 4700 2863 4778 quia
2888 4698 3123 4760 dictum
3151 4703 3337 4777 caput
3370 4695 3513 4760 Cwm
3535 4709 3706 4757 secun·

2178 4795 2320 4855 dum
2376 4793 2557 4872 loyes,
2595 4791 2887 4852 absolute
2940 4796 3005 4852 et
3057 4791 3407 4851 indistincte
3456 4785 3707 4850 confisi-at

2178 4885 2342 4946 bona
2386 4884 2683 4959 haeretici,
2736 4890 2797 4945 et
2836 4884 2943 4945 dat
2994 4883 3347 4946 facultatem
3386 4881 3527 4944 fisco
3558 4893 3707 4940 occu-

2178 4980 2368 5059 pandi
2417 4978 2626 5039 omnia
2675 4976 2783 5037 illa
2827 4982 2967 5057 post
3007 4977 3373 5037 sententiam
3406 4997 3423 5050 ;
3471 4989 3604 5049 ergo
3636 4969 3709 5026 ita

2176 5072 2313 5133 fieri
2348 5076 2571 5152 potest,
2622 5077 2686 5134 et
2721 5073 2742 5148 (
2762 5077 2834 5132 ut
2879 5070 3200 5148 existimo)
3240 5063 3600 5129 consuetudo
3632 5061 3708 5120 ita

2178 5163 2621 5244 interpretatur
2668 5163 2890 5242 legem.
2923 5163 3154 5238 Tertio,
3186 5170 3275 5223 est
3295 5163 3521 5241 optima
3548 5156 3704 5223 ratic,

2177 5255 2347 5336 quia,
2387 5255 2665 5336 quandiu
2707 5255 3031 5318 haereticus
3072 5272 3198 5315 non
3236 5253 3394 5315 redit
3426 5250 3500 5312 ad
3530 5245 3708 5310 Eccle-

2178 5349 2335 5410 siam
2383 5349 2448 5408 in
2494 5349 2632 5410 foro
2670 5349 2829 5428 ejuS,
2876 5349 2965 5409 ita
3011 5355 3079 5408 ut
3121 5345 3199 5408 ab
3239 5347 3344 5408 illa
3391 5341 3710 5406 absolvatur

2179 5443 2357 5522 eique
2379 5441 2831 5517 reconcilietur,
2857 5459 3101 5521 semper
3118 5457 3313 5521 praesu
3322 5437 3521 5512 mitur,
3547 5439 3603 5494 ct
3619 5431 3709 5508 ju-

2177 5535 2419 5596 dicatur
2437 5533 2871 5610 uthaereticus,
2887 5535 3071 5614 juxta
3089 5529 3365 5611 regulam
3379 5529 3545 5609 juris„
3562 5519 3707 5603 quod
