3900 6217
610 444 777 497 SECT.
814 446 899 499 lll.
936 445 1079 507 QUAE
1110 442 1277 494 ALIAE
1308 442 1715 497 CONDlTIONES
1746 440 2192 502 REQUIRANTUR
2223 442 2286 494 IN
2321 444 2667 505 mmmmm,
2702 444 2838 495 ETC.

87 545 359 609 fortiori
382 548 644 609 infertur
682 546 808 609 nnn
833 548 1015 608 licere
1038 565 1191 628 opus
1215 546 1464 627 aliquod
1486 546 1677 607 etiam

88 642 377 702 omnino
428 641 785 703 indifferens
831 643 1031 703 facere
1084 644 1297 703 animo
1346 638 1677 702 inducendi

88 732 385 793 alterum
412 734 489 795 ad
516 734 774 810 malum,
800 735 1087 816 quiahoc
1113 753 1240 795 non
1269 735 1467 795 solum
1520 738 1679 793 essct

88 827 471 889 scandalum
496 827 892 904 indirectum,
937 829 1040 889 sed
1072 830 1466 909 participaret
1486 827 1677 887 etiam

86 918 423 980 malitiam
450 921 721 982 scandali
748 922 987 982 directi.
1020 922 1091 983 In
1120 940 1242 1001 quo
1270 928 1481 982 tamen
1510 919 1680 980 vide-

84 1017 207 1071 tur
251 1012 505 1075 difficile
554 1013 789 1074 factum
841 1016 1090 1088 Judiih,
1131 1034 1267 1095 cap.
1299 1017 1359 1076 8.
1406 1015 1563 1075 Nam
1614 1031 1679 1074 se

91 1108 367 1167 ornavit
412 1109 623 1168 animo
670 1107 1003 1171 inducendi
1042 1109 1437 1171 Holofernem
1475 1108 1551 1169 ad
1601 1108 1679 1168 li-

83 1197 415 1261 bidinem.
446 1200 621 1261 Unde
656 1218 791 1281 cap.
834 1204 896 1276 9,
930 1209 1066 1264 orat
1095 1224 1113 1263 z
1150 1203 1452 1285 Capialnr
1474 1198 1699 1283 laqueo*

83 1292 422 1355 oculorum
449 1310 719 1371 suorum,
760 1302 875 1357 etc.
908 1296 1261 1375 Respondet
1297 1296 1475 1357 divus
1520 1296 1683 1357 Tho-

82 1402 235 1445 mas
285 1388 344 1448 2.
373 1390 433 1463 2,
465 1394 677 1467 quaest.
714 1390 855 1461 110,
894 1389 1154 1452 articulo
1182 1393 1245 1464 3,
1284 1392 1363 1451 ad
1402 1390 1680 1466 tertium,

84 1478 159 1538 in
222 1480 349 1541 illo
398 1480 557 1542 facto
612 1499 741 1544 non
796 1484 1075 1545 excusari
1144 1482 1361 1547 ‚Iudith
1416 1483 1497 1545 ab
1550 1483 1675 1545 alio

84 1590 343 1652 genere
398 1578 654 1654 peccati,
702 1594 928 1657 nempe
982 1578 1339 1655 mendacio;
1368 1578 1537 1637 unde
1583 1576 1675 1637 di-

84 1670 177 1729 cit
229 1668 558 1730 laudatam
610 1668 797 1731 fuisse
852 1689 980 1731 non
1036 1678 1285 1751 propter
1343 1670 1670 1745 malitiam,

86 1762 201 1823 sed
236 1766 498 1843 propter
528 1762 817 1824 affectum
869 1781 1053 1842 quem
1110 1764 1333 1825 habuit
1380 1763 1459 1824 ad
1514 1762 1674 1823 salu-

86 1859 221 1915 tem
300 1854 551 1935 populi;
599 1855 882 1917 similiter
930 1874 1075 1936 ergo
1130 1862 1331 1937 posset
1378 1858 1515 1937 quis
1572 1856 1669 1915 di-

84 1966 239 2009 cere
293 1950 371 2009 de
412 1948 651 2011 malitia
698 1950 995 2024 scandali,
1044 1950 1209 2030 quod
1256 1950 1507 2030 quidem
1567 1947 1677 2010 illa

84 2043 447 2122 praebuerit
474 2042 815 2119 Holoferni,
849 2044 1170 2105 laudatam
1198 2062 1347 2105 vero
1386 2044 1573 2105 fuisse
1594 2042 1675 2103 ob

86 2136 343 2196 dic-tum
392 2134 683 2197 affectum
736 2136 1145 2197 solummodo,
1200 2138 1315 2199 Sed
1368 2138 1524 2198 mihi
1556 2138 1675 2199 hoc

86 2246 229 2288 non
292 2228 517 2307 placet,
552 2234 804 2309 propter
858 2246 932 2289 ea
986 2230 1177 2291 verba
1211 2248 1345 2310 cap.
1396 2232 1521 2292 10:
1562 2230 1677 2294 Cui

90 2322 293 2385 etiam
328 2320 613 2383 Dominus
638 2321 893 2385 contulit
932 2324 1335 2403 splendorem,
1369 2326 1514 2405 qnia
1555 2342 1677 2385 om·

90 2415 196 2475 nis
220 2418 361 2477 ista
384 2416 727 2498 compositio
753 2432 871 2476 non
900 2434 973 2479 aa>
1000 2418 1272 2492 libidine,
1304 2420 1411 2481 sed
1443 2437 1515 2481 σω
1551 2419 1675 2480 τίν-

98 2514 235 2571 tulo
280 2510 597 2589 pendebat,
629 2514 690 2570 et
736 2508 921 2589 plane
966 2516 1166 2571 totum
1212 2510 1365 2572 illud
1413 2530 1566 2591 opus
1607 2512 1673 2571 in

90 2610 232 2662 tota
262 2601 523 2663 historia
552 2602 675 2663 Deo
727 2600 1051 2677 tribuitur,
1084 2609 1147 2665 et
1184 2604 1505 2665 instinctui
1540 2606 1675 2684 Spi-

94 2696 265 2755 ritus
311 2696 543 2756 Sancti.
586 2696 725 2756 Dico
783 2696 977 2774 igitur
999 2714 1127 2757 non
1182 2696 1354 2757 illam
1395 2716 1674 2777 peccasse

92 2798 363 2872 peccato
394 2791 691 2867 scandali,
723 2810 871 2852 nam
915 2792 1223 2870 imprimis
1270 2793 1431 2854 bona
1468 2794 1675 2853 inten-

92 2886 278 2945 tione
314 2883 709 2963 procedebat,
741 2903 895 2963 opus
924 2886 1109 2944 etiam
1158 2904 1283 2945 non
1322 2892 1453 2947 erat
1481 2904 1591 2966 per
1609 2905 1672 2947 se

94 2978 369 3037 malum.
398 2977 625 3038 Deinde
650 2996 777 3037 non
804 2977 1164 3038 intendebat
1190 2978 1381 3038 alium
1406 2980 1671 3040 excitare

98 3071 179 3131 ad
229 3070 615 3131 inhonestam
660 3070 1007 3145 libidinem,
1039 3071 1143 3131 sed
1190 3071 1551 3149 simpliciter
1590 3072 1668 3133 ad

94 3180 385 3223 amorem
420 3169 482 3224 et
514 3162 1019 3239 familiaritatem,
1050 3182 1235 3243 quam
1276 3164 1531 3225 honeste
1560 3164 1669 3225 ha-

92 3256 253 3317 bere
313 3262 622 3336 poterant,
674 3257 893 3317 saltem
953 3258 1299 3319 inducendo
1356 3258 1545 3319 etiam
1590 3258 1669 3319 ad

90 3350 603 3425 matrimonium,
649 3356 719 3409 ut
740 3352 925 3410 sentit
946 3350 1201 3429 Lyran„
1228 3352 1294 3410 in
1324 3368 1459 3429 cap.
1489 3354 1529 3413 9
1561 3352 1671 3411 Ju-

92 3444 263 3519 dith,
314 3460 438 3522 quo
492 3442 806 3503 mediante
870 3450 1074 3521 posset
1132 3444 1433 3523 populum
1488 3460 1665 3503 suum

92 3536 394 3611 liberare,
424 3536 583 3596 sicut
618 3535 764 3596 fecit
791 3535 1029 3596 Esther.
1063 3536 1238 3597 Addo
1294 3538 1481 3597 etiam
1526 3554 1667 3597 cum

92 3630 435 3705 AbulenS.,
468 3630 609 3692 Jud.
641 3631 741 3705 16,
768 3636 980 3708 quaest.
1004 3631 1101 3703 41,
1127 3649 1163 3690 a
1186 3630 1414 3710 Spiritu
1446 3631 1669 3691 Sancto

96 3724 301 3783 fuisse
331 3723 634 3798 edoctam,
668 3728 738 3781 ut
766 3722 830 3782 id
868 3722 1097 3783 faceret
1137 3740 1209 3783 eo
1264 3722 1448 3783 modo
1486 3730 1548 3783 ct
1574 3724 1669 3783 in-

92 3816 409 3887 tentione,
470 3834 591 3895 qua
635 3816 801 3876 licite
836 3821 1038 3895 posset
1080 3816 1237 3879 fieri.
1288 3818 1535 3877 Certum
1579 3823 1673 3877 est

92 3915 319 3969 autem
358 3908 626 3987 potuisse
660 3907 795 3968 fieri
834 3908 1041 3987 aliquo
1080 3908 1263 3968 modo
1288 3908 1481 3982 licito,
1522 3910 1671 3987 quia

94 4023 233 4064 non
274 4008 409 4063 erat
456 4002 691 4062 malum
754 4019 861 4080 per
906 4020 992 4075 se,
1024 4006 1087 4061 et
1132 4001 1489 4061 scandalum
1542 4020 1669 4062 nou

96 4102 239 4157 erat
274 4096 602 4170 directum,
648 4094 753 4155 sed
798 4098 1035 4173 poterat
1079 4112 1209 4155 esse
1236 4100 1479 4154 tantum
1508 4094 1669 4155 indi-

94 4196 371 4265 rectum,
394 4206 521 4249 non
542 4195 753 4249 tamen
778 4194 1120 4260 causatum,
1143 4188 1249 4249 sed
1275 4189 1664 4267 permissum,

95 4284 253 4361 quia
290 4289 539 4360 propter
562 4287 891 4359 urgentem
924 4283 1222 4361 maiorem
1245 4281 1668 4341 necessitatem

94 4374 519 4435 excusabatur
546 4374 625 4435 ab
648 4372 1023 4453 obligatione
1052 4373 1290 4434 vitandi
1310 4373 1489 4433 illud.
1512 4373 1667 4435 Vide

92 4471 296 4530 etiam
326 4468 801 4529 Carthusianum
836 4470 901 4529 in
932 4487 1076 4530 eum
1106 4468 1337 4529 locum.

184 4566 247 4623 7.
296 4562 655 4641 Difficultas
697 4564 1080 4644 proponitur.
1132 4594 1214 4607 -
1258 4560 1669 4625 Resolntionis

94 4658 292 4721 ralia.
342 4690 423 4702 —
470 4656 589 4718 Sed
634 4666 913 4737 superest
982 4656 1342 4733 difficultas,
1396 4676 1476 4717 an
1518 4676 1671 4737 opus

95 4752 270 4833 quod
304 4766 505 4828 neque
531 4751 597 4809 in
624 4768 709 4821 re,
736 4768 937 4829 neque
975 4751 1041 4810 in
1064 4725 1529 4829 specieffnalnm
1556 4757 1667 4823 est,

96 4848 157 4907 si
193 4843 643 4905 rationabiliter
668 4849 729 4904 et
756 4844 1091 4923 prudenter
1114 4850 1425 4923 pensetur,
1454 4843 1673 4904 debeat

97 4938 424 5000 interdum
481 4936 663 4996 vitari
730 4942 981 5015 propter
1051 4936 1431 5009 scandalum,
1490 4943 1673 5013 atque

95 5033 262 5093 adeo
284 5048 366 5089 an
392 5029 517 5090 tale
540 5044 691 5109 opus
722 5030 907 5109 possit
934 5046 1065 5089 esse
1096 5028 1453 5089 scandalum
1486 5028 1672 5107 pusil-

93 5126 338 5200 lorum,
383 5141 465 5184 an
508 5122 711 5201 potius
732 5122 1058 5183 dicendum
1095 5124 1174 5182 sit
1198 5122 1669 5201 pharisaeorum:

96 5220 355 5280 videtur
396 5218 561 5279 enim
612 5218 729 5278 hoc
778 5217 1081 5296 posterius
1131 5215 1479 5290 dicendum,
1510 5214 1671 5295 quod

98 5330 237 5375 non
270 5309 522 5371 obscure
546 5310 860 5387 colligitur
890 5326 968 5369 ex
1018 5309 1125 5369 illo
1162 5308 1381 5368 Matth.
1417 5310 1533 5368 ⁴5:
1567 5306 1673 5370 Si·

98 5408 237 5470 nite
260 5406 424 5479 illos,
448 5405 592 5467 coeoi
626 5408 790 5465 cunt.
818 5404 1145 5483 Propterea
1181 5402 1370 5463 etiam
1403 5399 1675 5460 Christus

104 5500 339 5561 dicitur
380 5497 543 5577 lapis
592 5512 624 5556 o
685 5497 945 5559 maionis
966 5542 985 5571 ,
1030 5500 1088 5559 et
1130 5498 1314 5576 petra
1354 5492 1671 5567 scandali,

104 5596 225 5655 Isa.
261 5593 300 5653 8
310 5608 331 5671 3
362 5598 425 5653 et
451 5592 601 5654 Luc.
671 5634 693 5666 ,
728 5588 953 5651 dicitur
977 5604 995 5649 t
1022 5586 1273 5652 positus
1311 5587 1382 5649 in
1430 5586 1675 5649 ruinam

3213 442 3328 503 727

1758 544 2107 617 multorum,
2135 544 2243 604 ubi
2267 546 2591 624 particula,
2641 545 2732 620 in,
2766 564 2893 606 non
2935 545 3087 607 dicit
3112 546 3326 623 finem,

1759 638 1865 697 sed
1923 637 2207 698 futurum
2275 645 2588 700 eventum.
2651 640 2831 703 Ratio
2887 640 3154 719 denique
3211 648 3320 715 est,

1758 731 1905 810 quia
1934 731 1986 791 si
2018 748 2174 810 opus
2206 736 2296 791 est
2328 732 2602 810 undique
2630 731 2869 793 bonum
2915 750 2982 793 re
3009 740 3071 794 et
3099 736 3322 813 specie,

1760 822 1931 882 nullo
1961 824 2146 885 modo
2180 824 2427 885 videtur
2459 825 2594 885 dari
2644 825 3030 899 scandalum,
3087 827 3193 888 sed
3237 828 3318 889 ab

1754 915 1883 975 alio
1910 917 2131 996 accipi.

1840 1010 1899 1070 8.
1950 1009 2162 1075 Tertia
2187 1013 2489 1077 conclusio
2522 1016 2852 1078 communis
2896 1034 3028 1079 oum
3053 1016 3130 1077 D.
3163 1016 3324 1079 Tko-

1756 1123 1893 1179 moe,
1936 1111 2060 1169 art.
2117 1109 2276 1167 7.-
2306 1108 2450 1168 Dico
2493 1114 2707 1172 tamen
2759 1110 2988 1172 tertio:
3040 1111 3323 1188 quamvis

1762 1198 1879 1259 hoc
1906 1218 2084 1279 opus,
2107 1199 2183 1261 de
2209 1218 2334 1280 quo
2361 1202 2660 1281 proxime,
2698 1221 2810 1283 per
2832 1222 2898 1264 se
2941 1220 3070 1263 non
3098 1202 3325 1263 habeat

1760 1291 2068 1353 rationem
2099 1293 2392 1366 scandali,
2425 1301 2635 1355 tamen
2667 1314 2776 1375 per
2807 1295 3086 1357 accidens
3127 1302 3325 1375 potest

1760 1384 2078 1445 interdum
2119 1384 2348 1448 habere
2401 1387 2706 1449 malitiam
2764 1388 3042 1450 scandali
3095 1389 3278 1450 activi
3303 1411 3320 1463 ;

1762 1477 1931 1539 unde
1959 1496 2413 1559 nonnunquam
2451 1480 2779 1545 vitandum
2825 1488 2938 1554 est,
2969 1488 3042 1543 ut
3093 1482 3324 1543 vitetur

1754 1570 2100 1650 passivum,
2151 1590 2262 1633 seu
2307 1572 2492 1635 ruina
2551 1574 2840 1655 proximi.
2885 1575 3204 1637 Conclusio
3233 1584 3326 1635 est

1757 1664 2130 1725 communis,
2199 1664 2498 1727 Probatur
2561 1672 2626 1727 et
2661 1667 3024 1747 explicatur,
3068 1667 3214 1745 quia
3256 1668 3322 1727 iu

1755 1774 1985 1835 genere
2025 1756 2178 1818 ordo
2209 1758 2527 1820 charitatis
2557 1766 2755 1840 potest
2797 1760 3112 1821 interdum
3163 1759 3320 1820 obli-

1756 1868 1903 1927 gare
1961 1850 2040 1912 ad
2089 1852 2506 1913 omittendum
2559 1852 2810 1932 aliquod
2865 1872 3020 1933 opus
3069 1860 3321 1933 propter

1756 1944 1992 2006 honum
2034 1946 2508 2025 proximi32nam
2539 1947 2594 2007 si
2639 1965 2787 2007 cura
2811 1946 2886 2008 de
2915 1946 3080 2007 bono
3116 1948 3321 2026 proxi-

1757 2037 1844 2097 mi
1882 2043 2082 2115 potest
2108 2038 2386 2116 obligare
2427 2040 2504 2099 ad
2543 2038 2778 2100 bonum
2809 2040 3180 2111 faciendum,
3213 2058 3324 2101 cur

1755 2150 1883 2191 nou
1909 2132 2096 2192 ctiam
2120 2132 2452 2211 aliquando
2471 2132 2551 2192 ad
2570 2132 3104 2194 intermittendum
3125 2137 3148 2193 ’ἒ
3167 2152 3322 2212 prae-

1756 2225 1970 2285 sertim
2016 2226 2164 2304 quia
2211 2225 2381 2286 nullo
2429 2226 2592 2287 bono
2640 2226 2946 2305 spirituali
2992 2234 3318 2308 propterea

1754 2320 2038 2399 privatur
2068 2318 2258 2380 homo
2273 2335 2294 2396 3
2325 2326 2458 2380 tum
2489 2321 2635 2400 quia
2673 2320 2791 2380 ista
2832 2320 3078 2381 omissio
3112 2320 3322 2399 praeci-

1756 2432 1875 2494 pue
1906 2414 2376 2475 estnecrssaria
2416 2414 2481 2475 in
2516 2419 2657 2475 actu
2691 2415 3009 2488 exteriori;
3048 2414 3115 2474 in
3163 2415 3320 2475 inte-

1754 2505 1904 2565 riori
1931 2511 2139 2565 autem
2177 2506 2480 2567 desiderio
2511 2512 2709 2585 potest
2743 2508 3008 2567 retinere
3035 2507 3316 2587 ,fructum

1754 2606 1816 2660 et
1850 2600 2189 2678 meritum3
2217 2607 2348 2661 tum
2388 2601 2574 2661 etiam
2603 2600 2752 2680 quia
2781 2601 2896 2661 hoc
2921 2601 3124 2681 ipsum
3155 2600 3314 2679 qnod

1754 2702 1847 2753 est
1870 2694 2116 2773 privare
2153 2711 2218 2755 se
2261 2696 2482 2755 merito
2513 2693 2680 2755 illius
2707 2694 2908 2773 operis
2935 2700 3183 2773 propter
3211 2692 3321 2753 bo·

1753 2805 1908 2847 num
1965 2788 2255 2867 proximi,
2301 2787 2420 2848 erit
2461 2788 2662 2866 majus
2692 2788 2983 2847 meritum
3010 2804 3198 2865 quam
3228 2787 3318 2866 ip-

1752 2897 1889 2939 sum
1920 2899 2094 2959 opus.
2124 2881 2299 2943 Unde
2338 2881 2405 2941 in
2461 2881 2748 2961 operibus
2801 2880 3043 2941 consilii
3099 2898 3198 2941 res
3229 2887 3321 2941 est

1752 2973 1938 3034 clara.

1831 3070 1893 3129 9.
1938 3069 2236 3149 Exceptio
2277 3070 2648 3149 quorundam
2676 3070 2748 3132 ab
2795 3070 2906 3132 hac
2939 3070 3310 3133 conclusione

1748 3162 2091 3242 exponitur.
2116 3192 2198 3207 -
2216 3160 2317 3227 Aa
2340 3164 2568 3242 objecta
2587 3166 2654 3225 in
2682 3182 2743 3225 n.
2795 3166 2854 3223 7.
2876 3196 2957 3209 --
2985 3164 3071 3225 De
3116 3164 3315 3244 operi-

1747 3255 1863 3317 bus
1888 3263 2098 3318 tamen
2123 3274 2262 3335 quae
2299 3264 2446 3319 sunt
2473 3258 2589 3319 sub
2641 3264 2969 3337 praecepto,
3009 3258 3132 3318 dici
3164 3258 3317 3318 solet

1748 3368 1875 3410 non
1924 3368 2053 3412 esse
2097 3352 2435 3435 omittenda
2477 3359 2727 3432 propter
2771 3352 2897 3411 tale
2953 3350 3312 3411 scandalum

1750 3442 2097 3518 vitandum,
2125 3444 2288 3523 quod
2323 3450 2532 3505 tamen
2567 3444 2847 3522 intelligo
2865 3443 3128 3504 durante
3157 3444 3313 3504 obli·
3346 3495 3360 3509 .

1751 3538 2000 3613 gatione
2033 3537 2341 3617 praecepti,
2375 3556 2524 3599 nam
2558 3536 2908 3616 transgredi
2937 3544 3313 3616 praeceptum

1750 3636 2000 3709 propter
2026 3628 2262 3689 bonum
2291 3630 2562 3704 alteriue,
2595 3631 2768 3691 nullo
2798 3631 2982 3691 modo
3038 3630 3197 3704 licet,
3247 3638 3317 3691 ut

1751 3738 1938 3800 supra
1987 3721 2280 3799 diximus,
2321 3729 2383 3783 et
2433 3723 2550 3784 hoc
2595 3724 2780 3783 modo
2829 3722 3103 3803 loquitur
3131 3725 3315 3784 Inno-

1750 3816 1989 3875 centius
2021 3815 2124 3890 111,
2178 3816 2366 3896 capit.
2404 3816 2550 3880 Cum
2580 3836 2654 3880 ew
2689 3818 2988 3898 injuncw,
3043 3817 3119 3878 de
3161 3818 3314 3877 Novi

1751 3908 1952 3985 operis
2001 3909 2432 3984 nuntiatione3
2488 3910 2818 3989 Gregorius
2833 3955 2854 3985 ,
2907 3909 3166 3971 homilia
3223 3928 3317 3971 se-

1748 4001 1947 4080 ptima
2001 4000 2069 4061 in
2104 4002 2522 4078 Ezechielem;
2577 4004 2665 4065 sic
2716 4004 2905 4064 etiam
2942 4004 3317 4081 intelligitur

1748 4096 1987 4156 dictum
2034 4112 2395 4158 commune:
2461 4099 2690 4162 Utilius
2739 4100 3093 4162 scandalum
3139 4100 3317 4162 nasci

1742 4190 2149 4271 permittitur,
2197 4208 2377 4271 qnam
2419 4193 2647 4254 veritas
2688 4192 3097 4271 relinquatwr,
3131 4191 3311 4269 capit.

1748 4283 1970 4358 terti0,
2029 4282 2104 4344 de
2155 4283 2406 4362 Regulis
2476 4285 2633 4363 juris
2652 4330 2670 4363 ,
2729 4284 2958 4345 scilicet
2978 4330 2993 4355 ,
3060 4284 3316 4345 dicendo

1748 4374 2176 4451 mendacium3
2209 4394 2356 4436 nam
2381 4378 2638 4439 tacendo
2683 4376 2782 4437 vel
2817 4376 3182 4438 occultando
3209 4395 3320 4437 ve-

1748 4470 2020 4544 ritatem,
2056 4470 2372 4531 interdum
2427 4471 2696 4551 relinqui
2750 4476 2950 4550 potest
2979 4481 3042 4532 et
3085 4470 3268 4531 debet
3297 4492 3315 4546 ;

1750 4562 2086 4642 eademque
2106 4564 2342 4623 ratione
2355 4564 2626 4625 accidere
2643 4570 2842 4643 potest
2858 4570 2928 4623 ut
2948 4582 3124 4643 opuS,
3150 4563 3311 4642 quod

1752 4656 1902 4717 alias
1929 4656 2034 4716 hic
2057 4662 2119 4717 et
2146 4674 2336 4731 nunc,
2367 4656 2418 4716 si
2447 4675 2573 4717 non
2605 4658 2926 4718 timeretur
2955 4657 3312 4717 scandalum

1752 4750 2044 4830 proximi,
2080 4756 2238 4810 esset
2275 4756 2671 4829 praeceptum,
2707 4751 3162 4812 interveniente
3209 4748 3314 4810 illo

1752 4844 1977 4904 timore
2001 4843 2320 4904 moraliter
2363 4842 2686 4923 probabili,
2715 4850 2918 4903 careat
2947 4842 3054 4903 illa
3081 4842 3317 4921 obliga-

1754 4938 1945 5011 tione,
1980 4942 2050 4995 ut
2075 4936 2285 5003 multis
2305 4936 2546 4995 casibus
2572 4953 2646 4996 ex
2662 4938 2805 5014 jure
2820 4936 3088 4997 collectis
3113 4941 3316 4997 osten-

1753 5029 1844 5089 dit
1882 5028 2105 5103 Felin„
2137 5048 2190 5088 c.
2229 5030 2268 5087 2
2315 5028 2392 5089 de
2447 5029 2817 5107 Praescript.,
2871 5029 2984 5088 suh
3036 5029 3312 5087 initium.

1754 5122 1921 5195 Quod
1952 5123 2019 5181 in
2048 5123 2365 5200 praeceptis
2395 5120 2670 5199 positivis
2715 5120 2953 5181 facilius
2983 5127 3184 5201 potest
3216 5138 3317 5181 ac-

1753 5216 1973 5289 cidere,
2008 5216 2156 5295 quia
2198 5232 2320 5275 non
2349 5214 2628 5291 obligant
2675 5232 2815 5274 cum
2855 5220 3028 5275 tanto
3077 5215 3314 5291 rigore,

1754 5313 1815 5368 et
1856 5308 2005 5387 quia
2045 5314 2422 5387 praeceptum
2452 5305 2528 5366 de
2560 5308 2830 5367 curanda
2854 5308 2982 5367 vita
3009 5305 3319 5386 spirituali

1753 5402 2020 5481 proximi
2051 5408 2141 5461 est
2169 5400 2450 5461 naturale
2487 5406 2552 5460 et
2577 5400 2894 5461 divinum:
2928 5406 2994 5459 at
3045 5401 3108 5459 in
3136 5405 3316 5459 natu-

1754 5494 1984 5555 ralibus
2009 5495 2322 5573 praeceptis
2351 5494 2654 5571 negativis
2678 5510 2999 5573 nunquam
3020 5493 3207 5553 habet
3225 5492 3314 5552 lo·

1756 5606 1922 5662 cum,
1955 5587 2102 5667 quia
2125 5588 2254 5648 baec
2289 5605 2528 5666 semper
2541 5594 2604 5647 et
2617 5605 2728 5665 pro
2745 5604 2987 5667 semper
3013 5586 3312 5663 obligant,
