3900 6217
502 492 743 562 ventur,
796 483 1207 548 necessarium
1264 489 1358 545 est
1412 481 1567 544 illud
1611 481 1942 562 judicium,
1989 488 2059 542 ut

502 597 609 662 per
635 595 700 642 se
726 577 1121 642 manifestum
1148 582 1262 640 est.
1288 577 1377 638 De
1399 575 1518 638 hoc
1544 593 1693 655 ergo
1704 575 1945 654 judicio
1965 575 2060 636 in-

500 673 705 754 quiro,
748 689 831 733 an
876 669 1345 750 supernaturale
1372 669 1455 732 sit
1480 687 1675 730 necne
1691 682 1713 746 3
1748 674 1815 730 et
1834 674 1905 729 ut
1937 685 2064 728 me·

500 764 623 828 lius
640 765 1025 842 intelligatur
1060 762 1414 838 difficultas,
1443 763 1714 826 rationes
1736 759 2061 824 dubitandi

502 879 617 941 pro
654 866 915 940 utraque
942 863 1115 940 parte
1138 874 1504 938 proponam.

584 955 643 1017 2.
689 950 995 1032 Arquitm·
1028 951 1171 1032 ⁸iam
1211 951 1335 1013 talo
1365 948 1677 1031 judiciem
1703 953 2065 1030 supernatu-

502 1047 634 1113 rato
668 1064 788 1109 non
822 1044 1263 1108 ersa—Primo
1306 1061 1475 1124 ergo,
1514 1042 1693 1106 illum
1728 1049 1939 1104 aetum
1965 1060 2067 1105 su-

502 1137 960 1224 pernaturalem
1002 1154 1135 1198 esse
1184 1153 1311 1198 non
1360 1155 1538 1218 posse
1590 1135 1869 1212 ostendo,
1919 1137 2070 1216 quia

506 1232 603 1296 vel
640 1231 795 1294 liber
836 1236 930 1294 est
967 1229 1068 1292 vel
1107 1230 1519 1292 necessarius:
1569 1228 1725 1292 liber
1764 1247 1897 1292 esse
1938 1247 2064 1290 non

506 1329 728 1405 potest,
776 1322 923 1402 quia
957 1323 1083 1402 iam
1131 1327 1502 1402 supponeret
1544 1321 1931 1384 voluntatem
1979 1321 2068 1382 ita

496 1416 845 1497 judicandi,
860 1414 1379 1478 determinantem
1396 1414 1783 1478 intellectum
1806 1413 1886 1476 ad
1908 1413 2066 1476 illud

494 1511 827 1590 jndieitim,
866 1509 1017 1588 quia
1038 1525 1163 1570 non
1179 1514 1272 1570 est
1285 1507 1539 1570 libertas
1561 1507 1629 1569 in
1651 1507 1915 1586 judicio,
1946 1507 2068 1570 nisi

504 1622 615 1684 per
632 1600 1202 1664 denominationem
1219 1600 1301 1664 ab
1318 1608 1460 1664 actu
1479 1599 1677 1662 libero
1704 1598 2060 1672 voluntatis3

505 1713 633 1758 non
660 1700 861 1776 potest
900 1701 1113 1754 autem
1160 1692 1303 1756 talis
1334 1699 1509 1756 actus
1540 1691 1875 1755 voluntatis
1924 1708 2068 1770 sup-

506 1789 675 1870 poni,
708 1786 858 1868 quia
901 1785 979 1848 ad
1020 1784 1195 1846 illum
1227 1785 1639 1848 necessarium
1690 1788 1845 1846 esset
1898 1781 2066 1844 aliud

505 1883 677 1964 prius
723 1878 1034 1959 judicium
1057 1924 1078 1955 ,
1146 1885 1399 1959 propter
1446 1879 1752 1940 rationem
1800 1876 2026 1938 factam
2047 1922 2065 1950 ,

505 1974 671 2055 quod
718 1972 879 2036 nihil
931 1970 1196 2033 volitum
1246 1971 1402 2052 quin
1450 1970 1935 2051 praecognitum3
1991 1967 2070 2030 de

484 2087 631 2150 ,quo
664 2065 849 2128 effato
875 2063 1166 2128 nonnihil
1200 2063 1351 2139 dixi,
1396 2064 1622 2146 disput.
1660 2064 1741 2125 23
1768 2061 2066 2143 Metaph„

508 2167 655 2224 sect.
690 2163 749 2224 7.
782 2161 859 2222 Et
882 2160 971 2222 ita
1007 2156 1439 2238 procederetur
1480 2157 1545 2218 in
1576 2155 1929 2232 infinitum3
1959 2155 2071 2216 sis-

507 2254 769 2318 tendum
793 2271 945 2332 ergo
994 2257 1085 2313 est
1116 2250 1185 2313 in
1227 2250 1460 2332 judic-io
1492 2251 1858 2322 necessario,
1900 2248 2065 2329 quod

506 2347 728 2412 fundet
767 2345 1154 2408 voluntatem
1179 2343 1489 2422 credendi,
1518 2351 1583 2407 et
1614 2345 1703 2406 ita
1738 2344 1805 2406 in
1850 2342 2065 2404 termi-

510 2443 610 2504 nis
654 2439 921 2515 fatetur,
954 2437 1120 2502 inter
1152 2437 1479 2500 modernos
1498 2483 1519 2514 ,
1547 2437 1817 2516 Aragon.
1838 2482 1859 2513 ,
1907 2437 1968 2498 2.
2003 2437 2066 2496 Ξ.

512 2553 577 2616 q.
597 2535 661 2611 2,
682 2551 743 2596 a.
766 2533 827 2596 9.
852 2532 932 2596 At
958 2548 1107 2594 vero
1134 2531 1189 2592 si
1206 2537 1380 2592 actus
1398 2536 1492 2591 est
1512 2529 1913 2604 necessarius,
1940 2546 2070 2590 non

510 2633 713 2711 potest
763 2643 895 2688 esse
920 2621 1430 2705 supernaturalis,
1472 2621 1639 2703 quod
1664 2620 1878 2704 probo.
1910 2620 2072 2696 Quia

512 2727 684 2782 actus
712 2717 1059 2782 intellectus
1087 2734 1216 2788 non
1253 2721 1345 2778 est
1382 2717 1789 2792 necessarius,
1826 2714 1949 2777 nisi
1992 2713 2070 2776 sit

510 2813 779 2887 evidens,
808 2812 953 2892 quia
974 2809 1105 2872 sola
1123 2808 1432 2872 evidentia
1456 2809 1621 2888 cogit
1648 2807 2029 2870 intellectum
2049 2828 2066 2881 ;

510 2924 659 2986 ergo
688 2907 741 2968 si
769 2905 921 2968 illud
967 2903 1269 2982 judicium
1299 2907 1392 2964 est
1420 2902 1857 2976 necessarium,
1888 2900 2078 2980 plane

509 2997 635 3061 tale
678 3004 769 3062 est
820 2997 1064 3060 ratione
1104 2996 1429 3059 evidentiae
1445 3010 1467 3073 3
1518 3000 1583 3058 at
1614 2993 1723 3057 illa
1758 2993 2073 3056 evidentia

506 3091 808 3154 naturalis
844 3098 957 3166 est,
984 3091 1133 3172 quia
1158 3088 1404 3152 nullum
1442 3095 1535 3152 est
1576 3087 1791 3150 lumen
1823 3086 2074 3150 evidens

508 3183 975 3266 supernaturale
1012 3185 1080 3244 in
1120 3183 1239 3246 bac
1284 3182 1417 3244 vita
1434 3227 1455 3260 ,
1500 3179 1813 3262 loquendo
1854 3197 2074 3242 seeun-

510 3278 661 3342 dum
687 3275 893 3357 legem
920 3292 1341 3351 communem,
1382 3281 1443 3336 et
1488 3274 1567 3335 de
1600 3273 1915 3336 ordinario
1960 3291 2075 3334 au-

509 3370 662 3434 xilio
693 3369 1039 3433 necessario
1080 3367 1160 3430 ad
1208 3366 1625 3443 credendum3
1658 3383 1809 3445 ergo
1848 3372 1940 3428 est
1969 3383 2072 3428 ao-

510 3471 613 3528 tus
665 3463 987 3538 naturalis,
1039 3461 1187 3542 quia
1234 3459 1532 3523 naturalis
1580 3459 1891 3522 evidentia
1942 3477 2069 3522 non

512 3563 722 3622 causat
744 3555 867 3620 nisi
888 3553 1322 3618 certitudinem
1348 3553 1721 3629 naturalem,
1754 3570 1960 3631 neque
1977 3553 2073 3614 in-

511 3651 680 3714 ducit
706 3650 1151 3720 necessitatem‚
1183 3645 1307 3708 nisi
1332 3652 1609 3727 respectu
1634 3645 1866 3706 virium
1888 3651 2069 3707 natu·

510 3743 759 3808 ralium.
800 3740 1105 3816 Secundo,
1132 3745 1331 3820 potest
1356 3737 1585 3800 directe
1610 3737 1861 3819 probari
1891 3737 2069 3798 illum

511 3844 716 3901 actum
740 3853 869 3898 esse
892 3832 1264 3908 naturalem,
1294 3831 1445 3912 quia
1472 3831 1655 3906 ratio,
1684 3837 1749 3892 et
1794 3830 2071 3891 medium

511 3927 797 4014 perquod
826 3927 1113 4002 habetur,
1144 3923 1427 3988 naturale
1462 3930 1577 4000 est,
1627 3929 1689 3986 et
1706 3941 1817 4003 per
1838 3922 2071 3984 discur-

513 4041 653 4086 sum
670 4019 1021 4084 naturalem
1034 4017 1173 4080 fieri
1195 4021 1415 4098 potest,
1438 4015 1752 4096 quiaillud
1764 4014 2072 4096 judicium

512 4123 605 4180 est
624 4115 703 4178 de
728 4111 1133 4176 credibilitate
1150 4109 1374 4189 obiecti
1390 4108 1561 4185 fidei,
1576 4109 1724 4172 etin
1738 4107 2074 4170 sufficienti

512 4209 647 4292 eJus
658 4205 1077 4290 propositione
1092 4202 1415 4278 fundatur,
1440 4219 1519 4263 ex
1544 4219 1670 4281 qna
1688 4199 1946 4262 resultat
1973 4199 2076 4260 hie

510 4303 849 4366 discursus:
878 4295 1183 4379 Quidquid
1198 4294 1574 4376 sufficienter
1582 4292 1966 4376 proponitur,
1985 4294 2076 4356 set

512 4394 789 4462 credibile
793 4419 820 4468 ;
838 4393 945 4456 1⁸00
968 4391 1259 4470 objectum
1278 4387 1662 4466 sufficienter
1672 4385 2070 4468 proponitur,
2066 4408 2078 4422 ·

514 4507 653 4573 erqo
684 4491 776 4552 cst
815 4483 1130 4556 credilium
1164 4483 1235 4544 in
1280 4499 1407 4562 quo
1442 4479 1725 4542 discursu
1756 4480 1959 4559 major
1985 4483 2078 4540 est

514 4591 663 4646 nota
694 4599 802 4662 per
826 4597 893 4642 se
917 4577 1155 4640 lumine
1178 4574 1449 4638 naturali
1456 4590 1480 4652 3
1508 4575 1716 4638 minor
1737 4575 1926 4636 etiam
1969 4590 2074 4634 ex-

514 4679 859 4758 perimento
906 4669 1317 4750 cognoscitur,
1366 4675 1438 4730 ut
1486 4685 1677 4746 supra
1715 4667 1918 4728 visum
1946 4673 2069 4743 est3

515 4784 665 4848 ergo
684 4765 989 4846 judicium
1010 4763 1087 4824 de
1110 4761 1503 4824 conclusione
1530 4759 1811 4822 naturale
1824 4766 1944 4833 est3
1962 4777 2074 4840 per

514 4860 673 4924 illud
700 4865 909 4922 autem
939 4855 1246 4937 judicium
1293 4859 1495 4935 potest
1524 4853 1807 4916 voluntas
1835 4853 2070 4913 moveri

517 4958 589 5015 ut
615 4951 767 5014 velit
790 4949 1062 5024 eredere,
1096 4947 1243 5029 quia
1266 4946 1644 5008 sufficienter
1669 4945 1767 5007 illi
1809 4944 2074 5024 applica-

515 5052 621 5108 tur
646 5043 985 5123 objeetum,
1011 5039 1179 5121 quod
1204 5045 1299 5101 est
1322 5039 1528 5118 ipsum
1556 5038 1803 5100 credere
1832 5037 1947 5098 suh
1982 5055 2078 5098 ra-

514 5140 687 5200 tione
710 5135 945 5198 boniet
961 5133 1230 5207 honesti,
1256 5131 1402 5213 quia
1429 5131 1482 5193 si
1504 5130 1816 5211 objectum
1840 5136 1933 5192 est
1950 5149 2078 5194 cre-

518 5229 711 5294 dibile
769 5226 1107 5290 secundum
1134 5225 1441 5286 rationem
1481 5229 1736 5300 rectam,
1774 5224 1966 5286 etiam
1987 5223 2080 5303 ip-

516 5341 655 5386 sum
678 5321 929 5382 credere
967 5317 1301 5380 honestum
1334 5323 1463 5392 est3
1488 5333 1639 5396 ergo
1662 5335 1773 5396 per
1797 5313 2079 5378 naturale

522 5415 819 5496 iudicium
852 5411 1228 5474 sufficienter
1254 5410 1619 5490 proponitur
1652 5409 1986 5488 umectum,
2011 5415 2082 5470 ut

520 5508 803 5570 voluntas
829 5504 1023 5586 possit
1058 5501 1216 5565 velle
1242 5501 1510 5566 credere.
1552 5501 1624 5566 Et
1652 5501 2077 5578 confirmatur,

1669 381 1889 438 msruT
1942 381 2025 434 vl.
2062 380 2144 434 m:
2171 379 2338 434 Actu
2369 379 2552 433 noti.

2137 499 2283 544 nam
2301 483 2354 542 si
2371 488 2532 544 esset
2553 482 2931 544 necessarius
2957 481 3116 544 alius
3140 487 3319 545 aetus
3343 488 3714 564 supernatu-

2129 576 2312 651 ralis,
2355 575 2456 637 vel
2483 575 2588 638 ille
2615 580 2778 638 esset
2809 577 3300 656 supernaturalis
3325 576 3530 656 quoad
3559 576 3678 636 sub
3697 611 3714 620 -

2141 669 2461 744 stantiam,
2481 669 2580 732 vel
2603 675 2848 732 tantum
2879 669 3084 752 quoad
3115 668 3400 731 modum.
3434 669 3716 730 Primum

2143 781 2268 825 non
2297 763 2544 826 videtur
2568 763 2925 839 verisimile,
2955 761 3106 843 quia
3135 769 3310 824 aetus
3337 767 3717 842 supernatu-

2145 856 2294 918 ralis
2331 856 2534 936 quoad
2579 855 3014 932 substantiam,
3063 873 3190 916 uon
3237 854 3427 918 datur
3461 854 3584 916 nisi
3633 871 3719 914 ex

2145 948 2377 1010 motivo
2429 949 2640 1030 aliquo
2679 949 3173 1031 supernaturali3
3231 954 3378 1010 ante
3409 948 3718 1008 motivum

2145 1051 2355 1107 autem
2382 1043 2528 1105 fidei
2551 1061 2678 1105 non
2709 1042 2998 1122 praecedit
3016 1042 3320 1104 motivum
3341 1040 3592 1120 aliquod
3613 1058 3720 1100 su-

2148 1137 2566 1218 pernaturale,
2612 1136 2777 1215 quod
2809 1135 3190 1198 intellectum
3219 1139 3466 1196 moveat
3479 1133 3562 1196 ad
3589 1133 3720 1195 tale

2139 1230 2448 1310 judicium
2465 1246 2485 1307 3
2515 1229 2646 1291 imo
2697 1229 2854 1290 ratio
2894 1228 3058 1290 facta
3097 1228 3366 1290 ostendit
3407 1230 3718 1292 motivum

2145 1325 2231 1386 sic
2261 1321 2580 1403 judicandi
2617 1339 2746 1384 esse
2775 1321 3078 1384 naturale.
3110 1320 3466 1384 Secundum
3495 1322 3715 1396 etiam,

2147 1416 2226 1478 de
2257 1414 2844 1496 super-naturalitate
2893 1413 3100 1493 quoad
3137 1414 3423 1491 modum,
3469 1431 3598 1476 nou
3627 1414 3723 1473 vi-

2147 1506 2331 1569 detur
2361 1507 2590 1570 babere
2617 1506 2822 1568 locum
2875 1507 2944 1567 in
2971 1513 3180 1568 nostra
3207 1508 3520 1578 docti-inu
3564 1525 3720 1568 nam

2145 1618 2308 1682 saepe
2335 1600 2632 1678 diximus,
2663 1601 2730 1662 in
2763 1599 2863 1662 his
2902 1599 3140 1662 antibus
3169 1619 3293 1662 non
3329 1619 3504 1681 posse
3534 1598 3720 1662 intel-

2146 1691 2260 1772 ligi
2289 1694 2544 1755 modum
2571 1692 3136 1773 supernaturalem,
3161 1694 3216 1754 si
3241 1692 3588 1756 substantia
3613 1709 3720 1754 su-

2147 1784 2558 1866 pernaturalis
2597 1803 2724 1848 non
2759 1793 2854 1848 est
2870 1801 2891 1863 3
2921 1786 3070 1866 quia
3089 1785 3153 1846 in
3183 1785 3272 1846 eis
3298 1802 3427 1848 non
3449 1791 3544 1848 est
3555 1783 3723 1848 alius

2151 1878 2374 1938 modus
2397 1879 2768 1940 intrinsecus
2807 1879 3230 1954 accidentalis,
3272 1880 3390 1941 nisi
3418 1879 3719 1954 intensio,

2149 1989 2290 2052 qum
2319 1971 2666 2034 necessaria
2693 1990 2822 2034 non
2855 1979 2946 2033 nest
2957 1988 2978 2050 3
3009 1970 3316 2034 certitudo
3335 1978 3568 2048 autem,
3593 1973 3724 2034 cla-

2151 2066 2327 2142 ritas,
2345 2066 2446 2128 vel
2462 2066 2824 2141 obscuritas,
2841 2067 2920 2128 ad
2937 2065 3350 2128 substantiam
3369 2067 3684 2146 pertinent
3694 2081 3720 2143 3

2151 2176 2300 2238 ergo
2353 2177 2481 2220 non
2539 2165 2815 2240 superest
2855 2157 3432 2240 supernaturalitas,
3465 2175 3602 2239 qum
3651 2159 3721 2218 in

2149 2252 2262 2315 tali
2289 2261 2432 2314 aetu
2451 2253 2710 2332 cogitari
2737 2253 2950 2333 possit.

2231 2347 2292 2408 3.
2334 2346 2648 2430 Ανριιίἰοη·
2671 2346 2855 2410 etiam
2880 2346 2950 2408 in
2975 2345 3372 2409 contrarium.
3390 2377 3476 2394 —
3495 2344 3726 2408 Prima

2149 2439 2333 2504 ratio.
2366 2471 2448 2488 -
2479 2437 2786 2503 Secunda.
2807 2471 2892 2486 -—
2921 2438 3156 2503 Tertia.
3176 2471 3259 2486 -—
3289 2439 3384 2500 Ex
3411 2438 3532 2502 alia
3568 2457 3724 2500 vero

2150 2539 2346 2614 parte,
2379 2532 2546 2613 quod
2575 2540 2746 2593 actus
2774 2530 2878 2594 ille
2911 2531 3133 2594 debeat
3177 2549 3310 2593 esse
3353 2539 3724 2612 supernatu-

2153 2626 2325 2702 ralis,
2367 2627 2555 2687 ctiam
2587 2625 2794 2706 quoad
2819 2625 3258 2701 substantiam,
3302 2624 3546 2686 videtur
3581 2623 3726 2686 effi-

2151 2719 2376 2782 caciter
2413 2717 2662 2798 probari
2705 2736 2784 2779 ex
2823 2717 2928 2780 illo
2957 2718 3285 2798 principio,
3319 2717 3484 2800 quod
3511 2716 3728 2800 pratia

2151 2817 2244 2876 est
2270 2811 2639 2893 simpliciter
2671 2815 3018 2876 necessaria
3045 2812 3129 2874 ad
3170 2815 3374 2876 actm
3411 2809 3590 2874 illum
3621 2813 3728 2872 in-

2155 2905 2450 2978 collectus,
2491 2905 2598 2986 qm·
2643 2904 3012 2969 voluntatem
3055 2905 3332 2968 credendi
3377 2904 3678 2968 antecedit
3697 2928 3732 2974 ,-

2153 2997 2270 3059 hoc
2315 3005 2527 3060 autem
2573 2997 2950 3078 principium
2995 3015 3280 3078 expresse
3324 2996 3587 3058 traditur
3639 2995 3726 3057 ab

2152 3089 2525 3170 Augustino,
2539 3089 2648 3152 lib.
2666 3089 2743 3154 de
2764 3091 3312 3153 Praedestinatione
3321 3090 3718 3165 Sanctorum,

2151 3203 2288 3264 cap.
2321 3185 2384 3258 2,
2415 3181 2524 3244 ubi
2552 3182 2668 3245 hac
2693 3183 3012 3246 occasione
3039 3183 3366 3260 distinguit
3393 3181 3724 3261 cogitatio-

2155 3293 2300 3338 nem
2327 3275 2626 3338 credendi
2651 3274 2732 3338 ab
2759 3275 2894 3356 ipso
2921 3275 3193 3353 endere3
3223 3293 3370 3336 nam
3385 3274 3588 3356 prius,
3617 3275 3724 3336 in-

2149 3369 2311 3449 quit,
2343 3368 2727 3452 aequandum·
2751 3371 2865 3442 m,
2895 3385 2978 3432 an
3011 3371 3102 3432 rit
3125 3369 3505 3442 ormam,
3534 3385 3726 3449 qnam

2151 3464 2474 3538 credataenu
2506 3462 2616 3524 illa
2655 3480 2806 3542 ergo
2831 3463 3125 3543 cogitatio
3165 3461 3476 3526 anteeedit
3515 3467 3724 3522 totum

2151 3562 2360 3618 aetum
2385 3555 2697 3630 credendi,
2727 3561 2791 3616 et
2809 3573 3178 3618 consensum
3203 3573 3310 3618 seu
3336 3555 3726 3616 voluntatem

2154 3647 2466 3725 credendi,
2483 3653 2548 3710 et
2575 3649 2654 3712 de
2679 3647 2790 3710 illa
2809 3649 3185 3728 cogitatione
3211 3647 3361 3708 dicit
3387 3665 3514 3708 non
3543 3665 3728 3728 posse

2149 3739 2368 3803 haberi
2415 3741 2573 3804 sieut
2611 3748 2856 3822 oportet
2881 3741 3114 3821 absque
3155 3740 3380 3820 gratia,
3427 3759 3504 3802 ex
3533 3740 3642 3800 illo
3677 3742 3726 3801 2

2155 3833 2236 3894 ad
2253 3833 2392 3894 Cor.
2424 3837 2462 3896 2
2481 3855 2497 3894 ε
2530 3833 2678 3899 Non
2697 3852 2909 3897 umus
2925 3831 3296 3913 sufficientes
3315 3834 3578 3918 copitar-o
3597 3833 3725 3896 als·-

2152 3925 2301 4008 quid
2345 3943 2386 3990 a
2422 3927 2612 4000 nobis,
2661 3929 2842 4010 quasi
2881 3945 2956 3990 σω
2983 3927 3175 4002 uobis,
3204 3927 3372 4007 quod
3403 3926 3727 4007 potissime

2151 4019 2526 4098 intelligitur
2549 4021 2627 4082 de
2655 4026 2870 4082 saneta
2891 4020 3290 4100 eogitatione,
3319 4037 3460 4101 quai
3481 4019 3728 4082 inducit

2153 4113 2232 4174 ad
2259 4132 2414 4194 opus
2449 4114 2692 4194 pietatis
2709 4130 2730 4191 3
2759 4114 2982 4194 qualis,
3015 4113 3148 4176 sine
3183 4113 3398 4192 dubio,
3425 4119 3519 4176 eat
3543 4115 3726 4193 eogi-

2153 4207 2308 4268 tatio
2336 4205 2636 4270 inducens
2656 4206 2737 4269 ad
2765 4205 3100 4270 volendum
3123 4207 3412 4285 credere3
3441 4223 3592 4287 ergo
3613 4207 3732 4268 illa

2157 4305 2250 4362 est
2277 4317 2352 4362 ex
2393 4301 2621 4380 gratia,
2649 4306 2714 4362 et
2747 4319 2874 4362 non
2903 4318 2981 4360 ex
3003 4300 3206 4362 nobis.
3237 4301 3414 4362 Unde
3443 4299 3730 4362 Coelesti-

2156 4409 2276 4454 nus
2321 4393 2369 4469 1,
2412 4393 2672 4474 epistola
2729 4393 2930 4472 prima
2974 4392 3054 4455 ad
3105 4392 3434 4474 Episcopos
3481 4393 3728 4469 Gallim,

2155 4485 2352 4548 Dewm
2375 4485 2577 4564 inquit
2597 4486 2694 4549 ita
2715 4485 2956 4568 operari
2981 4486 3048 4548 iu
3073 4485 3351 4550 cordibu
3391 4485 3721 4560 hminum,

2155 4582 2228 4641 ut
2251 4577 2450 4641 omis
2479 4583 2697 4644 cancta
2723 4577 3032 4662 coqitatio,
3061 4577 3242 4660 pium
3279 4579 3620 4654 commum,
3665 4585 3732 4642 et

2149 4670 2302 4736 bona
2345 4669 2649 4746 voluntas,
2695 4689 2769 4735 σω
2814 4671 2931 4734 Dei
2978 4672 3318 4754 operatione
3357 4673 3727 4756 proveniat,
3721 4697 3736 4709 ·

2153 4763 2447 4841 cogitatio
2493 4769 2702 4826 autem
2753 4769 2816 4824 et
2867 4765 3195 4826 consilium
3243 4765 3533 4828 credendi
3573 4766 3734 4826 satis

2151 4855 2328 4935 pium
2355 4862 2480 4918 est·
2463 4899 2482 4930 ‚
2500 4873 2650 4935 ergo
2675 4862 2767 4918 est
2795 4873 2874 4918 ex
2899 4858 3132 4936 gratia·
3115 4901 3134 4934 ,
3161 4857 3328 4936 quod
3361 4858 3544 4920 etiam
3575 4875 3732 4918 con-

2155 4945 2361 5011 firmat
2373 4947 2720 5012 Concilium
2739 4949 3194 5026 milevitanum,
3211 4969 3352 5012 can.
3375 4953 3437 5027 4,
3464 4969 3732 5030 genera·

2157 5039 2300 5102 liter
2325 5040 2574 5117 dicens,
2607 5043 2824 5106 mem
2853 5060 2977 5107 seso
3003 5043 3140 5116 Dei,
3174 5043 3331 5107 scire
3359 5045 3509 5126 quid
3530 5046 3736 5122 facere

2157 5133 2466 5197 debeamus
2485 5180 2506 5211 ,
2535 5140 2596 5196 et
2621 5135 2688 5196 in
2719 5136 3080 5198 universum
3123 5135 3483 5216 hujusmodi
3529 5137 3734 5198 scien-

2160 5225 2314 5288 tiam
2341 5225 2575 5288 donum
2608 5245 2736 5289 esse
2765 5227 2896 5304 Dei,
2939 5227 3017 5292 de
3067 5247 3192 5310 quo
3241 5232 3542 5311 scriptum
3589 5239 3726 5292 est:

2164 5317 2282 5393 Qua·
2303 5319 2466 5383 docet
2495 5319 2788 5384 hominem
2817 5323 3136 5389 scientiam
3149 5347 3178 5396 ,·
3205 5342 3355 5404 ergo
3381 5324 3490 5386 illa
3525 5323 3736 5385 scien-

2161 5414 2272 5487 tia,
2303 5431 2411 5473 seu
2438 5412 2708 5492 cognitio
2739 5433 2848 5494 per
2874 5431 3060 5496 quam
3087 5423 3422 5496 generatur
3443 5417 3736 5478 voluntas

2161 5503 2475 5582 credendi,
2509 5508 2743 5568 donum
2785 5507 2896 5570 Dei
2942 5512 3036 5571 est
3072 5515 3135 5572 et
3171 5527 3326 5590 opus
3365 5511 3605 5592 gratiae.
3637 5509 3733 5571 Ex
