3900 6217
649 421 824 475 SEC‘l’.
861 423 943 474 111.
979 421 1144 485 QUOD
1177 423 1408 487 BONUM,
1439 425 1518 478 ΕΤ
1555 425 1670 478 SUB
1703 425 1828 487 QUA
1863 425 2132 479 RATIONE
2167 426 2263 479 sl'r
2297 427 2624 492 mummii,
2665 427 2800 480 E‘rc.

149 529 301 588 tinet.
350 528 451 599 26,
480 527 690 602 quaest.
735 525 774 583 2
796 544 813 597 3
859 522 1173 597 Richard„
1207 531 1323 586 art.
1361 529 1421 600 1,
1457 529 1675 604 quaest.

150 626 220 695 3,
265 627 320 680 et
373 617 542 680 artic.
607 618 648 676 2
663 633 684 693 3
731 614 1000 678 Durand.
1031 663 1052 693 ,
1099 624 1316 696 quoest.
1383 621 1458 693 33
1517 619 1680 680 Hen-

147 716 300 784 ricus,
354 709 712 785 Quodlibeto
767 711 829 784 8,
885 718 1105 790 quaest.
1166 715 1264 786 15,
1315 711 1392 776 ad
1437 716 1520 789 23
1565 712 1679 772 Bo·

147 812 398 880 navent.‚
427 803 641 869 eadem
667 804 934 866 distinct.
978 807 1079 880 26,
1112 811 1326 884 quaest.
1361 811 1398 873 4
1429 814 1491 867 et
1518 809 1579 881 5,
1613 812 1675 868 et

146 902 253 969 alii,
289 899 388 980 qui
434 899 646 960 dicunt
687 898 1048 963 charitatem
1079 917 1208 962 esse
1250 901 1314 971 in
1359 902 1675 978 concupis-

147 993 309 1066 cibili,
341 1011 506 1072 spem
551 1010 698 1055 vero
730 993 795 1052 in
825 991 1138 1060 irascibili.
1194 994 1370 1072 cujus
1403 1000 1496 1060 ast
1542 1000 1676 1059 ten·

147 1089 266 1148 dere
312 1085 372 1148 in
420 1083 712 1157 arduum;
765 1084 1062 1148 nimirum
1091 1085 1167 1147 de
1200 1085 1298 1148 his
1347 1087 1675 1148 virtutibus

149 1178 641 1262 philosophantur,
689 1197 760 1246 ac
795 1179 848 1238 si
894 1179 958 1239 iu
995 1179 1312 1245 voluntate
1351 1179 1673 1244 irascibilis

149 1298 178 1338 a
208 1271 644 1354 concupiscibili
691 1271 936 1336 realiter
981 1273 1488 1352 distingueretur.
1543 1275 1676 1341 Duo

149 1369 304 1430 etiam
360 1367 574 1427 tribuit
634 1368 1066 1433 Bonaventura
1109 1367 1279 1446 spei,
1329 1365 1672 1444 confidere,

149 1462 361 1538 scilicet,
395 1467 456 1522 et
498 1467 820 1538 expectare
858 1481 872 1522 ι
908 1459 1180 1540 primum
1223 1467 1502 1540 respectu
1543 1462 1676 1541 ejus

149 1559 202 1620 in
149 1573 396 1636 mquem
422 1554 816 1630 confidimus»,
855 1553 1194 1624 secundum
1224 1560 1502 1636 respectu
1525 1553 1675 1622 honi

151 1649 441 1729 expectati.

211 1747 260 1806 2.
288 1743 675 1823 Expenditwr
697 1743 1040 1824 praecedens
1070 1741 1496 1810 sententia.-
1529 1743 1675 1808 Pri·

148 1859 228 1902 ma
253 1837 573 1916 difficultas
595 1840 810 1900 contra
835 1834 1030 1900 illam.
1063 1869 1145 1884 -
1200 1835 1484 1902 Secunda
1517 1837 1682 1914 diffi-

152 1933 338 1998 cultas.
367 1966 440 1976 -
469 1931 620 1992 Haec
651 1930 982 2007 sententia,
1023 1936 1330 2010 quatenus
1360 1931 1536 2016 ponit
1573 1929 1681 1992 bo-

149 2045 276 2088 num
312 2023 574 2086 arduum
614 2023 926 2102 obJectum
963 2030 1138 2087 actus
1161 2023 1315 2104 spei,
1351 2023 1539 2087 habet
1577 2042 1682 2084 ve-

149 2120 358 2180 ritatem
397 2136 604 2192 suam,
649 2123 717 2176 ut
741 2115 1016 2196 patebit3
1058 2123 1362 2196 quatenus
1395 2135 1542 2182 vero
1584 2136 1681 2179 ar-

151 2213 412 2275 duitatem
443 2211 624 2292 ponit
649 2211 825 2290 quasi
855 2208 1169 2290 objectum
1207 2209 1466 2272 formale
1493 2209 1682 2289 hujus

150 2306 382 2380 virtutiS,
413 2323 526 2384 per
555 2303 720 2382 quod
748 2323 787 2364 a
829 2303 1124 2366 charitate
1165 2303 1594 2380 distinguitur,
1620 2311 1684 2366 et

152 2407 413 2480 quatenus
465 2397 712 2460 nullum
769 2398 963 2462 alium
1009 2408 1220 2461 actum
1275 2397 1492 2458 tribuit
1536 2397 1682 2460 huic

152 2491 352 2566 virtuti,
384 2492 503 2560 uisi
546 2490 862 2570 propriam
895 2507 1089 2570 spem,
1134 2497 1197 2552 et
1237 2507 1487 2552 omnem
1516 2509 1686 2559 amo-

152 2604 256 2645 rem
282 2584 420 2645 boni
447 2583 944 2664 supernaturalis
976 2582 1195 2644 tribuit
1219 2582 1547 2657 charitati,
1580 2602 1684 2646 ne·-

152 2696 246 2756 que
276 2681 356 2738 est
378 2675 506 2736 divi
551 2676 830 2751 Thomae,
863 2693 1064 2754 neque
1088 2681 1288 2755 potest
1314 2675 1686 2736 convenien-

153 2775 227 2830 ter
253 2767 500 2847 intelligi
528 2785 551 2846 3
581 2777 644 2831 et
684 2769 958 2848 primum
997 2775 1139 2848 peto
1183 2768 1329 2847 quid
1377 2767 1682 2846 intelligat

155 2863 366 2922 nomine
393 2863 618 2924 ardui:
644 2861 694 2921 si
721 2859 888 2922 enim
917 2859 1223 2938 intelligat
1240 2859 1498 2937 bonum,
1517 2861 1682 2940 quod

159 2961 361 3032 superat
387 2972 643 3016 omnem
690 2954 1028 3014 humanam
1057 2953 1440 3029 facultatem,
1491 2954 1679 3016 etiam

162 3046 385 3108 charitas
425 3049 634 3108 tendit
660 3049 727 3108 in
761 3047 978 3122 Deum,
1024 3051 1094 3108 ut
1121 3045 1244 3108 tale
1273 3048 1506 3108 bonum
1544 3055 1677 3126 est3

157 3138 344 3200 sivero
381 3141 695 3220 intelligat
745 3140 901 3201 illud
943 3139 1200 3216 honum,
1242 3147 1312 3200 ut
1337 3147 1426 3200 est
1463 3139 1684 3202 absens

156 3238 201 3292 et
221 3234 732 3312 consequendum,
771 3234 957 3293 etiam
987 3233 1251 3294 charitas
1289 3251 1398 3312 per
1439 3233 1678 3294 deside-

155 3324 284 3384 rium
322 3325 540 3388 efficax
579 3326 782 3388 tendit
839 3324 905 3386 in
949 3325 1102 3386 illud
1155 3325 1386 3386 bonum
1433 3324 1678 3403 absens,

154 3423 201 3476 et
254 3419 314 3478 in
359 3420 860 3485 consecutionem
905 3419 1040 3497 ejus
1099 3424 1346 3498 propter
1389 3419 1499 3480 Dei
1553 3419 1682 3497 glo-

154 3512 318 3589 riam3
377 3515 425 3573 si
485 3531 642 3578 vero
693 3512 1048 3592 intelligat,
1105 3517 1176 3572 ut
1237 3512 1468 3574 bonum
1531 3513 1685 3577 dicit

155 3605 308 3664 etiam
361 3607 668 3668 rationem
714 3605 1090 3668 excellentiae
1146 3623 1286 3686 quac
1334 3612 1427 3666 est
1477 3605 1543 3666 in
1593 3606 1685 3685 ip-

154 3713 206 3757 so
239 3697 408 3776 bon0,
463 3709 598 3760 non
633 3699 998 3773 bonitatem,
1053 3701 1140 3760 ita
1196 3706 1266 3760 ut
1309 3705 1440 3760 tam
1486 3698 1686 3760 chari-

153 3796 224 3850 tas
255 3811 428 3869 quam
469 3811 616 3872 spes
651 3793 910 3854 tendant
940 3793 1005 3852 in
1053 3793 1285 3854 bonum
1337 3793 1639 3854 excellens
1665 3838 1685 3868 ,

56 3923 58 3928 ·
150 3888 328 3945 tamen
372 3885 648 3948 charitas
697 3886 1043 3948 formaliter
1091 3887 1158 3948 in
1206 3885 1572 3960 bonitatem,
1620 3887 1688 3947 in

153 3979 554 4042 excellentiam
610 3981 786 4060 quasi
845 3980 1247 4049 materialiter
1269 4026 1292 4057 ,
1343 3998 1480 4060 spes
1538 3999 1688 4042 vero

151 4078 330 4132 contra
367 4074 436 4137 in
475 4074 908 4138 excellentiam
958 4073 1300 4136 formaliter
1325 4117 1342 4146 ,
1389 4074 1563 4153 quasi
1607 4075 1686 4137 ad

150 4163 479 4227 vincendam
534 4165 957 4230 difficultatem
979 4214 999 4244 ,
1043 4168 1112 4236 iu
1150 4167 1494 4230 bonitatem
1539 4186 1688 4230 vero

153 4258 302 4333 quasi
333 4261 764 4336 materialiter3
795 4261 870 4336 si,
897 4261 1176 4341 inquam,
1208 4261 1328 4322 hoc
1352 4261 1684 4339 intelligat,

154 4367 256 4410 non
284 4360 470 4432 potest
501 4353 856 4427 consistere,
893 4356 1042 4433 quia
1067 4373 1203 4434 spes
1229 4361 1321 4416 est
1347 4362 1550 4418 motus
1578 4374 1686 4416 vo-

153 4439 375 4508 luntatis
405 4447 830 4526 prosequentis
853 4447 1163 4525 obiectum
1191 4471 1208 4522 3
1239 4465 1385 4527 ergo
1413 4467 1688 4510 necessa-

153 4535 228 4594 rio
257 4539 444 4614 tendit
476 4542 546 4613 iu
583 4539 893 4619 objectum
929 4541 1270 4615 formaliter
1297 4542 1412 4602 sub
1446 4543 1684 4602 ratione

154 4627 292 4689 boni.
343 4634 642 4699 Praeterea
680 4633 794 4708 illa
831 4633 1193 4696 excellentia
1225 4633 1323 4696 vel
1355 4640 1447 4696 est
1483 4635 1682 4698 solum

155 4725 306 4799 quasi
332 4737 736 4808 augmentum
765 4728 1058 4791 bonitatis
1080 4745 1101 4806 3
1136 4736 1198 4790 et
1229 4730 1314 4795 sic
1335 4731 1588 4793 tendere
1617 4731 1682 4790 in

155 4814 355 4880 honum
399 4823 513 4892 sub
541 4824 782 4884 ratione
822 4821 1202 4897 excellentis,
1246 4841 1372 4886 non
1399 4831 1489 4884 est
1511 4824 1682 4886 aliud

154 4927 310 4985 quam
331 4915 576 4976 tendere
597 4915 711 4979 sub
735 4915 973 4978 ratione
995 4916 1166 4991 boni,
1192 4917 1321 4978 imo
1345 4916 1464 4979 sub
1485 4919 1679 4978 excel-

155 4999 454 5066 lentissima
481 5009 720 5068 ratione
749 5007 921 5082 boni,
954 5009 1120 5088 quod
1149 5010 1334 5069 etiam
1365 5009 1512 5070 facit
1539 5010 1682 5070 cha·

155 5095 299 5172 ritas,
334 5105 506 5162 tanto
543 5101 766 5162 melius
805 5108 1038 5181 quanto
1075 5108 1166 5162 est
1196 5103 1520 5181 perfectior
1548 5121 1676 5182 spe.

157 5187 207 5246 Si
231 5208 363 5252 vero
391 5193 496 5253 illa
523 5195 886 5258 excellentia
929 5194 1234 5274 significet
1261 5195 1680 5256 difficultatem

157 5279 442 5347 obtinendi
471 5287 591 5348 tale
619 5287 882 5364 honum,
905 5289 994 5348 sic
1013 5307 1139 5350 non
1161 5295 1506 5368 potestesse
1526 5289 1684 5350 ratio

157 5375 252 5436 sub
277 5397 415 5457 qua,
449 5399 594 5442 nam
627 5383 788 5444 ratio
813 5381 927 5442 sub
956 5400 1079 5462 qua
1105 5381 1373 5464 pertinet
1397 5383 1492 5443 ad
1505 5382 1685 5443 moti-

109 5484 310 5550 stum,
353 5473 673 5536 difficultas
700 5482 912 5537 autem
942 5494 1069 5536 non
1106 5481 1314 5538 movet
1341 5476 1684 5557 appetitum

159 5563 221 5622 ad
246 5568 717 5646 prosecutionem
754 5568 1021 5652 objecti,
1065 5570 1168 5630 sed
1199 5570 1404 5655 potius
1429 5569 1688 5634 retrahit

3204 425 3325 486 603

1759 527 2143 604 appetitum3
2170 527 2411 588 bonitas
2436 545 2581 589 vero
2610 533 2700 588 est
2726 545 2865 607 quae
2896 527 3121 591 excitat
3143 549 3327 610 appe·

1759 619 1944 680 titum
1988 620 2067 682 ad
2113 621 2481 682 vincendam
2530 621 2974 683 difficultatem.
3018 623 3321 701 SecundO,

1760 720 1852 774 est
1875 713 2201 776 difficultas
2228 716 2295 776 in
2323 716 2440 775 hoc
2466 735 2479 778 :
2509 733 2653 775 nam
2677 713 2766 774 illi
2790 721 2983 789 actus,
3014 734 3168 796 quos
3195 718 3326 778 haec

1759 809 2068 869 sententia
2087 809 2285 889 ponit,
2319 809 2612 884 confidere
2637 814 2698 870 et
2724 815 3060 890 expectare,
3092 809 3143 868 si
3169 799 3326 871 rese-

1753 907 1975 963 rantur
2002 901 2077 962 ad
2122 901 2525 978 voluntatem,
2574 919 2699 960 non
2740 909 2996 982 possunt
3037 921 3168 963 esse
3208 903 3326 965 nisi

1754 995 2081 1056 volitiones
2107 996 2393 1075 quiedam
2417 1017 2432 1069 3
2466 993 2772 1056 confidere
2801 1011 2951 1073 ergo
2997 996 3061 1056 in
3088 995 3321 1076 aliquo,

1757 1087 1876 1150 erit
1902 1087 2063 1148 velle
2090 1087 2301 1148 abillo
2329 1088 2556 1149 habere
2582 1087 2832 1168 aliquod
2865 1086 3129 1164 bonum,
3160 1089 3325 1170 quod

1754 1180 1961 1258 judico
1990 1181 2163 1242 illum
2196 1181 2351 1241 mihi
2380 1182 2693 1257 daturum,
2741 1181 2839 1244 vel
2880 1180 3182 1256 absolute,
3226 1181 3328 1242 vel

1755 1271 1870 1332 sub
1895 1273 2103 1354 aliqua
2130 1275 2481 1336 conditione
2505 1297 2522 1349 3
2555 1281 2618 1336 et
2640 1275 2777 1336 haec
2803 1283 3017 1336 eadem
3044 1273 3328 1336 voluntas

1756 1374 2113 1446 comparata
2161 1367 2239 1428 ad
2290 1367 2525 1430 bonum
2572 1369 2775 1448 ipsum
2824 1369 2942 1429 erit
2984 1369 3328 1448 expectatio

1759 1459 1933 1538 ejus3
1980 1467 2211 1522 atvero
2241 1466 2407 1522 totus
2434 1461 2536 1521 hic
2564 1468 2737 1522 actus
2763 1459 2964 1523 tendit
2994 1463 3060 1522 in
3088 1462 3325 1522 bonum

1757 1549 1874 1612 sub
1901 1554 2141 1616 ratione
2169 1553 2341 1628 boni,
2376 1565 2438 1615 et
2464 1555 2615 1634 quia
2641 1555 2842 1616 tendit-
2870 1555 2934 1614 in
2956 1554 3198 1631 absens,
3230 1556 3327 1615 ni·

1755 1642 1846 1704 hil
1871 1645 2041 1710 aliud
2067 1665 2195 1710 esse
2218 1647 2463 1708 videtur
2488 1665 2677 1727 quam
2704 1647 3101 1709 desiderium.
3150 1647 3328 1711 Unde

1758 1737 2025 1800 ulterius
2072 1757 2320 1802 necesse
2368 1747 2458 1801 est
2501 1740 2689 1802 talem
2734 1748 2939 1802 actum
2982 1758 3329 1820 supponere

1759 1849 2037 1894 amorem
2078 1832 2299 1912 obiecti
2334 1834 2660 1914 expectati,
2710 1834 2818 1913 qui
2858 1851 3036 1895 amor
3064 1835 3131 1894 in
3174 1851 3328 1912 prae-

1761 1924 1921 1989 senti
1951 1927 2215 1988 materia
2244 1926 2427 1988 debet
2452 1945 2583 1989 esse
2611 1927 3120 2008 supernaturalia,
3152 1934 3223 1988 ut
3248 1927 3330 1987 sit

1761 2019 2264 2098 proportionatus
2292 2021 2700 2101 expectationi
2741 2026 2803 2082 et
2839 2021 3086 2082 fiducias
3116 2039 3331 2101 superz

1761 2113 2055 2176 naturali.
2094 2115 2243 2176 Peto
2268 2115 2621 2193 ergo‘cujus
2646 2114 2893 2176 virtutis
2918 2123 3089 2176 actus
3115 2115 3195 2175 sit
3222 2113 3329 2176 ille

1762 2225 1976 2280 amor;
2008 2226 2156 2270 nam
2183 2208 2524 2283 charitatiS,
2574 2225 2684 2288 per
2726 2227 2789 2269 se
2829 2207 3161 2288 loquendo,
3200 2225 3329 2270 non

1763 2306 1877 2376 est,
1909 2301 2056 2381 quia
2074 2301 2337 2362 charitas
2356 2319 2484 2362 non
2512 2301 2710 2362 tendit
2730 2301 2795 2362 in
2822 2302 3141 2382 proprium
3166 2319 3331 2362 com-

1767 2395 2025 2456 modum
2052 2397 2341 2469 amantis,
2390 2401 2462 2454 ut
2488 2401 2614 2467 sic3
2665 2394 2769 2455 ille
2800 2401 3009 2455 autem
3036 2413 3212 2455 amor
3240 2402 3331 2455 est

1767 2489 1999 2568 proprii
2026 2489 2335 2548 commodi
2362 2507 2379 2559 ς
2411 2487 2743 2567 pertinebit
2770 2506 2918 2567 ergo
2942 2485 3021 2547 ad
3045 2505 3237 2567 spem,
3269 2494 3334 2549 et

1766 2580 1856 2640 ita
1902 2579 2161 2642 habebit
2204 2581 2411 2660 plures
2438 2588 2651 2658 actus3
2691 2599 2879 2662 quam
2908 2579 3330 2644 difficultatem

1767 2691 1910 2733 mox
1944 2671 2131 2734 latius
2162 2693 2517 2755 prosequar.

1846 2769 1906 2828 3.
1941 2765 2223 2830 Secunda
2246 2767 2563 2831 senten-tia.
2584 2801 2666 2816 --
2682 2767 2926 2831 Partim
2954 2765 3325 2832 admittitur.

1760 2859 2107 2923 -Poertim
2134 2861 2439 2939 rejicitur.
2467 2893 2543 2908 -
2568 2859 2981 2937 Confirmatm·
3005 2861 3225 2943 primo.
3248 2893 3331 2909 --

1766 2951 2172 3034 Confimatur
2196 2955 2467 3016 secundo.
2490 2955 2686 3015 -Est
2706 2955 2973 3016 secunda
2998 2953 3322 3027 sententia,

1763 3044 2075 3123 objectum
2104 3045 2421 3108 materiale
2450 3048 2581 3127 spei
2610 3065 2741 3110 esse
2768 3047 2933 3108 bona
2960 3053 3330 3127 supernatu-

1761 3137 1940 3212 ralia,
1986 3139 2247 3204 formale
2292 3158 2438 3200 vero
2488 3159 2617 3202 esse
2668 3141 2883 3212 Deum,
2938 3145 3009 3202 ut
3054 3141 3329 3221 primum

1761 3238 2081 3294 auctorem
2144 3239 2205 3292 et
2266 3233 2637 3313 principium
2708 3234 2927 3295 talium
2988 3235 3326 3307 honorum,

1756 3325 1933 3403 juxta
1966 3343 2151 3404 quam
2190 3327 2561 3390 sententiam
2591 3326 2678 3389 ita
2715 3327 3013 3389 differunt
3049 3334 3171 3389 tres
3204 3328 3329 3388 vir-

1762 3422 1924 3478 tutes
1956 3417 2337 3498 theologicae,
2370 3425 2439 3480 ut
2467 3420 2618 3482 fides
2647 3420 2991 3482 formaliter
3016 3421 3230 3482 tendat
3259 3421 3329 3480 in

1763 3511 2110 3586 veritatem,
2140 3512 2405 3574 charitas
2436 3513 2502 3574 in
2534 3512 2899 3588 honitatem,
2932 3531 3068 3593 spes
3096 3515 3167 3574 in
3197 3531 3329 3575 om-

1763 3602 2198 3683 nipotentiam,
2219 3613 2309 3666 rat
2318 3606 2459 3668 ione
2472 3607 2649 3685 cujus
2668 3605 2829 3668 Deus
2846 3613 2937 3669 est
2956 3607 3330 3686 principium

1767 3698 2053 3761 omnium
2074 3697 2417 3776 honor-unu
2442 3703 2531 3760 ita
2562 3699 2809 3761 videtur
2834 3700 3139 3778 explicare
3168 3699 3335 3760 hanc

1767 3809 1900 3852 rem
1935 3791 2115 3852 divus
2140 3792 2438 3868 Thomas,
2474 3799 2688 3872 quaest.
2720 3793 2827 3854 illa
2868 3794 3106 3855 decima
3133 3797 3327 3868 sexta,

1767 3884 2027 3945 articulo
2056 3891 2250 3962 sextu,
2285 3892 2346 3946 et
2370 3885 2595 3966 disput.
2638 3886 2716 3947 de
2741 3887 2882 3963 Spe,
2912 3884 3173 3947 articulo
3204 3889 3228 3945 1
3269 3893 3332 3946 et

1767 3979 1830 4052 4,
1853 3981 1914 4037 et
1947 3977 2087 4038 aliis
2122 3978 2187 4038 in
2222 3979 2371 4042 locis
2410 3979 2754 4059 aliquoties.
2783 3981 2938 4040 Nam
2980 3980 3140 4040 sicut
3178 3979 3332 4040 fides

1768 4070 1990 4131 nititur
2019 4072 2139 4131 Deo
2177 4071 2431 4148 dicenti,
2462 4073 2553 4136 ita
2577 4091 2711 4148 spes
2740 4074 2863 4134 Deo
2890 4073 3237 4144 auxilianti,
3270 4078 3335 4134 et

1766 4161 1884 4224 hoc
1934 4164 2121 4226 modo
2165 4165 2507 4244 loquuntur
2542 4185 2669 4228 non
2709 4167 2911 4246 pauci,
2964 4165 3042 4227 de
3090 4167 3333 4246 obJecto

1767 4256 2013 4319 formali
2063 4262 2195 4337 spei
2238 4259 2595 4324 scribentes.
2646 4259 3023 4340 Explicatur,
3068 4279 3217 4321 nam
3266 4263 3335 4322 in

1768 4351 1886 4414 hoc
1945 4351 2155 4416 differt
2206 4353 2695 4433 supernaturalis
2746 4372 2883 4434 spes
2944 4373 2983 4415 a
3036 4354 3330 4430 naturali,

1767 4447 1932 4525 quod
1974 4447 2079 4508 illa
2114 4453 2245 4510 tota
2286 4449 2523 4511 nitatur
2564 4448 2710 4524 Deo,
2761 4448 2892 4510 haic
2928 4448 3067 4510 aliis
3108 4449 3329 4510 causis.

1765 4541 1832 4600 In
1863 4541 1980 4602 hac
2009 4541 2315 4602 sententia
2332 4559 2529 4604 unum
2558 4547 2649 4603 est
2679 4549 2939 4613 certum,
2970 4559 3147 4622 spem
3171 4543 3333 4602 infu-

1765 4653 1896 4696 sam
1939 4634 2363 4716 principaliter
2401 4633 2651 4697 fundari
2696 4636 2761 4696 in
2810 4636 2967 4712 De03
3013 4635 3131 4696 hoc
3162 4635 3333 4695 enim

1763 4734 1856 4788 est
1887 4727 1963 4788 de
1991 4727 2135 4804 fide,
2168 4747 2241 4788 ac
2280 4727 2534 4790 fortasse
2566 4727 2945 4789 declaratum
2982 4735 3195 4789 contra
3230 4729 3337 4789 Pe·

1762 4821 2043 4900 lagianos
2062 4829 2077 4860 ¹
2094 4867 2108 4884 .
2130 4823 2234 4901 qui
2258 4821 2569 4899 ponebant
2588 4839 2758 4901 spem
2780 4821 2845 4882 in
2875 4823 3121 4903 propria
3150 4822 3338 4883 liber·

1763 4921 1888 4975 tate
1921 4922 1983 4976 et
2011 4915 2361 4981 virtutibus,
2404 4921 2620 4978 contra
2651 4933 2807 4993 quos
2836 4915 3060 4975 dicitur
3100 4915 3328 4976 Jerem.

1762 5011 1799 5070 7
1841 5024 1857 5068 t
1905 5009 2115 5072 Nolite
2152 5011 2438 5089 confidere
2476 5011 2543 5070 in
2580 5010 2748 5070 vobis
2786 5009 2987 5090 ipsae,-
3032 5015 3093 5070 et
3128 5011 3329 5086 capite

1764 5103 2287 5181 decimoseptimo
2315 5124 2329 5162 :
2364 5103 2727 5166 Benedictus
2758 5103 2925 5164 homo
2954 5103 3057 5182 qui
3080 5105 3337 5176 confidet

1760 5196 1827 5258 in
1865 5199 2012 5272 Deo,
2054 5209 2119 5259 et
2159 5205 2398 5260 caetera.
2449 5199 2594 5260 Dico
2640 5203 2847 5258 autem
2876 5197 3330 5278 principaliter,

1766 5292 1912 5373 quia
1937 5292 2303 5356 secundario
2334 5299 2631 5373 tanquam
2660 5291 2727 5353 in
2754 5293 3190 5367 instrumento,
3235 5290 3335 5354 vel

1851 5479 1868 5515 ¹
1905 5475 2170 5637 Cogisule
2198 5479 2541 5550 auctorem,-
2582 5471 2692 5540 lib.
2732 5473 2776 5539 Ξ·
2804 5472 2883 5533 de
2906 5435 3103 5548 Grac,
3138 5490 3193 5538 c.
3228 5475 3331 5554 12,

1767 5587 1943 5634 num.
2023 5615 2036 5630 .
