3900 6217
389 425 506 490 134

383 537 748 614 perpetuum
781 534 1111 598 columnam
1142 535 1445 612 veritatis,
1497 539 1525 596 1
1563 533 1830 598 Timoth.
1865 535 1946 610 33

383 643 536 703 ergo
563 625 879 688 defecisset
896 629 1174 688 maxime
1201 629 1267 688 in
1299 627 1682 702 necessariis,
1723 627 1778 687 si
1820 643 1951 687 non

384 717 754 799 providisset
776 718 924 780 huic
953 719 1260 797 Ecclesiae,
1291 720 1370 782 de
1411 719 1620 800 aliqua
1661 721 1804 780 viva
1855 737 1952 781 re·

386 811 536 889 gula
562 829 599 872 a
626 828 750 891 qua
783 812 975 892 possit
1011 813 1216 873 doceri
1257 814 1392 874 sine
1420 811 1690 892 periculo
1717 811 1952 873 1818118·

385 904 493 979 118,
533 904 682 983 quia
708 904 841 964 sine
862 904 971 966 illa
992 905 1370 985 impossibile
1393 911 1530 966 erat
1559 903 1804 986 impleri
1842 903 1952 964 illa

388 995 623 1070 omnia,
671 1013 810 1076 quse
857 997 1083 1076 partim
1135 999 1292 1058 Deus
1343 997 1670 1077 promittit,
1719 997 1950 1077 partim

388 1090 710 1169 praecepit,
740 1095 812 1150 ut
829 1107 906 1150 ex
931 1091 1246 1170 Scriptura
1271 1096 1527 1153 constat.

469 1183 530 1243 6.
575 1181 684 1244 Ad
701 1184 970 1261 primum
997 1185 1284 1245 motivum
1324 1185 1392 1246 in
1417 1201 1586 1245 num.
1617 1185 1644 1243 1
1687 1181 1952 1261 triplici·

390 1279 483 1337 ter
529 1276 786 1352 satisfit.
819 1307 904 1322 -—
925 1276 1162 1338 Primo.
1185 1307 1266 1323 —
1295 1276 1588 1341 Secundo.
1611 1305 1695 1322 -
1719 1275 1947 1337 Tertio.

388 1399 472 1416 -
492 1366 598 1430 Aa
619 1369 935 1432 seeundum
967 1371 1275 1431 motivum.
1295 1401 1382 1416 -
1401 1369 1494 1430 Ad
1525 1369 1801 1448 primum
1835 1367 1954 1446 igi·

389 1466 497 1522 tur
537 1467 978 1538 argumentum
1019 1461 1473 1537 ban-eticorum,
1523 1469 1840 1541 sumptum
1873 1477 1955 1523 ex

392 1553 722 1633 Scripturis
793 1553 1296 1634 praecipieutibus
1354 1555 1612 1635 probaro
1664 1555 1947 1634 spiritus,

387 1647 830 1726 respondemus
857 1647 1162 1726 imprimis
1195 1647 1506 1708 mouendo
1543 1647 1700 1722 illos,
1735 1652 1806 1706 ut
1834 1645 1955 1707 hoc

390 1738 718 1800 observent
743 1761 762 1813 ;
789 1757 938 1800 nam
963 1740 1014 1802 si
1059 1757 1199 1800 suos
1229 1740 1478 1820 spiritus
1513 1739 1788 1820 privatos
1813 1756 1948 1818 pro·-

389 1831 631 1909 barent,
677 1833 1028 1894 invenirent
1077 1851 1207 1894 esse
1251 1833 1504 1913 spiritus
1531 1833 1778 1908 erroris,
1821 1849 1950 1893 808

387 1924 520 1987 Dei.
555 1924 780 1986 Deinde
805 1925 1070 1986 dicimus
1107 1926 1176 1985 18
1217 1925 1404 1987 rebus
1443 1925 1648 1986 dubiis
1688 1925 1954 2004 proban-

387 2016 498 2079 dos
527 2035 658 2078 esse
685 2016 938 2096 spiritus
965 2038 979 2089 ;
1019 2033 1164 2079 uam
1193 2018 1258 2078 111
1285 2018 1469 2080 881118
1509 2037 1650 2098 quae
1675 2017 1950 2080 Ecclesia

387 2108 592 2183 docet,
626 2126 754 2170 uon
789 2115 880 2170 est
903 2111 1244 2172 necessaria
1277 2111 1580 2190 probatio,
1607 2112 1712 2172 sed
1741 2112 1794 2172 si
1823 2112 1944 2191 spi·

386 2204 544 2265 ritus
581 2203 662 2263 sit
688 2202 1022 2264 conformis
1056 2203 1358 2279 Ecclesioe,
1387 2210 1631 2285 oportet
1663 2205 1834 2284 sequi
1872 2203 1950 2265 il-

385 2293 519 2358 lum
536 2317 555 2370 ;
592 2297 646 2358 si
687 2313 834 2358 vero
881 2298 963 2358 sit
1005 2298 1377 2373 contrarius,
1416 2315 1767 2378 repugnare
1811 2297 1948 2360 illi:

386 2387 666 2454 Etiamsi
711 2391 985 2468 Anystus
1043 2392 1114 2454 de
1161 2391 1301 2454 coelo
1357 2392 1716 2470 manfelini
1769 2392 1955 2454 alitor

384 2501 568 2564 qnam
597 2486 1074 2564 ovanyclisatnm
1103 2491 1211 2548 eet.
1243 2487 1452 2548 Tertio
1488 2486 1714 2546 dieitur
1733 2485 1950 2561 etiam,

385 2579 456 2638 in
491 2577 674 2638 rebus
711 2578 916 2640 dubiis
943 2577 1294 2658 probandos
1337 2595 1470 2640 esse
1521 2578 1794 2658 spiritus,
1843 2597 1957 2658 per

385 2670 668 2749 regulam
701 2670 846 2732 fidei
871 2672 1078 2734 vivam
1115 2677 1178 2732 et
1211 2678 1468 2748 certam,
1499 2679 1572 2733 ut
1599 2674 1791 2734 sensit
1830 2674 1956 2734 Au·

866 433 1100 488 msPU‘r.
1139 437 1197 488 V.
1234 436 1314 489 DE
1346 435 1607 490 neonus
1639 433 1862 499 Quintis
1894 433 2059 488 FIDE!
2094 433 2405 490 omi-:erun
2438 433 2943 498 immutemus&
2975 431 3109 485 me.

2030 535 2336 615 gustinus,
2388 535 2465 597 12
2510 535 2666 597 Gen.
2723 531 2803 595 ad
2846 531 3071 609 litter„
3121 532 3321 612 capite
3366 533 3477 609 143
3528 537 3593 593 et

2030 627 2345 708 supposita
2368 627 2489 691 hac
2533 627 2774 707 regula,
2832 625 3109 689 conferre
3154 623 3383 706 poterit
3424 625 3595 686 bona

2031 719 2345 800 dispositio
2395 728 2457 784 et
2505 721 2701 782 oratio
2747 718 3110 794 dubitantis,
3148 725 3219 779 ut
3269 734 3306 779 a
3358 715 3596 798 Spiritu

2030 813 2278 887 Sancto,
2310 832 2436 874 non
2462 831 2575 894 per
2603 813 3048 874 revelationem
3087 811 3387 891 privatam
3426 811 3591 888 (quae

2031 904 2343 966 ordinarie
2380 905 2647 986 petenda
2694 921 2822 967 non
2868 905 3008 980 est),
3046 903 3151 965 sed
3182 921 3293 982 per
3333 900 3597 982 speciale

2030 998 2331 1059 auxilium
2355 999 2670 1060 illuminet
2707 998 2785 1060 ad
2825 997 3151 1059 veritatem
3177 995 3276 1056 vel
3317 995 3597 1076 specula-

2028 1090 2224 1152 tivam
2248 1090 2347 1152 vel
2375 1092 2707 1171 practicam
2737 1089 3189 1169 attingendam,
3216 1089 3396 1168 juxta
3438 1085 3597 1147 illud

2032 1183 2235 1260 Lucae,
2282 1183 2523 1246 decimo
2564 1187 2777 1245 sexto:
2822 1183 3014 1245 Dabit
3060 1182 3346 1262 spiritum
3382 1180 3595 1241 bonum

2026 1275 2361 1354 petentibus
2400 1294 2497 1350 se,·
2522 1283 2585 1338 et
2618 1277 2739 1337 hoc
2784 1282 2874 1337 est
2916 1274 3081 1355 quod
3118 1274 3187 1335 in
3235 1273 3375 1335 aliis
3425 1271 3597 1335 18811·

2032 1368 2259 1428 moniis
2284 1368 2369 1429 ibi
2412 1369 2615 1430 citatis
2642 1367 3045 1448 significatur.
3088 1367 3183 1429 Ad
3222 1365 3593 1442 secundum,

2032 1461 2461 1542 respondetur,
2514 1463 2795 1542 regulam
2838 1464 3048 1523 vivam
3088 1477 3219 1522 uon
3268 1458 3599 1522 excludere

2032 1554 2454 1617 necessitatem
2502 1555 2763 1616 aliarum
2802 1570 2956 1636 quas
3000 1571 3186 1634 supra
3228 1553 3597 1634 posuimus3

2032 1649 2179 1729 quia
2210 1648 2345 1710 hoec
2369 1649 2585 1729 regula
2612 1649 2755 1709 viva
2786 1667 2912 1708 non
2941 1648 3116 1708 docet
3155 1663 3265 1726 per
3298 1661 3489 1706 novas
3528 1651 3601 1706 et

2032 1742 2303 1821 privatas
2343 1743 2768 1819 revelationes,
2814 1748 2878 1802 et
2926 1740 3065 1801 ideo
3116 1739 3353 1817 indiget
3390 1739 3601 1817 Scrip-

2031 1840 2171 1895 tura
2194 1841 2257 1898 et
2282 1835 2612 1897 traditione
2636 1835 2713 1897 ad
2742 1834 3111 1896 docendum.
3144 1832 3318 1893 Unde
3350 1847 3599 1912 semper

2032 1925 2131 1988 his
2162 1928 2394 2006 regulis
2422 1934 2687 1989 utuntur
2721 1927 3049 1989 Pontifices
3075 1933 3138 1986 et
3184 1925 3484 1999 concilia,
3524 1927 3601 1983 ut

2033 2027 2275 2082 constat
2312 2022 2585 2084 maxime
2611 2039 2689 2084 ex
2728 2020 3114 2096 Tridentino,
3144 2019 3412 2080 sessione
3439 2020 3503 2092 4,
3530 2021 3601 2078 81

2032 2115 2121 2175 118
2151 2115 2457 2194 ejusmodi
2494 2115 2725 2194 reguloe
2756 2131 2821 2176 se
2866 2120 3087 2174 mutuo
3122 2113 3371 2191 juvant,
3420 2117 3483 2172 et
3526 2127 3599 2170 se

2033 2207 2264 2270 habent
2308 2210 2464 2270 sicut
2508 2208 2810 2269 excedens
2846 2214 2909 2268 et
2950 2223 3305 2279 excessum3
3336 2205 3481 2267 licet
3524 2205 3597 2265 in

2032 2301 2149 2362 hoc
2176 2303 2510 2384 quamdam
2538 2301 2811 2363 habeant
2838 2300 3284 2380 aequalitatem,
3318 2299 3484 2378 quod
3513 2298 3599 2360 ab

2033 2397 2268 2475 Spiritu
2296 2397 2523 2457 Sancto
2548 2411 2762 2456 omnm
2791 2394 3022 2455 habent
3060 2391 3593 2454 infallibilitatem.

2034 2490 2103 2550 In
2131 2489 2315 2549 tertio
2338 2493 2711 2568 argumento
2738 2487 2966 2567 petitur
2994 2485 3305 2566 quomodo
3340 2485 3479 2546 baec
3498 2503 3603 2546 re·-

2035 2581 2182 2660 gula
2219 2581 2361 2642 viva
2389 2581 2579 2660 possit
2618 2595 2750 2641 esse
2778 2585 2967 2650 certa,
3014 2577 3121 2639 sed
3150 2578 3267 2638 hoe
3296 2577 3607 2638 constabit

2036 2691 2114 2735 ex
2147 2673 2547 2754 sequentibus
2574 2672 2970 2735 sectionibus.

389 2899 468 2964 In
494 2896 858 2988 posteriori
901 2895 1028 2964 liae
1064 2895 1312 2965 lectura
1360 2897 1439 2967 de
1468 2897 1626 2988 fide,
1670 2896 1976 2966 disseruit
2014 2910 2243 2966 auctor
2292 2897 2509 2966 solum
2547 2895 2625 2966 de
2664 2895 2955 2964 Ecclesia
2997 2907 3319 2986 quatenus
3368 2891 3607 2982 requla

469 3007 653 3100 fidei,
695 3006 875 3102 quod
900 3021 1042 3078 erat
1067 3010 1340 3103 proprii
1371 3011 1698 3094 instituti,·
1728 3034 1810 3078 ex
1831 3011 2052 3102 priori
2078 3024 2329 3098 tamen,
2362 3023 2667 3080 coeteram
2699 3011 2778 3082 de
2804 3010 3095 3082 Ecclesia
3132 3008 3607 3080 tractationem

475 3122 672 3194 avido
704 3123 931 3194 lectori
967 3122 1207 3192 damus
1235 3123 1512 3216 inferius
1541 3123 1990 3217 disputatione
2024 3147 2227 3194 nona.

995 3333 1216 3387 sacrm
1252 3333 1331 3386 Vl.

399 3495 619 3561 Utrum
653 3498 933 3562 Ecclesia
965 3496 1336 3560 universalis
1373 3495 1461 3560 sit
1498 3497 1861 3571 infallibilis
1887 3497 1959 3560 in

427 3593 730 3668 erodendo,
746 3598 803 3656 ot
817 3597 1230 3672 consequenter
1241 3593 1327 3654 sit
1343 3596 1504 3655 certa
1516 3591 1728 3670 recula
1742 3591 1910 3668 fidei.

473 3796 534 3854 1.
577 3789 859 3852 Ecclesia
893 3793 1127 3851 nomen
1169 3789 1370 3850 varias
1421 3787 1613 3849 babet
1647 3787 1957 3867 siguifica-

387 3887 624 3963 tioues3
677 3883 781 3946 sed
809 3883 977 3963 quod
1021 3883 1100 3944 811
1147 3901 1420 3964 proesens
1459 3887 1716 3961 spectat,
1763 3881 1957 3960 signi·

389 3979 535 4042 11881
589 3977 1133 4056 congregationem
1189 3974 1492 4038 fidelium.
1553 3977 1626 4035 Iu
1675 3991 1798 4054 qua
1847 3973 1954 4034 de·

389 4072 745 4150 scriptione.
793 4071 845 4132 si
887 4069 1048 4132 nihil
1089 4068 1263 4130 8111111
1316 4069 1376 4130 81
1431 4067 1700 4130 811118181
1729 4111 1750 4142 ,
1783 4085 1954 4127 com·

386 4163 792 4246 prehenditur
849 4162 1122 4224 Ecclesia
1189 4167 1376 4243 prout
1419 4161 1538 4222 11111
1621 4160 1702 4222 ab
1771 4160 1955 4220 initio

389 4257 634 4330 mundi,
685 4257 834 4336 quia
879 4271 1122 4332 semper
1167 4255 1389 4318 babuit
1443 4255 1600 4315 Deus
1655 4254 1724 4314 18
1770 4271 1955 4314 mun-

390 4351 472 4412 do
515 4350 750 4429 aliquos
815 4349 1026 4410 fideles
1089 4349 1222 4410 veri
1279 4349 1383 4410 Dei
1447 4348 1712 4410 cultores
1737 4393 1757 4422 ‚
1801 4365 1955 4427 quo-

390 4461 532 4505 rum
561 4442 959 4521 congregatio
999 4441 1269 4504 Ecclesia
1295 4441 1543 4517 dicitur,
1585 4447 1650 4502 et
1698 4441 1788 4500 1111
1831 4441 1955 4500 fuit

391 4542 686 4617 perpetua
713 4553 750 4594 8
779 4534 1083 4614 principio
1125 4535 1367 4609 mundi,
1391 4540 1463 4594 ut
1485 4540 1580 4594 est
1619 4538 1856 4594 certum
1885 4533 1950 4592 in

391 4628 674 4688 doctrina
713 4627 1118 4700 Sanctorum3
1151 4626 1238 4688 sic
1268 4625 1460 4687 etiam
1485 4625 1552 4686 in
1581 4625 1809 4706 populo
1843 4625 1955 4684 Ju-

392 4721 674 4781 (11801818
712 4717 834 4780 1811
861 4719 1147 4799 quasdam
1191 4719 1476 4798 specialis
1498 4718 1786 4790 Ecclesia,
1811 4733 1959 4778 nam

392 4814 516 4874 luit
539 4813 730 4873 etiam
759 4814 1160 4890 congregatio
1189 4811 1472 4873 fidelium
1503 4811 1754 4891 speciali
1777 4810 1964 4872 modo

395 4907 596 4968 Deum
626 4903 995 4982 colentium3
1025 4923 1194 4966 nunc
1224 4911 1432 4966 autem
1461 4905 1805 4984 specialiori
1833 4921 1964 4965 mo·

393 5001 476 5060 do
497 5016 714 5060 vocem
735 4998 910 5060 illam
941 4999 1270 5074 sumimus,
1301 5005 1372 5060 ut
1407 4998 1719 5078 significat
1755 4999 1967 5059 Eccle-

395 5096 550 5155 siam
577 5092 805 5154 Christi
848 5091 1218 5153 catholicam
1259 5098 1322 5152 et
1361 5091 1782 5171 apostolicam.
1811 5092 1969 5170 Sup-

401 5188 692 5268 ponimus
744 5185 916 5246 811118
969 5184 1282 5246 Clu-istum
1341 5184 1675 5246 Dominum
1715 5183 1967 5266 speciali

397 5278 584 5340 modo
621 5277 958 5339 Ecclesiam
987 5295 1163 5338 suam
1209 5277 1546 5338 instituisse
1563 5322 1582 5352 ,
1617 5278 1798 5356 juxta
1825 5296 1965 5338 ver·

393 5371 550 5434 bum
575 5387 762 5432 8111118
791 5391 807 5430 2
835 5369 1040 5450 Super
1071 5371 1228 5434 hanc
1249 5376 1486 5450 petmm
1514 5372 1820 5447 oedifimbo
1839 5371 1965 5433 Bo-

398 5466 640 5529 alesiam
675 5477 902 5534 meam·
919 5469 982 5526 et
1005 5465 1188 5544 juxta
1211 5464 1474 5524 verbum
1502 5465 1711 5524 Pauli:
1743 5465 1965 5529 Posuit

404 5577 507 5626 vos
537 5558 826 5638 Spiritus
851 5557 1119 5622 Sanctus
1143 5557 1482 5643 Episcopus
1513 5573 1714 5636 reffero
1743 5557 1963 5626 acole-

2033 3324 2191 3387 eiam
2219 3323 2361 3396 Dei,
2390 3339 2571 3402 qnam
2600 3321 2931 3403 acquisivit
2956 3320 3251 3399 sanquine
3268 3335 3374 3382 suo
3386 3343 3413 3391 ,·
3440 3323 3502 3378 et
3526 3317 3607 3378 de

2035 3418 2274 3477 ratione
2314 3416 2503 3494 hujus
2540 3411 2820 3476 Ecclesia
2860 3420 2974 3490 est,
3016 3419 3090 3473 ut
3141 3411 3222 3473 sit
3264 3427 3609 3489 congrega·

2036 3510 2125 3570 tio
2150 3509 2452 3584 fidelium,
2480 3509 2678 3590 quiin
2702 3507 3018 3588 Baptismo
3038 3505 3229 3568 fidem
3256 3519 3436 3566 suam
3464 3519 3611 3582 pro-

2036 3603 2183 3664 fessi
2216 3608 2382 3676 sunt,
2414 3609 2476 3664 81
2502 3602 2616 3662 sub
2644 3619 2773 3662 880
2798 3599 3120 3673 8881111818,
3151 3598 3375 3678 capite,
3420 3602 3482 3657 et
3514 3613 3613 3656 sa·

2036 3696 2367 3756 crementis
2394 3713 2432 3756 8
2468 3695 2709 3758 Christo
2734 3694 3056 3766 institutis,
3090 3693 3288 3752 Deum
3336 3689 3504 3762 colit,
3546 3695 3613 3750 et

2036 3787 2117 3848 ab
2146 3787 2283 3848 aliis
2324 3787 2567 3868 populis
2601 3787 2992 3849 discernitur.
3038 3786 3123 3845 De
3159 3784 3277 3844 1188
3302 3799 3451 3859 ergo
3492 3781 3611 3840 Ec·

2038 3880 2221 3941 clesia
2244 3880 2581 3960 loquimur,
2610 3879 2690 3941 de
2728 3897 2851 3959 qua
2878 3877 3261 3958 amplissima
3284 3879 3379 3935 est
3398 3873 3609 3952 dispu-

2038 3975 2214 4048 tatio,
2247 3974 2299 4035 si
2330 3974 2408 4035 de
2438 3973 2825 4034 institutione
2870 3971 3064 4046 illius,
3102 3970 3179 4029 de
3214 3965 3515 4029 membris
3546 3970 3609 4024 et

2034 4068 2313 4147 partibus
2348 4067 2403 4146 ej
2412 4083 2505 4142 us,
2558 4082 2633 4126 ac
2672 4063 3017 4146 privilegiis
3064 4063 3200 4141 ejus
3216 4108 3235 4137 ,
3290 4059 3609 4139 agendum

2036 4175 2228 4239 esset3
2272 4159 2379 4221 sed
2426 4177 2543 4221 nec
2590 4159 2859 4220 brevitas
2912 4156 3211 4236 temporis
3260 4154 3379 4215 hoc
3429 4151 3613 4212 nobis

2036 4253 2367 4334 permittit,
2418 4269 2535 4315 nec
2574 4251 2834 4313 materia
2866 4250 2945 4310 de
2980 4249 3105 4310 fide
3150 4263 3339 4327 quam
3372 4250 3615 4305 tracta·

2035 4363 2173 4408 mus
2196 4347 2263 4407 18
2294 4348 2499 4425 rigore
2535 4346 2653 4406 hoc
2677 4343 2949 4424 postulat
2972 4347 3016 4404 ¹.
3050 4339 3262 4402 videri
3292 4353 3443 4417 ergo
3470 4355 3613 4416 pos·

2034 4449 2181 4502 sunt
2202 4440 2393 4516 Cano,
2416 4439 2850 4511 Bellen-minus,
2874 4442 2938 4498 et
2954 4435 3175 4514 reliqui
3202 4447 3389 4511 supra
3408 4429 3614 4504 citati,

2035 4538 2098 4594 et
2118 4532 2464 4612 specialiter
2484 4534 2903 4605 Turrecrem„
2926 4529 2993 4589 iu
3012 4529 3187 4589 Sum.
3216 4526 3297 4586 de
3318 4523 3613 4594 Ecclesisu

2042 4627 2171 4688 sola
2188 4643 2338 4704 ergo
2366 4624 2773 4686 infallibilitas
2802 4619 3086 4683 Ecclesiae
3114 4619 3191 4680 ad
3214 4617 3383 4678 hunc
3406 4615 3617 4676 locum

2044 4719 2334 4798 pertinet,
2362 4725 2425 4780 et
2450 4717 2531 4778 de
2556 4716 2662 4776 illa
2685 4714 2955 4776 breviter
2980 4714 3281 4774 dicemus.

2126 4813 2185 4872 2.
2232 4813 2441 4874 Error
2478 4827 2705 4888 necans
2742 4807 3162 4871 auctoritatem
3192 4805 3513 4867 Eccluioe.
3538 4833 3621 4850 -

2046 4904 2311 4966 Eri-oris
2332 4906 2810 4981 fundamentum.
2826 4899 3356 4976 —C‘onfirmatun
3380 4929 3463 4942 --
3484 4897 3623 4958 Nou

2046 4994 2378 5057 defuerunt
2410 5011 2560 5074 ergo
2604 4993 2906 5067 haeretici,
2943 4992 3053 5072 qui
3098 4991 3394 5052 dixerunt
3422 4996 3623 5050 totam

2046 5088 2381 5148 Ecclesiam
2433 5105 2605 5165 posse
2648 5087 2715 5147 in
2770 5086 2895 5148 fide
2940 5083 3247 5160 deficere3
3307 5082 3400 5142 ita
3448 5083 3625 5144 enim

2046 5187 2372 5242 senserunt
2398 5179 2829 5254 Marcionistae,
2854 5185 2927 5240 ut
2952 5185 3047 5238 est
3067 5175 3233 5257 apud
3248 5173 3619 5249 Eusebium,

2044 5271 2153 5332 lib.
2190 5278 2217 5336 1
2270 5273 2527 5349 Η18181.,
2558 5289 2615 5334 8.
2672 5274 2785 5347 16;
2828 5270 3179 5346 Donatistae,
3216 5285 3295 5330 ex
3324 5268 3623 5347 Augusti-

2046 5381 2154 5439 no,
2187 5367 2365 5446 epist.
2418 5366 2499 5427 48
2524 5377 2591 5427 81
2618 5367 2735 5442 110;
2769 5361 3182 5437 lconomachi,
3206 5361 3274 5422 in
3304 5363 3343 5420 Ἰ
3360 5359 3626 5440 synodo,

2132 5559 2147 5593 ⁸
2194 5552 2355 5614 Vide
2398 5551 2581 5630 iufra,
2624 5549 2782 5636 disp.
2821 5549 2861 5607 9
