3900 6217
412 388 530 450 746

408 492 736 558 ferendum
773 510 902 556 esse
941 498 1180 574 patrem
1233 492 1316 553 ob
1343 491 1617 554 rationes
1656 489 1875 567 dictas,
1909 496 1973 551 et

409 588 556 668 quia
581 586 902 666 providere
920 589 988 648 in
1007 585 1364 648 necessariis
1387 591 1476 646 est
1498 585 1772 646 maxima
1801 601 1973 665 quoe·

412 681 554 742 dam
583 698 724 759 pars
766 680 1020 742 honoris
1068 678 1232 759 patri
1274 678 1489 753 debiti,
1521 684 1593 739 ut
1620 683 1798 740 notat
1829 679 1973 740 Hie-

411 791 733 854 ronymuS,
767 772 988 836 Mau-h.
1020 774 1122 834 15.
1155 774 1400 846 Quaeres
1424 773 1501 833 de
1538 791 1664 853 qua
1713 771 1973 832 necessi·

411 873 539 928 tate
579 867 660 928 sit
700 867 818 928 hoc
858 865 1354 945 intelligendum.
1391 864 1819 946 Respondetur
1851 864 1973 943 pri-

414 977 517 1022 mo
550 961 614 1022 in
641 967 918 1022 extrema
947 977 1187 1040 semper
1212 959 1276 1020 id
1307 977 1436 1022 esse
1467 977 1708 1020 verum.
1743 959 1976 1022 Secun-

411 1057 517 1133 dc,
559 1057 610 1117 si
637 1054 804 1116 filius
831 1055 913 1116 sit
935 1054 1069 1134 ,iam
1097 1053 1546 1135 emancipatus,
1575 1060 1639 1114 et
1665 1057 1840 1116 extra
1873 1059 1977 1114 tu·-

412 1149 600 1210 telam
639 1147 855 1230 patris,
883 1164 1012 1208 esse
1049 1165 1294 1228 quoque
1321 1165 1542 1208 verum
1570 1146 1640 1207 in
1679 1163 1979 1226 quacum-

413 1259 538 1321 que
571 1241 794 1321 oequali
823 1241 1214 1316 necessitate,
1245 1240 1394 1320 quia
1415 1241 1550 1319 jam
1577 1239 1979 1320 quodammo-

414 1335 494 1395 do
541 1333 872 1414 complevit
921 1349 1146 1396 munus
1187 1351 1368 1395 suum
1410 1332 1881 1394 thesaurizando
1907 1330 1979 1392 fi-

413 1427 524 1502 lio,
565 1445 690 1506 qua
713 1426 942 1502 ablata,
969 1426 1034 1486 iu
1065 1425 1300 1488 caeteris
1345 1432 1518 1504 pater
1545 1431 1637 1488 est
1656 1425 1974 1505 superior3

415 1525 624 1582 tamen
651 1519 703 1580 si
739 1519 906 1580 filius
933 1525 1025 1580 est
1067 1517 1182 1580 sub
1224 1537 1376 1582 cura
1413 1520 1628 1602 patris,
1671 1525 1845 1580 extra
1875 1535 1979 1578 ex-

413 1619 680 1674 tremam
733 1614 1162 1676 necessitatem
1188 1662 1203 1689 ,
1251 1615 1488 1676 caeteris
1543 1613 1835 1694 paribus,
1888 1612 1981 1675 illi

416 1705 910 1769 subveniendum
941 1725 1072 1784 esse
1103 1707 1344 1769 ratione
1383 1707 1560 1768 dictae
1586 1705 1983 1785 obligationis

419 1817 496 1860 ex
533 1799 760 1876 officio,
789 1804 853 1861 et
879 1801 1029 1881 quia
1065 1800 1360 1881 quicquid
1389 1807 1538 1862 tuuc
1564 1805 1739 1881 pater
1769 1799 1983 1880 aequi-

411 1893 516 1967 rit,
549 1893 814 1971 acquirit
846 1893 996 1955 filio.

495 1989 556 2048 8.
605 1986 946 2051 Secundum
981 1986 1224 2051 dubium
1259 1987 1426 2052 circa
1452 1987 1712 2052 eamdem
1743 1987 1985 2050 conclu-

412 2081 639 2143 sionem
685 2080 987 2160 utrimque
1032 2081 1365 2144 discutitur
1413 2086 1471 2144 et
1519 2081 1868 2144 resolvitur.
1900 2111 1985 2127 --

415 2171 765 2235 Secundum
803 2172 1063 2234 dubium
1093 2179 1208 2249 cst,
1241 2173 1308 2232 in
1335 2173 1452 2235 hoc
1485 2173 1702 2234 ordine
1737 2173 1878 2252 quis
1905 2172 1987 2233 sit

411 2266 832 2347 praeferendus
871 2272 1048 2346 pater
1096 2286 1178 2329 an
1221 2275 1440 2328 mater.
1483 2267 1678 2328 Mater
1729 2265 1983 2346 quidem

412 2360 638 2422 certius
679 2361 1096 2440 cognoscitur,
1150 2360 1350 2439 magis
1384 2367 1554 2422 amat
1607 2359 1788 2435 filios,
1843 2361 1984 2439 plus

413 2454 646 2532 patitur
663 2453 731 2514 in
757 2471 970 2515 eorum
991 2453 1370 2530 educatione,
1388 2459 1451 2515 et
1473 2454 1830 2516 educatione
1852 2455 1985 2534 ipsa

413 2546 778 2608 familiarius
819 2553 1120 2609 tractatur
1158 2553 1220 2608 et
1252 2547 1628 2608 diuturnius.
1663 2548 1713 2607 E
1743 2552 1981 2623 contra,

420 2644 595 2719 pater
632 2645 722 2702 est
757 2641 1067 2721 praecipua
1107 2659 1290 2702 causa
1331 2640 1768 2719 generationiS‚
1806 2645 1867 2700 et
1905 2639 1986 2700 ad

419 2749 564 2813 cum
613 2734 816 2813 magis
851 2739 1086 2814 spectat
1123 2732 1514 2814 providentia
1552 2737 1614 2794 et
1645 2751 1794 2794 cura
1823 2732 1983 2794 filio·

416 2843 582 2903 rum,
629 2831 692 2888 et
727 2826 854 2888 suis
888 2826 1204 2888 laboribus
1243 2827 1382 2890 illos
1417 2825 1552 2903 alit,
1585 2826 1750 2890 unde
1787 2827 1987 2906 major

417 2919 615 2981 honor
641 2926 702 2979 et
720 2920 1069 2981 reverentia
1097 2919 1190 2980 illi
1217 2918 1494 2983 debetur.
1527 2922 1752 2998 Quare,
1783 2920 1987 2982 omni-

417 3011 532 3072 bus
585 3013 878 3092 pensatis,
925 3007 1102 3092 pater
1145 3018 1238 3074 est
1278 3012 1716 3092 praeferendus.
1771 3014 1861 3074 Ita
1911 3014 1981 3073 D.

419 3104 711 3180 ThomaS,
740 3113 857 3166 art.
898 3109 996 3182 10,
1027 3105 1318 3184 Magister
1343 3123 1529 3186 supra
1557 3123 1577 3184 ;
1609 3106 1865 3169 fortasse
1892 3113 1987 3169 ta-

423 3216 568 3259 men
592 3198 696 3259 hic
723 3199 872 3259 ordo
911 3217 1036 3260 non
1065 3198 1300 3280 obligat
1327 3200 1405 3260 ad
1435 3198 1716 3261 mortale.

497 3293 558 3353 9.
607 3291 882 3356 Tertium
931 3293 1176 3356 dubium
1225 3294 1556 3374 empeditur.
1594 3326 1676 3339 ——
1705 3294 1987 3356 Tertium

419 3391 530 3460 est,
567 3402 649 3454 au
687 3384 753 3446 in
794 3385 911 3446 hoc
950 3384 1166 3447 ordine
1208 3386 1628 3466 praeferendus
1661 3387 1742 3448 sit
1777 3395 1987 3450 noster

418 3477 794 3553 benefac-tor,
843 3497 924 3539 an
950 3478 1370 3553 beneficiatus,
1399 3480 1517 3541 hoc
1541 3487 1652 3556 est,
1685 3484 1860 3562 cujus
1883 3501 1986 3543 su-

421 3589 562 3632 mus
583 3569 1023 3633 benefactores,
1056 3573 1481 3652 Respondetur
1501 3592 1643 3635 cum
1669 3575 1796 3636 div.
1823 3575 1986 3635 Tho-

422 3681 548 3739 ma,
573 3668 690 3724 art.
725 3665 824 3739 12,
858 3663 924 3725 in
958 3683 1154 3744 corp.,
1192 3671 1254 3726 et
1277 3666 1351 3726 ad
1381 3666 1746 3742 secundum,
1777 3668 1989 3745 praefe-

421 3756 684 3818 rendum
711 3775 841 3818 esse
867 3756 1346 3820 benefactorem.
1377 3759 1556 3822 Ratio
1575 3765 1688 3836 est,
1711 3760 1858 3841 quia
1884 3761 1991 3820 ille

422 3867 600 3910 amor
653 3856 747 3910 est
800 3851 1002 3929 magis
1045 3849 1313 3924 debitus,
1367 3858 1430 3914 et
1471 3852 1732 3914 similior
1779 3861 1991 3914 nostro

423 3943 621 4003 amori
649 3960 798 4021 erga
825 3944 1042 4004 Deum.
1069 3943 1260 4005 Addit
1291 3950 1502 4008 tamen
1535 3962 1812 4007 amorem
1841 3963 1990 4024 erga

425 4052 572 4096 eum
603 4035 709 4115 qui
733 4035 990 4116 suscipit
1011 4036 1409 4114 beneficium,
1441 4056 1572 4099 esse
1600 4047 1897 4118 majorem
1927 4045 1992 4099 et

424 4128 949 4206 excellentiorem,
979 4131 1128 4210 quia
1157 4131 1225 4192 in
1253 4130 1361 4192 illo
1389 4133 1564 4212 quasi
1589 4133 1852 4213 seipsum
1879 4133 1991 4194 ho-

427 4239 532 4282 mo
560 4222 832 4302 respicit,
869 4230 931 4285 et
957 4241 1142 4284 suum
1171 4225 1428 4298 bonum,
1461 4232 1522 4287 et
1549 4225 1696 4304 quia
1725 4227 1993 4288 nobilius

427 4321 520 4376 est
545 4315 694 4376 dare
721 4334 908 4396 quam
931 4316 1226 4399 accipere,
1249 4319 1432 4396 juxta
1462 4319 1747 4395 Paulum,
1781 4322 1987 4382 Actor.

427 4410 508 4469 20
524 4431 542 4483 ;
575 4426 723 4469 nam
751 4409 908 4469 illud
933 4415 1026 4470 est
1059 4410 1350 4472 amicitiai
1376 4410 1673 4487 honestas,
1703 4412 1816 4474 hoc
1841 4431 1995 4492 quo-

428 4501 761 4562 dammodo
790 4501 1332 4582 concupiscentiae3
1355 4511 1604 4583 propter
1621 4505 1784 4584 quod
1806 4504 1997 4566 bene-

429 4593 970 4672 facerejucuudius
989 4600 1080 4655 est
1099 4613 1289 4674 quam
1305 4595 1673 4658 beneficium
1693 4596 1992 4676 accipere.

430 4690 510 4750 At
529 4687 697 4748 enim
717 4686 864 4747 licet
881 4687 961 4747 sit
977 4686 1220 4748 facilius
1250 4688 1511 4766 diligere
1533 4689 1993 4767 beneficiatum,

429 4797 557 4840 non
577 4778 722 4840 inde
749 4784 960 4840 tamen
987 4779 1252 4842 infertur
1277 4783 1478 4861 major
1504 4782 1798 4862 obligatio
1816 4782 1998 4843 illum

434 4872 760 4949 diligendi.

517 4967 614 5028 ⁴0.
666 4965 900 5040 Quarta
980 4967 1279 5032 conclusio
1360 4967 1673 5048 bipartita.
1727 4999 1810 5016 -—
1856 4969 2001 5030 Dico

434 5064 656 5137 quarto
685 5075 702 5121 z
745 5059 910 5120 inter
957 5077 1058 5122 eos
1107 5059 1216 5138 qui
1259 5060 1502 5122 diverso
1552 5061 2003 5140 conjunctionis

436 5169 662 5228 genere
689 5153 823 5230 conj
834 5153 1001 5213 uncti
1029 5164 1198 5229 sunt,
1229 5153 1296 5214 in
1319 5153 1502 5214 rebus
1531 5154 1999 5233 pertinentibus,

437 5250 497 5304 et
525 5245 788 5324 propriis
813 5245 1200 5325 singularum
1227 5247 1758 5328 conjunctionum,
1787 5247 2003 5327 praefe-

435 5337 614 5416 rendi
646 5344 790 5398 sunt
817 5338 924 5400 illa
953 5342 1388 5419 conjunctione
1415 5341 1728 5419 conjuncti
1745 5363 1762 5416 ς
1793 5347 2005 5403 tamen

437 5429 796 5508 simpliciter
823 5432 914 5492 illi
941 5439 1087 5494 sunt
1123 5434 1488 5513 praeferendi
1523 5435 1590 5494 in
1626 5433 1764 5494 aliis
1799 5433 2002 5510 boniS,

439 5540 704 5605 quorum
727 5526 1076 5606 conjunctio
1096 5533 1188 5590 est
1204 5529 1423 5610 major.
1455 5529 1630 5591 Prior
1647 5545 1790 5610 pars
1817 5531 2007 5590 sumi-

867 391 1104 446 DISPUT.
1139 391 1224 444 lx.
1259 391 1339 444 DE
1370 390 1598 442 ORDINE
1629 389 1812 442 cch
1845 387 2161 442 PERSONAS
2192 389 2517 446 suavium
2550 391 2613 443 IN
2646 389 3001 455 PRAECEPTQ
3038 389 3173 442 Em.

2052 497 2155 552 tur
2181 511 2259 554 ex
2282 494 2425 556 divo
2454 493 2717 569 Thoma,
2748 497 2965 574 quoest.
2996 493 3101 567 26,
3132 495 3251 553 art.
3282 493 3343 553 8.
3376 491 3455 552 Et
3486 509 3642 554 sen-

2052 604 2157 646 sus
2184 588 2319 666 ejus
2346 593 2460 663 est,
2486 605 2563 648 ex
2595 603 2977 667 unaquaque
3008 583 3443 664 conjunctione
3479 585 3641 646 oriri

2053 681 2427 760 peculiarem
2467 679 2911 760 obligationem
2951 678 3032 740 ad
3072 677 3354 758 quaedam
3397 678 3638 754 officia,

2052 780 2123 835 ut
2150 775 2315 835 inter
2353 772 2517 834 cives
2556 773 2637 834 ad
2672 791 2773 834 res
2820 772 3050 846 civiles,
3087 771 3251 832 inter
3286 771 3517 834 milites
3554 771 3641 832 ad

2053 883 2152 930 res
2178 867 2510 945 militares3
2534 866 2768 928 namin
2794 883 3169 945 unaquaque
3194 865 3643 945 conjunctione

2055 957 2431 1040 hujusmodi,
2469 958 2839 1040 proefercndi
2870 963 3015 1018 sunt
3042 957 3132 1018 illi
3170 957 3239 1018 in
3276 957 3374 1018 his
3409 957 3643 1018 officiis

2055 1055 2164 1135 qui
2198 1054 2315 1115 hoc
2348 1053 2537 1114 modo
2574 1057 2719 1114 suut
2748 1051 3088 1131 conjuncti.
3126 1050 3307 1114 Ratio
3334 1057 3449 1128 est,
3482 1057 3641 1132 quia

2057 1149 2260 1211 omnis
2299 1147 2575 1210 amicitia
2609 1145 2909 1207 fundatur
2941 1145 3006 1205 in
3044 1145 3483 1224 conjunctione
3514 1143 3642 1204 ali-

2058 1261 2204 1324 qua,
2223 1249 2284 1304 et
2298 1239 2858 1304 communicatione
2874 1261 2892 1315 ;
2917 1257 3063 1318 ergo
3081 1239 3147 1299 in
3168 1237 3347 1299 bonis
3366 1244 3425 1299 et
3443 1238 3641 1302 rebus

2058 1337 2137 1398 ad
2164 1336 2436 1415 aliquam
2468 1333 2971 1413 conjunctionem
3002 1331 3451 1412 pertinentibus
3480 1349 3645 1412 prae-

2058 1428 2298 1492 ferendi
2336 1433 2482 1488 sunt
2516 1425 2851 1505 conjuncti.
2894 1423 3191 1505 Exempla
3232 1423 3422 1486 etiam
3469 1424 3643 1487 dicta

2060 1520 2242 1583 facile
2268 1520 2334 1581 id
2359 1519 2781 1582 manifestant.
2816 1517 3123 1579 Posterior
3141 1535 3287 1598 pars
3312 1517 3377 1578 in
3403 1536 3643 1598 genere

2060 1619 2231 1696 patet
2256 1631 2333 1675 ex
2369 1613 2572 1689 dictis,
2606 1612 2755 1690 quia
2796 1612 2959 1674 siout
2989 1609 3353 1694 simpliciter
3378 1611 3463 1676 ad
3489 1613 3641 1674 sim-

2054 1707 2328 1791 pliciter,
2354 1709 2450 1772 ita
2476 1705 2672 1790 Μαρία
2696 1706 2781 1770 ad
2794 1704 3028 1784 maffia,
3060 1710 3122 1765 et
3143 1705 3291 1786 quia
3317 1702 3383 1764 in
3413 1703 3641 1765 eodem

2061 1819 2287 1880 genere
2320 1798 2778 1878 conjunctionis
2810 1796 3230 1878 praeferuntur
3256 1797 3457 1876 magis
3491 1815 3643 1858 con-

2058 1894 2301 1974 juncti3
2334 1911 2483 1973 ergo
2532 1891 2723 1953 etiam
2752 1891 2821 1951 in
2847 1890 3112 1952 diverse.
3149 1889 3268 1952 Sed
3303 1889 3643 1950 obscurum

2062 1992 2153 2047 est
2180 2005 2489 2068 exponere
2508 2003 2648 2065 quse
2668 1982 3023 2062 conjunctio
3050 1981 3231 2044 alteri
3254 1982 3647 2060 pra-ferenda

2062 2081 2164 2156 sit,
2208 2079 2373 2160 quod
2400 2079 2657 2160 planum
2691 2075 2909 2138 Faciam
2933 2075 3179 2157 aliquot
3205 2074 3429 2136 dubiis.

2146 2177 2243 2235 11.
2290 2173 2512 2236 Prima
2542 2170 2831 2234 dubitatio
2862 2167 3021 2232 circa
3044 2170 3475 2249 pra-cedentem
3502 2189 3645 2234 can-

2065 2268 2406 2332 elusiouem.
2432 2297 2515 2312 --
2548 2265 2699 2331 Vera
2720 2262 3006 2326 resolutio
3032 2263 3232 2344 quoad
3254 2265 3647 2327 necessitates

2066 2361 2405 2444 corporales
2434 2376 2569 2424 cum
2597 2359 2677 2421 D.
2712 2358 2963 2422 Thomu.
2985 2386 3068 2401 --
3094 2356 3252 2419 Item
3281 2357 3483 2437 quoad
3515 2359 3645 2436 spi-

2062 2454 2343 2532 rituales,
2369 2472 2503 2536 quoe
2531 2453 2845 2534 colligitur
2867 2449 3049 2514 etiam
3070 2467 3143 2512 σω
3168 2451 3251 2514 D.
3286 2452 3540 2515 noma.
3559 2485 3647 2498 —-

2067 2549 2345 2612 Primum
2374 2548 2568 2628 igitur
2600 2551 2691 2607 est
2727 2563 2809 2605 an
2840 2543 3199 2623 conjunctio
3231 2545 3537 2606 naturalis
3564 2545 3647 2630 sit

2064 2641 2446 2724 praeferenda
2470 2637 2796 2721 spirituali.
2828 2637 3005 2700 Prius
3036 2655 3182 2698 vero
3208 2655 3644 2718 comparemus

2064 2737 2131 2798 in
2176 2735 2393 2798 eodem
2440 2734 2660 2814 gradu,
2708 2731 2774 2792 id
2816 2737 2933 2807 est,
2981 2748 3063 2791 an
3114 2735 3289 2810 pater
3336 2731 3644 2792 naturalis

2064 2829 2227 2910 patri
2276 2826 2603 2908 spirituali,
2648 2825 2817 2886 filius
2862 2823 3015 2898 filio,
3070 2823 3263 2884 frater
3312 2823 3515 2886 fratri.
3562 2825 3643 2885 Et

2065 2921 2305 2983 omissis
2345 2917 2767 3001 opinionibus,
2814 2917 2970 2978 mihi
3003 2917 3251 2978 videtur
3282 2918 3641 2979 naturalem

2068 3034 2177 3080 oon
2181 3014 2565 3095 junctionem
2598 3030 2729 3074 esse
2756 3010 3225 3092 praeferendam,
3266 3017 3451 3092 atque
3482 3013 3642 3074 adeo

2070 3109 2137 3170 in
2183 3113 2458 3170 extrema
2511 3106 2873 3169 necessitate
2920 3105 3133 3185 'potius
3183 3105 3637 3185 providendum

2070 3219 2201 3264 esse
2227 3200 2391 3282 patri
2430 3200 2665 3262 carnali
2702 3217 2891 3279 quam
2932 3197 3261 3279 spirituali,
3292 3203 3354 3260 et
3380 3199 3643 3278 quidem

2069 3295 2137 3356 in
2160 3295 2259 3356 his
2286 3312 2423 3375 quae
2453 3297 2597 3354 sunt
2624 3293 2967 3354 necessaria
2996 3291 3073 3353 ad
3102 3294 3643 3356 conservationem

2068 3396 2328 3450 naturae.
2376 3384 2697 3448 Conclusio
2738 3391 2831 3446 est
2875 3387 2944 3446 D.
2985 3385 3260 3460 Thomae,
3304 3391 3423 3446 art.
3470 3389 3535 3463 8,
3578 3394 3644 3448 et

2068 3481 2460 3543 consentiunt
2500 3497 2739 3555 omnes,
2788 3479 2935 3559 quia
2972 3479 3039 3538 in
3066 3478 3185 3539 hoc
3218 3497 3447 3559 genere
3490 3499 3643 3542 con-

2062 3574 2303 3653 junctio
2332 3572 2631 3633 naturalis
2660 3577 2752 3632 est
2784 3573 3003 3650 major,
3043 3577 3105 3632 et
3142 3572 3343 3651 quoad
3378 3572 3497 3634 hoc
3532 3573 3643 3634 ob·-

2068 3668 2332 3728 servatio
2363 3665 2551 3744 hujus
2584 3663 2819 3726 ordinis
2857 3664 2936 3725 ad
2970 3663 3231 3726 mortale
3264 3663 3523 3742 obligat.
3564 3668 3641 3726 Et

2069 3760 2235 3822 idem
2292 3765 2385 3821 est
2438 3759 2516 3820 de
2571 3758 3033 3838 comparatione
3094 3757 3389 3833 filiorum,
3450 3765 3639 3838 atque

2069 3853 2258 3914 etiam
2280 3852 2356 3912 de
2376 3850 2691 3927 fratribuS,
2713 3851 2859 3912 licet
2878 3869 3005 3912 non
3032 3869 3175 3912 cum
3208 3857 3385 3912 tanta
3402 3848 3643 3930 obliga-

2070 3944 2259 4006 tione.
2291 3946 2377 4005 De
2398 3943 2581 4005 rebus
2600 3949 2806 4005 autem
2830 3943 3253 4024 spiritualibus
3274 3961 3373 4005 res
3392 3949 3485 4004 est
3506 3961 3642 4004 ma·

2071 4038 2167 4114 gis
2201 4037 2415 4113 dubia,
2451 4036 2557 4098 sed
2588 4035 2899 4113 colligitur
2928 4051 3005 4098 ex
3035 4037 3106 4096 D.
3139 4036 3398 4106 Thoma,
3426 4041 3543 4097 art.
3578 4037 3638 4097 7.

2070 4131 2250 4193 Ratio
2308 4135 2401 4192 est
2420 4175 2435 4204 ,
2493 4130 2641 4210 quia
2693 4130 2829 4191 hoec
2886 4130 3187 4191 naturalis
3241 4130 3596 4209 conjunctio
3620 4175 3638 4205 ,

2072 4224 2357 4303 quamvis
2379 4223 2447 4285 in
2474 4223 2691 4284 ordine
2713 4223 2999 4285 videatur
3024 4222 3282 4285 interior
3308 4224 3641 4303 spirituali,

2071 4325 2281 4380 tamen
2308 4318 2375 4378 in
2415 4335 2527 4378 suo
2568 4336 2794 4397 genere
2826 4324 2917 4379 est
2955 4319 3247 4380 maxima.
3282 4317 3514 4380 Deinde
3546 4326 3642 4378 est

2073 4410 2501 4492 antiquissima
2518 4417 2581 4472 et
2594 4410 3022 4487 immutabilis,
3047 4411 3196 4491 quia
3208 4411 3287 4472 ab
3306 4411 3643 4473 intrinseco

2074 4504 2393 4584 provenit3
2426 4502 2757 4584 spiritualis
2784 4521 2931 4566 vero
2954 4510 3047 4564 est
3068 4503 3245 4565 valde
3274 4505 3638 4581 extrinseca,

2076 4596 2378 4676 facileque
2402 4602 2719 4672 mutatur3
2750 4596 2974 4658 deinde
3004 4595 3371 4658 beneficium
3402 4615 3441 4658 a
3470 4603 3644 4678 patre

2077 4695 2427 4770 susceptum
2452 4689 2817 4768 regulariter
2838 4695 2931 4750 est
2952 4690 3176 4768 majus,
3206 4689 3459 4766 scilicet,
3488 4693 3641 4766 vita,

2078 4803 2218 4865 quae
2250 4790 2344 4845 est
2379 4781 2855 4843 fundamentum
2892 4782 3197 4844 bonorum
3236 4783 3541 4860 omnium,
3584 4791 3649 4846 et

2079 4875 2363 4936 educatio
2382 4892 2575 4954 usque
2590 4873 2665 4936 ad
2690 4893 2872 4935 usum
2896 4875 3172 4937 rationis.
3198 4876 3475 4937 Tandem
3499 4878 3648 4957 quia

2082 4968 2383 5030 naturalis
2410 4966 2730 5045 obligatiO‚
2764 4985 2901 5047 quae
2930 4968 3120 5030 estad
3150 4968 3645 5030 subveniendum

2082 5060 2463 5141 parentibus,
2485 5078 2613 5121 non
2628 5060 2826 5122 solum
2844 5066 2937 5123 est
2954 5061 3021 5122 in
3035 5061 3211 5123 bonis
3228 5061 3525 5142 corporis,
3542 5063 3648 5124 sed

2083 5153 2351 5215 maxime
2370 5153 2437 5214 in
2455 5152 2637 5214 bonis
2661 5157 2905 5216 animae.
2937 5155 3110 5216 Unde
3128 5154 3265 5216 haec
3290 5153 3494 5217 officia
3522 5173 3647 5214 nou

2082 5252 2231 5308 sunt
2288 5251 2462 5308 extra
2508 5246 2900 5308 latitudinem
2952 5245 3119 5308 illius
3166 5248 3646 5326 conjunctionis;

2084 5357 2231 5420 ergo
2254 5355 2382 5399 non
2408 5343 2608 5418 potest
2630 5341 2907 5421 superari
2926 5339 3057 5401 haec
3078 5338 3371 5419 obligatio
3398 5347 3651 5400 natura-

2083 5433 2161 5495 lis
2186 5432 2265 5495 ab
2288 5431 2411 5494 alia
2438 5433 2717 5514 positiva,
2744 5440 2807 5495 et
2828 5434 3008 5516 quasi
3032 5434 3317 5514 imposita
3342 5433 3422 5495 ab
3448 5433 3650 5494 homi·

2084 5527 2292 5588 nibus.
