3900 6217
561 414 720 468 SECT.
748 415 810 468 n.
847 413 990 478 QUAE
1022 413 1264 468 OBJECTI
1300 411 1658 467 morosum
1691 413 2086 475 REQL'mAfrcn
2122 415 2203 465 An
2233 411 2624 474 CREDENDUM,
2652 411 2783 464 ETC.

143 517 456 598 regulariter
495 513 824 594 loquentiu,
873 515 1041 594 quod
1085 517 1246 580 clarc
1298 515 1630 576 insinuavit

143 612 322 672 ibidem
373 611 655 680 Joannes‚
710 607 924 670 dicens
953 628 966 670 :
1027 607 1199 682 Quod
1241 607 1502 670 audistis
1557 608 1629 670 ab

143 706 294 774 initio,
323 705 380 762 in
407 703 562 764 tobia
584 708 950 781 pemaneat,
988 703 1090 764 uhi
1131 709 1300 764 recte
1337 701 1630 780 Augusti—

143 817 249 866 nus,
285 801 438 856 tinet.
471 795 528 863 3,
563 801 734 856 notat
775 797 1162 875 superfluum
1205 795 1394 856 fuisse
1437 797 1629 856 Joan-

143 909 250 951 nem
279 907 530 960 monere,
557 893 624 948 ut
653 887 996 950 doctrinam
1027 889 1236 950 datam
1263 889 1624 960 retinerent,

143 984 305 1046 sisela
336 981 574 1042 interior
601 979 969 1043 illuminatio
1001 999 1111 1044 seu
1139 982 1434 1044 revelatio
1461 981 1630 1042 suffi-

143 1083 288 1147 ceret,
313 1075 382 1136 de
405 1093 522 1153 quo
551 1075 737 1136 etiam
767 1073 962 1136 videri
987 1081 1192 1154 potest
1220 1076 1449 1153 optime
1479 1075 1632 1137 Gre-

143 1170 318 1252 goiiu5‚
363 1169 400 1228 ὃ
438 1167 676 1242 Moral.‚
721 1188 858 1250 cap.
912 1169 1008 1241 18,
1054 1170 1208 1230 alias
1251 1169 1347 1229 19.
1377 1167 1452 1234 Et
1483 1168 1628 1229 hinc

141 1265 266 1342 patet
303 1261 600 1340 responsio
651 1262 734 1322 ad
778 1268 998 1324 caetere
1043 1261 1393 1325 testimonia
1421 1281 1628 1338 ;·nam

141 1356 326 1414 ratione
366 1353 584 1414 interni
629 1355 844 1417 auxilii
897 1354 1143 1436 gratiae,
1192 1355 1416 1416 dicitur
1463 1357 1628 1418 Deus

139 1448 420 1527 specialiter
443 1445 664 1510 docere
705 1449 1052 1524 credentes,
1075 1451 1254 1530 juxta
1283 1449 1434 1511 illud
1462 1449 1623 1511 Psal.

137 1545 232 1602 93:
267 1541 472 1604 Beatus
507 1559 676 1622 quem
714 1547 782 1605 tu
822 1542 1139 1616 erudieris,
1173 1541 1446 1623 Domine,
1477 1548 1534 1606 et
1562 1543 1632 1605 de

136 1637 228 1717 leye
248 1639 336 1697 tua
358 1635 611 1697 domem
639 1655 812 1710 emm
845 1643 906 1697 et
927 1636 1069 1698 ideo
1099 1633 1480 1716 Augustinus
1515 1653 1629 1696 sae-

137 1747 192 1808 pc·
227 1727 486 1788 auxilium
531 1730 746 1807 gratiae
782 1735 960 1790 vocat
1001 1728 1362 1790 interiorem
1403 1727 1629 1789 ‘doctri-

139 1841 262 1893 nam‚
303 1839 426 1901 quae
467 1821 843 1901 regulariter
883 1823 1256 1884 exteriorem
1305 1823 1622 1902 supponit,

143 1921 182 1976 et
213 1915 302 1974 boc
327 1913 499 1975 modo
527 1917 786 1994 exponit
829 1915 1165 1996 Gregorius
1196 1934 1384 1994 supra
1419 1915 1628 1976 locum

143 2009 300 2069 Matth.
329 2009 397 2069 23
435 2027 448 2069 :
505 2005 678 2070 Unus
721 2013 812 2071 est
851 2010 1150 2088 massi-ster
1175 2015 1386 2072 tester.
1419 2009 1494 2070 Et
1541 2009 1628 2069 sic

143 2102 280 2160 ctiam
299 2119 430 2161 ores
451 2100 670 2162 Christi
705 2101 997 2162 dicuntur
1018 2119 1208 2164 rocem
1238 2099 1368 2184 ejus
1394 2101 1628 2176 audire,

145 2201 186 2254 et
203 2194 486 2273 spiritualis
510 2193 742 2257 dicitur
767 2195 968 2258 omnia
983 2195 1290 2276 judicare,
1315 2211 1429 2274 per
1453 2213 1636 2276 regu-

143 2289 208 2346 las
229 2297 400 2348 tamen
430 2293 488 2349 et
511 2287 893 2348 documenta
915 2287 1085 2364 fidei,
1116 2293 1178 2349 et
1203 2287 1284 2348 ad
1305 2287 1473 2349 hunc
1501 2307 1638 2350 mo·-

145 2381 252 2440 dnm
287 2381 664 2462 intelligenda
703 2389 848 2443 sunt
886 2381 1030 2456 alia,
1058 2401 1196 2461 quae
1239 2381 1444 2444 afferri
1489 2400 1637 2463 pos-

145 2481 262 2534 sent.

203 2569 250 2628 8.
284 2565 369 2630 Aa
391 2569 678 2632 rationem
709 2569 773 2631 in
799 2571 991 2634 eodem
1014 2589 1178 2632 num.
1219 2571 1271 2630 Ι.
1300 2601 1382 2615 -
1411 2569 1504 2632 Ad
1536 2587 1637 2630 ra-

147 2663 342 2734 tionem,
377 2661 588 2724 dicitur
637 2665 952 2743 imprimis
983 2663 1274 2726 eamdem
1305 2663 1436 2726 fere
1477 2663 1638 2724 diffi-

149 2753 370 2815 cultatem
396 2774 524 2817 esse
551 2757 618 2816 in
647 2757 1078 2838 propositione
1117 2755 1287 2824 fidei.
1326 2757 1566 2818 etiamsi
1596 2775 1635 2818 a

151 2847 242 2905 Deo
275 2847 594 2911 immediate
615 2849 774 2911 fiat:
827 2869 978 2912 nam
1003 2851 1110 2929 qui
1167 2851 1334 2911 illam
1385 2851 1630 2932 recipit,

159 2957 248 2998 non
265 2939 394 3002 ridet
425 2941 752 3004 evidenter
779 2945 978 3004 Deum
1010 2961 1145 3004 esse
1200 2943 1306 3023 qui
1336 2943 1628 3022 loquitur,

165 3035 340 3108 quando
351 3036 642 3098 revelatio
689 3044 784 3098 est
812 3019 1101 3111 obscura,
1127 3043 1313 3117 prout
1340 3037 1420 3098 ad
1443 3035 1632 3097 fidem

163 3129 421 3188 necessaria
467 3135 580 3202 est,
621 3134 700 3191 ut
759 3131 821 3191 in
862 3131 1286 3211 superioribus
1338 3129 1630 3192 diximus.

155 3220 324 3281 Eadem
364 3238 500 3303 ergo
531 3224 872 3288 difficultas
895 3225 1286 3305 relinquitur,
1319 3225 1635 3303 quomodo

155 3312 250 3372 taiis
281 3317 584 3395 propositio
627 3315 835 3397 possit
883 3317 1170 3379 sufficere
1199 3315 1282 3378 ad
1319 3317 1639 3379 certitudi-

153 3423 254 3464 nem
287 3407 646 3471 infallibilem
673 3407 846 3472 fidei.
881 3410 1222 3490 Responsio
1265 3429 1414 3492 ergo
1445 3429 1639 3491 gene-

155 3499 262 3559 ralis
285 3507 382 3574 est,
425 3503 716 3566 sufficere
759 3503 1138 3566 evidentiam
1189 3503 1631 3582 credibilitatiS,

149 3609 250 3667 quae
289 3599 396 3656 tam
425 3595 484 3657 in
529 3597 960 3680 propositione
1017 3603 1296 3672 externa,
1345 3615 1535 3677 quam
1575 3599 1639 3659 in

151 3701 274 3746 mere
315 3687 538 3750 interna
594 3689 870 3752 inveniri
901 3699 1126 3772 potest.
1170 3689 1379 3763 Qualis
1425 3699 1638 3753 autem

155 3777 250 3839 hac
271 3782 355 3857 sit,
393 3789 451 3844 et
476 3785 802 3863 quomodo
854 3785 1141 3862 sufficiat,
1185 3785 1485 3866 paulatim
1538 3806 1640 3848 ex-

151 3870 435 3948 plicandum
459 3885 571 3940 est.
1439 3896 1464 3909 ’·

698 4065 914 4119 senno
948 4067 1009 4119 n.
1069 4071 1076 4085 '

157 4228 318 4300 Qualis
335 4249 443 4296 esse
471 4235 678 4300 debeat
693 4238 1026 4317 propositio
1053 4237 1266 4317 objwti
1280 4239 1448 4318 fidei,
1469 4245 1540 4304 ut
1563 4241 1648 4303 ad

271 4329 584 4392 credendum
615 4331 741 4411 fide
767 4329 1128 4395 Christiana
1154 4333 1456 4412 sufficiat.

213 4529 258 4590 l.
302 4530 450 4596 Vana
469 4531 806 4611 infidelium
834 4533 1233 4614 reprehensio.
1255 4568 1331 4578 --
1355 4533 1642 4596 Aliorum

159 4618 466 4688 terrenorum
490 4633 788 4690 &iremus
808 4625 1310 4690 error.—-Solent
1335 4625 1639 4705 infideles,

165 4719 212 4770 ut
243 4714 312 4776 ait
351 4715 596 4780 Basilius
645 4721 713 4781 in
761 4717 985 4780 Psalm.
1023 4722 1162 4796 115,
1193 4713 1643 4800 reprehendere

159 4803 486 4889 Christianam,
504 4831 576 4874 eo
610 4812 777 4893 quod
805 4813 937 4874 sine
965 4817 1226 4888 ratione,
1253 4811 1373 4889 vel,
1418 4818 1487 4874 ut
1528 4813 1645 4894 ipsi

159 4909 348 4980 putant,
377 4913 576 4970 contra
605 4909 912 4970 rationem
941 4907 1194 4970 credant
1216 4932 1232 4984 ;
1257 4907 1380 4988 φα
1403 4909 1478 4970 de
1503 4929 1648 4970 rau-

161 5011 208 5052 sa
229 4997 354 5059 dixit
377 5003 607 5079 Paulus,
637 5005 666 5064 1
703 5002 783 5063 ad
813 4993 1091 5064 Corinth.
1126 5005 1154 5064 l
1189 5001 1472 5069 :Verbum
1504 5021 1642 5066 cru-

163 5088 226 5148 cis
254 5097 597 5168 pereuntibus
641 5097 837 5160 videri
865 5097 1224 5174 stultitiam,
1267 5102 1329 5158 et
1360 5095 1646 5158 similiter

163 5179 228 5238 ait
251 5183 518 5250 Christum
547 5191 898 5272 crucifixum
929 5189 1178 5254 Judoeis
1228 5208 1349 5254 osso
1393 5191 1643 5253 scanda-

167 5271 278 5350 lum,
315 5279 572 5346 Gentibus
633 5289 826 5346 aretem
880 5283 1235 5348 stultitiam.
1289 5281 1644 5362 Prophirius

169 5367 330 5444 etiam,
381 5381 434 5434 et
477 5365 758 5437 Julianus
795 5375 1108 5456 Apostata,
1141 5384 1213 5436 ut
1251 5375 1437 5437 refert
1467 5375 1645 5436 divus

173 5455 535 5545 Hieronymus,
553 5469 767 5532 Manu.
819 5471 883 5546 9,
927 5469 1270 5532 irridebant
1323 5469 1646 5531 stultitiam

173 5569 338 5614 eornm
390 5559 486 5638 qui
531 5561 748 5624 Christi
777 5561 1124 5625 doctrinam
1158 5569 1220 5626 et
1263 5564 1648 5625 vocationem

3152 407 3269 468 115

1710 519 2073 592 sequuntur.
2130 515 2299 576 Unde
2347 513 2453 576 alii
2495 513 2795 588 haeretici,
2841 511 2921 574 ad
2950 511 3269 576 vitandam

1707 607 1870 667 hanc
1894 607 2461 688 reprehensionem,
2494 607 2559 668 in
2603 605 2773 670 aliud
2802 613 3147 668 extremum
3176 607 3269 668 in-

1708 701 2017 774 ciderunt,
2067 701 2335 762 dicentes
2387 701 2474 762 nil
2522 719 2651 761 esse
2708 701 3109 774 credendum,
3149 705 3271 764 nisi

1709 795 1870 873 quod
1893 795 2131 856 ratione
2160 795 2529 870 ostenditur,
2562 801 2632 854 ut
2670 793 2861 855 videri
2890 800 3087 874 potest
3108 797 3271 874 apud

1710 889 2151 966 Augustinnm,
2172 888 2280 950 lib.
2300 889 2376 950 de
2404 887 2680 950 Utilitate
2696 887 2983 948 credendi
3001 910 3018 962 ;
3052 893 3113 948 et
3132 889 3273 950 Ber-

1711 981 2005 1056 nardnm‚
2025 982 2265 1060 epistol.
2308 983 2439 1042 109.
2470 981 2628 1042 Vera
2649 989 2859 1043 autem
2884 988 2943 1041 et
2962 980 3273 1042 Catholica

1713 1075 1995 1139 doctriua
2044 1075 2311 1135 mediam
2344 1075 2506 1136 viam
2538 1079 2706 1136 tenet
2729 1097 2746 1150 3
2774 1092 2919 1134 nam
2966 1079 3027 1134 et
3056 1073 3273 1136 levita·

1708 1173 1836 1229 tem
1865 1168 2061 1230 animi
2105 1173 2166 1228 et
2195 1167 2487 1228 duritiem
2522 1167 2721 1230 cordis
2755 1167 3152 1246 reprehendit
3204 1168 3269 1230 in

1709 1261 2047 1336 credendo;
2083 1259 2400 1340 docetque,
2425 1261 2707 1340 quamvis
2728 1278 2851 1320 non
2869 1278 3111 1340 semper
3142 1279 3273 1342 pos-

1709 1356 1904 1416 simus
1946 1355 2248 1419 rationem
2280 1353 2537 1414 reddere
2566 1353 2879 1434 propriam
2928 1372 3145 1416 earum
3179 1374 3273 1416 rc-

1711 1468 1850 1510 rum
1889 1468 2043 1528 quas
2086 1448 2415 1526 credimus,
2447 1466 2618 1526 posse
2662 1445 3069 1508 nihilominus
3099 1449 3268 1510 suffi-

1711 1543 1976 1604 cientem
2008 1542 2311 1602 rationcm
2342 1541 2597 1602 reddere
2629 1560 2736 1601 cur
2787 1540 3149 1616 credamus;
3182 1543 3268 1604 sic

1711 1636 1877 1697 enim
1904 1636 2062 1695 dixit
2095 1637 2335 1712 Petrus,
2372 1639 2397 1695 1
2434 1654 2599 1710 can,
2632 1653 2764 1714 cap.
2798 1636 2857 1709 3,
2878 1641 3129 1714 paratos
3166 1656 3275 1698 aeas

1718 1749 1838 1792 esse
1879 1729 2080 1792 debere
2124 1731 2205 1792 ad
2252 1729 2607 1791 reddendam
2648 1731 2936 1790 rationem
2966 1730 3120 1808 ejm,
3144 1749 3275 1810 φινκε

1710 1821 1964 1884 innotis
1996 1828 2083 1884 est
2117 1825 2243 1902 spei
2276 1841 2376 1884 seu
2404 1823 2569 1898 fidei.
2602 1821 2774 1883 Hanc
2799 1840 2945 1900 ergo
2967 1822 3273 1886 rationem

1709 1915 1777 1975 in
1811 1917 2109 1996 prtesenti
2160 1915 2559 1994 inquirimus,
2590 1933 2735 1976 nam
2783 1914 3003 1976 exhoc
3052 1918 3277 1996 pendet

1719 2016 1790 2070 ut
1820 2010 2084 2069 sciamus
2114 2009 2420 2090 quomodo
2452 2010 2642 2088 possit
2668 2007 2807 2070 tulis
2847 2028 2977 2072 esse
3002 2011 3278 2090 proposi·

1715 2104 1803 2162 tio
1833 2101 2002 2177 fidei,
2056 2109 2125 2162 ut
2180 2103 2257 2162 sit
2311 2103 2536 2164 rationi
2568 2113 3050 2164 consentaneum
3104 2103 3276 2166 illam

1715 2195 2009 2276 recipere.

1796 2291 1856 2351 2.
1905 2290 2088 2353 Ratio
2118 2289 2435 2352 dubitandi
2466 2290 2525 2351 in
2554 2290 2665 2351 hac
2684 2291 3279 2372 quastione.-C0n-

1716 2385 2008 2461 firmatur
2032 2383 2351 2464 primo.—-
2398 2383 2691 2447 Secundo.
2722 2419 2798 2428 —
2842 2383 3021 2446 Ratio
3064 2393 3273 2448 autem

1716 2476 2039 2537 dubitandi
2070 2495 2201 2538 esse
2226 2483 2447 2558 potest,
2479 2478 2627 2557 quia
2655 2477 2753 2538 vel
2790 2477 2918 2538 haec·
2940 2482 3277 2560 propositio

1717 2569 1985 2630 ostendit
2010 2569 2387 2630 sufficienter
2408 2590 2539 2632 rem
2564 2571 2933 2632 credendam
2972 2572 3038 2632 iu
3082 2589 3182 2650 se;
3213 2581 3275 2636 ct.

1716 2660 1832 2722 hoc
1860 2663 1986 2722 dici
2024 2681 2149 2722 non
2180 2668 2400 2742 potest,
2434 2665 2580 2741 quia
2604 2683 2713 2742 per
2741 2661 2885 2724 fidei
2932 2663 3275 2726 doctrinam

1715 2774 1840 2816 non
1871 2756 2283 2817 ostenduntur
2309 2757 2599 2818 veritates
2628 2757 2945 2820 credenda·
2970 2758 3033 2818 in
3063 2759 3277 2838 seipsis

1716 2855 1788 2908 ut
1814 2856 1906 2912 est
1946 2855 2164 2912 notum
2188 2866 2207 2927 ;
2240 2849 2338 2910 vel
2370 2849 2637 2911 ostendit
2664 2867 2762 2912 res
2792 2851 3124 2912 credendas
3158 2851 3277 2914 sal-

1717 2950 1840 3004 tem
1871 2943 1985 3005 sub
2015 2945 2252 3006 ratione
2277 2943 2613 3020 credibilis,
2644 2953 2705 3006 et
2748 2943 2865 3007 hoe
2916 2946 3103 3008 etiam
3146 2966 3271 3008 non

1715 3037 1961 3099 videtur
1991 3037 2108 3099 dici
2139 3055 2349 3118 posse3
2388 3038 2537 3118 quia
2564 3038 2662 3098 vel
2706 3035 2812 3098 illa
2868 3041 3136 3103 ostensio
3185 3046 3275 3101 est

1715 3137 1963 3192 tantum
1991 3131 2349 3211 probabilis,
2377 3129 2475 3192 vel
2529 3141 2619 3193 est
2652 3131 2932 3206 evidens;
2968 3133 3134 3212 prior
3183 3141 3275 3194 est

1717 3225 2121 3301 insufficienS,
2150 3225 2451 3305 posterior
2484 3239 2693 3286 autem
2722 3224 2971 3288 videtur
2996 3227 3271 3306 impossi-

1723 3318 1898 3396 bilis3
1943 3337 2092 3398 ergo
2134 3317 2309 3378 nulla
2354 3323 2446 3379 est
2494 3337 2632 3397 quae
2682 3318 2945 3380 sufficiat
2996 3341 3010 3379 :
3072 3321 3279 3381 minor

1719 3411 1920 3491 quoad
1945 3413 2210 3492 priorem
2243 3416 2483 3492 partem
2510 3409 2833 3492 probatur,
2872 3413 3019 3492 quia
3046 3411 3099 3472 si
3135 3431 3277 3494 pro·

1717 3505 1941 3586 positio
1972 3505 2113 3566 fidei
2163 3506 2243 3566 sit
2283 3511 2525 3566 tantum
2584 3504 2941 3586 probabilia,
2972 3505 3279 3586 relinquet

1717 3599 2117 3662 formidinem
2160 3605 2222 3661 et
2249 3598 2695 3660 dubitationem
2731 3598 3029 3680 aliquam,
3061 3600 3279 3662 saltem

1719 3695 1795 3756 de
1833 3691 2205 3755 certitudine
2243 3694 2519 3754 veritatis
2564 3694 2924 3774 propositae3
2956 3710 3103 3772 ergo
3150 3710 3279 3754 nou

1719 3791 1916 3866 potest
1941 3785 2249 3848 sufficiens
2276 3805 2407 3848 esse
2432 3785 2508 3845 ad
2532 3785 2905 3848 credendum
2928 3784 3047 3846 fide
3079 3783 3282 3846 Chris-

1719 3881 1914 3955 tiana,
1954 3899 2093 3960 quae
2138 3879 2321 3942 debet
2366 3897 2496 3940 esse
2541 3879 2631 3940 ita
2688 3885 2877 3956 certa,
2920 3885 2989 3943 ut
3029 3897 3279 3940 omnem

1720 3973 2120 4046 formidinem
2153 3979 2214 4035 et
2255 3971 2707 4034 dubitationem
2736 3971 3037 4034 excludat.
3073 3971 3283 4058 Altera

1721 4084 1867 4127 vero
1913 4085 2057 4147 pars
2115 4068 2372 4128 minoris
2418 4066 2737 4148 probatur,
2785 4067 2931 4146 qnia
2984 4064 3280 4146 mysteria

1721 4159 1866 4221 fidei
1896 4159 2051 4222 adeo
2078 4175 2373 4240 superant
2392 4161 2718 4236 rationem,
2750 4166 2821 4221 ut
2840 4161 3153 4220 interdum
3180 4159 3278 4218 vi-

1722 4255 1938 4316 deatur
1978 4255 2394 4316 necessarium
2432 4253 2635 4332 prima
2688 4253 3011 4334 principia,
3048 4259 3110 4314 et
3158 4251 3281 4314 alia

1721 4368 1859 4429 quae
1889 4348 2180 4411 videntur
2214 4347 2546 4423 evidentia,
2595 4366 2845 4428 negare,
2895 4353 2967 4408 ut
3012 4346 3118 4407 illa
3155 4366 3282 4408 cre·

1723 4445 1989 4518 dantur3
2044 4441 2349 4520 quomodo
2389 4461 2537 4522 ergo
2593 4440 2729 4501 fieri
2776 4447 2975 4522 potest.
3011 4447 3081 4500 ut
3136 4439 3285 4502 talia

1725 4537 2021 4616 mysteria
2048 4535 2203 4595 fiant
2231 4535 2546 4596 evidenter
2569 4531 2928 4597 credibilia?
2957 4535 3032 4594 Et
3060 4532 3283 4597 confir-

1724 4637 1932 4690 matur
1962 4630 2184 4708 primo,
2216 4648 2363 4689 nam
2396 4629 2639 4688 videtur
2668 4627 2900 4688 involvi
2930 4646 3283 4708 repugnan-

1723 4725 1834 4798 tia,
1858 4741 2001 4782 cum
2028 4740 2121 4782 res
2146 4722 2419 4782 credenti
2468 4721 2691 4782 dicitur
2723 4722 3041 4782 evidenter
3094 4719 3285 4782 credi—

1725 4813 1890 4889 bilis,
1921 4833 2071 4874 nam
2104 4832 2199 4874 res
2228 4813 2667 4875 denominatur
2699 4814 3009 4876 credibilis
3037 4813 3115 4876 ab
3153 4812 3288 4893 ipsa

1731 4907 1851 4969 fide
1882 4927 1991 4988 per
2019 4927 2207 4987 quam
2254 4907 2419 4968 credi
2449 4913 2670 4988 potest,
2705 4909 2863 4969 sicut
2906 4907 3143 4970 visibile
3194 4909 3289 4968 di·

1724 5003 1885 5064 citur
1913 5019 2024 5080 per
2053 5001 2624 5064 denominationem
2657 5021 2694 5062 a
2722 5004 2882 5076 visu,
2910 5008 2971 5064 ct
3000 4999 3291 5078 intelligi·

1723 5095 1849 5156 bile
1881 5115 1989 5176 per
2038 5095 2611 5156 denominationem
2666 5095 2744 5156 ab
2784 5093 3135 5172 intellectu3
3184 5093 3291 5154 sed

1724 5209 1852 5250 non
1889 5193 2089 5270 potest
2112 5207 2210 5249 res
2239 5189 2631 5250 denominari
2652 5189 2966 5252 evidenter
2986 5187 3291 5250 credibilis

1725 5281 1961 5364 abipsa
1990 5281 2137 5357 fide,
2162 5300 2302 5342 cum
2349 5279 2499 5342 fidos
2534 5301 2661 5343 non
2702 5282 2784 5344 sit
2808 5281 3061 5344 evidens
3079 5297 3098 5357 5
3140 5298 3289 5359 ergo

1727 5383 2037 5456 repugnat
2058 5395 2191 5436 rem
2222 5395 2350 5436 esse
2378 5375 2701 5436 evidenter
2720 5373 3097 5436 credibilem.
3122 5373 3285 5434 Con·

1729 5469 2013 5531 firmatur
2049 5468 2341 5544 secundo,
2376 5469 2525 5548 quia
2571 5485 2699 5529 non
2744 5471 2945 5548 potest
2972 5466 3288 5528 evidenter

1731 5563 1973 5625 ostendi
2004 5565 2299 5646 mysteria
2344 5561 2489 5624 fidei
2534 5582 2671 5642 quoe
2724 5561 3023 5623 credenda
3072 5579 3290 5644 propo·
