3900 6217
530 387 652 451 416

534 497 614 558 do
665 495 944 558 infideles
982 501 1127 556 sunt
1139 511 1160 574 3
1209 497 1437 576 pagani
1490 504 1703 559 autem
1747 498 1985 560 nullam
2014 499 2084 559 fi-

1630 391 1868 451 blsPnT.
1903 395 2033 450 xvi.
2071 399 2151 450 DE
2184 395 2631 452 INFIDELITA'I'E.

2168 501 2295 564 lam
2320 508 2563 580 partem
2586 499 2756 578 ,legis
2788 496 3012 558 veteris
3058 514 3243 576 quam
3290 500 3548 580 retinent,
3573 507 3659 570 sed

533 589 698 663 dem,
729 588 964 649 nullam
997 589 1402 668 Scripturam,
1429 589 1790 672 nullamque
1809 593 2085 654 divinam
2165 614 2277 677 per
2322 595 2657 677 quamdam
2709 593 2897 655 fidem
2954 597 3019 653 et
3056 593 3435 658 traditionem
3479 600 3665 663 huma·

532 682 972 744 revelationem
1005 681 1334 761 recipiunt,
1365 689 1428 744 et
1475 685 1614 746 ideo
1656 687 2088 747 contradicunt

533 775 680 837 fidei
725 775 896 837 nullo
933 776 1116 837 modo
1168 783 1458 857 receptae3
1491 779 1606 839 hac
1659 799 1805 859 ergo
1846 782 2087 842 ratione

531 869 626 932 illi
651 875 775 930 tres
802 869 969 929 modi
989 868 1368 931 infidelitatis
1391 872 1880 950 distinguuntur.

613 966 677 1024 5.
719 963 942 1024 Modus
992 980 1151 1024 unus
1195 964 1537 1045 explicandi
1598 966 1751 1029 hanc
1795 966 2091 1030 rationem

535 1054 967 1138 Theoloyieam.
991 1088 1075 1102 —
1095 1057 1508 1138 Impuynatur
1542 1060 1765 1140 primo.
1794 1092 1878 1106 —
1898 1059 2089 1139 Opor-

2168 706 2315 750 nam
2360 688 2533 748 illam
2586 687 2859 748 retinent
2914 703 2991 745 ex
3017 691 3211 764 parte,
3242 693 3300 746 et
3332 687 3394 748 in
3430 689 3667 769 pluribus

2168 787 2381 842 errant
2390 797 2412 859 ;
2466 799 2614 859 ergo
2658 781 2723 839 in
2760 779 2882 839 illis
2908 779 3099 839 etiam
3127 797 3247 838 non
3274 781 3443 842 datur
3484 784 3667 848 infide-

2167 873 2309 935 litas
2348 879 2565 935 contra
2600 873 2785 934 fidem
2838 872 2999 933 dicto
3042 871 3223 932 modo
3272 872 3334 932 in
3376 875 3508 954 ipsis
3536 897 3669 940 rece-

2169 975 2363 1049 ptam.
2401 969 2693 1047 Superest
2714 983 2864 1045 ergo
2888 963 3045 1026 alius
3074 983 3283 1026 sensns
3307 984 3495 1046 veruS,
3516 987 3670 1049 quem

2170 1062 2543 1142 objectivum
2572 1060 3020 1141 appellavimus
3044 1075 3065 1136 ;
3116 1061 3259 1138 quia
3286 1079 3356 1122 ex
3400 1071 3552 1140 parte
3584 1065 3672 1124 ob-

531 1157 621 1212 tet
650 1157 857 1210 tamen
886 1149 1042 1209 cirea
1070 1149 1229 1210 hanc
1261 1151 1562 1211 rationem
1595 1151 1912 1213 advertere
1938 1152 2089 1211 duo·
2156 1155 2336 1236 jecti,
2366 1161 2428 1216 et
2466 1153 2858 1216 revelationis
2909 1152 3138 1213 divinae
3186 1161 3462 1234 snsceptae
3500 1156 3673 1236 aliquo

532 1243 648 1304 bus
673 1243 870 1303 modis
915 1241 1108 1321 accipi
1137 1260 1312 1322 posse
1341 1243 1506 1322 quod
1536 1245 1788 1320 dicitur,
1821 1243 2089 1306 infideli-

529 1341 722 1398 tatem
744 1335 974 1415 opponi
999 1333 1142 1396 fidei
1169 1344 1427 1416 receptoe
1455 1337 1574 1398 hoc
1607 1337 1708 1398 vel
1736 1337 1842 1397 illo
1876 1338 2083 1413 mode,

530 1429 630 1490 vel
651 1429 825 1490 nullo
853 1427 1034 1488 modo
1063 1435 1354 1508 receptae,
1399 1429 1649 1506 scilicet,
1679 1429 1780 1491 vel
1800 1431 2089 1509 subiecti-

532 1543 626 1596 ve,
659 1521 758 1584 vel
790 1520 1116 1600 objective,
1145 1529 1215 1582 ut
1247 1523 1334 1582 ita
1356 1542 1489 1584 rem
1518 1524 1790 1585 breviter
1816 1542 2090 1603 compre·

529 1617 823 1680 hendam.
858 1617 1211 1696 Subjective
1248 1618 1514 1697 appelle,
1545 1620 1594 1679 si
1619 1621 1757 1699 quis
1781 1621 2093 1681 existimet

529 1712 609 1774 ad
643 1709 952 1784 haeresim,
978 1709 1151 1770 verbi
1179 1711 1398 1789 gratia,
1428 1712 1836 1773 necessarium
1861 1730 1993 1773 esse
2022 1718 2091 1772 ut

527 1805 752 1883 aliquis
779 1803 948 1884 prius
975 1802 1042 1862 in
1071 1821 1134 1864 se
1163 1807 1460 1883 receperit
1479 1804 1664 1866 fidem
1694 1805 1961 1866 infusam
1992 1824 2091 1865 su-

526 1895 984 1978 pernaturalem
1027 1901 1089 1956 et
1113 1896 1544 1973 Christianam,
1584 1904 1647 1959 et
1672 1903 1884 1977 postea
1915 1896 2089 1959 illam

525 2011 564 2053 a
592 2011 656 2052 se
684 1990 934 2070 abjiciat
979 1989 1151 2050 illam
1179 1990 1486 2070 negandO,
1530 1999 1600 2053 ut
1637 1993 1724 2052 sic
1771 1992 2089 2052 haereticus

527 2083 965 2158 constituatur3
990 2090 1051 2144 et
1069 2083 1258 2144 simili
1287 2085 1471 2145 modo
1497 2085 1840 2163 judaismus
1863 2103 2087 2164 suppo·

525 2185 636 2239 nat
659 2176 844 2239 fidem
871 2177 1042 2257 prius
1066 2181 1398 2256 receptam,
1423 2177 1642 2238 saltem
1672 2179 1738 2239 in
1767 2177 1993 2257 figura,
2026 2183 2088 2238 et

525 2275 740 2350 postea
786 2276 1114 2348 negatam3
1155 2271 1550 2350 paganismus
1595 2276 1803 2332 autem
1847 2270 2088 2331 nullam

525 2361 714 2424 fidem
743 2368 1046 2442 receptam
1075 2369 1138 2423 et
1159 2369 1447 2440 negatam
1479 2369 1801 2443 supponat.
1825 2364 1901 2423 Et
1921 2364 2089 2424 hunc

527 2474 774 2516 sensum
803 2455 1078 2516 indicant
1097 2455 1288 2534 aliqui
1317 2456 1673 2532 Thomistae,
1700 2457 2087 2536 qu08‚statim

524 2547 812 2611 referam.
837 2548 983 2609 Dico
1004 2555 1212 2608 tamen
1228 2567 1356 2610 esse
1372 2567 1618 2610 sensum
1637 2549 1819 2628 plane
1839 2550 2083 2611 falsum.

527 2643 756 2718 Primo,
799 2643 945 2723 qnia
979 2648 1179 2722 potest
1211 2659 1338 2703 esse
1377 2642 1624 2704 haeresis
1661 2643 1849 2704 etiam
1882 2646 1946 2704 in
1982 2642 2089 2705 illo

525 2736 633 2816 qui
685 2754 1008 2815 nunquam
1054 2753 1199 2796 vere
1245 2735 1530 2811 credidit,
1561 2742 1632 2796 ut
1675 2735 1741 2796 in
1777 2735 1920 2796 filiis
1961 2737 2084 2798 hoe-

523 2828 860 2891 reticorum
909 2829 1016 2908 qui
1046 2827 1125 2888 ab
1169 2827 1434 2890 infantia
1474 2829 1540 2889 in
1564 2829 1780 2888 haeresi
1819 2830 2087 2890 educan-

525 2929 651 2998 tur,
682 2922 788 3002 qui
817 2939 1141 3001 nunquam
1163 2921 1424 2982 credunt
1453 2921 1572 2982 fide
1593 2921 1822 2998 infusa,
1849 2927 1912 2982 et
1943 2922 2089 2982 licet

524 3015 732 3095 aliquo
797 3023 1074 3096 tempore
1129 3015 1410 3077 excusari
1459 3015 1696 3096 possint
1750 3035 1788 3077 a
1836 3022 2087 3096 peccato

523 3126 634 3188 per
674 3109 1092 3187 ignorantiam
1134 3108 1580 3185 invincibilem,
1611 3114 1845 3185 tamen,
1893 3127 2090 3188 quan-

524 3201 604 3262 do
645 3209 855 3281 postea
905 3203 1276 3265 sufficienter
1302 3203 1717 3279 instruuntur,
1769 3209 1830 3264 et
1868 3203 1932 3264 in
1962 3203 2089 3263 suis

524 3294 835 3356 erroribus
853 3303 1246 3375 permanent,
1263 3314 1476 3357 veram
1499 3296 1782 3358 haeresim
1809 3297 2091 3358 commit-

525 3392 684 3449 tunt.

605 3485 666 3544 6.
713 3479 945 3546 Ecaeio
976 3483 1339 3546 excluditur.
1362 3484 1858 3564 —Impuqnatur
1879 3501 2084 3546 secun-

523 3577 617 3639 do.
645 3611 721 3621 —-
745 3575 924 3639 Alter
938 3579 1148 3640 modus
1172 3574 1514 3657 explicandi
1532 3575 1841 3658 recipitur.
1871 3609 1955 3623 —·-
1982 3577 2080 3638 Di-

523 3686 649 3732 ces:
686 3671 777 3732 illi
807 3671 1026 3732 saltem
1056 3671 1412 3732 habuerunt
1440 3671 1626 3732 fidem
1673 3673 1876 3751 quoad
1904 3672 2081 3732 habi-

520 3771 658 3824 tum
684 3764 959 3826 infusum
987 3782 1096 3843 per
1119 3765 1492 3844 baptismum
1508 3779 1530 3840 ;
1561 3765 1667 3825 sed
1714 3765 1830 3825 hoc
1857 3783 2082 3846 parum

519 3859 726 3933 refert,
785 3858 932 3937 quia
959 3857 1112 3918 illud
1139 3856 1396 3919 sortasse
1441 3857 1718 3920 conferre
1770 3865 1970 3937 potest
2001 3857 2081 3919 ad

520 3951 1048 4012 circumstantiam
1076 3951 1418 4031 apostasiae,
1451 3950 1528 4012 de
1555 3969 1677 4030 quo
1709 3951 1776 4012 in
1807 3951 2078 4012 sectione

519 4047 803 4124 sequenti
824 4059 844 4121 ;
873 4044 952 4105 ad
1007 4044 1264 4104 modum
1305 4049 1514 4104 autem
1549 4042 1934 4104 infidelitatis
1971 4061 2079 4123 pa·

519 4155 663 4200 rum
691 4136 1000 4212 conducit,
1045 4152 1188 4196 cum
1239 4154 1316 4196 ex
1352 4134 1458 4196 illo
1487 4137 1684 4216 eapite
1712 4154 1822 4216 per
1847 4155 1912 4196 se
1954 4154 2081 4197 non

519 4231 792 4292 varietur
834 4229 1054 4290 modus
1096 4228 1426 4288 recedendi
1473 4250 1509 4289 a
1540 4230 1691 4307 fide5
1738 4228 2081 4309 praesertim

518 4326 664 4406 quia
683 4325 1038 4404 contingere
1054 4329 1251 4404 potest
1269 4329 1339 4384 ut
1353 4323 1543 4386 etiam
1563 4325 1703 4385 talis
1717 4327 1796 4385 sit
1809 4325 2078 4397 haeresis,

519 4426 589 4480 ut
617 4419 685 4480 in
713 4418 1055 4496 substantia
1084 4415 1375 4496 baptismi
1405 4436 1680 4479 errorem
1709 4418 2079 4493 committat,

519 4519 582 4572 ct
606 4518 751 4572 tunc
774 4529 978 4590 neque
1005 4509 1255 4570 habitus
1281 4510 1523 4571 infusus
1550 4513 1618 4572 in
1650 4510 1761 4571 tali
1787 4511 2083 4572 haeretico

517 4603 805 4684 praecedit
830 4625 849 4679 3
882 4608 946 4664 et
993 4609 1290 4684 praeterea
1317 4603 1506 4686 etiam
1542 4623 1580 4665 a
1616 4602 1739 4664 fide
1781 4603 2079 4666 catholica

516 4697 853 4777 aliquando
882 4696 1153 4777 professa
1179 4698 1444 4758 transire
1473 4697 1610 4776 quis
1637 4702 1838 4776 potest
1863 4696 1942 4757 ad
1970 4697 2075 4775 ju-

517 4789 822 4851 daismum
848 4789 1007 4850 etad
1027 4791 1492 4868 paganismum3
1523 4791 1712 4864 unde,
1736 4791 1924 4851 etiam
1954 4791 2078 4852 illae

514 4883 910 4945 inlidehtates
957 4901 1086 4944 esse
1114 4890 1370 4962 possunt
1400 4903 1508 4964 per
1541 4885 1952 4946 desertionem
2006 4882 2077 4944 fi-

516 4977 616 5039 dei
644 4981 903 5058 receptae
931 4976 1294 5055 subjective,
1335 4979 1403 5038 in
1445 4995 1706 5057 persona
1734 4977 2079 5038 secundum

515 5071 1078 5131 manifestationem
1092 5071 1367 5131 veritatis
1395 5071 1732 5150 aliquando
1756 5071 2073 5132 credente:

514 5181 661 5244 ergo
683 5181 810 5224 non
839 5168 1096 5243 possunt
1126 5162 1195 5223 in
1234 5162 1343 5224 illo
1391 5181 1574 5225 sensu
1597 5165 1897 5244 distingui
1939 5165 2075 5224 istae

511 5257 930 5318 infidelitates.
987 5255 1270 5318 Secundo
1288 5301 1307 5331 ‚
1363 5257 1562 5318 simile
1632 5265 2073 5335 argumentum

510 5347 650 5412 fieri
698 5355 901 5430 potest
939 5349 1017 5410 de
1057 5349 1400 5411 Judaismo.
1447 5351 1603 5412 Nam
1632 5368 1847 5412 omnes
1871 5351 2073 5412 Judaei

509 5461 640 5505 non
672 5443 964 5527 baptizati
991 5461 1119 5506 non
1161 5443 1396 5505 habent
1425 5443 1615 5505 fidem
1639 5443 1930 5512 infusam.
1964 5463 2074 5507 ne·-

511 5555 632 5618 que
658 5537 831 5598 illam
860 5555 1141 5617 unquam
1183 5537 1560 5615 habuerunt,
1591 5541 1780 5600 etiam
1819 5538 1979 5602 circa
2000 5539 2073 5600 il-

2170 1247 2375 1322 modo‚
2416 1247 2633 1308 saltem
2680 1265 2789 1326 per
2831 1245 3020 1307 fidem
3069 1245 3427 1322 humanam,
3459 1247 3554 1309 illa
3597 1251 3673 1310 di-

2169 1341 2425 1402 versitas
2450 1341 2763 1402 invenitur
2780 1355 2800 1417 3
2834 1356 2979 1400 nam
3000 1338 3271 1400 haeretiei
3302 1339 3676 1420 recipiuntre-

2171 1433 2543 1497 velationem
2585 1433 2729 1494 fidei
2769 1438 2951 1513 prout
2983 1431 3159 1492 nobis
3202 1433 3553 1511 propositam
3586 1453 3679 1514 per

2170 1525 2478 1587 Christum
2498 1532 2560 1588 et
2586 1523 2943 1606 Apostolos;
2971 1525 3299 1604 recipiunt,
3313 1525 3571 1604 inquam,
3589 1527 3680 1587 ad-

2169 1617 2476 1680 mittendo
2499 1619 2842 1699 Scripturas
2862 1618 3007 1678 novi
3033 1623 3096 1678 et
3125 1618 3347 1678 veteris
3370 1619 3682 1681 Testamen-

2170 1711 2244 1787 ti,
2271 1716 2333 1772 et
2359 1710 2696 1785 Christum,
2730 1719 2801 1770 ut
2840 1711 3125 1772 Messiam
3156 1711 3528 1789 promissum,
3566 1712 3677 1790 jam

2170 1805 2349 1866 nobis
2370 1805 2586 1865 datum
2604 1820 2624 1882 3
2651 1811 2713 1865 et
2738 1805 2874 1866 ideo
2904 1804 3149 1884 proprie
3171 1803 3440 1865 haeretici
3456 1815 3604 1878 sunt,
3625 1811 3681 1865 ut

2170 1896 2328 1958 dixit
2356 1899 2761 1976 AugustinuS,
2781 1898 2889 1977 qui
2910 1897 3023 1959 suh
3052 1897 3303 1958 nomine
3326 1895 3626 1958 christiano
3648 1916 3678 1958 a

2171 2009 2315 2052 vera
2340 1989 2465 2052 fide
2504 1991 2729 2052 Christi
2768 1991 3096 2068 recedunt;
3134 1991 3168 2052 J
3178 1989 3336 2050 udaei
3372 1995 3561 2050 autem
3592 1989 3680 2050 ad-

2168 2085 2426 2145 mittunt
2451 2085 2795 2164 Scripturas
2822 2085 3047 2146 veteris
3072 2083 3466 2158 Testamenti,
3494 2087 3547 2141 et
3572 2101 3685 2162 pro·

2169 2178 2491 2238 missiones
2526 2177 2777 2252 Messiae,
2810 2183 2871 2238 et
2898 2177 3039 2238 ideo
3064 2177 3357 2237 dicuntur
3400 2174 3686 2235 admittere

2168 2269 2477 2331 Christum
2522 2271 2591 2330 in
2630 2269 2850 2348 figuris
2892 2278 2955 2332 et
2994 2269 3398 2352 promissione
3416 2314 3436 2344 ,
3484 2273 3687 2345 negant

2168 2373 2378 2428 autem
2412 2367 2478 2428 in
2503 2367 2764 2428 veritate
2790 2366 3167 2442 exhibitum,
3193 2371 3258 2427 et
3284 2369 3688 2443 consequenter

2171 2460 2515 2541 Scripturas
2534 2461 2681 2521 novi
2704 2461 3086 2521 Testamenti
3109 2476 3237 2519 non
3264 2458 3604 2552 admittunt,
3641 2461 3691 2515 ct

2168 2551 2285 2612 hoc
2312 2553 2497 2614 modo
2515 2553 2748 2614 habent
2774 2552 3095 2633 specialem
3124 2551 3383 2612 modum
3403 2549 3692 2611 infidelita·

2170 2647 2285 2722 tis;
2316 2647 2552 2724 Pagani
2577 2663 2723 2708 vero
2745 2646 2917 2707 nullo
2948 2645 3131 2706 modo
3162 2645 3497 2706 admittunt
3521 2643 3692 2704 Chris·-

2169 2742 2328 2816 tum,
2361 2739 2461 2800 vel
2490 2738 2647 2800 ullas
2674 2740 3014 2820 Scripturas
3055 2738 3322 2800 divinas.
3352 2737 3427 2797 Et
3456 2736 3536 2796 ita
3561 2737 3692 2796 ratio

2168 2837 2261 2892 est
2284 2832 2542 2912 optima,
2574 2839 2635 2894 et
2667 2833 3040 2893 sufficienter
3075 2831 3351 2893 declarat
3390 2830 3693 2891 distinctio·

2168 2943 2311 2988 nem
2335 2926 2581 2988 illorum
2601 2927 2791 2988 trium
2816 2925 3267 2988 membrorum.

2250 3024 2308 3081 7.
2358 3019 2651 3094 Quomodo
2676 3023 2839 3086 inter
2874 3040 2933 3083 se
2957 3022 3423 3100 distinyuautur
3444 3015 3696 3100 paganis-

2167 3131 2326 3189 mus,
2342 3113 2697 3194 Judaismws
2716 3119 2772 3177 et
2796 3115 3156 3178 koeresis.—
3172 3115 3335 3176 Esse
3355 3117 3473 3178 tres
3504 3107 3695 3194 species

2170 3206 2575 3270 essentialiter
2610 3209 2931 3272 distinctas
2970 3211 3243 3289 affirmat
3290 3205 3618 3287 Cajetanus.
3633 3234 3699 3247 —

2169 3297 2673 3365 Fundamentum.
2724 3334 2806 3348 —
2854 3301 3286 3380 Consta-matur.
3350 3333 3427 3344 ——·
3466 3299 3553 3359 Ex
3596 3295 3699 3356 dic·

2166 3393 2263 3470 tis,
2296 3393 2472 3455 facile
2494 3394 2784 3475 explicari
2805 3393 3193 3474 possuntduo
3224 3397 3459 3474 puncta
3477 3391 3538 3451 in
3556 3389 3701 3469 prin-

2162 3485 2325 3566 cipio
2357 3487 2687 3567 proposita.
2734 3489 3011 3548 Primum
3042 3492 3199 3562 erat,
3260 3483 3562 3565 quomodo
3588 3481 3700 3542 haec

2160 3580 2443 3642 membra
2476 3580 2640 3642 inter
2666 3599 2728 3642 se
2756 3579 3219 3660 distinguantur
3249 3599 3264 3652 ;
3294 3579 3363 3639 in
3412 3596 3531 3657 quo
3558 3575 3703 3652 Caje·

2165 3679 2343 3734 tanus
2364 3675 2422 3734 2.
2450 3675 2511 3750 2,
2538 3693 2599 3754 q.
2629 3677 2729 3748 10,
2763 3679 2877 3735 art.
2912 3675 2974 3748 5,
3010 3674 3195 3734 sentit
3222 3673 3339 3734 has
3366 3667 3700 3732 tresinfide·

2162 3766 2363 3829 litates
2391 3766 2633 3846 proprie
2672 3773 2733 3827 et
2760 3766 2825 3827 iu
2856 3767 3060 3845 rigore.
3087 3785 3217 3828 esse
3250 3766 3451 3846 speeie
3484 3763 3704 3826 distinc-

2162 3866 2276 3938 tas,
2320 3861 2481 3941 quod
2526 3861 2617 3920 ibi
2660 3861 2903 3922 Banhes
2950 3866 3012 3921 et
3043 3860 3319 3939 Aragon.
3359 3862 3698 3937 sequuntur,

2162 3953 2337 4014 etita
2377 3955 2449 4014 D.
2481 3953 2786 4015 Thomam
2828 3961 3166 4033 exponunt.
3208 3953 3394 4014 Ratio
3426 3956 3535 4028 est,
3577 3949 3704 4028 quia

2160 4047 2445 4108 distincta
2472 4047 2623 4108 vitia
2652 4054 2905 4127 possunt
2927 4047 3127 4108 eidem
3156 4046 3381 4107 virtuti
3400 4043 3634 4124 opponi,
3659 4040 3699 4100 si

2162 4139 2405 4202 diverso
2451 4141 2635 4202 modo
2681 4141 2814 4220 ejus
2841 4140 3231 4202 honestatem
3282 4137 3616 4211 destruant,
3646 4140 3704 4194 ut

2162 4234 2213 4294 si
2241 4253 2436 4296 unum
2467 4254 2577 4315 per
2617 4252 2959 4310 excessum,
2992 4240 3053 4295 et
3074 4234 3242 4296 aliud
3270 4251 3383 4314 per
3419 4231 3701 4294 defectum

2163 4328 2379 4389 virtuti
2400 4329 2888 4408 contrarientur3
2920 4328 3024 4390 sed
3048 4328 3170 4389 illae
3195 4333 3321 4388 tres
3338 4325 3705 4387 infidelitates

2162 4428 2572 4501 corrumpunt
2601 4421 2788 4483 fidem
2815 4422 3071 4484 diversis
3098 4420 3325 4493 modis,
3370 4426 3440 4480 nt
3466 4417 3701 4498 explica-

2163 4521 2293 4576 tum
2328 4521 2449 4577 est:
2484 4533 2631 4594 ergo
2653 4513 2953 4576 differunt
2970 4516 3133 4576 inter
3154 4533 3218 4575 se
3233 4513 3459 4593 specie.
3484 4511 3560 4572 Et
3578 4528 3703 4570 con-

2161 4605 2468 4681 firmatur,
2517 4609 2663 4688 quia
2688 4607 2946 4670 deficere
2976 4627 3015 4668 a
3041 4607 3164 4668 fide
3198 4605 3395 4668 semel
3422 4607 3698 4681 suscepta,

2158 4707 2221 4762 et
2244 4699 2631 4782 inbaptismo
2656 4699 2947 4780 professa,
2977 4699 3164 4762 hahet
3192 4698 3521 4780 specialem
3545 4693 3703 4756 mali-

2157 4794 2307 4854 tiam
2336 4799 2400 4855 et
2425 4793 2905 4869 deformitatem,
2937 4811 3124 4874 quam
3158 4810 3285 4853 non
3316 4791 3503 4852 habet
3532 4806 3701 4868 paga-

2156 4905 2275 4948 nus
2305 4887 2414 4968 qui
2443 4886 2629 4949 fidem
2684 4906 2811 4949 non
2858 4888 3111 4967 suscipit
3128 4903 3150 4964 ;
3184 4887 3345 4947 sicut
3371 4883 3622 4946 deficere
3646 4881 3704 4940 in

2160 4982 2435 5042 castitate
2473 4981 2572 5043 vel
2626 4987 2985 5060 paupertate
3042 4979 3345 5060 promissa
3398 4975 3703 5058 specialem

2157 5073 2615 5137 deformitatem
2642 5075 2853 5151 habet,
2881 5093 3021 5155 quae
3049 5091 3175 5137 non
3209 5073 3531 5136 invenitur
3555 5071 3617 5132 In
3640 5085 3704 5130 eo

2156 5170 2262 5249 qui
2292 5187 2421 5230 non
2460 5169 2762 5250 promisit.

2234 5262 2295 5322 8.
2346 5261 2626 5326 Secunda
2676 5262 2936 5326 assertio
2946 5288 2969 5323 .·
3015 5263 3307 5346 riyorosoe
3346 5261 3569 5345 species
3598 5273 3705 5320 non

2152 5360 2296 5417 sunt
2331 5373 2436 5419 nec
2476 5355 2876 5419 essentialiter
2905 5356 3389 5438 distinquuntur.
3404 5351 3703 5416 -Proba-

2153 5454 2259 5511 tur
2278 5446 2501 5530 primo.
2518 5479 2601 5494 -·-
2621 5446 2873 5528 Satis-fil
2907 5451 3295 5528 fundamento
3346 5449 3417 5510 in
3456 5465 3615 5510 nutu.
3644 5445 3699 5506 7.

2151 5539 2656 5603 -Nihilominus
2684 5541 2822 5604 dico
2849 5541 2987 5604 illas
3010 5547 3137 5605 tres
3164 5539 3563 5604 infidelitates
3586 5554 3701 5600 non
