3900 6217
515 339 636 402 5³8

515 443 710 506 terius
731 441 896 504 circa
917 439 1198 504 haeresim
1221 440 1588 517 discurrens,
1613 447 1677 503 et
1707 442 1798 503 illi
1823 441 2078 504 tandem

507 535 926 609 consentiens,
949 533 1202 612 aliquod
1237 534 1488 612 signum
1512 533 1942 612 imperfectum
1978 551 2080 594 ex-

515 629 710 690 terius
734 628 944 702 faciat,
974 633 1062 702 ut,
1096 627 1268 688 verbi
1297 627 1524 706 gratia,
1550 645 1828 690 mensam
1854 633 1965 688 aut
1992 627 2079 689 fe-

515 740 662 784 mur
679 722 1002 802 percutiat,
1025 721 1192 782 nond
1199 738 1306 780 um
1332 727 1424 782 est
1442 721 1766 782 haereticus
1785 720 2073 795 exterior,

518 834 634 880 nec
655 814 1247 890 excommunicatus,
1269 815 1417 893 quia
1443 831 1518 876 ex
1541 814 1606 874 vi
1625 813 1790 874 illius
1815 815 2078 876 exterio-

517 909 604 970 ris
631 915 834 970 motus
867 925 1052 970 nemo
1079 907 1429 986 intelligere
1474 907 1676 986 potuit
1717 907 1798 968 de
1839 924 1967 985 qua
2008 925 2078 968 re

517 1002 838 1080 cogitaret,
889 999 988 1062 vel
1035 999 1136 1061 cui
1180 1000 1340 1080 parti
1383 1000 1774 1062 consentiret.
1819 999 2074 1076 Deinde,

518 1094 686 1175 quod
731 1094 1076 1156 notandum
1129 1099 1243 1167 est,
1287 1092 1528 1154 etiamsi
1571 1092 1816 1173 aliquis,
1857 1092 2079 1154 ductus

518 1188 798 1250 interiori
841 1186 1085 1261 hoeresi,
1127 1185 1228 1248 vel
1275 1186 1590 1248 occasione
1621 1186 1808 1261 illius,
1845 1185 2078 1264 aliquid

519 1283 786 1346 exterius
811 1279 1019 1355 faciat,
1044 1279 1096 1338 si
1122 1295 1275 1358 opus
1299 1276 1462 1356 quod
1493 1277 1643 1338 facit
1665 1296 1790 1338 non
1819 1283 1912 1338 est
1939 1294 2080 1357 pro-

518 1374 728 1455 prium
769 1373 1018 1450 signum
1043 1372 1316 1446 haeresis,
1346 1390 1472 1434 non
1513 1372 1658 1432 satis
1685 1371 1804 1432 erit
1848 1370 1929 1432 ad
1958 1371 2079 1432 lise-

518 1469 702 1532 resim
727 1472 1072 1540 externam,
1093 1483 1295 1544 neque
1315 1465 1391 1526 ad
1417 1481 1764 1542 censuram3
1791 1470 1882 1540 ut,
1907 1463 2079 1525 verbi

519 1561 744 1639 gratia,
786 1561 838 1622 si
878 1559 1016 1639 quis
1052 1557 1310 1618 credens
1337 1557 1807 1620 fornicationem
1845 1556 2080 1637 simpli-

519 1669 654 1716 cem
685 1671 810 1714 non
837 1669 968 1714 ωδε.
1012 1659 1352 1731 peccatum,
1395 1650 1541 1714 inde
1579 1657 1784 1712 sumat
1823 1651 2080 1712 facilita-

519 1751 648 1808 tem
690 1746 776 1806 sic
805 1744 1118 1825 peccandi,
1147 1763 1275 1805 non
1323 1742 1394 1804 fit
1433 1744 1758 1806 haereticus
1785 1745 2075 1820 exterior,

519 1839 666 1918 quia
693 1855 848 1917 opus
878 1838 1032 1900 illud
1058 1855 1168 1918 per
1189 1857 1254 1900 se
1283 1855 1410 1900 non
1436 1837 1714 1917 procedit
1733 1837 1814 1898 ab
1836 1837 2077 1913 haeresi,

519 1949 720 2012 neque
751 1931 924 1993 illam
952 1931 1210 2006 indicat,
1241 1936 1303 1991 et
1329 1929 1496 1992 idem
1533 1937 1627 1992 est
1653 1933 1718 1991 in
1747 1929 2071 1992 similibus.

521 2027 710 2090 Secus
731 2043 878 2088 vero
899 2026 1019 2088 erit
1041 2025 1093 2086 si
1115 2043 1270 2105 opus
1289 2031 1618 2086 externum
1647 2024 1724 2086 de
1747 2042 1812 2085 se
1839 2026 1920 2086 sit
1942 2043 2079 2105 pro-

519 2120 872 2185 testativum
920 2119 1229 2180 interioris
1271 2118 1415 2180 fidei
1445 2136 1518 2180 ac
1557 2119 1897 2197 religionis,
1927 2123 2002 2179 ut
2028 2117 2079 2178 si

519 2213 662 2291 quis
687 2212 1020 2291 rebaptizet
1045 2229 1123 2272 ex
1149 2215 1360 2272 animo
1387 2211 1698 2286 hoerctico,
1737 2210 1837 2272 vel
1865 2217 2079 2272 contu-

519 2303 768 2366 meliam
817 2304 1044 2365 inferat
1087 2304 1388 2382 imagini,
1430 2304 1530 2366 vel
1573 2303 1810 2383 aliquid
1849 2301 2077 2364 simile.

521 2399 728 2478 Neque
783 2397 1050 2458 obstabit
1094 2398 1259 2477 quod
1315 2398 1446 2459 haec
1492 2397 1724 2476 possint
1769 2396 2081 2458 interdum

521 2491 656 2554 fieri
675 2493 808 2552 sine
835 2491 1046 2552 animo
1073 2490 1386 2565 haeretico,
1409 2507 1522 2569 per
1541 2491 1961 2568 ignorantiam
1982 2488 2081 2549 vel

519 2603 632 2666 per
658 2585 994 2660 fictionem,
1013 2585 1164 2665 qnia
1189 2583 1308 2645 hoc
1343 2584 1574 2646 habent
1599 2583 1726 2645 fere
1757 2585 1969 2644 omnia
2004 2583 2083 2644 si-

519 2697 646 2758 gna
672 2685 949 2753 externa,
973 2685 1040 2739 et
1055 2680 1202 2758 qnia
1219 2677 1388 2762 inde,
1413 2678 1494 2738 ad
1523 2693 1860 2753 summum,
1883 2676 2083 2738 oritur

519 2771 802 2851 quaedam
829 2771 1232 2851 aequivocatio
1259 2770 1356 2833 vel
1385 2770 1782 2848 ambiguitas,
1816 2787 1979 2850 quoe,
2012 2777 2084 2830 ut

519 2863 675 2940 dixi,
695 2863 851 2926 iacit.
865 2881 998 2926 rem
1027 2864 1328 2926 occultam
1357 2882 1468 2944 per
1493 2863 1794 2940 accidens,
1823 2883 1952 2924 non
1974 2881 2084 2943 per

520 2976 586 3020 se
603 2974 622 3035 ;
661 2958 807 3037 quia
835 2963 905 3018 ut
937 2975 1137 3033 mens,
1183 2975 1292 3037 per
1317 2977 1382 3019 se
1415 2958 1746 3037 loquendo,
1787 2957 1899 3018 fiat
1933 2965 2084 3020 nota

519 3049 680 3126 aliia,
709 3051 856 3112 satis
885 3059 975 3113 est
1009 3057 1081 3111 ut
1111 3069 1226 3131 per
1249 3051 1496 3130 signum
1537 3050 1848 3112 sufficiens
1875 3057 2083 3112 osten-

521 3143 727 3219 datur,
767 3149 832 3206 et
869 3143 949 3204 ab
987 3143 1096 3204 illa
1135 3143 1262 3204 tale
1292 3144 1540 3222 signum
1571 3143 1848 3223 prodeat.
1896 3143 2084 3204 Addit

519 3237 870 3315 Cajetanus,
897 3237 1061 3298 dicta
1083 3243 1298 3315 quoest.
1327 3239 1426 3311 11,
1453 3242 1572 3298 art.
1595 3239 1659 3312 4,
1681 3237 1872 3298 etiam
1897 3237 2084 3298 omis-

520 3332 758 3393 sionem
797 3327 1200 3409 irreligiosam
1237 3329 1598 3409 sacrilegam
1631 3347 1808 3411 posse
1849 3330 1926 3390 ad
1966 3330 2083 3390 hoc
2115 3391 2142 3416 ¹

519 3423 802 3486 sufficere
818 3440 840 3500 ;
866 3429 938 3484 ut
972 3425 1024 3484 si
1057 3424 1198 3503 quis
1229 3441 1309 3486 ex
1343 3429 1638 3504 concepta
1673 3423 1892 3483 haeresi
1919 3441 2082 3483 nun·

519 3535 709 3598 quam
754 3518 1003 3578 missam
1041 3517 1277 3593 audiat,
1305 3517 1404 3578 vel
1441 3515 1596 3576 nolit
1633 3515 2083 3577 Eucharistiam

519 3610 776 3672 adorare
825 3609 1076 3690 quando
1131 3610 1442 3681 elevatum
1503 3609 1652 3689 quia
1673 3656 1694 3687 ,
1742 3609 2081 3672 secundum

517 3719 916 3766 communem
964 3721 1146 3764 usum
1193 3701 1471 3764 fidelium
1493 3748 1513 3779 ,
1553 3703 1674 3764 ista
1717 3709 1865 3764 sunt
1905 3703 2085 3782 signa

519 3813 658 3874 quaa
681 3795 954 3858 reddunt
969 3796 1288 3858 hominem
1313 3796 1712 3859 vehementer
1729 3811 2083 3877 suspectum

520 3888 598 3950 de
623 3888 865 3964 haeresi,
892 3895 955 3951 et
981 3889 1150 3950 illam
1175 3889 1322 3950 satis
1358 3890 1659 3965 indicant,
1699 3889 1819 3950 nisi
1847 3907 1926 3950 ex
1968 3889 2084 3950 cir-

520 3982 908 4042 cumstantiis
942 3981 1308 4060 significatio
1346 3982 1738 4061 impediatur.

607 4077 702 4136 12.
753 4075 1035 4140 Secunda
1069 4076 1349 4138 mnditia
1377 4107 1464 4122 —-
1489 4075 1768 4138 Secunda
1813 4077 2081 4138 conditio

521 4176 637 4243 est,
676 4175 747 4229 ut
791 4168 1058 4230 exterior
1109 4174 1302 4244 actus,
1327 4175 1436 4228 aut
1475 4169 1735 4230 verbum
1766 4188 1877 4248 per
1915 4169 2083 4249 quod

520 4261 774 4324 haeresis
799 4261 1042 4324 interna
1075 4261 1526 4337 manifestatur,
1555 4262 1636 4322 sit
1659 4279 1848 4340 grave
1873 4279 2083 4342 pecca—

521 4363 658 4416 tum
685 4361 1014 4416 externum
1041 4354 1206 4416 intra
1245 4354 1556 4416 rationem
1592 4354 1858 4416 haeresis.
1903 4355 2083 4416 Ratio

521 4455 636 4524 est,
666 4449 814 4527 quia
841 4446 970 4510 hoec
987 4463 1242 4508 censura
1264 4463 1390 4508 non
1411 4447 1768 4520 incurritur,
1797 4447 1920 4509 nisi
1942 4463 2081 4527 pro-

524 4550 660 4624 pter
675 4542 960 4622 hoeresim
973 4548 1292 4604 externam
1306 4559 1328 4619 3
1343 4560 1492 4620 ergo
1507 4543 1576 4602 in
1595 4542 1704 4602 illa
1718 4542 1933 4603 eadem
1952 4561 2084 4622 spe-

524 4638 620 4698 cie
641 4636 824 4697 debet
843 4653 970 4698 esse
991 4641 1308 4715 peccatum
1336 4653 1545 4712 grave,
1572 4635 1718 4714 quia
1735 4653 1850 4696 nec
1869 4653 2086 4696 censu-

521 4747 619 4805 ra,
643 4747 756 4790 nec
783 4728 1340 4788 excommunicatio
1364 4727 1585 4806 maior,
1613 4729 1959 4806 generatim
1994 4726 2085 4788 lo-

523 4821 796 4902 quendo,
817 4821 1156 4882 incurritur
1173 4819 1292 4881 nisi
1307 4830 1556 4900 propter
1582 4828 1902 4900 peccatum
1921 4839 2082 4883 mor-

525 4913 672 4988 tale,
690 4931 892 4993 neque
909 4915 1027 4974 ista
1053 4915 1116 4974 in
1131 4912 1512 4992 particulari,
1541 4913 1661 4974 nisi
1684 4927 1934 4993 propter
1962 4913 2085 4975 tale

523 5015 864 5087 peccatum.
909 5005 1138 5068 Deinde
1180 5003 1523 5083 explicatur
1561 5006 1900 5085 exemplis:
1937 5024 2085 5066 nam

525 5100 634 5178 qui
662 5099 920 5160 inter-ius
945 5098 1258 5160 commisit
1279 5097 1586 5172 haeresim,
1619 5099 1766 5159 licet
1791 5099 1963 5160 illam
1990 5117 2087 5159 sa-

523 5192 984 5254 cramentaliter
999 5191 1390 5265 confiteatur,
1413 5209 1537 5251 non
1553 5191 1624 5252 fit
1641 5192 1965 5254 boereticus
1982 5209 2085 5252 ex-

525 5283 740 5359 terior,
761 5303 966 5365 neque
990 5284 1254 5346 incurrit
1279 5299 1628 5357 censuram,
1651 5285 1798 5365 quia
1817 5283 1926 5344 illa
1943 5301 2088 5344 con-

525 5376 710 5440 fessio
735 5393 864 5438 non
893 5385 986 5439 est
1007 5375 1304 5458 professio
1330 5377 1602 5450 hanes-is,
1631 5377 1736 5438 sed
1759 5376 1965 5456 potius
1990 5395 2088 5437 ac-

522 5471 764 5547 cusatio
788 5475 850 5533 et
876 5470 1112 5552 optima
1131 5470 1317 5533 actio.
1347 5469 1644 5533 Similiter
1671 5471 1782 5554 qui
1805 5468 2088 5531 mentali-

1239 342 1474 397 msru'r.
1511 345 1640 398 xxi.
1675 345 1756 396 DE
1789 343 1995 396 POENJS
2026 343 2489 399 srlmrnsmuus
2518 341 2991 396 nAEnE'rtccnuu.

2156 449 2253 505 ter
2268 445 2518 521 erravit,
2542 447 2604 506 et
2628 441 2895 506 consulit
2912 440 3119 502 virum
3137 439 3395 502 doctum
3405 439 3565 505 bona
3584 445 3688 509 fide

2158 543 2221 598 et
2242 537 2475 614 enimc,
2502 544 2573 598 ut
2590 535 2935 598 remedium
2954 540 3209 614 quoerat,
3240 553 3371 599 non
3400 543 3691 615 propterea

2155 629 2440 704 incurrit,
2484 630 2633 710 quia
2654 627 2760 688 ille
2798 633 2977 688 actus
3000 644 3128 686 non
3154 633 3249 688 est.
3280 635 3617 707 peccatum,
3640 637 3692 691 et

2156 729 2603 802 consequenter
2620 739 2748 782 non
2774 723 2972 799 potest
2990 737 3118 780 ease
3142 720 3407 780 materia
3422 739 3687 786 censurae.

2157 814 2325 874 Idem
2346 814 2675 876 dicendum
2696 819 2811 886 est,
2843 814 2895 872 si
2922 813 3267 892 contingat,
3298 819 3372 874 ut
3394 813 3562 889 solet,
3596 815 3694 876 ali-

2158 925 2345 986 quem
2368 908 2435 968 in
2472 925 2691 968 somno
2724 905 2930 968 verbis
2956 905 3307 986 exprimere
3346 906 3511 985 quod
3530 907 3593 966 in
3618 909 3695 968 vi-

2158 1001 2309 1078 gilia
2342 1001 2671 1080 cogitavit;
2714 1016 2863 1060 nam
2908 997 3053 1060 licet
3092 998 3209 1060 hoc
3238 999 3429 1060 modo
3456 1001 3694 1062 exterius

2156 1093 2431 1172 proferat
2476 1093 2787 1168 haeresim,
2850 1109 2979 1152 non
3026 1090 3307 1154 incurret
3360 1109 3663 1154 censuram
3678 1110 3695 1170 ;

2156 1191 2294 1246 tum
2334 1187 2483 1265 quia
2524 1185 2627 1248 iile
2660 1193 2831 1248 actus
2872 1187 3143 1249 exterior
3181 1202 3407 1246 revera
3458 1203 3581 1247 non
3622 1193 3699 1248 est

2156 1285 2501 1358 peccatum,
2550 1298 2627 1340 ex
2674 1279 2923 1340 defectu
2969 1279 3323 1353 libertatis3
3366 1285 3503 1338 tum
3530 1279 3697 1339 etiam

2160 1373 2309 1451 quia
2346 1371 2501 1434 illud
2530 1390 2657 1434 non
2674 1379 2767 1434 est
2802 1373 3052 1450 signum
3080 1387 3417 1433 consensus
3438 1372 3505 1431 in
3530 1369 3699 1434 haere-

2160 1467 2301 1539 sim,
2346 1466 2497 1545 quia
2538 1483 2655 1527 nec
2688 1467 2995 1545 significat
3032 1471 3405 1546 praesentem
3458 1463 3699 1526 liberum

2158 1577 2548 1636 consensum,
2590 1579 2777 1640 quem
2826 1560 3137 1621 dormiens
3160 1558 3313 1620 dare
3350 1575 3478 1618 non
3504 1563 3695 1637 potest,

2160 1669 2275 1713 nec
2315 1654 2719 1732 praeteritum,
2756 1653 2905 1732 quia
2942 1658 3193 1732 possent
3224 1649 3421 1711 verba
3446 1649 3550 1710 illa
3574 1651 3697 1711 oriri

2160 1765 2235 1808 ex
2275 1747 2403 1808 sola
2430 1747 2801 1825 cogitatione
2843 1746 3155 1826 praeterita
3196 1744 3338 1805 sine
3362 1741 3557 1804 libero
3580 1761 3699 1804 con-

2160 1858 2367 1902 sensu.
2414 1841 2491 1902 Et
2518 1841 2597 1901 ad
2647 1841 2818 1902 hunc
2859 1839 3118 1900 modum
3146 1843 3415 1918 possunt
3436 1837 3621 1898 multa
3644 1839 3698 1897 in

2160 1933 2517 2012 particulari
2544 1933 2787 2007 inferri,
2822 1940 2886 1994 et
2920 1933 3077 1994 varii
3106 1951 3287 1993 casus
3316 1931 3540 2006 decidi,
3570 1947 3697 2009 quos

2158 2028 2405 2106 omitto,
2434 2027 2581 2106 quia
2618 2025 2823 2087 solum
2864 2025 3272 2088 materialiter
3314 2023 3625 2097 differunt,
3650 2030 3701 2085 et

2158 2121 2227 2182 in
2250 2120 2563 2182 infinitum
2590 2119 2983 2197 multiplicari
3010 2125 3295 2199 possunt.
3318 2117 3535 2180 Solum
3576 2135 3697 2198 ergo

2158 2219 2255 2274 est
2291 2214 2703 2275 necessarium
2754 2213 3055 2292 principia
3084 2213 3288 2291 posita
3328 2219 3495 2272 recte
3532 2212 3696 2290 appli-

2160 2306 2307 2366 cari.
2358 2307 2443 2366 De
2468 2305 2589 2366 illis
2610 2312 2821 2367 tamen
2860 2305 3055 2366 videri
3083 2310 3347 2384 possunt
3380 2303 3504 2365 Jul.
3534 2305 3695 2380 clar„

2158 2396 2269 2458 lib.
2308 2399 2369 2472 5,
2397 2397 2435 2477 ἓ
2468 2398 2775 2473 Hoereais,
2812 2415 2993 2460 num.
3024 2399 3139 2472 24;
3184 2404 3253 2458 et
3290 2397 3611 2475 Hugolin„
3634 2397 3697 2457 de

2160 2491 2334 2553 Gens.
2369 2490 2597 2551 Pontis.
2630 2495 2952 2566 reaervat„
2990 2491 3033 2550 2
3060 2509 3151 2570 p.,
3198 2509 3255 2550 c.
3314 2494 3377 2563 1,
3424 2509 3491 2551 n.
3524 2493 3625 2566 173
3650 2497 3699 2551 et

2163 2584 2406 2659 Covnr„
2458 2584 2523 2644 in
2565 2583 2763 2662 regul.
2800 2583 3150 2660 Peccatum,
3181 2603 3245 2663 p.
3298 2585 3365 2658 2,
3396 2584 3462 2644 in
3492 2586 3697 2664 princi-

2160 2676 2265 2756 pio
2279 2693 2300 2754 3
2357 2676 2693 2762 Si0mnncas,
2744 2677 2845 2737 tit.
2892 2678 2993 2751 31,
3052 2693 3231 2737 num.
3260 2679 3327 2752 9,
3382 2682 3447 2737 et
3484 2679 3573 2737 tit.
3610 2679 3697 2752 42,

2160 2787 2337 2830 num.
2372 2771 2451 2830 10
2490 2774 2553 2829 et
2606 2769 3045 2849 sequentibus;
3078 2777 3141 2830 et
3190 2769 3502 2849 copiosius
3536 2789 3701 2848 quam

2162 2864 2365 2924 caeteri
2406 2863 2616 2938 Sanc„
2664 2863 2773 2924 lib.
2808 2867 2849 2924 Ξ
2879 2865 2944 2925 in
2996 2862 3231 2938 Decal.,
3273 2884 3330 2925 c.
3378 2865 3454 2939 83
3485 2864 3699 2938 Gamia,

2164 2958 2242 3022 de
2272 2958 2510 3034 Benef„
2542 2977 2603 3037 p.
2638 2961 2738 3032 11,
2788 2975 2843 3020 c.
2890 2960 2989 3035 16,
3021 2977 3059 3018 a
3085 2976 3263 3018 num.
3312 2959 3433 3032 98;
3462 2964 3524 3018 et
3560 2958 3702 3018 Fari-

2160 3072 2328 3128 nac.,
2352 3053 2429 3114 de
2451 3053 2705 3129 Haeresi,
2732 3072 2793 3132 q.
2820 3057 2961 3129 187,
2983 3072 3021 3116 a
3048 3071 3223 3114 num.
3254 3056 3359 3114 11.
3386 3052 3703 3112 videantur

2162 3146 2351 3206 etiam
2384 3146 2547 3206 dicta
2566 3145 2643 3206 in
2674 3152 2843 3206 tomo
2878 3145 2957 3207 de
2984 3147 3265 3222 Censur„
3296 3146 3455 3226 disp.
3486 3147 3547 3220 4,
3574 3150 3696 3206 sect.

2164 3239 2227 3313 3,
2258 3257 2435 3300 num.
2464 3241 2563 3300 17.

2774 3465 2992 3520 8ΕΟΤῙΟ
3024 3467 3110 3520 111.

2176 3665 2397 3730 Utrum
2423 3683 2497 3730 σευ
2520 3663 2583 3728 vi
2610 3665 2793 3745 lmjm
2830 3659 3465 3730 excommunicationis
3494 3665 3699 3724 tenean-

2244 3765 2350 3824 tm·
2394 3775 2592 3824 omncs
2640 3757 2842 3837 fideles
2885 3757 2969 3820 cd
3016 3754 3337 3820 vitandum
3360 3771 3576 3818 omnem
3602 3751 3699 3814 12oe-

2244 3853 2501 3918 rotioum
2522 3851 2641 3914 sibi
2661 3853 2888 3914 notum.

2248 4079 2277 4138 1
2292 4119 2309 4135 .
2354 4076 2704 4139 Disco-imm
2730 4075 2872 4137 novi
2906 4073 3081 4154 juris
3107 4073 3181 4136 ab
3222 4071 3473 4153 miquo
3502 4069 3565 4131 in
3600 4068 3691 4129 hac

2163 4187 2250 4233 re.
2272 4203 2356 4218 —
2381 4169 2460 4230 Ut
2481 4167 2906 4246 intelligantur
2940 4167 3131 4228 dubia
3158 4183 3303 4244 quae
3331 4165 3399 4224 in
3423 4162 3539 4224 hoc
3562 4175 3691 4240 pun·

2162 4269 2261 4324 cto
2277 4267 2642 4335 ‘occurs-unt,
2678 4265 2919 4340 oportet
2944 4260 3215 4322 breviter
3234 4271 3577 4337 supponere
3606 4251 3689 4329 jus

2164 4358 2489 4436 antiquum
2511 4361 2571 4416 et
2599 4373 2834 4415 novum
2857 4355 3017 4415 circa
3042 4351 3505 4431 obligationem,
3532 4359 3689 4425 quam

2163 4447 2372 4510 fideles
2402 4447 2636 4509 habent
2662 4447 2741 4508 ad
2770 4447 3093 4508 vitandum
3122 4442 3689 4506 excommunicatum

2166 4542 2283 4604 sibi
2314 4549 2529 4602 notum
2542 4558 2563 4619 3
2593 4557 2743 4602 nam
2770 4541 2905 4620 jure
2958 4540 3235 4618 antiquo,
3264 4537 3403 4597 haec
3428 4529 3688 4608 obligatio

2166 4635 2533 4696 universalis
2562 4649 2719 4710 erat,
2758 4651 2875 4694 nec
2904 4631 3337 4712 postulabatur
3368 4628 3485 4689 alia
3511 4620 3689 4684 condi-

2166 4729 2254 4787 tio
2281 4745 2355 4788 ex
2382 4733 2558 4808 parte
2604 4725 3145 4800 excommunicati,
3174 4725 3295 4784 nisi
3346 4719 3502 4802 quod
3530 4717 3588 4777 in
3632 4729 3685 4772 re

2163 4821 2295 4900 ipsa
2322 4819 3027 4881 excommunicationem
3052 4817 3428 4878 incurrisset.
3460 4813 3545 4871 Ex
3569 4823 3686 4887 par-

2163 4919 2226 4973 te
2272 4929 2419 4972 vero
2468 4911 2764 4987 aliorum,
2792 4910 2991 4971 solum
3030 4915 3163 4970 erat
3220 4903 3549 4969 necessaria
3580 4896 3683 4959 suf-

2164 5005 2377 5067 ficiens
2428 5005 2651 5065 notitia
2691 5021 2993 5078 censurae,
3049 5002 3167 5062 hac
3214 5007 3452 5061 tantum
3504 4993 3683 5055 ohser-

2165 5098 2415 5158 vatione
2440 5095 2739 5173 adhibita,
2770 5103 2865 5171 ut,
2900 5095 2953 5156 si
2980 5092 3531 5155 excommunicatus
3550 5084 3683 5144 esset

2166 5189 2437 5250 occultus
2468 5196 2745 5268 respectu
2794 5189 3082 5261 aliorum,
3116 5185 3353 5246 occulte
3378 5181 3680 5247 vitamtnr3

2166 5283 2389 5344 sivero
2418 5281 2723 5362 publicus,
2762 5279 3029 5361 publice.
3076 5279 3293 5339 Postea
3318 5290 3457 5336 vero
3500 5272 3561 5330 in
3580 5267 3682 5327 Ex-

2166 5383 2403 5455 travag.
2434 5373 2537 5438 Aa
2558 5375 2863 5450 evitanda,
2910 5371 3077 5434 edita
3114 5372 3180 5432 in
3226 5365 3483 5430 Concilio
3522 5361 3681 5459 Con-ff-

2166 5467 2488 5542 tantiensi,
2536 5471 2601 5528 et
2646 5471 2857 5552 postea
2898 5464 3157 5550 probata
3188 5461 3256 5524 in
3284 5457 3597 5531 Basiliam,
3616 5449 3676 5510 lt-
