3900 6217
669 411 839 465 SECT.
875 411 956 464 Vl.
993 411 1073 464 AN
1108 405 1504 464 metianum}
1536 405 1672 460 wso
1703 407 1854 460 June
1887 399 2081 460 POENA
2113 400 2345 469 ALIQUA
2381 403 2679 474 PROPTER,
2716 409 2852 464 E‘rc.

209 527 402 589 poenaS.
427 507 671 585 QuartO,
693 511 1166 591 argumentatur
1189 505 1537 585 CajetanuS,
1567 503 1716 584 quia

208 601 290 680 qui
311 600 552 676 furatur,
583 601 847 662 incurrit
875 618 1088 680 poenas
1107 605 1324 660 contra
1343 597 1510 658 fures
1531 596 1712 669 latas»,

206 696 306 752 sive
353 711 421 754 ex
469 699 658 770 mem,
705 694 836 754 sive
883 713 962 754 ex
1005 693 1127 756 alio
1167 691 1398 752 motivo
1437 690 1675 750 furetur
1689 705 1711 768 3

205 803 320 864 ergo
343 785 611 846 similiter
639 787 706 846 in
744 787 1062 868 praesenti.

267 884 312 940 t.
349 877 648 942 Resolutio
698 881 1050 962 quoestiouis
1100 881 1403 960 ueaativa.
1435 913 1515 924 —-
1543 877 1718 940 Nihi-

203 974 426 1035 lominus
464 972 798 1034 dicendum
830 979 922 1036 est
949 992 1074 1050 eos,
1105 973 1211 1053 qui
1240 973 1342 1034 vel
1377 977 1716 1032 tormento-

201 1085 312 1130 rum
336 1071 515 1141 metu,
546 1064 644 1126 vel
687 1073 938 1147 propter
975 1068 1378 1146 cupiditatem
1407 1072 1717 1146 tempora-

199 1161 322 1220 lium
347 1158 640 1218 bonorum
674 1166 786 1220 aut
811 1159 1142 1236 honorum,
1177 1160 1446 1222 exterius
1472 1164 1716 1220 tantum

201 1260 248 1314 et
271 1251 393 1312 ficto
419 1252 627 1315 animo
660 1251 848 1314 fidem
878 1258 1136 1333 negant,
1183 1261 1244 1313 et
1272 1254 1546 1314 actiones
1577 1271 1718 1312 con-

201 1343 406 1404 fessioni
445 1343 596 1405 fidei
633 1347 971 1409 contrarias
999 1351 1311 1422 exercent,
1351 1363 1478 1406 non
1513 1347 1718 1406 incur-

199 1455 304 1498 rere
339 1455 544 1516 poenas
559 1483 584 1514 ,
642 1457 751 1503 seu
808 1457 1097 1502 censuras
1139 1437 1298 1502 latas
1353 1437 1715 1517 simpliciter

198 1536 373 1590 eontra
395 1529 740 1615 haereticos,
765 1531 864 1592 vel
893 1538 1223 1610 apostatas,
1253 1532 1395 1594 Haec
1431 1537 1522 1591 est
1549 1548 1714 1592 com-

196 1621 404 1684 munior
428 1623 759 1700 sententia,
795 1641 986 1704 quam
1011 1624 1186 1686 docet
1215 1625 1548 1704 Sylvester,
1582 1642 1714 1684 ver-

193 1716 254 1775 ho
279 1717 616 1797 Apameia,
651 1721 709 1792 1,
739 1737 803 1798 q.
833 1722 892 1793 1,
924 1726 986 1780 et
1013 1717 1202 1780 verbo
1226 1719 1528 1790 Hoeresis,
1557 1737 1619 1796 q.
1651 1721 1710 1791 5,

197 1809 226 1868 6
247 1815 296 1868 et
319 1811 386 1884 93
414 1809 665 1886 Angel„
708 1810 898 1872 verbo
941 1807 1262 1893 Aposeata,
1313 1831 1373 1891 q.
1407 1812 1480 1884 ὃς
1513 1817 1576 1872 et
1601 1813 1717 1872 Ta-

195 1901 348 1976 bien.‚
387 1902 574 1964 verbo
613 1905 985 1980 mentions,
1015 1923 1080 1964 u.
1114 1909 1176 1979 2,
1217 1911 1279 1966 et
1304 1904 1718 1990 verbo‘Apos-

191 1995 340 2069 laria,
363 2015 427 2058 n.⁴
458 1997 530 2073 33
579 1999 829 2074 Navar.,
865 2016 1000 2076 cap.
1031 2001 1176 2074 110,
1208 2017 1275 2058 n.
1297 2001 1400 2072 27,
1431 2017 1482 2060 c.
1513 2000 1614 2060 27.
1645 2017 1711 2058 n.

191 2091 278 2163 363
321 2090 382 2148 D.
405 2091 786 2166 Antoninus,
818 2093 857 2152 2
887 2096 1072 2172 part.‚
1101 2091 1283 2152 titulo
1318 2093 1416 2166 18,
1457 2092 1652 2170 capite
1677 2094 1714 2152 5

189 2187 236 2241 et
258 2181 320 2256 63
345 2182 568 2260 Tolet.,
600 2182 760 2244 libro
792 2189 831 2244 4
871 2183 1073 2258 Sum.,
1105 2184 1303 2263 capite
1345 2185 1406 2259 4,
1450 2202 1714 2244 numero

189 2280 244 2350 63
269 2276 459 2351 Azor.,
489 2281 654 2336 tom.
685 2279 741 2352 ¹,
775 2277 884 2338 lib.
909 2277 1243 2338 81nstitut.
1273 2295 1460 2352 mor„
1481 2295 1618 2355 cap.
1647 2280 1712 2350 9,

188 2387 231 2446 q.
255 2371 308 2442 9,
339 2370 407 2429 10
439 2374 500 2428 et
526 2371 634 2443 Μ,
659 2376 724 2432 et
745 2389 880 2449 cap.
927 2372 1030 2444 21,
1060 2388 1122 2448 q.
1152 2371 1189 2430 5
1219 2376 1280 2430 et
1317 2371 1388 2447 63
1425 2377 1486 2430 et
1505 2369 1712 2449 plures

184 2459 304 2520 alios
331 2459 392 2520 in
435 2459 632 2523 simili
679 2463 1018 2542 quaestione
1045 2464 1121 2524 de
1165 2469 1425 2526 externo
1455 2462 1712 2524 idolola-

184 2557 258 2610 tra
282 2551 446 2612 retuli
481 2553 550 2614 iu
599 2560 752 2614 tom.
785 2559 812 2614 1
869 2555 946 2617 de
970 2554 1314 2634 Religione.
1357 2557 1519 2616 libro
1565 2561 1604 2618 2
1635 2555 1710 2618 de

184 2641 618 2724 Superstitione,
651 2648 850 2728 capite
871 2650 936 2726 6,
959 2649 1024 2710 in
1050 2648 1198 2712 fine.
1223 2650 1402 2712 Ratio
1427 2657 1538 2725 est,
1563 2649 1712 2728 quia

181 2735 258 2795 lex
279 2737 524 2818 poenalis
575 2745 672 2800 est
716 2741 912 2801 stricti
953 2742 1136 2820 ῥυτὶς,
1181 2749 1244 2804 et
1281 2743 1713 2821 restringenda

183 2829 242 2888 ad
291 2831 588 2894 delictum
645 2833 990 2912 perfectum
1044 2841 1106 2895 et
1167 2842 1668 2899 consummatum
1688 2881 1709 2910 ,

183 2928 446 3000 quatenus
473 2942 594 3003 per
632 2925 823 2988 verba
867 2926 1023 3006 legis
1069 2928 1456 3007 significatur
1470 2953 1490 3005 ;
1544 2930 1710 3010 quod

181 3016 544 3096 principium,
580 3035 660 3080 ex
687 3021 951 3082 materia
983 3020 1058 3081 de
1087 3023 1359 3082 censuris
1387 3027 1448 3084 et
1474 3040 1550 3082 ex
1582 3040 1711 3082 ma-

179 3108 304 3168 teria
325 3111 395 3170 de
421 3109 697 3192 legibue„
719 3119 1020 3193 tanquam
1048 3120 1285 3176 certum
1318 3116 1704 3194 supponitur.

178 3201 238 3260 At
259 3220 390 3264 vero
416 3203 592 3284 leges
615 3223 724 3268 seu
753 3225 1022 3270 canones
1051 3207 1415 3289 simpliciter
1441 3209 1713 3289 puniunt

177 3293 454 3358 haereticos
483 3305 548 3363 et
587 3307 918 3380 apostataS‚
957 3301 1076 3362 sub
1098 3302 1325 3381 quibus
1354 3301 1714 3364 nominibus

177 3387 256 3448 isti
281 3391 358 3450 sic
385 3389 542 3470 lapsi
577 3391 646 3453 in
683 3394 1065 3456 confessione
1091 3393 1238 3456 fidei
1271 3413 1396 3455 non
1435 3413 1714 3474 compre·-

177 3479 516 3549 henduntur.
578 3485 736 3548 Nam
757 3487 1062 3565 imprimis
1089 3505 1215 3548 non
1239 3493 1384 3548 sunt
1412 3488 1710 3566 simplici-

177 3577 252 3633 ter
292 3573 588 3654 haeretici,
632 3585 706 3638 ut
731 3585 926 3658 patet,
954 3581 1096 3658 quia
1149 3579 1340 3640 fidem
1386 3581 1707 3657 retinent3

177 3685 270 3728 nec
294 3670 468 3732 etiam
497 3676 653 3732 sunt
688 3672 1052 3752 simpliciter
1078 3679 1400 3754 apostatae,
1434 3679 1506 3734 ut
1541 3685 1709 3734 recte

175 3760 355 3823 docuit
379 3763 622 3840 Alens„
675 3767 714 3826 2
745 3771 932 3845 part„
962 3772 1179 3846 quaest.
1226 3769 1367 3842 163,
1424 3767 1708 3828 membro

177 3856 224 3926 Ξ,
250 3863 305 3916 et
321 3858 524 3920 innuit
537 3858 727 3920 divus
754 3858 1020 3922 Thomas
1041 3864 1104 3921 2.
1132 3862 1195 3936 2,
1220 3866 1437 3939 quaest.
1463 3862 1561 3935 12,
1585 3867 1706 3922 art.

180 3949 224 4020 1,
253 3950 320 4010 ad
349 3951 734 4029 secimdum3
777 3958 840 4014 et
867 3952 1186 4032 probatur,
1240 3953 1390 4032 quia
1428 3953 1531 4014 isti
1560 3955 1710 4014 sim·-

177 4041 380 4118 pliciter
403 4051 464 4106 et
486 4063 640 4107 vere
671 4063 800 4108 non
839 4046 1137 4108 recedunt
1165 4064 1204 4109 a
1229 4045 1350 4106 fide
1370 4052 1431 4106 et
1459 4047 1709 4126 religio-

178 4152 240 4196 ne
278 4137 640 4215 Christiana,
667 4138 776 4200 sed
819 4144 1068 4200 tantum
1110 4138 1274 4214 ficte,
1306 4145 1368 4200 et
1393 4139 1535 4200 ideo
1561 4140 1710 4200 sim-

178 4227 386 4304 pliciter
421 4251 552 4292 non
601 4232 1000 4294 committunt
1039 4229 1408 4312 apostasiam
1468 4251 1704 4307 veram,

178 4337 288 4398 quae
311 4331 400 4385 est
424 4326 738 4406 apostasia
763 4325 1060 4406 perfidiae,
1091 4325 1198 4386 sed
1227 4331 1470 4386 tautum
1497 4324 1709 4386 fictam

181 4419 228 4472 et
250 4417 598 4480 simulatam
622 4440 640 4492 3
677 4437 805 4480 non
843 4437 992 4499 ergo
1017 4419 1353 4480 incurrunt
1379 4435 1592 4498 poenas
1621 4418 1714 4479 la·

181 4510 254 4566 tas
277 4510 632 4592 simpliciter
658 4519 874 4576 contra
897 4511 1215 4574 haereticos
1238 4511 1336 4572 vel
1377 4517 1704 4590 apostatas.

243 4605 294 4662 5.
335 4602 735 4668 Coo-ollarium
768 4606 1090 4668 secundum
1123 4623 1198 4668 ιω
1224 4605 1514 4685 promima
1547 4621 1712 4668 reso·

178 4692 601 4760 latione—Ad
629 4699 1021 4776 fundamenta
1055 4697 1337 4777 quetani
1363 4696 1430 4758 in
1457 4715 1518 4758 n.
1563 4699 1603 4758 3
1629 4727 1710 4744 -

178 4787 250 4845 Ex
289 4807 403 4867 quo
449 4790 723 4852 infertur
767 4791 992 4870 primo,
1019 4790 1380 4870 hujusmodi
1427 4789 1710 4853 homines

179 4888 396 4960 propter
449 4884 575 4946 tale
624 4884 862 4946 crimen
910 4883 1150 4946 nullam
1200 4901 1526 4944 censuram
1575 4883 1710 4961 ipso

179 4971 311 5034 sacto
341 4977 678 5040 incurrere.
706 4978 1028 5052 Probatur,
1053 4978 1200 5056 quia
1231 4993 1360 5038 non
1389 4976 1710 5036 invenitur

179 5068 490 5145 specialiter
517 5077 735 5134 contra
760 5069 900 5132 illos
926 5069 1072 5132 lata.
1109 5069 1416 5143 SecundO,
1447 5067 1711 5129 infertur

179 5160 278 5219 tale
317 5165 546 5228 crimen
587 5182 715 5227 non
753 5181 884 5226 esse
930 5168 1309 5224 reservatum
1357 5162 1564 5240 Papae,
1594 5179 1710 5222 nec

175 5251 280 5326 juri
300 5257 643 5335 communi3
666 5256 991 5336 probatur,
1011 5257 1160 5336 quia
1179 5255 1520 5318 secundum
1544 5272 1712 5318 com·-

179 5362 340 5408 mune
376 5350 484 5429 jus
531 5350 771 5412 nullum
825 5356 1144 5428 peccatum
1189 5357 1283 5412 est
1325 5353 1710 5413 reservatum

183 5437 358 5519 Papae,
396 5444 558 5522 quod
601 5459 926 5506 censuram
967 5461 1276 5506 annexam
1303 5459 1430 5504 non
1457 5440 1706 5516 habeat,

183 5533 279 5592 nisi
303 5534 410 5595 fiat
431 5535 820 5615 particularis
841 5535 1139 5615 exceptiO,
1165 5553 1304 5615 qnae
1329 5537 1392 5596 in
1423 5534 1540 5596 hoc
1565 5552 1709 5598 casu

1802 521 1927 564 non
1960 502 2297 564 invenitur.
2333 506 2426 566 Ex
2457 506 2633 568 dictis
2666 506 2980 586 colligitur
3014 506 3208 572 facilis
3239 529 3366 572 res-

1801 597 2019 676 ponsio
2052 597 2131 658 ad
2159 597 2567 662 fundamenta
2590 602 2865 680 Cajetani
2894 616 2909 662 τ
2949 620 3097 664 nam
3123 603 3203 664 ad
3241 604 3367 682 pri-

1797 708 1971 750 mum
2008 691 2137 770 jam
2171 691 2482 754 declarata
2512 700 2657 754 sunt
2682 695 2790 756 illa
2820 695 2985 772 jura.
3019 695 3110 756 Ad
3150 715 3367 757 secun-

1797 783 1946 843 dum
1990 802 2139 844 vero
2180 786 2586 864 respondetur
2618 787 2947 848 Ecclesiam
2987 808 3113 850 non
3145 791 3365 868 punire

1793 882 2003 937 actum
2030 877 2347 940 internum
2377 886 2729 959 separatum
2759 881 2836 942 ab
2866 886 3152 958 exterum
3183 885 3364 963 puni-

1794 987 1861 1028 re
1889 974 2101 1030 tamen
2126 975 2476 1046 externum,
2505 978 2574 1032 ut
2601 973 2873 1051 procedit
2901 975 2979 1034 ab
3009 975 3277 1050 interm,
3301 982 3364 1037 et

1795 1062 1929 1137 eius
1965 1063 2269 1124 malitiam
2300 1064 2530 1142 induit,
2560 1074 2622 1128 et
2659 1068 2800 1130 ideo
2835 1087 2945 1148 per
2974 1069 3165 1131 dictas
3196 1071 3363 1149 leges

1797 1175 1926 1218 non
1962 1157 2143 1235 punit
2191 1156 2361 1219 hunc
2406 1166 2731 1222 externum
2779 1168 3011 1238 actum,
3042 1163 3189 1241 quia
3234 1183 3361 1225 non

1798 1249 2076 1327 procedit
2120 1250 2199 1312 ab
2245 1251 2633 1330 infidelitate,
2676 1272 2863 1334 quam
2906 1257 3212 1336 praecipue
3252 1274 3365 1336 per

1798 1341 1934 1402 illas
1979 1341 2147 1420 leges
2176 1345 2396 1422 punire
2426 1347 2715 1408 intendit.
2748 1349 2919 1422 Quod
2958 1367 3130 1410 secus
3174 1356 3265 1410 est
3294 1350 3363 1410 in

1797 1433 1936 1494 aliis
1962 1453 2101 1514 quae
2124 1435 2411 1500 fenintur
2436 1445 2651 1500 contra
2674 1441 2907 1518 MagoS,
2932 1440 3107 1502 verbi
3134 1443 3359 1519 gratia,

1794 1526 1894 1587 vel
1921 1528 2165 1589 arioloS.
2188 1528 2280 1590 Ad
2314 1531 2563 1592 tertium
2588 1549 2733 1594 vero
2756 1535 3164 1612 respondetur
3188 1535 3362 1596 illam

1794 1619 2247 1682 absolutionem
2294 1622 2429 1684 dari
2472 1624 2550 1684 ad
2596 1625 2897 1686 cautelam
2931 1633 3181 1706 propter
3210 1645 3362 1706 prae·

1797 1715 2240 1792 sumptionem,
2266 1721 2331 1776 et
2362 1723 2683 1794 peccatum
2714 1717 2870 1779 illud
2904 1725 3151 1798 propter
3180 1739 3359 1784 suam

1799 1806 2103 1868 malitiam
2134 1809 2323 1870 etiam
2353 1811 2561 1888 puniri
2587 1811 2667 1872 ab
2692 1811 2978 1888 homine3
3006 1813 3190 1874 aliter
3213 1831 3360 1875 vero

1798 1918 1985 1979 quam
2027 1902 2277 1981 propria
2306 1901 2581 1978 haeresiS,
2616 1904 2715 1966 vel
2752 1907 3079 1984 apostasia,
3112 1908 3359 1985 quando

1797 1995 1863 2054 in
1887 1994 2021 2055 foro
2046 2001 2300 2058 externo
2322 1997 2701 2060 sufficienter
2723 1998 2917 2059 fidelis
2940 2000 3185 2060 animus
3206 2019 3360 2079 proe·

1798 2089 2082 2150 sumitur.
2137 2090 2229 2150 Ad
2280 2097 2571 2170 quartum
2592 2138 2613 2168 ,
2668 2099 2931 2171 negatur
2982 2094 3357 2171 similitudo3

1796 2198 1940 2240 nam
1971 2181 2209 2244 furtum
2238 2184 2305 2244 in
2337 2201 2449 2244 sua
2479 2184 2721 2262 malitia
2746 2203 2873 2246 non
2906 2186 3131 2264 pendet
3161 2186 3241 2246 ab
3266 2188 3360 2247 in-

1794 2279 1973 2335 terna
2020 2274 2391 2350 intentione,
2431 2294 2505 2337 eo
2545 2277 2733 2338 modo
2772 2295 2911 2362 quae
2963 2279 3215 2340 haeresis
3261 2279 3361 2340 vel

1794 2367 2120 2444 apostasia.
2163 2369 2317 2430 Nam
2363 2369 2605 2432 furtum
2650 2377 2744 2432 est
2784 2379 3103 2450 peccatum
3149 2373 3213 2432 in
3248 2391 3361 2432 sua

1793 2459 1995 2538 specie
2028 2460 2391 2539 perfectum,
2432 2465 2831 2541 quantumvis
2876 2483 2954 2526 ex
3000 2471 3171 2526 metu
3215 2465 3351 2536 δεῖς

1795 2570 1922 2612 non
1947 2559 2157 2614 autem
2187 2553 2440 2618 haeresis
2468 2561 2577 2616 aut
2601 2557 2928 2635 apostasia,
2966 2557 3016 2616 si
3051 2557 3225 2618 deest
3248 2557 3359 2618 fal·-

1794 2663 1860 2706 sa
1889 2646 2065 2706 existi
2074 2647 2283 2710 matio.

2270 2867 2719 2932 DISPUTATIO
2756 2871 2883 2932 XV.

1791 3089 1869 3136 DE
1902 3091 2177 3138 PEGGATIS
2220 3093 2501 3140 munuum
2534 3094 2764 3140 CONTRA
2796 3095 3096 3142 INTERNUM
3126 3095 3355 3142 PRAECE-

2380 3187 2541 3232 PTUM
2579 3188 2763 3234 mum.

1873 3395 1929 3454 1.
1981 3391 2320 3471 Quotupzaoe
2357 3397 2669 3472 peccatam
2710 3397 2923 3454 contra
2943 3393 3123 3473 fidem
3169 3395 3357 3457 inter-

1789 3501 1933 3546 nam
1963 3481 2257 3548 committi
2276 3485 2655 3566 possin—ln
2684 3486 3055 3564 praecedenti
3082 3486 3358 3566 disputa·

1789 3577 1981 3654 tione,
2016 3582 2265 3657 propter
2294 3573 2569 3640 materiae
2603 3576 2968 3641 brevitatem
2994 3585 3056 3640 et
3087 3597 3356 3640 commo-

1789 3670 2047 3732 ditatem
2070 3669 2253 3730 simul
2284 3670 2415 3730 dixi
2440 3671 2519 3732 de
2541 3678 2846 3751 praecepto
2870 3673 3189 3733 exterioris
3214 3691 3357 3734 cou-

1792 3763 2069 3825 fessiouis
2100 3763 2267 3840 fidei,
2298 3763 2465 3825 etde
2505 3767 2768 3841 peccatis
2800 3765 3023 3844 quibus
3050 3765 3319 3827 violatur
3334 3781 3355 3842 3

1791 3855 1857 3915 iu
1901 3855 2212 3936 prioribus
2242 3862 2452 3917 autem
2500 3855 3039 3935 disputationibus,
3072 3861 3358 3938 quamvis

1789 3955 2096 4029 praecepta
2137 3949 2213 4010 de
2248 3949 2497 4012 interna
2527 3948 2649 4012 fide
2689 3950 3111 4029 explicuerim,
3144 3957 3357 4014 tamen

1791 4049 2119 4104 tractatum
2149 4042 2227 4104 de
2258 4042 2519 4121 peccatis
2547 4043 2893 4118 contrariiS,
2924 4045 3072 4123 quia
3104 4045 3354 4124 longam

1789 4136 2271 4216 disputationem
2314 4136 2653 4215 postulant,
2698 4137 2766 4196 in
2804 4137 2975 4198 hunc
3017 4137 3223 4198 locum
3256 4156 3355 4199 re-

1789 4229 2056 4292 servavi.
2089 4231 2415 4292 Peccatum
2442 4236 2650 4292 autem
2689 4237 2904 4291 contra
2946 4230 3137 4292 fidem
3162 4233 3352 4294 inter·

1793 4340 1939 4384 uam
1968 4322 2199 4402 duplex
2224 4323 2291 4382 in
2321 4340 2547 4401 genere
2576 4323 2875 4401 distingui
2900 4329 3116 4404 potest.
3146 4324 3353 4387 Unum

1791 4424 1884 4477 est
1911 4417 1999 4478 ita
2028 4434 2386 4495 repugnans
2414 4417 2531 4496 ipsi
2560 4416 2707 4476 fidei
2734 4423 2806 4476 ut
2832 4417 3001 4476 illam
3042 4417 3350 4494 excludat,

1791 4510 1955 4591 quod
1998 4510 2273 4589 generali
2314 4510 2571 4571 nomine
2613 4509 2945 4571 infidelitas
2986 4511 3347 4590 appellatur.

1790 4604 1977 4666 Aliud
2004 4610 2099 4666 est
2130 4603 2296 4682 quod
2324 4602 2510 4666 fidem
2540 4619 2667 4664 non
2708 4603 3009 4678 excludit3
3040 4610 3103 4663 et
3138 4603 3355 4682 hujus-

1790 4697 1961 4758 modi
1996 4713 2291 4757 vocamus
2322 4709 2664 4774 peccatum,
2700 4695 2865 4774 quod
2894 4695 2960 4756 in
2988 4696 3245 4757 homine
3280 4697 3354 4757 fi-

1788 4790 1912 4851 deli
1952 4807 2083 4850 esse
2124 4794 2322 4868 potest
2364 4805 2492 4850 non
2538 4787 2738 4850 solum
2768 4788 2961 4849 divise
3004 4791 3099 4866 (ut
3138 4790 3225 4850 sic
3260 4791 3355 4851 di-

1789 4885 1986 4964 cam),
2042 4882 2145 4944 sed
2196 4882 2381 4942 etiam
2443 4881 2782 4962 composite
2812 4897 2829 4942 ε
2876 4897 3025 4941 nam
3081 4883 3354 4961 primum

1791 4981 2109 5056 peccatum
2143 4975 2523 5036 infidelitatis
2564 4975 2755 5036 etiam
2788 4973 2867 5035 ab
2904 4974 3159 5036 homine
3187 4974 3355 5037 fideli

1789 5069 2093 5130 committi
2134 5073 2366 5147 potest3
2413 5068 2501 5130 sic
2542 5068 2712 5144 enim
2755 5069 3061 5146 contingit
3102 5068 3351 5129 fidelem

1789 5159 2107 5222 hominem
2153 5160 2221 5220 in
2262 5159 2551 5222 haeresim
2595 5159 2743 5235 labi,
2788 5177 2915 5222 non
2952 5166 3163 5220 tamen
3210 5162 3351 5220 reti·

1787 5253 1995 5314 nendo
2030 5251 2243 5327 fidem,
2290 5257 2353 5313 et
2392 5252 2533 5314 ideo
2582 5252 2853 5320 dicimus.
2888 5251 3135 5313 fidelem
3180 5271 3355 5331 posse

1787 5345 2218 5411 infidelitatem
2246 5347 2653 5422 committere,
2688 5364 2819 5408 non
2858 5346 2925 5406 in
2964 5363 3149 5406 sensu
3186 5363 3355 5406 com·

1791 5441 1989 5519 posito
2018 5439 2121 5518 (ut
2146 5440 2380 5515 aiunt),
2410 5438 2519 5500 sed
2546 5439 2611 5499 in
2640 5438 2838 5500 diviso
2855 5454 2878 5516 3
2902 5456 3049 5498 nam
3077 5439 3187 5517 qui
3220 5445 3355 5500 erat

1788 5531 1989 5594 fidelis
2032 5538 2228 5611 potest
2270 5531 2539 5592 infidelis
2583 5528 2738 5606 fleri,
2772 5531 3005 5592 amittit
3040 5536 3253 5592 tamen
3280 5531 3353 5590 fl-
