3900 6217
1006 436 1176 490 SECT.
1207 439 1246 491 1.
1282 440 1363 491 AN
1398 436 1798 490 comiscuit)
1831 434 1967 487 lrso
1998 435 2149 486 June
2182 433 2598 498 INCURRATUR,
2622 433 2759 485 Ere.

281 536 528 600 catione
559 536 906 614 bonornm3
937 556 1084 618 ergo
1128 539 1325 600 multo
1368 540 1568 618 magis
1608 538 1844 600 crimen

280 627 442 690 laesae
494 631 830 708 majestatis
884 630 1132 704 divinoe,
1190 631 1356 712 quod
1410 650 1517 711 per
1562 631 1846 695 haeresim

284 723 722 795 committitur,
769 723 879 783 tali
921 742 1108 804 poena
1158 725 1544 805 puniendum
1590 731 1700 786 est.
1739 723 1846 784 Se-

282 815 484 874 cunda
529 816 687 877 ratio
715 834 846 877 esse
874 823 1094 895 potest,
1129 819 1276 898 quia
1303 817 1398 879 11ae
1437 835 1636 898 poenae
1681 815 1840 876 inssi-

281 909 540 980 guntur,
573 911 644 964 ut
675 905 896 968 timore
923 905 1174 966 illarum
1214 906 1498 969 homines
1536 924 1574 967 a
1611 905 1845 967 delictis

282 996 636 1058 abstineant
647 1013 668 1073 3
729 999 998 1060 maxime
1051 1005 1262 1060 autem
1311 1000 1510 1062 solent
1561 1000 1845 1062 homines

281 1089 508 1152 timere
547 1091 780 1172 privari
819 1090 1000 1154 bonis
1042 1093 1352 1169 omnibus„
1402 1101 1464 1154 et
1520 1095 1660 1155 ideo
1709 1093 1846 1156 talia

281 1201 468 1262 poena
512 1185 830 1262 aptissima
865 1191 958 1244 est
1001 1185 1081 1246 ad
1121 1185 1407 1248 homines
1452 1187 1840 1248 coercendos.

283 1277 495 1338 Tertia
535 1279 686 1340 item
737 1277 897 1338 ratio
937 1277 1082 1338 addi
1141 1279 1294 1340 solet
1317 1327 1332 1351 ,
1380 1280 1528 1358 quia
1573 1279 1842 1341 haeretici

284 1369 448 1430 fiunt
475 1388 634 1450 saepe
651 1369 860 1432 hostes
877 1371 1161 1433 Ecclesiae
1185 1379 1246 1433 et
1271 1371 1573 1448 fidelium,
1597 1379 1657 1433 et
1677 1372 1840 1449 ideo,

283 1471 354 1522 ut
383 1461 786 1525 debilitentur
809 1465 972 1524 vires
999 1482 1216 1526 eorum
1246 1472 1460 1528 contra
1483 1465 1840 1542 Ecclesiam,

281 1555 608 1634 privantur
656 1555 836 1617 bonis
879 1557 1340 1638 temporalibus,
1386 1559 1609 1638 quibus
1642 1559 1845 1619 homi-

281 1665 397 1712 ues
441 1648 520 1712 ad
563 1651 1016 1732 persequendos
1057 1651 1264 1714 hostes
1325 1655 1594 1716 maxime
1639 1655 1843 1734 juvari

282 1742 506 1806 solent.

365 1837 426 1896 3.
478 1835 740 1916 objectio
794 1845 1008 1904 contra
1043 1840 1318 1920 proxime
1354 1841 1645 1916 resoluta,
1677 1841 1844 1903 circa

279 1946 466 2009 quam
493 1929 689 1992 videri
729 1935 930 2012 potest
984 1933 1108 1996 late
1155 1933 1411 2009 Faria„
1437 1933 1506 1994 do
1544 1934 1753 2008 Hoer.‚
1777 1951 1836 2014 q.

283 2023 432 2096 291,
465 2027 586 2087 toto
615 2043 838 2108 paraq.
874 2029 930 2087 1.
963 2059 1044 2072 -
1077 2023 1378 2090 Solvitur.
1399 2060 1482 2072 —
1511 2026 1628 2088 Sed
1657 2025 1842 2104 objici

279 2122 526 2196 potest:
561 2135 708 2180 nam
731 2118 879 2180 hinc
909 2119 1188 2199 sequitur
1213 2127 1284 2180 ut
1329 2119 1446 2181 filii
1487 2121 1843 2182 innocentes

283 2216 540 2290 propter
579 2217 897 2290 peccatum
928 2213 1120 2292 patris
1148 2213 1525 2291 puniantur3
1559 2213 1724 2293 quod
1754 2214 1844 2274 vi-

279 2303 466 2363 detur
493 2321 618 2366 esse
647 2312 863 2366 contra
905 2304 1249 2366 naturalem
1292 2307 1673 2386 aequitatem,
1699 2323 1841 2386 quae

273 2395 458 2472 jubet
485 2403 556 2456 ut
605 2415 802 2478 poenae
852 2397 1132 2459 ferantur
1159 2397 1228 2458 in
1255 2403 1538 2460 auctores
1590 2398 1840 2460 delicto-

279 2505 447 2564 rum,
479 2494 541 2549 et
562 2508 690 2550 non
729 2490 895 2550 ultra
922 2491 1424 2572 progrediantur,
1462 2492 1585 2573 leg.
1615 2491 1842 2558 Sanci-

279 2599 443 2652 ωας,
475 2581 606 2644 cod.
635 2583 712 2645 de
741 2583 962 2646 Poenis.
995 2585 1072 2646 Et
1098 2584 1348 2664 sequela
1375 2591 1566 2665 patet,
1599 2587 1747 2666 quia
1789 2584 1842 2648 si

277 2691 568 2754 parentes
618 2677 908 2738 omuibus
951 2677 1130 2740 bonis
1193 2679 1546 2758 priventur,
1597 2698 1840 2744 necesse

279 2773 371 2828 est
401 2778 474 2828 ut
515 2769 628 2831 filii
663 2769 892 2833 eisdem
914 2776 1184 2846 careant,
1215 2774 1278 2831 et
1302 2777 1663 2852 paupertate
1689 2772 1844 2834 affli-

281 2868 532 2938 gantur.
568 2863 836 2924 Maxime
868 2877 1010 2925 vero
1047 2865 1295 2926 videtur
1317 2863 1436 2925 hoc
1481 2865 1695 2945 pietati
1746 2884 1844 2930 re·

283 2971 602 3032 pugnare,
664 2956 912 3036 quaudo
961 2956 1076 3017 filii
1129 2964 1274 3018 sunt
1325 2958 1641 3032 catholici3
1695 2977 1842 3021 nam

285 3045 423 3128 plus
445 3050 537 3109 eis
575 3049 780 3110 favere
819 3049 1004 3112 debet
1030 3051 1283 3131 propria
1329 3049 1484 3112 fides
1519 3070 1707 3132 quam
1737 3071 1844 3132 pa-

281 3147 459 3202 terna
509 3141 790 3224 perfidia.
841 3143 937 3204 Ad
982 3143 1390 3222 objectionem
1435 3145 1845 3224 respondetur

277 3234 511 3311 primo,
552 3234 715 3296 bona
733 3253 873 3316 quae
909 3235 1339 3313 confiscantur,
1371 3255 1499 3298 non
1527 3257 1655 3300 esse
1686 3238 1843 3299 filio-

275 3343 448 3401 rum,
481 3327 590 3388 sed
623 3329 930 3408 parentis;
978 3347 1127 3391 nam
1167 3329 1219 3390 si
1247 3329 1458 3410 aliqua
1499 3337 1642 3392 sunt
1694 3349 1843 3412 pro-

277 3419 417 3498 pria
453 3417 752 3499 filiorum,
781 3420 886 3482 illa
913 3441 1040 3484 non
1083 3419 1498 3484 confiscantur
1526 3424 1659 3486 sine
1701 3443 1843 3504 pro-

277 3513 419 3594 prio
460 3521 712 3594 peccato
741 3515 1038 3594 ipsorum,
1078 3522 1147 3577 ut
1174 3514 1340 3576 iufra
1374 3515 1646 3594 dicetur;
1668 3525 1844 3597 pater

279 3613 496 3666 autem
524 3604 651 3669 suis
682 3607 861 3669 bonis
909 3609 1191 3689 privatur
1223 3614 1476 3689 propter
1505 3629 1685 3671 suum
1738 3610 1843 3672 de-

277 3695 518 3761 lictum.
557 3699 728 3773 Quod
756 3708 962 3762 autem
985 3700 1129 3763 inde
1156 3709 1602 3781 consequenter
1627 3723 1842 3784 sequa-

281 3796 386 3850 tur
413 3790 693 3852 filiorum
715 3799 974 3870 egestae„
1005 3813 1133 3855 non
1169 3800 1260 3856 est
1300 3796 1841 3872 considerandum,

281 3884 432 3964 quia
461 3902 590 3945 non
619 3891 940 3966 propterea
969 3885 1133 3948 filius
1172 3906 1283 3968 per
1332 3907 1396 3949 se
1427 3890 1704 3968 punitur,
1736 3907 1844 3952 seu

281 3977 350 4038 in
377 3995 468 4055 se,
499 3977 604 4040 sed
627 3997 739 4058 per
770 3980 1075 4056 accidens,
1103 3999 1209 4041 seu
1243 3982 1312 4042 in
1353 3983 1497 4042 alic.
1547 3981 1844 4044 Addimus

281 4088 432 4132 vero
455 4071 748 4150 secundo,
780 4073 1098 4134 interdum
1139 4091 1217 4135 ex
1239 4074 1585 4136 intentione
1616 4081 1678 4136 et
1710 4093 1846 4138 ver·

282 4161 382 4224 bis
412 4162 593 4243 legis,
641 4183 889 4245 poenam
929 4167 998 4227 in
1041 4165 1140 4226 his
1170 4166 1612 4247 temporalibus
1639 4167 1842 4252 bonis,

280 4256 381 4319 vel
411 4257 606 4318 etiam
629 4259 696 4319 in
736 4258 996 4319 infamia
1027 4257 1254 4321 directe
1287 4259 1540 4321 extendi
1578 4261 1655 4322 ad
1688 4259 1846 4322 filios

277 4355 537 4430 propter
565 4358 885 4430 peccatum
915 4353 1130 4432 patris,
1171 4352 1336 4432 quod
1363 4371 1490 4414 non
1517 4357 1608 4414 est
1632 4359 1847 4414 contra

279 4443 670 4523 aequitatem,
696 4444 798 4505 sed
824 4445 902 4506 ad
930 4445 1165 4506 bonum
1208 4463 1534 4506 commuue
1573 4465 1849 4508 necessa-

280 4538 478 4612 rium,
511 4543 581 4597 ut
604 4537 794 4598 tradit
817 4539 1213 4600 Innocentius
1249 4538 1350 4614 111,
1377 4539 1442 4599 in
1474 4539 1673 4619 capite
1709 4540 1847 4607 Ver·

279 4630 509 4711 qentis,
538 4637 601 4692 et
647 4629 910 4692 habetur
966 4631 1155 4694 etiam
1202 4633 1269 4692 in
1323 4633 1459 4712 lege
1533 4632 1842 4714 Quisquis,

283 4722 324 4802 ἓ
345 4725 574 4802 primo,
604 4724 738 4784 cod.
770 4725 848 4784 ad
877 4725 1103 4803 Legem
1129 4724 1361 4786 ,Iuliam
1379 4725 1739 4804 majestatis,
1772 4727 1848 4787 Et

279 4817 446 4876 ratio
494 4823 606 4892 est,
637 4817 859 4896 prime,
908 4819 1054 4897 quia
1085 4815 1250 4878 filius
1275 4823 1369 4878 est
1411 4818 1698 4898 quaedam
1750 4837 1848 4880 res

279 4911 505 4990 patriS,
539 4915 603 4970 et
635 4911 772 4971 ideo
817 4917 992 4991 pater
1039 4911 1104 4970 iu
1158 4911 1285 4970 filio
1345 4917 1641 4990 tanquam
1683 4911 1751 4972 in
1781 4929 1849 4972 re

281 5021 396 5063 sua
425 5003 636 5083 puniri
676 5009 896 5084 potest.
947 5002 1252 5079 Secundo,
1305 5003 1454 5082 quia
1503 5003 1620 5064 hoc
1659 5004 1844 5066 modo

277 5097 555 5156 multum
623 5101 888 5174 augetur
931 5113 1114 5176 poena
1163 5099 1437 5176 ipsorum
1489 5102 1840 5176 pareutum,

277 5196 538 5270 propter
564 5205 842 5248 amorem
887 5187 1181 5264 filiorum,
1226 5191 1401 5250 etita
1431 5187 1500 5248 fit
1548 5194 1615 5247 ut
1649 5189 1846 5268 magis

279 5280 645 5360 delinquere
673 5281 953 5341 timeant.
981 5281 1210 5356 TertiQ
1243 5281 1391 5361 quia
1417 5287 1666 5362 propter
1687 5288 1849 5342 atro-

277 5373 535 5435 citatem
557 5371 785 5446 delicti,
822 5376 886 5433 et
903 5379 1154 5452 propter
1182 5373 1533 5452 exemplum
1557 5372 1844 5450 aliorum,

280 5475 347 5528 ct
373 5472 628 5547 propter
669 5468 1034 5527 memoriam
1065 5474 1415 5547 parentum,
1444 5483 1582 5546 quae
1609 5467 1676 5528 in
1705 5467 1846 5528 filiis

279 5566 520 5634 manet,
549 5559 638 5619 ita
665 5577 826 5640 saepe
867 5561 1280 5621 necessarium
1328 5566 1439 5622 est.
1479 5561 1561 5620 De
1599 5578 1722 5640 qua
1759 5559 1850 5620 vi-

3367 429 3485 490 557

1923 535 2055 597 deri
2083 541 2336 616 possunt
2379 553 2517 614 quae
2561 533 2683 594 late
2732 531 2921 594 tradit
2965 531 3228 608 Siman.,
3254 533 3351 595 tit.
3381 537 3482 597 29.

1923 627 2019 690 Ad
2058 627 2317 689 alteram
2349 645 2494 688 vero
2532 633 2794 706 partem,
2833 625 2909 687 de
2954 625 3097 686 filiis
3146 625 3483 704 catholiciS,

1925 721 2076 784 olim
2108 723 2173 782 in
2196 721 2439 799 legibus
2469 722 2706 783 Codicis
2746 719 3087 780 addebatur
3116 720 3221 780 illa
3258 721 3487 782 limita-

1925 817 2038 890 tio,
2068 815 2234 893 quod
2256 814 2368 874 filii
2398 813 2682 875 catholici
2710 812 2834 873 suis
2864 811 3161 892 legitimis
3204 832 3331 874 non
3362 813 3487 894 pri-

1927 915 2243 982 varentur,
2276 926 2414 986 quae
2446 908 2701 987 probata
2732 905 2920 968 etiam
2968 905 3086 966 fuit
3113 907 3178 966 in
3226 907 3487 968 concilio

1925 1003 2221 1064 Toletano
2242 1003 2343 1077 lv,
2376 1003 2573 1082 capite
2620 1003 2722 1077 60,
2765 1013 2827 1061 et
2872 1001 3138 1063 habetur
3180 1002 3248 1062 in
3296 1003 3480 1084 capit.

1924 1095 2155 1171 Judoei,
2192 1099 2252 1170 1,
2279 1095 2620 1175 quaestione
2648 1097 2687 1156 4
2703 1109 2723 1170 3
2750 1100 2963 1174 postea
2985 1113 3133 1155 vero
3152 1096 3287 1174 jure
3325 1114 3487 1156 novo

1925 1189 2244 1264 canonice,
2302 1192 2365 1264 1,
2425 1195 2640 1268 quaest.
2702 1191 2764 1264 4,
2817 1186 3021 1249 ablata
3062 1194 3153 1249 est
3197 1187 3487 1250 limitatio

1923 1287 2179 1361 propter
2217 1282 2487 1342 rationes
2522 1287 2741 1356 tactas,
2791 1287 2853 1340 et
2889 1280 3154 1341 habetur
3200 1281 3265 1340 in
3319 1281 3486 1343 dicto

1924 1393 1980 1436 c.
2036 1375 2369 1458 Verqeutis,
2402 1375 2479 1436 de
2520 1375 2755 1449 Heret„
2800 1380 2861 1436 et
2892 1374 3089 1454 magis
3126 1373 3192 1434 in
3230 1373 3485 1454 epistola

1925 1467 2215 1546 originali
2246 1468 2587 1530 innocentii
2622 1467 2700 1528 111
2728 1467 3093 1547 explicatur.

2001 1563 2062 1622 4.
2111 1559 2393 1626 Sommaa
2418 1561 2694 1626 assertio.
2718 1595 2796 1605 —
2821 1558 2959 1623 Soc.
2992 1563 3049 1622 et
3079 1557 3318 1624 Novar.
3367 1578 3486 1623 non

1920 1659 2265 1736 repuynant
2283 1655 2631 1718 assertioni.
2662 1685 2743 1699 —
2768 1651 3079 1716 Probatur
3106 1653 3361 1732 exjure.
3403 1686 3487 1702 —

1925 1747 2255 1810 Fundetur
2285 1748 2539 1810 ratione.
2570 1778 2651 1793 —
2678 1745 2825 1807 Dico
2863 1744 3129 1807 secundo
3152 1745 3317 1807 hanc
3358 1765 3485 1828 poe·

1923 1857 2072 1901 nam
2114 1839 2563 1901 confiscationis
2596 1838 2902 1900 bonorum
2940 1837 3128 1899 latam
3177 1855 3305 1898 esse
3350 1839 3485 1918 ipso

1916 1931 2080 2012 jure,
2103 1938 2167 1994 et
2188 1933 2276 1994 ita
2304 1933 2538 1994 incurri
2575 1932 2707 2012 ipso
2729 1931 2890 1992 facto
2914 1937 3057 1992 ante
3078 1949 3325 1991 omnem
3348 1949 3484 1992 sen-

1922 2025 2209 2102 tentiam,
2232 2025 2419 2086 etiam
2447 2023 2724 2086 criminis
2754 2023 3242 2085 declaratoriam.
3262 2023 3485 2086 Contra

1923 2115 2084 2179 hanc
2110 2117 2512 2179 assertionem
2561 2117 2778 2179 referri
2809 2117 3007 2178 solent
3056 2117 3225 2194 Soto,
3276 2117 3385 2178 lib.
3424 2121 3480 2191 1,

1921 2211 2001 2274 de
2047 2211 2283 2288 Justit.,
2334 2216 2552 2292 quaest.
2588 2211 2630 2271 6
2645 2232 2665 2287 3
2717 2217 2779 2272 et
2833 2211 3115 2286 Navarra,
3156 2210 3339 2290 capit.
3378 2209 3481 2282 23,

1921 2323 2102 2365 num.
2134 2304 2237 2380 66,
2286 2303 2353 2364 in
2394 2301 2672 2379 Summa,
2704 2309 2766 2364 et
2805 2303 3061 2384 quidam
3106 2303 3236 2378 alii,
3277 2308 3348 2363 ut
3390 2303 3483 2364 vi-

1923 2398 2067 2459 dere
2093 2397 2240 2458 licet
2271 2397 2339 2457 in
2370 2395 2612 2471 Sancio,
2652 2397 2814 2458 dieto
2841 2395 3002 2457 libro
3048 2395 3339 2472 secunde,
3382 2414 3483 2456 ca·

1922 2491 2047 2572 pite
2076 2497 2291 2551 octavo
2306 2506 2327 2567 3
2366 2488 2473 2551 sed
2513 2495 2753 2570 oportet
2778 2487 3098 2552 advertere
3139 2489 3307 2552 aliud
3354 2508 3484 2551 esse

1920 2581 2096 2662 loqui
2122 2581 2198 2642 de
2238 2582 2583 2662 privatione
2610 2581 2941 2657 bonorum,
2994 2581 3164 2643 aliud
3211 2580 3287 2642 de
3337 2599 3485 2642 con·

1920 2675 2263 2750 fiseatione3
2290 2675 2423 2736 haec
2450 2675 2617 2734 euim
2648 2675 2773 2736 duo
2796 2675 2970 2736 valde
3000 2675 3289 2736 distincta
3316 2679 3482 2750 sunt,

1925 2776 1998 2829 ut
2024 2784 2099 2828 ex
2149 2767 2562 2829 declaratione
2606 2769 2774 2830 vocis
2816 2787 3003 2848 supra
3029 2767 3173 2828 data
3220 2766 3486 2848 intelligi

1923 2866 2146 2941 potest,
2182 2865 2247 2922 et
2295 2860 2693 2940 sequentibus
2739 2860 3113 2921 sectionibus
3141 2859 3485 2922 evidentius

1922 2955 2051 3016 fiet.
2086 2955 2238 3015 Dicti
2292 2972 2439 3034 ergo
2486 2961 2765 3016 auctores
2808 2955 2885 3016 de
2920 2955 3262 3035 privatione
3288 2953 3485 3015 bono·

1922 3066 2064 3110 rum
2093 3047 2456 3128 loquuntur,
2487 3048 2563 3110 de
2593 3067 2717 3128 qua
2742 3055 2954 3129 postea
2982 3047 3279 3124 dicemus,
3310 3053 3372 3109 et
3399 3047 3485 3109 ita

1921 3159 2050 3204 non
2080 3141 2509 3203 contradicunt
2538 3142 2859 3204 assertioni
2897 3142 3132 3222 positae,
3158 3158 3295 3220 quae
3322 3157 3487 3202 com·

1922 3235 2155 3310 munis,
2187 3240 2250 3297 et
2276 3233 2615 3296 certissima
2642 3241 2734 3295 est
2749 3256 2768 3310 3
2799 3239 2862 3296 et
2882 3233 2959 3295 de
2990 3233 3099 3295 illa
3120 3232 3321 3294 videri
3348 3251 3486 3312 pos·

1922 3333 2068 3388 sunt
2092 3327 2279 3407 Vasq.
2315 3329 2374 3388 1.
2406 3330 2469 3402 2,
2498 3327 2917 3408 disputatione
2944 3327 3084 3404 170,
3106 3343 3281 3387 num.
3308 3329 3383 3399 93
3423 3330 3487 3386 et

1922 3420 2179 3481 Saucius
2208 3436 2417 3500 supra,
2461 3426 2523 3480 et
2550 3419 2749 3499 capite
2795 3421 2913 3497 263
2961 3420 3227 3494 Siman.,
3262 3417 3357 3479 tit.
3417 3420 3482 3493 9,

1922 3530 2099 3574 num.
2135 3513 2251 3574 189
2285 3518 2349 3574 et
2375 3519 2655 3592 sequent.
2684 3528 2707 3589 3
2734 3513 2962 3576 Anton.
2987 3512 3233 3587 Gomez‚
3264 3513 3301 3571 3
3328 3515 3481 3571 tom.

1923 3607 2169 3686 Opusc„
2215 3609 2283 3668 in
2340 3606 2488 3680 ult.;
2550 3612 2611 3667 et
2663 3608 2979 3682 BursatuS,
3020 3625 3183 3667 cons,
3242 3606 3384 3680 292,
3418 3604 3487 3664 in

1924 3701 2107 3762 tertio
2135 3700 2475 3776 volumine,
2496 3700 2629 3775 ubi,
2656 3719 2831 3762 num.
2869 3703 2967 3778 10,
2999 3701 3086 3763 ait
3115 3699 3487 3762 seutentiam

1919 3793 2147 3874 judicis
2188 3811 2315 3856 non
2342 3793 2546 3855 facere
2580 3793 3106 3872 confiscationem,
3138 3791 3243 3854 sed
3288 3789 3489 3854 decla-

1923 3905 2065 3948 rare
2110 3905 2183 3948 ac
2221 3886 2593 3949 denuntiare
2625 3887 2757 3966 jam
2811 3887 3073 3964 factam3
3119 3898 3179 3948 et
3208 3885 3491 3966 quamvis

1926 3979 1995 4041 in
2015 3981 2153 4060 jure
2182 3979 2349 4040 civili
2376 3979 2631 4060 antiquo
2658 3979 2789 4040 hoec
2816 3979 3068 4040 assertio
3096 3997 3222 4040 non
3248 3985 3405 4039 esset
3421 3978 3489 4038 in

1923 4073 2045 4134 hoc
2069 4078 2316 4153 peccato
2346 4091 2627 4153 expresse
2650 4072 2983 4148 declarata,
3014 4072 3292 4134 sufficere
3320 4078 3491 4152 pote-

1925 4173 2047 4243 rat,
2079 4167 2241 4246 quod
2276 4167 2343 4228 in
2371 4167 2634 4227 crimine
2660 4165 2817 4226 laesae
2841 4165 3176 4244 maJestatis
3198 4164 3491 4226 humanae

1925 4260 2016 4320 ita
2054 4266 2211 4323 esset
2246 4259 2566 4339 imposita;
2622 4276 2769 4319 nam
2821 4264 3032 4338 postea
3066 4257 3231 4319 facta
3278 4265 3370 4318 est
3422 4261 3491 4318 in

1924 4353 2044 4414 hoc
2072 4353 2474 4434 aequiparatio
2522 4352 2590 4412 in
2619 4367 2867 4432 peccato
2908 4351 3179 4412 haeresiS.
3228 4349 3491 4413 Verum-

1925 4451 2141 4509 tamen
2169 4447 2357 4507 etiam
2401 4445 2468 4506 in
2502 4443 2610 4504 ino
2640 4446 2724 4505 ita
2753 4443 3099 4506 declaratur
3142 4435 3273 4504 h'aec
3308 4459 3492 4524 poena

1927 4539 1995 4599 in
2018 4539 2179 4602 dicta
2214 4539 2505 4600 Anthent.
2542 4535 2831 4604 Gazoros.
2874 4536 3010 4598 cod.
3044 4537 3121 4597 de
3148 4537 3404 4611 Haeret„
3429 4540 3492 4596 et

1927 4634 1996 4693 in
2050 4633 2216 4694 dicto
2265 4650 2398 4712 cap.
2440 4629 2590 4694 Cum
2640 4631 2957 4692 secundwm
3015 4629 3193 4712 loyes,
3241 4627 3491 4689 additur

1927 4726 2227 4808 particula
2253 4728 2385 4808 ipso
2408 4725 2581 4806 juro,
2640 4732 2702 4785 et
2745 4720 3111 4797 declaratur,
3143 4721 3305 4803 quod
3346 4728 3491 4782 ante

1929 4820 2298 4882 sententiam
2348 4837 2475 4880 non
2526 4817 2636 4879 fiat
2677 4815 2978 4892 executio,
3009 4815 3077 4875 in
3124 4834 3245 4895 quo
3282 4821 3491 4894 aperte

1931 4911 2301 4992 supponitur
2328 4918 2472 4971 aute
2521 4909 2889 4972 seutentiam
2937 4907 3073 4968 fieri
3109 4905 3492 4968 confiscatio·

1923 5023 2095 5080 nem,
2122 5007 2185 5064 et
2229 5003 2317 5063 ita
2346 5003 2411 5062 in
2443 5003 2709 5083 quadam
2757 5002 2893 5080 lege
2938 5000 3273 5080 Hispaniae,
3302 4997 3411 5058 lib.
3451 4999 3491 5060 8

1923 5099 2111 5159 Novae
2140 5093 2683 5174 recompilationiS,
2718 5092 2896 5153 titulo
2916 5093 3018 5168 21,
3044 5092 3086 5152 1.
3121 5093 3181 5164 1,
3211 5109 3491 5170 expresse

1925 5188 2175 5251 additur
2212 5185 2511 5268 particula
2557 5207 2571 5245 ε
2624 5183 2784 5248 Ante
2826 5187 3182 5276 sententium
3220 5183 3491 5247 declara-

1929 5283 2175 5345 toriam.
2220 5279 2396 5340 Ratio
2427 5297 2571 5340 vero
2598 5279 2666 5339 in
2693 5278 2994 5358 gravitate
3022 5277 3297 5338 criminis
3349 5277 3491 5340 fun·

1926 5374 2136 5436 datur.

2011 5469 2070 5528 5.
2119 5465 2969 5546 Confirmatur.—Praeterea
3017 5463 3366 5525 declaratur
3424 5469 3488 5526 et

1929 5559 2330 5621 confirmatur
2388 5557 2637 5618 assertio
2699 5574 2776 5617 ex
2834 5557 3071 5618 duobus
3136 5556 3486 5633 effectibus,
