3900 6217
534 435 653 496 232

946 441 1182 494 DISPUT.
1220 442 1346 494 VIII.
1383 443 1464 494 DE
1496 441 1923 495 DISTINCTIONE
1959 443 2120 499 FIDEI
2153 447 2235 499 ΑΒ
2269 447 2534 501 OMNIBUS
2567 448 2748 502 noms
2779 449 2860 502 ET
2891 449 3155 514 GRATIIS,
3191 452 3326 505 E‘m.

536 543 711 606 sariae
744 543 1222 622 consequentiae,
1262 542 1327 604 id
1378 549 1492 619 est,
1530 548 1599 604 ut
1649 544 1815 624 quod
1845 546 2102 624 praedic·
2178 551 2444 632 justitia,
2473 569 2603 612 non
2648 558 2859 614 tamen
2904 554 3043 615 ideo
3069 561 3235 616 certo
3270 561 3650 633 cognoscunt
3685 573 3754 615 se

540 643 677 696 tum
723 635 927 696 fuerat
992 653 1102 716 per
1145 635 1536 716 prophetam,
1595 635 1925 700 infallibile
1974 658 2104 702 esse
2183 661 2311 705 esse
2335 644 2401 706 in
2429 644 2654 724 gratia,
2682 647 2829 726 quia
2861 667 2990 709 non
3031 654 3198 710 certo
3214 647 3503 728 judicant
3527 649 3755 710 motio-

542 735 941 791 monstretur.
966 728 1057 789 Ita
1086 729 1377 810 CyrilluS‚
1408 729 1517 791 lib.
1545 731 1584 792 9
1608 731 1673 790 in
1722 731 1930 808 Joan.,
1964 752 2098 816 cap.

546 825 657 897 103
682 822 1176 902 chrysostomus,
1208 821 1380 882 hom.
1416 824 1493 884 55
1516 829 1577 884 et
1609 825 1689 886 80
1716 825 1783 885 in
1810 826 2016 903 Joan.,
2044 834 2107 889 et

540 915 757 978 homil.
782 917 859 976 27
886 916 949 976 in
978 919 1003 977 1
1032 914 1106 975 ad
1132 915 1295 990 Cor.;
1316 915 1784 996 Euthymius,in
1805 919 2106 996 Joan.10;

547 1007 933 1090 Epiphanius
968 1027 1174 1088 supra.
1206 1009 1431 1070 Contra
1460 1007 1623 1070 hanc
1659 1011 1984 1074 veritatem
2017 1031 2112 1076 er-

548 1102 711 1162 ravit
765 1101 1077 1183 AppelleS,
1116 1101 1420 1164 referente
1472 1104 1721 1182 Euseb.,
1762 1107 1801 1166 5
1848 1107 2108 1183 Histor„

545 1213 598 1257 c.
627 1197 725 1272 13,
746 1197 865 1276 ,qui
893 1197 1051 1257 dixit
1072 1197 1178 1258 Dei
1200 1196 1529 1277 prophetas
1556 1198 1671 1258 sibi
1703 1217 1831 1260 esse
1861 1207 2105 1262 contra-

546 1288 696 1364 rios,
733 1298 794 1350 et
834 1289 1057 1350 falsum
1103 1291 1431 1364 nuntiare;
1478 1291 1583 1352 sed
1631 1300 1724 1352 est
1778 1295 2105 1356 manifesta

544 1381 951 1462 blasphemia,
984 1392 1051 1445 ut
1080 1385 1228 1446 satis
1278 1390 1519 1446 constat
1568 1401 1645 1445 ex
1695 1385 1890 1449 dietis.
1926 1387 2106 1447 Vidc-

544 1476 722 1555 rique
765 1489 1018 1557 possunt
1077 1478 1344 1540 adducta
1402 1479 1707 1560 superine,
1758 1479 1983 1560 disput.
2039 1481 2100 1558 3,

546 1575 692 1630 sect.
729 1571 789 1644 5,
816 1589 989 1633 num.
1019 1574 1080 1635 2.

626 1664 687 1724 4.
733 1663 1014 1728 Assertio
1070 1667 1273 1732 tertia.
1319 1699 1400 1714 —
1448 1667 1599 1729 Dico
1656 1668 1839 1730 tertio
1874 1683 1891 1729 ε
1936 1675 2112 1730 actus

548 1754 884 1836 prophetias
928 1757 1108 1822 debet
1135 1777 1265 1821 esse
1294 1761 1569 1840 cognitio
1598 1767 1791 1838 certa,
1813 1780 1941 1825 non
1973 1767 2110 1823 tan·

543 1853 679 1908 tum
710 1867 917 1911 rerum
949 1853 1384 1940 revelaturum,
1430 1855 1533 1916 sed
1564 1854 1755 1934 ipsius
1794 1857 1980 1918 etiam
2010 1875 2096 1918 re·

548 1941 833 2006 velentis.
868 1945 1094 2008 Sensus
1127 1953 1239 2018 est,
1267 1955 1339 2008 ut
1373 1948 1545 2010 illam
1589 1951 1889 2030 recipiens
1920 1950 2107 2029 possit

546 2043 785 2098 certum
837 2039 1143 2119 judicium
1171 2041 1356 2119 ferre,
1407 2043 1605 2104 Deum
1648 2061 1775 2106 esse
1824 2045 1930 2124 qui
1988 2044 2106 2105 sibi

548 2129 801 2207 revelat,
841 2137 903 2193 et
948 2142 1391 2214 consequenter
1430 2141 1501 2196 ut
1541 2137 1729 2216 possit
1760 2136 2106 2200 discernere

549 2223 697 2304 quid
732 2226 950 2305 spiritu
992 2227 1229 2303 divine,
1274 2231 1425 2310 quid
1460 2248 1605 2291 vero
1654 2230 1932 2292 humano
1979 2231 2107 2312 ipse

549 2316 859 2398 loquatur.
889 2321 978 2382 Ita
1007 2321 1184 2382 docet
1203 2324 1272 2384 D.
1312 2323 1603 2400 Thomas,
1634 2343 1695 2404 q.
1733 2325 1871 2400 ⁴61,
1905 2331 2020 2386 art.
2043 2327 2105 2400 5,

548 2429 621 2472 ac
647 2413 915 2474 sumitur
939 2433 1012 2475 ex
1040 2415 1446 2496 HieronymO,
1477 2418 1649 2478 Isaiae
1696 2421 1747 2492 1,
1782 2417 1892 2478 ubi
1920 2419 2112 2480 tradit

548 2503 690 2564 solis
708 2507 868 2566 veris
891 2509 1206 2588 prophetis
1238 2509 1302 2570 in
1332 2510 1647 2590 Scriptura
1668 2510 1861 2571 tribui
1881 2529 2110 2573 nomen

548 2599 834 2674 videntis,
862 2603 1003 2682 quia
1055 2602 1146 2662 illi
1187 2603 1299 2664 soli
1348 2609 1634 2683 poterant
1664 2603 1865 2664 dicere
1893 2622 1909 2666 z
1936 2605 2112 2668 Oculi

549 2693 666 2754 mci
694 2712 922 2775 semper
952 2697 1037 2760 ad
1058 2697 1400 2760 Dominum.
1426 2696 1846 2776 Probaturque
1866 2697 2112 2759 conclu-

512 2785 638 2846 'sio
687 2795 895 2866 aperte
941 2807 1014 2850 ex
1073 2789 1480 2870 praecedente,
1528 2790 1675 2870 quia
1725 2808 1849 2850 non
1908 2797 2113 2870 potest

548 2897 677 2940 esse
700 2881 1006 2960 judicium
1041 2883 1133 2944 rei
1172 2882 1460 2943 revelatae
1494 2888 1732 2944 certum
1788 2888 1851 2946 et
1879 2883 2110 2944 infalli-

548 2973 693 3050 bile,
731 2974 850 3034 nisi
885 2975 1099 3036 eadem
1152 2975 1519 3037 certitudine
1551 2975 1884 3055 judicetur,
1914 2979 2108 3040 Deum

547 3086 670 3130 esse
697 3069 1075 3132 revelantem.
1108 3071 1262 3132 Nam
1306 3071 1356 3130 si
1407 3071 1527 3131 hoc
1559 3077 1794 3132 certum
1826 3089 1952 3133 non
1995 3071 2105 3134 ha-

546 3159 752 3238 betur,
816 3162 1091 3224 dubitari
1138 3165 1372 3244 poterit
1429 3164 1505 3225 de
1572 3166 1830 3225 veritate
1872 3164 2106 3227 revela-

545 3256 776 3335 tionis;
808 3275 955 3336 ergo
984 3265 1046 3320 et
1082 3257 1157 3319 dc
1190 3258 1445 3319 veritate
1469 3259 1557 3318 rei
1605 3259 1917 3320 revelatae.
1948 3260 2104 3322 Gon-

548 3347 835 3412 firmatur
876 3352 1101 3430 primo,
1150 3369 1297 3413 nam
1328 3351 1544 3412 eadem
1588 3353 1954 3414 certitudine
1982 3371 2107 3433 qua

546 3443 861 3524 prophetas
928 3444 1239 3506 affirmant
1312 3462 1409 3505 res
1462 3443 1579 3505 sibi
1636 3444 1962 3522 revelatas,
2019 3445 2111 3506 af·

546 3535 797 3602 ssrmant
825 3538 1013 3599 etiam
1033 3538 1229 3599 Deum
1253 3536 1369 3598 sibi
1400 3537 1721 3613 revelasse,
1751 3537 1941 3600 veluti
1966 3557 2107 3598 cum

546 3631 725 3692 aiitnt
756 3646 774 3690 ε
810 3632 966 3695 Haeo
994 3631 1146 3694 dicit
1183 3631 1501 3704 Dominus,
1529 3637 1673 3706 etc.,
1705 3637 1815 3691 aut
1842 3647 1857 3691 :
1888 3631 2106 3695 Sermo

547 3726 799 3790 Domini
846 3726 953 3806 qui
974 3727 1184 3802 factus
1222 3730 1334 3799 est,
1386 3730 1533 3798 etc„
1563 3731 1673 3786 aut
1700 3740 1715 3784 ε
1748 3725 1830 3787 In
1857 3727 2111 3790 veo-itate

545 3820 720 3884 misit
754 3837 842 3880 me
870 3818 1166 3880 Dominus
1193 3821 1279 3882 ad
1294 3837 1420 3894 voe,
1450 3817 1677 3880 Jerem.
1714 3818 1812 3888 26,
1850 3825 1913 3880 et
1940 3819 2110 3880 simi·

546 3912 653 3974 lia.
684 3911 1095 3973 Confirmatur
1121 3911 1387 3973 secundo
1423 3929 1461 3971 a
1488 3911 1680 3971 simili
1706 3912 1782 3973 de
1816 3911 1938 3973 fide
1969 3931 2110 3974 nos-

547 4013 645 4067 tra
670 4021 690 4083 3
746 4023 895 4066 nam
941 4005 1323 4086 impossibile
1372 4013 1463 4066 est
1512 4005 1764 4067 credere
1818 4023 1919 4068 res
1963 4007 2108 4066 fidei

546 4105 743 4160 certas
766 4117 918 4174 esse,
948 4099 1073 4160 nisi
1109 4100 1430 4161 credamus
1480 4106 1645 4162 certe
1697 4118 1736 4161 a
1764 4101 1886 4162 Deo
1917 4100 2107 4162 fuisse

547 4193 763 4255 dictas.

630 4287 693 4349 5.
735 4287 881 4353 Non
907 4287 1391 4370 omniscoynitio
1448 4289 1521 4353 ab
1583 4287 1836 4370 Spiritu
1878 4288 2107 4352 Sancto

548 4387 635 4444 est
654 4381 1119 4462 prophetica.—
1145 4381 1609 4444 Observandum
1634 4399 1781 4442 vero
1810 4390 1901 4442 est
1918 4380 2106 4456 hanc,

550 4481 613 4535 et
650 4475 1099 4554 praecedentem
1145 4474 1626 4552 conclusionem,
1656 4473 1990 4553 procedere
2033 4475 2110 4536 de

552 4567 908 4645 cognitione
962 4586 1106 4628 vera
1161 4567 1539 4648 prophetica,
1596 4585 1721 4628 non
1772 4575 1983 4628 autem
2034 4568 2111 4628 de

553 4661 727 4722 omni
757 4660 863 4720 illa
890 4679 1027 4740 quae
1056 4660 1283 4722 dicitur
1324 4679 1452 4722 esse
1495 4679 1572 4720 ex
1617 4662 1918 4722 instinctu
1971 4680 2112 4742 pro-

554 4753 822 4834 phetico.
862 4756 1059 4815 Potest
1086 4755 1255 4814 enim
1281 4753 1545 4832 Spiritus
1574 4753 1829 4815 Sanctus
1860 4772 2112 4815 movere

552 4846 873 4908 hominem
923 4847 1235 4907 interdum
1274 4846 1353 4907 ad
1402 4845 1636 4926 aliquid
1673 4845 2107 4924 judicandum,

553 4941 641 5000 ita
670 4933 879 5000 tamen
904 4946 975 5000 ut
996 4945 1261 5019 nequeat
1290 4945 1453 5000 certe
1488 4938 1847 5018 dignoscere
1874 4957 1957 4999 an
1985 4941 2111 5001 ins-

556 5034 787 5093 tinctus
840 5032 942 5093 ille
997 5035 1076 5093 sit
1118 5051 1153 5092 a
1186 5033 1420 5113 Spiritu
1461 5032 1686 5092 Sancto
1708 5052 1726 5107 ;
1776 5038 1919 5092 tunc
1963 5051 2111 5112 ergo

547 5128 856 5205 judicium
885 5126 1036 5188 illud
1069 5134 1304 5189 certum
1348 5144 1476 5188 non
1516 5133 1632 5202 est,
1664 5145 1779 5188 nec
1804 5145 1948 5188 vera
1975 5146 2114 5206 pro-

552 5221 763 5300 phetia
777 5237 797 5298 3
843 5221 1001 5281 sicut
1050 5223 1116 5280 in
1167 5222 1426 5282 materia
1486 5221 1563 5281 de
1612 5221 1822 5281 Gratia
1873 5221 2116 5282 diceba-

554 5331 692 5373 mus
720 5317 735 5351 ¹
767 5313 955 5393 quod,
982 5313 1122 5374 licet
1137 5314 1293 5393 justi
1322 5315 1635 5374 interdum
1674 5319 2042 5374 moveantur
2075 5334 2114 5375 a

553 5406 786 5486 Spiritu
816 5406 1040 5469 Sancto
1061 5407 1134 5467 ad
1165 5405 1323 5468 bene
1346 5405 1730 5488 opinandum
1760 5407 1839 5468 de
1862 5408 2116 5488 propria

638 5597 653 5636 ¹
682 5593 959 5658 Habetur
986 5613 1153 5658 nunc
1174 5593 1281 5658 lib.
1310 5599 1349 5660 9
1374 5595 1451 5657 de
1472 5593 1670 5671 Grat.,
1698 5613 1752 5656 c.
1789 5597 1885 5657 11.

2185 757 2334 799 nem
2359 739 2531 800 illam
2557 741 2655 802 vel
2675 741 2978 821 judicium
2999 760 3128 804 esse
3156 759 3193 803 a
3221 741 3457 822 Spiritu
3479 743 3706 804 Sancto
3730 764 3748 815 3

2190 850 2262 893 ac
2286 833 2365 894 de
2392 832 2512 894 hoc
2537 834 2826 896 instinctu
2847 835 3184 916 prophetias
3209 835 3369 896 dixit
3387 836 3748 914 Gregorius,

2190 925 2406 988 homil.
2442 931 2468 988 1
2529 929 2596 989 in
2645 929 2889 1002 Ezech.,
2937 929 3250 989 interdum
3289 929 3620 1008 prophetas
3673 947 3754 988 ex

2189 1039 2305 1081 suo
2332 1022 2553 1101 spiritu
2583 1021 2817 1102 aliquid
2843 1021 3122 1103 proferre
3138 1068 3156 1098 ‚
3201 1022 3370 1102 quod
3425 1039 3498 1083 ex
3525 1021 3756 1102 spiritu

2190 1114 2530 1194 prophetiae
2561 1115 2729 1176 nasci
2781 1116 3198 1195 suspicantur.
3229 1116 3646 1194 Loquiturque
3675 1115 3756 1174 de

2185 1208 2346 1268 veris
2381 1214 2442 1268 et
2467 1209 2693 1269 sanctis
2721 1210 3070 1288 prophetiS,
3115 1215 3186 1269 ut
3236 1207 3470 1288 legenti
3515 1208 3756 1288 patebit

2185 1300 2511 1364 manifeste
2535 1318 2552 1363 t
2582 1301 2945 1378 Qui-tamen,
2974 1303 3202 1383 inquit,
3231 1303 3396 1366 docti
3416 1305 3472 1364 et
3499 1303 3758 1365 correcti

2184 1413 2224 1457 a
2256 1393 2508 1476 Spiritu
2539 1395 2789 1470 Sancto,
2821 1395 3032 1460 statim
3085 1414 3148 1459 se
3191 1397 3378 1476 ipso-5,
3409 1397 3553 1476 quia
3587 1395 3758 1473 salsa

2187 1489 2477 1564 dixerint,
2506 1490 2944 1572 reprehendunt
2959 1514 2983 1562 ‚·
3010 1507 3112 1566 ne,
3144 1488 3403 1561 scilicet,
3437 1488 3624 1567 possit
3657 1505 3756 1548 er·-

2188 1599 2294 1654 ror
2327 1582 2634 1658 accidere3
2667 1601 2795 1643 non
2838 1591 2930 1644 est
2981 1582 3148 1644 enim
3193 1599 3408 1645 sensus
3445 1579 3754 1659 Gregorii,

2190 1676 2544 1756 hujusmodi
2590 1676 3088 1756 ambiguitatem,
3124 1676 3275 1752 sive,
3331 1681 3404 1737 ut
3445 1675 3750 1755 loquitur,

2193 1770 2599 1849 suspicionem
2653 1769 3034 1831 intervenire
3081 1770 3147 1830 in
3198 1787 3346 1830 vera
3400 1768 3752 1848 prophetia,

2187 1869 2372 1942 atque
2412 1863 2490 1923 ab
2539 1863 2771 1943 Spiritu
2817 1864 3043 1924 Sancto
3071 1862 3323 1938 dictata,
3351 1863 3457 1924 sed
3497 1863 3755 1923 Sanctos

2187 1974 2482 2036 verosque
2508 1957 2835 2037 prophetas
2873 1975 3000 2018 non
3041 1974 3284 2036 semper
3309 1975 3384 2018 ex
3413 1963 3580 2016 certa
3609 1975 3758 2035 pro-

2186 2049 2395 2130 phetia
2422 2050 2614 2131 loqui,
2645 2050 2750 2110 sed
2782 2051 3103 2112 incerdum
3131 2050 3330 2110 solum
3355 2067 3430 2109 ex
3453 2050 3756 2110 instinctu

2187 2143 2545 2223 prophetico
2563 2190 2582 2219 ‚
2612 2150 2762 2204 tunc
2795 2150 3006 2204 tamen
3034 2161 3158 2204 non
3183 2143 3494 2204 affirmare
3525 2149 3596 2203 ut
3625 2161 3757 2203 cer·

2189 2242 2253 2296 ta
2307 2255 2440 2316 quae
2489 2235 2834 2316 proferunt,
2881 2236 2987 2297 sed
3027 2253 3171 2297 cum
3233 2253 3308 2297 ea
3363 2236 3756 2297 dubitatione

2190 2347 2378 2408 quam
2405 2329 2661 2405 habent,
2688 2342 2750 2391 et
2779 2347 2844 2390 se
2869 2329 3097 2390 habere
3123 2328 3531 2408 suspicantur.
3571 2327 3756 2390 Unde

2191 2425 2244 2482 si
2283 2441 2465 2484 verus
2493 2421 2611 2483 fuit
2639 2423 2989 2498 instinctus,
3021 2441 3148 2483 non
3189 2423 3610 2499 corriguntur,
3641 2420 3752 2481 sed

2190 2515 2530 2590 interdum,
2563 2515 2932 2576 adveniente
2965 2515 3188 2592 majori
3229 2513 3375 2576 luce'
3406 2521 3466 2576 et
3508 2513 3750 2576 revela-

2191 2609 2359 2669 tione
2408 2609 2670 2688 Spiritus
2723 2609 2930 2670 Sancti
2975 2608 3460 2684 confirmantur3
3491 2609 3546 2668 si
3595 2627 3750 2669 vcro

2191 2702 2518 2762 instinctus
2543 2707 2787 2763 tantum
2821 2701 2938 2762 fuit
2958 2701 3290 2776 humanus,
3335 2703 3755 2783 corriguntur,

2194 2795 2398 2875 inquit
2451 2795 2822 2874 Gregorius;
2870 2795 3033 2874 quod
3091 2795 3402 2874 praecipue
3427 2793 3616 2854 hahet
3646 2810 3758 2854 ve·

2192 2907 2337 2950 rum
2365 2889 2430 2949 in
2456 2889 2680 2948 sanctis
2706 2888 3041 2968 prophetis,
3062 2887 3250 2968 quiin
3269 2887 3588 2966 Scriptura
3609 2906 3758 2966 pro-
3845 2941 3859 2957 ,

2190 2981 2526 3060 phetarunt
2548 2999 2569 3058 ;
2593 2999 2769 3058 nam,
2811 2988 2881 3041 ut
2920 3000 3133 3043 eorum
3164 2982 3390 3042 veritas
3439 2987 3597 3040 esset
3626 2996 3760 3040 om-

2187 3077 2338 3136 nino
2367 3077 2606 3156 integra
2643 3083 2704 3138 et
2743 3075 3115 3152 indubitata,
3163 3075 3434 3156 providit
3483 3074 3756 3154 Spiritus

2187 3170 2445 3231 Sanctus
2473 3177 2544 3231 ut
2583 3170 2630 3230 si
2655 3169 2805 3248 quid
2836 3169 3148 3230 interdum
3178 3169 3586 3248 loquerentur
3631 3168 3754 3247 spi-

2187 3265 2308 3324 ritu
2333 3263 2633 3336 humano,
2665 3261 2872 3324 statim
2902 3281 2966 3324 se
2990 3263 3369 3342 corrigerent
3401 3261 3624 3340 spiritu
3654 3261 3756 3319 di-

2187 3358 2333 3417 vino
2363 3356 2578 3432 afflati,
2615 3359 2723 3436 qui
2751 3357 2938 3418 etiam
2963 3375 3106 3417 cum
3134 3357 3224 3417 ita
3246 3356 3588 3435 loquuntur
3621 3372 3756 3414 non

2191 3468 2264 3510 ex
2293 3456 2503 3529 aperta
2533 3449 2880 3529 prophetia,
2925 3451 3026 3510 sed
3075 3469 3152 3510 ex
3185 3449 3393 3528 aliquo
3423 3448 3753 3523 instinctu,

2190 3542 2308 3604 hoc
2330 3544 2532 3623 ipsum
2557 3561 2668 3603 suo
2705 3560 2990 3604 sermone
3015 3541 3313 3604 indicant.
3345 3543 3516 3602 Patet
3539 3541 3658 3601 hoc
3685 3542 3758 3600 in

2189 3635 2458 3698 Nathan.
2489 3639 2528 3696 2
2558 3635 2700 3714 Reg.
2728 3639 2789 3712 7,
2817 3636 2921 3714 qui
2943 3635 3168 3696 dicenti
3201 3634 3318 3695 sibi
3349 3634 3564 3708 David,
3591 3633 3758 3694 velle

2189 3748 2251 3791 se
2305 3729 2607 3791 oedificarc
2673 3730 2978 3809 templum
3054 3729 3338 3803 Domino,
3383 3727 3702 3808 respondit
3735 3745 3754 3788 ε

2207 3824 2382 3892 Vade,
2409 3829 2465 3886 et
2498 3839 2664 3886 omne
2703 3824 2860 3904 quod
2897 3827 2986 3885 est
3021 3823 3088 3884 in
3131 3827 3232 3884 tuo
3261 3823 3428 3885 corde
3453 3826 3574 3895 fac,
3605 3823 3760 3901 quia

2191 3917 2487 3980 Dominus
2529 3924 2717 3978 tecum
2769 3919 2858 3978 est
2877 3941 2902 3990 ;
2933 3922 2996 3976 et
3045 3922 3258 3976 tamen
3311 3915 3520 3975 statim
3571 3919 3758 3974 nocte

2188 4011 2492 4089 sequenti,
2521 4009 2773 4070 edoctus
2796 4026 2833 4070 a
2857 4009 3142 4086 Domino,
3177 4007 3484 4070 intellexit
3515 4025 3627 4087 per
3649 4025 3760 4066 ve·-

2188 4121 2322 4164 ram
2378 4103 2770 4184 prophetiam
2820 4103 3018 4163 Deum
3064 4101 3230 4163 nolle
3279 4107 3351 4161 ut
3396 4100 3588 4163 David
3637 4101 3766 4161 sibi

2189 4196 2492 4277 templum
2519 4197 2872 4258 aedificaret.
2899 4196 3076 4258 Unde
3111 4197 3177 4256 in
3207 4194 3520 4276 prioribus
3548 4195 3764 4256 verbis

2189 4292 2431 4352 Nathan
2485 4310 2615 4352 non
2654 4290 2774 4351 fuit
2799 4290 3040 4352 locutus
3083 4296 3384 4370 tanquam
3431 4295 3596 4350 certo
3659 4308 3765 4349 co-

2190 4405 2487 4465 gnoscens
2513 4385 2732 4465 spiritu
2749 4383 3131 4464 prophetica,
3157 4383 3264 4444 sed
3291 4388 3361 4443 ut
3381 4383 3477 4442 vir
3497 4382 3762 4461 quidam

2192 4487 2460 4555 sanetuS,
2492 4479 2599 4559 qui
2623 4478 2883 4558 putabat
2909 4495 2976 4537 se
3002 4477 3226 4556 spiritu
3269 4476 3375 4536 Dei
3399 4475 3589 4554 loqui.
3631 4476 3766 4534 Ta·

2194 4589 2338 4631 men
2371 4572 2516 4650 quia
2535 4571 2838 4650 propheta
2865 4578 2997 4630 erat
3043 4576 3312 4644 sanctuS,
3347 4574 3409 4628 et
3451 4568 3626 4647 quasi
3681 4585 3768 4627 ex

2195 4664 2397 4723 officio
2431 4665 2508 4723 ad
2537 4663 2596 4722 ici
2631 4683 2667 4724 a
2713 4665 2830 4723 Deo
2863 4663 3217 4744 deputatuS,
3258 4662 3448 4722 totius
3475 4661 3568 4720 rei
3595 4661 3770 4720 veri-

2192 4759 2384 4816 tatem
2413 4763 2622 4834 postea
2647 4757 2958 4834 cognovit.

2272 4850 2333 4910 6.
2383 4849 2669 4929 Spiritus
2697 4848 2968 4913 Sanctus
2989 4848 3258 4913 αιιωίῑίαύ
3271 4847 3550 4912 canonico
3568 4845 3772 4922 sco-ip-

2193 4947 2316 5008 tori
2349 4945 2580 5025 duplici
2619 4945 2810 5006 mode.
2833 4975 2914 4990 --
2941 4943 3030 5002 Ad
3073 4943 3241 5004 hunc
3275 4942 3533 5002 modum
3563 4939 3772 5018 expli-

2195 5036 2462 5096 candum
2493 5040 2586 5096 est
2636 5036 2845 5098 Sancti
2889 5035 3152 5114 Spiritus
3211 5034 3539 5108 auxilium,
3587 5031 3770 5110 quod

2197 5129 2478 5208 scriptori
2523 5130 2830 5190 Canonico
2863 5128 3068 5202 datur,
3097 5133 3170 5187 ut
3193 5145 3430 5188 sacram
3469 5131 3532 5186 et
3577 5143 3776 5186 cano·
3868 5205 3870 5214 .

2196 5222 2402 5282 nicam
2445 5221 2828 5301 Scripturam
2879 5219 3186 5283 conficiat.
3229 5219 3570 5300 Dupliciter
3589 5219 3778 5279 enim

2196 5315 2328 5376 dari
2360 5321 2558 5392 potest
2587 5336 2602 5374 ε
2635 5315 2865 5394 prim0,
2888 5319 2958 5373 ut
2983 5314 3034 5373 is
3078 5315 3188 5393 qui
3219 5313 3431 5374 scribit
3457 5318 3628 5372 certo
3667 5330 3780 5371 co-

2196 5414 2449 5486 gnoscat
2479 5427 2544 5468 se
2563 5409 2632 5468 in
2659 5425 2730 5468 ea
2755 5405 3090 5485 scriptione
3117 5423 3248 5468 csse
3269 5407 3782 5466 instrumentum

2195 5501 2457 5580 Spiritus
2480 5501 2710 5576 Sancti,
2731 5507 2802 5561 ut
2833 5517 2975 5560 cum
3011 5498 3201 5560 David
3236 5497 3442 5560 aiebat
3471 5515 3488 5560 z
3515 5498 3786 5578 Lingua

2195 5613 2327 5656 mea
2361 5595 2632 5658 calamus
2683 5594 2932 5666 scriba»,
2965 5597 3029 5653 et
3069 5592 3186 5654 hoc
3213 5591 3400 5672 plane
3427 5591 3505 5652 ad
3549 5609 3786 5652 veram
