3900 6217
667 345 838 398 snm.
873 343 957 397 w.
991 342 1282 406 QUOMODO
1315 343 1502 397 INTER
1531 342 1844 397 Pnoxfflos
1874 342 2239 396 SERVANDUS
2270 342 2371 396 SIT
2400 342 2565 396 ORDO
2597 341 2984 397 anRITATIS.

305 449 398 509 le.
455 447 758 528 Exceptio
796 444 1102 527 Cajatani,
1159 445 1288 508 nisi
1345 449 1526 509 eastra
1583 462 1791 508 casum

219 548 504 606 extrema»
531 540 903 605 necessitatis
925 539 1328 620 intelliyatur,
1354 537 1568 602 multis
1595 538 1789 602 modis

221 633 900 714 excludam—Atque
943 631 1091 694 hinc
1123 638 1362 695 constat
1391 631 1559 694 idem
1587 633 1794 694 dicen-

219 729 374 792 dum
433 747 562 790 esse
612 727 688 790 de
740 727 1198 808 comparatione
1258 726 1423 788 facta
1475 726 1558 788 ad
1607 725 1786 802 filice,

222 821 536 884 carnalem
575 829 640 884 et
682 819 1069 902 spiritualem
1091 865 1112 897 ,
1142 819 1288 883 licet
1319 820 1646 899 CaJetanus
1683 819 1792 882 illo

225 914 488 978 articulo
516 917 555 978 8
581 915 930 996 oppositum
973 913 1219 974 sentiat.
1260 913 1604 988 Fundatur,
1645 914 1797 992 quia

224 1015 402 1089 pater
423 1014 667 1070 tenetur
693 1007 1013 1088 providere
1049 1005 1179 1067 filio
1203 1005 1510 1086 spirituali
1539 1025 1615 1068 ex
1661 1007 1794 1086 jus-

225 1102 386 1179 titia,
432 1101 704 1164 naturali
741 1119 894 1163 vero
936 1106 1179 1162 tantum
1219 1119 1296 1162 ex
1341 1099 1679 1176 charitate3
1727 1106 1790 1162 et

225 1197 474 1258 videtur
497 1198 568 1258 D.
607 1195 875 1258 Thomas
897 1195 988 1257 ibi
1009 1194 1088 1256 ad
1119 1192 1460 1256 secundum
1489 1193 1652 1255 idem
1679 1194 1790 1278 <¹9-

225 1307 386 1365 cere‚
411 1289 608 1352 citans
635 1287 1053 1364 Ambrosium,
1077 1292 1106 1348 1
1141 1287 1437 1364 officior„
1463 1305 1518 1348 c.
1553 1289 1613 1348 7.
1643 1287 1792 1348 Res-

223 1381 534 1462 pondetur
552 1381 724 1461 loqui
743 1389 1026 1442 sanctum
1049 1381 1372 1442 Ductorem
1387 1386 1562 1442 extra
1579 1398 1788 1442 casum

224 1481 518 1538 extremae
545 1475 952 1548 necessitatis;
975 1480 1125 1536 tunc
1147 1474 1314 1535 enim
1343 1475 1542 1553 major
1567 1479 1659 1536 est
1683 1473 1791 1535 ha-

226 1568 430 1632 benda
457 1587 606 1630 cura
633 1568 748 1630 filii
777 1569 1115 1650 spiritualis
1138 1567 1378 1630 ratione
1395 1568 1604 1644 officii,
1635 1569 1794 1630 sicut

225 1663 584 1726 dicebamus
605 1663 796 1726 etiam
827 1663 894 1724 in
939 1663 1142 1742 primo
1170 1661 1360 1724 dubio
1387 1662 1791 1742 praecedentis

229 1755 639 1820 conclusionis
653 1779 672 1833 3
705 1775 878 1818 secus
906 1773 1052 1820 vero
1077 1757 1254 1818 estin
1281 1764 1558 1818 extrema
1588 1773 1792 1818 neces-

227 1849 433 1927 sitate,
459 1851 527 1912 in
554 1869 680 1931 qua
709 1849 926 1912 omnia
952 1849 1410 1930 quodammodo
1437 1849 1794 1914 efficiuntur

229 1941 606 2006 communia.
651 1947 730 2006 Et
755 1945 892 2008 ideo
936 1950 1132 2006 cessat
1175 1943 1472 2024 obligatio
1509 1943 1790 2024 justitiae,

227 2048 298 2099 ut
331 2043 502 2120 patet
527 2037 940 2118 comparando
973 2040 1040 2098 in
1061 2055 1136 2100 ea
1169 2038 1528 2100 necessitate
1555 2041 1793 2117 patrem

227 2149 373 2194 cum
401 2132 722 2208 creditore,
753 2131 858 2194 cui
897 2149 972 2192 ex
1008 2131 1250 2212 justitia
1286 2131 1520 2210 aliquid
1563 2130 1758 2192 debeo
1767 2145 1790 2208 3

224 2225 380 2287 item
431 2226 729 2305 obligatio
779 2223 1026 2306 pietatis
1085 2225 1286 2305 major
1336 2223 1652 2286 interdum
1700 2238 1794 2284 est

226 2337 416 2398 qnam
455 2319 738 2398 justitiae,
766 2325 832 2380 et
865 2337 1316 2398 nonnunquam
1357 2319 1543 2379 etiam
1593 2317 1793 2380 chari-

225 2412 394 2492 tatis,
421 2419 490 2474 ut
517 2419 686 2494 patet
709 2411 786 2474 de
806 2411 1181 2493 obligatione
1209 2411 1618 2475 subveniendi
1646 2410 1792 2472 sibi-

225 2505 366 2586 ipsi.
409 2507 486 2568 Et
525 2505 949 2580 confirmatur,
991 2525 1140 2567 nam
1167 2505 1350 2568 debet
1397 2505 1628 2568 servari
1655 2524 1794 2586 pro-

227 2599 463 2679 porti03
509 2617 656 2680 ergo
706 2599 758 2660 si
809 2598 976 2661 filius
1023 2599 1296 2661 maxime
1343 2598 1658 2678 obligatur
1714 2599 1794 2660 ad

230 2696 472 2772 patrem
501 2693 874 2768 naturalem,
895 2693 986 2754 ita
1010 2693 1198 2754 etiam
1227 2711 1260 2754 e
1287 2693 1596 2756 contrario
1619 2698 1794 2772 pater

225 2786 307 2846 ad
339 2785 563 2848 filium.
603 2787 756 2848 Item
799 2786 944 2866 quia
982 2785 1304 2865 providere
1331 2785 1462 2846 filio
1503 2785 1569 2846 in
1613 2784 1792 2847 bonis

225 2879 452 2940 animae
501 2897 630 2940 non
672 2887 766 2942 est
823 2885 998 2941 extra
1053 2878 1494 2958 obligationem
1549 2879 1792 2958 paterni

227 2972 541 3050 muneris3
574 2979 636 3034 ct
659 2965 798 3034 aliae
824 2972 1096 3034 rationes
1135 2970 1316 3034 facile
1354 2971 1562 3034 afferri
1598 2971 1793 3052 appli-

231 3065 478 3144 carique
497 3073 772 3144 possunt.

314 3161 412 3220 13.
446 3159 839 3240 Tempsa-atior
873 3161 1159 3242 proxima
1193 3158 1486 3224 doctrina.
1507 3193 1586 3204 -
1613 3158 1790 3220 Addo

226 3255 463 3326 tamen,
494 3252 743 3332 quando
769 3251 1108 3332 spiritualis
1127 3252 1482 3331 conjunctio
1503 3257 1596 3312 est
1614 3250 1790 3314 valde

224 3341 522 3423 perfecta,
575 3363 702 3408 non
740 3364 870 3408 esse
915 3352 1232 3426 peccatum
1272 3344 1491 3406 saltem
1529 3347 1788 3407 mortale

223 3435 397 3497 illam
425 3437 718 3517 praeferre
745 3437 1169 3519 conjunctioni
1199 3437 1492 3514 naturali,
1523 3439 1668 3517 quia
1692 3457 1788 3502 re-

221 3545 372 3591 vera
412 3548 690 3594 excessus
739 3537 802 3594 et
851 3531 1004 3594 ordo
1047 3537 1140 3594 est
1188 3531 1366 3594 valde
1423 3532 1669 3610 dubius,
1727 3540 1790 3596 et

223 3622 518 3703 utrinque
545 3630 687 3686 suut
709 3625 998 3688 rationes·
1028 3623 1186 3686 Hinc
1221 3631 1412 3705 patet,
1441 3625 1494 3686 ai
1537 3645 1788 3707 compa-

220 3733 434 3779 remus
467 3717 580 3780 has
611 3719 1078 3798 conjunctiones
1105 3709 1172 3782 in
1203 3719 1498 3798 gradibus
1529 3719 1787 3784 diversis

224 3809 313 3888 (in
342 3830 465 3891 quo
492 3813 598 3874 vix
622 3819 822 3893 potest
847 3813 971 3875 dici
995 3813 1230 3893 aliquid
1259 3814 1630 3893 generaliter
1657 3833 1787 3876 cer-

221 3908 410 3983 tum),
457 3911 668 3968 tamen
721 3905 1090 3986 regulariter
1127 3907 1460 3987 quemdam
1511 3908 1785 3988 superio·

221 4015 358 4058 rem
394 3999 656 4078 gradum
709 4001 896 4062 unius
937 4000 1386 4080 conjunctionis
1426 4019 1606 4081 posse
1633 4019 1788 4082 prae-

221 4090 375 4152 ferri
407 4093 634 4170 gradui
677 4093 814 4173 conj
823 4093 1133 4156 unctionis
1179 4092 1458 4156 alterius.
1507 4087 1786 4157 Tandem

224 4182 537 4264 colligitur
557 4204 636 4248 ex
661 4186 866 4264 dictis,
889 4186 1026 4266 conj
1037 4187 1391 4249 unctionem
1409 4187 1784 4267 consangui-

221 4277 435 4340 nitatis
476 4298 554 4341 ex
579 4299 691 4342 suo
717 4298 946 4361 genere
973 4297 1104 4342 esse
1135 4280 1436 4361 majorem
1465 4279 1600 4344 aliis
1641 4299 1789 4344 con·-

215 4370 640 4448 junctionibus
666 4374 978 4450 humanis,
1017 4374 1164 4454 quia
1199 4380 1292 4436 est
1331 4374 1528 4454 magis
1563 4374 1788 4436 intrin-

220 4481 382 4540 seca,
413 4465 816 4544 immobilior,
835 4473 898 4530 et
915 4467 1252 4548 antiquior,
1273 4473 1339 4532 et
1357 4467 1424 4529 in
1449 4467 1788 4548 majoribus

220 4555 540 4622 beneficiis
579 4560 858 4623 fundata.

305 4653 404 4714 14.
454 4651 737 4720 Secunda
783 4654 1079 4720 dubitatio
1127 4652 1292 4720 cio-oa
1338 4654 1598 4718 eamdem
1641 4672 1782 4718 con·

220 4746 570 4822 elusionem,
616 4757 674 4811 ot
707 4748 974 4813 rationes
1012 4765 1129 4830 pro
1154 4749 1363 4830 prima
1385 4752 1566 4829 parte
1605 4765 1785 4832 noya-

218 4843 374 4905 tiva.
417 4872 498 4888 —
527 4842 820 4906 Rationes
875 4859 992 4925 pro
1039 4848 1220 4924 parto
1263 4842 1660 4922 affirmativa.
1703 4872 1788 4890 -

219 4934 338 4996 Sed
361 4934 508 4996 hinc
525 4935 726 4998 oritur
746 4925 1084 4998 secundum
1117 4934 1402 5011 dubium,
1419 4953 1502 4996 an
1523 4934 1658 5014 conj
1665 4953 1780 4996 un-

217 5029 338 5090 ctio
369 5028 660 5092 amicitiae
710 5027 1022 5090 interdum
1060 5027 1250 5107 possit
1289 5044 1420 5090 esse
1460 5033 1658 5104 tanta,
1709 5033 1782 5088 ut

215 5124 409 5204 possit
436 5121 710 5202 proeferri
729 5120 1022 5196 naturali,
1043 5122 1230 5183 etiam
1255 5127 1548 5202 paternae.
1573 5121 1782 5184 Prima

216 5215 526 5279 sententia
551 5221 761 5295 negat,
793 5233 970 5296 posse
997 5215 1061 5276 id
1109 5231 1388 5295 unquam
1437 5213 1621 5276 licere
1633 5236 1654 5290 3
1691 5216 1780 5276 ita

215 5309 288 5370 D.
319 5309 612 5386 Thomas,
653 5327 716 5388 q.
747 5311 853 5386 26,
893 5315 1012 5372 art.
1043 5309 1107 5385 9,
1137 5313 1200 5370 et
1225 5326 1289 5390 q.
1322 5309 1424 5383 31,
1454 5313 1572 5372 art.
1609 5309 1670 5384 3,
1701 5307 1784 5368 ad

221 5403 260 5464 3
277 5424 296 5478 ς
327 5408 388 5464 et
429 5421 570 5464 cum
615 5402 932 5480 Magistro,
987 5403 1058 5464 in
1091 5399 1300 5475 tertio,
1349 5401 1618 5464 distinct.
1678 5402 1780 5478 19,

219 5502 338 5558 art.
372 5500 432 5574 1,
475 5496 640 5558 favet
668 5496 1049 5574 Aristoteles,
1081 5497 1122 5558 8
1155 5493 1538 5572 Ethicorum,
1559 5515 1695 5578 cap.
1716 5497 1780 5574 8,

3313 342 3430 403 717

1871 451 1935 507 et
1955 444 2067 507 lib.
2110 447 2173 522 9,
2213 463 2345 525 cap.
2384 447 2447 507 2.
2485 445 2661 507 Ratio
2704 451 2818 521 est,
2850 443 2996 524 quia
3020 443 3263 507 nullum
3309 446 3434 507 hu-

1871 557 2131 602 manum
2158 539 2526 603 beneficium
2544 539 2889 620 comparari
2916 543 3119 618 potest
3146 557 3287 600 cum
3307 540 3437 602 vita

1872 652 1912 694 a
1949 633 2311 712 parentibus
2368 633 2618 694 donata.
2669 632 2841 694 Dices
2878 651 2893 690 ε
2942 630 3073 692 fieri
3119 636 3314 712 polest
3368 635 3438 694 ut

1871 725 2189 789 moraliter
2206 725 2421 788 eadem
2447 725 2580 788 vita
2602 725 2682 787 ab
2704 725 2827 787 alio
2846 723 3047 786 amico
3072 723 3301 786 donata
3330 726 3432 802 sit,

1872 821 2067 901 quise
2096 821 2311 882 mortis
2338 819 2609 900 periculo
2634 821 2934 900 exposuit,
2962 823 3033 880 ut
3054 836 3155 880 me
3185 838 3224 880 a
3250 821 3437 882 simili

1873 915 2150 995 periculo
2190 914 2497 976 liberaret.
2542 914 2661 976 Sed
2696 919 2931 988 contra,
2965 913 3113 993 quia
3139 919 3315 992 pater
3346 920 3437 975 est

1873 1025 2058 1068 causa
2090 1026 2203 1086 per
2249 1026 2313 1068 se
2350 1025 2505 1069 meae
2543 1008 2711 1083 vitoe,
2757 1007 2916 1069 alter
2946 1023 3093 1068 vero
3131 1024 3244 1086 per
3281 1009 3435 1068 acci-

1869 1100 2042 1162 dens.
2088 1101 2390 1177 Secundo,
2444 1106 2623 1181 pater
2650 1099 2820 1162 dedit
2868 1099 3117 1180 initium
3160 1101 3436 1180 primum

1868 1192 2144 1268 vivendi,
2184 1193 2341 1254 alter
2365 1193 2912 1273 perseverantiam,
2950 1194 3115 1272 quod
3155 1201 3248 1255 est
3290 1193 3438 1256 faci-

1869 1283 2011 1346 lius.
2061 1287 2235 1348 Unde
2276 1285 2348 1348 fit
2374 1287 2559 1348 tertio
2591 1292 2663 1348 ut
2690 1304 2729 1347 a
2764 1294 2938 1366 patre
2964 1286 3228 1348 habeam
3259 1288 3436 1368 quasi

1871 1379 2065 1441 vitam
2084 1379 2526 1458 immortalem,
2557 1381 2627 1441 in
2643 1381 2857 1441 anima
2878 1380 3119 1455 saltem,
3141 1382 3220 1443 ab
3243 1383 3437 1445 altero

1870 1489 2020 1535 vero
2050 1473 2253 1534 solum
2278 1473 2507 1536 liberer
2534 1493 2570 1535 a
2598 1480 2795 1535 morte
2832 1475 3129 1554 corporis.
3160 1476 3436 1538 Tandem

1869 1573 2047 1647 pater
2072 1585 2203 1628 non
2243 1567 2445 1629 solum
2473 1568 2645 1630 dedit
2676 1568 2899 1645 vitam,
2936 1568 3040 1629 sed
3070 1568 3256 1630 etiam
3286 1570 3437 1630 edu·

1871 1660 2061 1736 eavit,
2090 1661 2409 1737 instruxit,
2454 1668 2568 1724 etc.
2598 1662 2675 1722 Et
2708 1660 3109 1722 confirmatur
3153 1679 3229 1723 ex
3258 1663 3437 1723 incli-

1870 1755 2127 1816 natione
2154 1759 2417 1830 natum,
2448 1773 2589 1835 quae
2622 1754 2697 1815 ad
2733 1761 2970 1834 patrem
3012 1760 3105 1816 est
3135 1756 3429 1817 maxima.

1873 1845 2157 1910 Secunda
2187 1849 2491 1909 sententia
2534 1849 2685 1909 dicit
2716 1848 3034 1910 interdum
3078 1868 3206 1910 non
3234 1849 3435 1911 solum

1871 1939 2077 2015 licere,
2124 1941 2231 2003 sed
2276 1941 2465 2004 etiam
2520 1961 2649 2003 esse
2708 1943 2775 2003 in
2834 1949 3143 2023 praecepto
3192 1949 3435 2004 mutare

1871 2034 2041 2098 hunc
2072 2037 2349 2098 ordinem
2372 2084 2393 2114 ‚
2450 2039 2760 2118 praeferre,
2798 2038 3053 2113 scilic-et,
3097 2039 3289 2100 vitam
3317 2037 3437 2099 ali-

1873 2130 2049 2208 cujus
2075 2131 2219 2192 vitae
2249 2133 2461 2210 patris,
2502 2133 2673 2193 Patet
2710 2133 2915 2211 primo
2949 2131 3017 2192 in
3061 2129 3222 2192 dicto
3266 2149 3435 2207 casu,

1872 2223 1924 2284 si
1945 2222 2167 2303 aliquis
2189 2241 2300 2285 suo
2328 2223 2603 2304 periculo
2634 2231 2696 2286 et
2722 2224 2933 2286 labore
2962 2241 3063 2286 me
3085 2223 3373 2285 liberavit
3400 2242 3439 2284 a

1871 2313 2073 2380 morte
2124 2318 2417 2398 corporis,
2475 2337 2547 2380 ao
2590 2324 2888 2398 praeterea
2938 2318 3199 2380 contulit
3238 2316 3437 2378 multa

1871 2409 2196 2488 beneficia,
2226 2419 2289 2473 et
2330 2411 2674 2474 maximum
2720 2429 3017 2474 amorem.
3054 2412 3143 2474 Ita
3178 2411 3437 2473 sensisse

1872 2504 2206 2584 quemdam
2232 2504 2579 2568 Gerardum
2606 2505 2795 2568 refert
2816 2505 3184 2581 BuridanuS,
3206 2508 3247 2569 9
3269 2505 3437 2566 Ethi-

1873 2616 2114 2675 corum,
2136 2617 2197 2678 q.
2232 2602 2292 2661 3.

1959 2693 2059 2754 15.
2103 2693 2411 2756 Εωοῑτιτίο
2440 2710 2550 2772 por
2578 2691 2703 2756 tria
2734 2693 3155 2775 pronuntiata.
3182 2723 3265 2738 -
3292 2693 3436 2754 Tria

1871 2786 1938 2847 in
1994 2784 2111 2846 hoc
2152 2785 2341 2846 dubio
2390 2785 2663 2848 breviter
2705 2787 3042 2866 pronuntio
3077 2804 3095 2848 ε
3134 2786 3434 2867 primum,

1871 2895 2099 2958 genere
2126 2898 2263 2956 suo,
2295 2884 2359 2940 et
2386 2877 2663 2940 absolute
2685 2878 3015 2958 loquendo,
3037 2884 3279 2960 patrem
3304 2897 3435 2940 esse

1870 2971 2325 3051 praeferendum
2356 2971 2642 3033 omnibus
2690 2971 2872 3046 aliis;
2922 2972 3239 3053 loquimur
3288 2991 3437 3034 vero

1871 3063 1949 3125 de
1984 3065 2239 3144 privatis
2274 3063 2574 3144 personis,
2611 3081 2737 3125 non
2777 3064 2854 3125 de
2899 3066 3216 3127 communi
3242 3065 3429 3128 bono,

1873 3157 2047 3219 Patet
2098 3175 2173 3220 ex
2226 3157 2656 3234 fundamento,
2709 3163 2773 3219 et
2818 3157 3173 3220 auctoribus
3219 3159 3435 3239 primas

1871 3251 2215 3312 sententiae.
2255 3251 2630 3327 Secundum,
2680 3269 3001 3331 nunquam
3041 3249 3307 3331 obligari
3335 3269 3434 3313 me

1868 3344 1946 3405 ad
1974 3343 2467 3406 subveniendum
2500 3343 2677 3406 alteri
2706 3344 2773 3404 in
2802 3351 3080 3406 extrema
3110 3347 3337 3406 necessi
3348 3355 3435 3407 ta·

1868 3447 1955 3514 te,
1990 3437 2523 3518 praetermittendo
2548 3443 2787 3518 patrem
2816 3439 2885 3498 in
2918 3437 3105 3498 simili
3138 3439 3432 3518 positum,

1868 3532 2017 3611 quia
2036 3532 2139 3611 jus
2188 3537 2517 3611 paternum
2554 3536 2646 3592 est
2674 3549 2991 3592 summum
3030 3532 3099 3592 in
3141 3530 3433 3593 humanis

1867 3625 2131 3706 juribus.
2174 3625 2349 3688 Unde
2387 3624 2607 3701 infero,
2656 3625 2709 3686 si
2752 3630 2929 3706 pater
2974 3626 3162 3688 vellet
3205 3625 3434 3705 injuste

1869 3719 2145 3780 occidere
2200 3719 2597 3780 innocentem
2614 3762 2635 3794 ,
2675 3735 2801 3780 non
2852 3720 3051 3780 teneri
3080 3737 3180 3780 me
3226 3719 3437 3781 defen·

1867 3811 2014 3873 dere
2042 3811 2460 3887 innocentem,
2500 3811 2553 3872 si
2584 3829 2710 3872 non
2753 3828 3003 3890 possum
3042 3810 3194 3872 alias
3244 3830 3433 3891 quam

1865 3910 2105 3986 patrem
2135 3903 2453 3978 necand03
2491 3903 2619 3964 imo
2652 3903 3019 3982 regulariter
3041 3921 3155 3965 nec
3177 3902 3433 3967 fratrem

1867 4003 1977 4060 aut
2004 3999 2299 4074 amicum,
2330 3995 2477 4076 quia
2500 3996 2642 4058 licet
2668 4000 2885 4058 tenear
2926 3995 3278 4075 defendere,
3306 4017 3434 4060 non

1867 4097 2078 4152 tamen
2096 4107 2241 4152 cum
2258 4095 2433 4152 tanta
2445 4089 2706 4168 jactura.
2735 4090 2909 4166 Quod
2928 4090 3093 4152 idem
3112 4109 3226 4152 suo
3246 4092 3433 4153 modo

1867 4191 1983 4261 est,
2014 4184 2068 4244 si
2087 4185 2337 4264 jactura
2368 4183 2558 4244 etiam
2602 4190 2762 4247 esset
2801 4185 2868 4246 in
2908 4185 3210 4265 pecuniis.
3268 4186 3429 4260 Quin

1870 4277 2057 4340 etiam
2077 4277 2423 4357 Almaynus
2447 4276 2516 4337 in
2540 4279 2600 4350 3,
2628 4276 2691 4338 d.
2721 4279 2823 4354 29,
2851 4297 2912 4358 q.
2948 4281 3007 4356 1,
3040 4284 3217 4358 putat
3237 4281 3433 4342 nemi·

1867 4389 2015 4432 nem
2066 4369 2330 4451 obligari
2373 4370 2453 4431 ad
2481 4368 2981 4434 interficiendum
3022 4371 3291 4452 aliquem
3318 4390 3432 4454 pro

1867 4463 2103 4527 tuenda
2129 4463 2259 4525 vita
2308 4463 2563 4525 alterius
2608 4467 2868 4543 privatae
2921 4481 3223 4543 personas,
3264 4465 3430 4545 quod

1867 4563 2053 4634 certe,
2100 4559 2267 4619 intra
2297 4556 2504 4635 legem
2540 4555 2857 4618 charitatis
2882 4557 3125 4635 stando,
3160 4564 3252 4620 est
3291 4577 3432 4638 pro-

1864 4649 2095 4728 babile,
2114 4650 2255 4730 qnia
2278 4648 2551 4711 hominis
2574 4649 2923 4712 interfectio
2946 4655 3037 4713 est
3063 4651 3223 4713 actio
3249 4652 3430 4714 valde

1864 4763 2223 4826 repugnans
2250 4744 2638 4806 inclinationi
2666 4750 2909 4810 naturae
2936 4767 2951 4807 :
2986 4747 3153 4808 unde
3180 4764 3309 4810 non
3337 4747 3427 4810 vi-

1865 4839 2049 4901 detur
2072 4838 2225 4900 ordo
2252 4837 2567 4900 eharitatis
2590 4856 2735 4900 cum
2762 4843 2936 4900 tanto
2958 4838 3165 4918 rigore
3189 4839 3429 4920 obliga-

1857 4951 1948 4999 re.
2006 4933 2284 4994 Tertium
2337 4931 2835 5011 pronuntiatum,
2890 4932 2958 4993 in
3012 4931 3223 5012 aliquo
3276 4951 3425 4996 casu

1857 5044 2031 5108 posse
2062 5025 2261 5088 filium
2293 5024 2576 5106 praeserri
2607 5025 2770 5105 patri
2798 5024 2867 5086 in
2907 5031 3187 5088 extrema
3212 5044 3426 5088 neces-

1859 5121 2059 5184 sitate.
2098 5121 2177 5184 Et
2220 5119 2446 5199 prime,
2482 5117 2535 5178 si
2584 5123 2761 5198 pater
2800 5119 3202 5198 aggrediatur
3246 5119 3429 5181 inno-

1861 5221 2105 5278 centem
2128 5212 2354 5289 filium,
2386 5227 2635 5292 possum
2672 5208 2836 5272 licite
2868 5209 3199 5274 defendere
3222 5211 3425 5290 illum,

1861 5308 2052 5370 etiam
2089 5304 2518 5368 interficiendo
2548 5308 2814 5384 patrem,
2846 5303 2898 5364 si
2931 5304 3111 5366 aliter
3138 5323 3266 5366 non
3292 5323 3427 5387 pos-

1863 5418 2028 5478 sum,
2052 5401 2201 5481 quia
2224 5404 2397 5480 pater
2420 5397 2703 5458 abutitur
2726 5398 2866 5476 jure
2896 5415 3032 5474 suo,
3058 5417 3256 5478 neque
3278 5405 3429 5461 tunc

1863 5494 2049 5558 estin
2092 5494 2475 5567 necessitate,
2516 5489 2624 5553 sed
2653 5490 2722 5551 in
2760 5489 3293 5564 deordinatissima
3323 5511 3429 5553 vo-
