3900 6217
1065 423 1236 477 SECT.
1274 424 1401 474 vlu.
1437 422 1519 474 AN
1553 422 1848 475 ECCLESIA
1881 424 2163 477 visimus
2195 425 2310 478 Sl'l'.

161 533 254 593 hile
273 574 290 605 ,
331 524 580 605 regulam
627 510 771 585 fidei
807 523 1146 586 animatam
1193 530 1256 586 et
1301 523 1632 597 visibilem,

161 640 355 686 omnem
395 619 636 697 denique
683 624 1014 679 externum
1059 617 1318 695 cultum,
1373 623 1436 679 et
1479 616 1632 697 poli-

159 721 275 778 tiam
297 730 413 793 quae
445 712 516 771 ad
565 710 870 771 unitatem
921 716 982 771 et
1025 711 1491 771 consistentiam
1520 711 1632 769 Ec-

159 809 308 870 clesiae
328 804 620 884 pertineat.
661 802 944 863 Alterum
981 803 1461 864 fundamentum
1512 808 1628 875 est,

155 902 296 980 qnia,
330 897 428 957 etsi
470 894 678 955 demus
724 912 896 973 posse
958 894 1092 956 dari
1139 896 1317 975 signa
1369 894 1636 956 visibilia

156 1010 274 1053 verae
292 988 562 1060 Ecclesiae,
607 1006 850 1067 semper
877 995 1086 1049 tamen
1114 989 1449 1067 requiritur
1475 990 1636 1049 inte-

157 1088 253 1145 rior
275 1080 420 1156 fides,
443 1099 574 1156 quae
601 1098 801 1159 neque
828 1082 896 1141 in
921 1100 984 1143 se
1012 1080 1268 1142 visibilis
1297 1088 1410 1156 est,
1435 1098 1634 1159 neque

151 1178 200 1237 iu
223 1174 448 1235 externis
471 1173 658 1251 signis
677 1174 828 1233 satis
855 1174 1220 1249 ostenditur,
1251 1192 1392 1235 cum
1422 1175 1634 1235 omnia

147 1271 268 1331 salsa
290 1286 400 1329 esse
425 1268 672 1347 possint,
703 1276 776 1329 ut
811 1268 880 1329 in
906 1286 1278 1347 unoquoque
1304 1268 1634 1329 hominum

148 1362 366 1441 apertius
397 1367 670 1437 constat3
705 1361 784 1421 de
816 1360 988 1421 nullo
1017 1364 1188 1425 enim
1216 1361 1349 1422 sine
1393 1360 1504 1421 Dei
1538 1378 1632 1421 re·

141 1456 390 1518 relatione
416 1472 734 1533 possumus
765 1462 933 1517 certo
972 1455 1128 1516 scire
1169 1454 1526 1517 interiorem
1561 1453 1634 1513 fi-

141 1551 248 1609 dem
272 1566 436 1627 quam
463 1548 731 1607 exterius
759 1547 1084 1628 profitetur
1097 1564 1118 1627 3
1144 1566 1292 1627 ergo
1319 1549 1484 1609 idem
1513 1550 1633 1608 erit

138 1643 192 1703 de
217 1658 564 1719 quarumque
602 1640 934 1703 homiuum
973 1643 1470 1719 congregatione.
1511 1641 1634 1702 Ob·

137 1736 312 1813 jiciunt
333 1740 618 1811 proeterea
660 1734 934 1795 baeretici
964 1735 1264 1796 nonnulla
1296 1736 1632 1813 Scripturas

140 1836 188 1887 et
207 1829 417 1888 Petrum
455 1828 811 1889 testimonia
841 1848 856 1887 ε
888 1829 1162 1907 primum
1199 1846 1274 1889 ea
1307 1828 1374 1887 in
1403 1826 1630 1906 quibus

143 1920 350 1979 Ecclesia
391 1918 614 1980 Christi
655 1920 886 1981 dicitur
935 1921 1002 1981 in
1043 1919 1324 1981 interiori
1377 1920 1630 1981 homine

139 2013 305 2092 posita,
329 2012 498 2073 Lucae
524 2016 598 2073 17
630 2034 647 2073 :
677 2012 956 2095 Reycmm
981 2012 1100 2075 Dei
1143 2031 1262 2075 non
1297 2011 1458 2075 venit
1495 2031 1630 2075 cum

137 2107 491 2179 observatione,
527 2124 644 2171 nec
683 2108 882 2171 dicem
927 2133 948 2167 .·
991 2108 1156 2171 Ecce
1195 2105 1313 2179 liic,
1358 2111 1467 2169 aut
1505 2124 1631 2169 ecce

134 2198 262 2259 illic:
301 2216 414 2261 eece
463 2202 632 2261 euim
672 2216 924 2281 regnum
969 2199 1088 2262 Dei
1129 2200 1300 2262 intra
1339 2215 1441 2261 vos
1492 2204 1582 2261 est
1599 2223 1626 2271 ;

137 2294 304 2351 lPeu.
351 2296 380 2353 1
427 2309 442 2353 :
485 2294 728 2355 Domus
777 2292 1128 2373 spiritualis
1159 2337 1176 2367 ‚
1229 2293 1630 2355 sacerdotium

133 2390 348 2447 sanctum
365 2388 580 2465 offerre
601 2386 970 2467 spirituales
999 2386 1270 2459 hostias,·
1294 2386 1519 2445 Joann.
1535 2388 1576 2449 ,1
1609 2403 1622 2445 :

142 2476 357 2556 Spiritus
389 2483 480 2541 est
515 2480 714 2553 Deus,
745 2484 804 2541 et
835 2481 939 2559 qui
963 2481 1220 2541 odorant
1242 2497 1375 2541 eum
1409 2480 1476 2539 in
1504 2476 1631 2557 epi-

135 2572 241 2643 ritu,
285 2577 424 2647 etc.;
467 2572 711 2633 Jerem.
758 2574 826 2633 31
872 2590 886 2630 :
921 2572 1086 2635 Dabo
1114 2572 1300 2653 leqem
1337 2590 1528 2635 meam
1563 2571 1632 2633 in

133 2667 345 2729 cordibus
384 2684 581 2730 eorum
598 2692 640 2739 ;
677 2667 944 2747 denique
973 2666 1197 2727 Psalm.
1229 2668 1308 2727 41
1358 2687 1375 2728 z
1423 2664 1632 2731 Omnis

128 2758 280 2839 cloria
305 2760 420 2837 ejus
441 2760 596 2838 filice
649 2760 840 2841 Regiis
865 2761 934 2823 ab
962 2759 1154 2823 intus.
1195 2760 1498 2819 Praeterea
1523 2758 1632 2819 Hi-

131 2850 293 2923 larius,
331 2852 474 2911 libro
507 2860 742 2914 contra
787 2854 1166 2913 Auxentium
1203 2897 1219 2924 ‚
1266 2852 1334 2911 in
1373 2851 1522 2926 fine,
1571 2864 1634 2912 et

141 2944 466 3022 Hieronymus
493 2952 730 3007 contra
751 2946 1146 3021 Luciierian„
1177 2951 1456 3007 asserunt
1483 2953 1634 3007 tem-

140 3054 251 3113 pore
275 3038 659 3115 Asianorum,
711 3057 920 3100 veram
969 3038 1297 3099 Ecclesiam
1324 3038 1510 3100 fuisse
1537 3038 1630 3099 la-

137 3135 306 3187 tentem
338 3138 390 3191 et
433 3131 798 3207 occultam3
833 3150 958 3191 non
989 3149 1136 3209 ergo
1167 3136 1258 3193 est
1291 3132 1368 3191 de
1395 3133 1635 3195 ratione

127 3220 350 3283 Ecclesiae
382 3231 450 3285 ut
494 3224 578 3285 sit
645 3222 904 3285 visibilis
921 3240 968 3300 3,
993 3242 1142 3303 ergo
1198 3242 1402 3304 neque
1449 3224 1634 3286 hodie

125 3310 332 3373 discerni
371 3317 626 3395 poterit.
685 3316 968 3406 Tandem
1000 3360 1018 3390 ‚
1064 3318 1267 3396 inquit
1321 3318 1632 3395 Brentius,

124 3404 234 3465 alias
267 3407 552 3471 tollendus
579 3417 750 3470 esset
776 3410 1071 3471 articulus
1101 3410 1380 3487 Symboli
1409 3426 1424 3469 τ
1451 3409 1633 3473 Credo

123 3514 256 3559 cnam
272 3507 534 3565 sanctam
561 3499 942 3577 Ecclesiam,
971 3510 1032 3563 et
1057 3503 1484 3583 reponendus:
1536 3504 1631 3570 Vi-

116 3592 192 3651 deo
211 3611 374 3657 unam
395 3600 682 3659 sanctam
707 3596 1076 3659 Ecclesiam.

173 3686 219 3745 3.
243 3686 501 3752 Assertio
509 3687 1152 3771 primm—Probatur
1170 3708 1246 3753 ea
1271 3689 1628 3771 Scriptura.

111 3810 170 3821 —
191 3780 315 3841 Dico
340 3788 550 3845 tamen
577 3783 791 3863 primo
821 3798 838 3842 z
885 3801 1034 3845 vera
1055 3783 1326 3845 Ecclesia
1343 3829 1362 3859 ,
1405 3801 1631 3864 suppo-

111 3872 198 3929 sita
225 3871 331 3933 fide
373 3894 562 3954 quam
605 3876 693 3937 de
735 3874 844 3937 illa
884 3875 1216 3953 habemu8‚
1262 3877 1526 3937 discerni
1569 3883 1634 3937 et

111 3966 388 4041 prudenter
414 3968 720 4047 cognosci
751 3968 820 4027 in
846 3967 1204 4047 particulari
1232 3975 1432 4048 potest
1454 4012 1475 4044 ‚
1519 3987 1631 4048 per

111 4064 316 4119 externa
339 4066 399 4121 et
423 4061 708 4121 visibilia
731 4059 936 4139 signa,
969 4079 1093 4141 quo
1123 4080 1309 4123 sensu
1335 4061 1630 4141 simplici-

111 4153 176 4209 ter
191 4158 243 4211 et
266 4151 542 4215 absolute
573 4153 839 4215 visibilis
866 4153 1126 4215 dicenda
1147 4161 1260 4230 est,
1291 4155 1440 4234 quia
1462 4154 1632 4215 vide-

111 4263 208 4303 mus
241 4264 368 4307 eam
406 4248 966 4327 congregationem
997 4248 1324 4309 hominum
1362 4247 1430 4309 in
1473 4248 1633 4309 iudi·

111 4336 250 4399 viduo
277 4354 334 4401 et
360 4341 425 4401 in
448 4340 844 4423 particulari,
876 4360 1063 4421 quam
1095 4350 1262 4403 certo
1281 4343 1634 4421 judicamus

111 4448 199 4490 esse
223 4452 416 4495 veram
445 4434 794 4495 Ecclesiam
813 4481 834 4512 ,
881 4453 954 4497 ex
986 4435 1107 4510 his,
1147 4454 1284 4515 quae
1309 4437 1456 4516 ipsis
1484 4454 1630 4497 ocu-

111 4523 226 4585 isin
245 4546 312 4587 ea
337 4528 790 4607 conspicimus.
811 4530 918 4589 Est
945 4528 1022 4589 de
1049 4529 1189 4590 lide.
1226 4528 1528 4591 Probatur
1554 4548 1632 4591 ex

111 4618 392 4695 Scriptura.
438 4621 667 4681 Matth.
721 4622 795 4682 18
831 4636 848 4681 :
897 4622 1012 4683 Dic
1048 4622 1344 4685 Ecclesia³
1363 4646 1391 4693 ;
1433 4628 1628 4701 potest

111 4728 212 4789 rrgo
237 4711 344 4773 tibi
375 4722 670 4775 constare
701 4732 838 4793 quae
869 4714 948 4774 sit
975 4714 1266 4790 Ecclesia,
1295 4712 1449 4775 alias
1476 4733 1628 4794 quo·-

111 4803 245 4863 nodo
267 4806 341 4865 ad
371 4806 546 4867 illam
581 4805 854 4885 loqueris
867 4822 888 4883 3
918 4813 980 4868 et
1008 4806 1294 4885 quamvis
1321 4826 1522 4874 sermo
1549 4809 1629 4869 sit

111 4893 152 4953 le
177 4896 400 4959 Pastore
427 4898 724 4961 Ecclesiae
745 4944 764 4972 ,
795 4900 937 4960 inde
965 4906 1175 4961 tamen
1203 4899 1469 4960 sumitur
1501 4900 1628 4961 suf·

111 4987 270 5051 ieiens
285 5000 762 5069 argumentum,
785 4993 942 5053 sicut
965 5012 1042 5055 ex
1067 4994 1270 5055 verbis
1299 4994 1524 5055 Christi
1549 4995 1630 5057 ad

111 5080 329 5155 ’etrum,
369 5084 522 5145 Luc.
569 5086 696 5146 22:
741 5084 1050 5163 Confirma
1085 5090 1318 5165 fratres
1355 5090 1526 5160 tuos;
1567 5095 1631 5151 et

113 5171 239 5237 ioan.
270 5179 383 5238 20:
415 5180 622 5241 Pasce
649 5195 779 5241 oves
811 5196 973 5241 meac
987 5204 1014 5251 ;
1047 5186 1108 5241 et
1134 5186 1161 5241 1
1198 5182 1328 5241 Pet.
1360 5182 1437 5241 5:
1471 5182 1628 5247 Pas-

111 5266 190 5327 ile
207 5270 302 5347 qui
337 5270 403 5331 in
444 5270 620 5332 vobis
658 5274 746 5333 est
786 5288 1023 5351 yreyem
1039 5298 1066 5345 ;
1103 5272 1412 5352 quomodo
1456 5274 1624 5336 enim

111 5368 308 5421 ›ascent
345 5368 454 5423 aut
499 5362 964 5425 confirmabunt
1004 5382 1157 5443 quos
1207 5384 1334 5426 non
1373 5384 1626 5446 cognos-

113 5455 261 5513 eunt?
295 5456 379 5515 sic
413 5456 638 5531 etiam,
676 5460 698 5516 1
752 5456 1026 5517 Corinth.
1074 5460 1176 5532 15,
1219 5458 1395 5521 Paul.
1441 5460 1530 5520 ait
1564 5476 1628 5521 se

111 5554 430 5611 ree-secutum
443 5548 651 5627 fuisse
662 5548 1031 5622 Ecclesiam·
1045 5550 1182 5613 etin
1196 5551 1468 5633 epistolis
1481 5552 1628 5614 scri-

381 5670 486 5717 111.

3164 425 3284 487 273

1713 522 1806 585 hit
1831 540 1850 585 :
1873 526 2203 598 Ecclesiae,
2234 540 2369 607 qua·
2397 530 2488 589 est
2520 524 2818 601 Corinthi,
2848 527 3103 609 Ephesi,
3135 538 3252 593 etc.
3261 549 3283 609 3

1715 623 1780 678 et
1805 618 2179 700 ubicumque
2200 620 2328 679 fere
2350 619 2668 699 Scriptura
2692 621 2947 683 nomine
2981 622 3285 689 Ecclesia

1714 712 1933 789 utitur,
1976 712 2053 775 de
2078 713 2289 793 aliqua
2319 719 2491 773 certa
2523 715 3033 791 congregatione,
3080 723 3141 777 et
3172 717 3283 779 ho·-

1716 804 1991 865 minibus
2031 806 2281 883 cognitu
2325 804 2625 883 loquitur,
2672 813 2740 866 ut
2781 814 2949 885 patet
2988 808 3284 872 Actorum

1719 900 1818 972 15,
1849 898 1928 959 ad
1958 899 2230 959 Timoth.
2265 899 2327 973 3,
2361 899 2551 959 Num.
2583 899 2685 974 20,
2726 901 2764 959 3
2792 900 2943 979 Reg.
2972 902 3072 962 18.
3120 903 3281 965 Prae-

1713 996 1884 1051 terea
1913 998 2005 1053 est
2034 992 2303 1070 optimus
2332 990 2501 1051 locus
2528 991 2748 1051 Matth.
2791 994 2829 1053 5
2853 1038 2871 1067 ,
2912 1012 3095 1073 quem
3129 1012 3285 1073 pou·

1716 1082 1956 1143 deravit
1979 1085 2381 1163 AugustinuS,
2412 1084 2487 1145 de
2518 1085 2765 1147 Unitate
2792 1085 3103 1163 Ecclesiae,
3140 1106 3277 1169 cap.

1719 1178 1794 1235 14
1824 1184 1887 1236 et
1918 1178 1995 1238 20
2030 1198 2045 1237 :
2086 1177 2233 1241 Non
2272 1182 2475 1257 potest
2510 1178 2729 1241 civitas
2768 1179 3048 1243 abscondi
3087 1198 3281 1263 supra

1713 1272 1971 1331 montem
1996 1271 2225 1350 posita,
2257 1270 2319 1329 id
2348 1276 2463 1344 est,
2493 1270 2760 1331 Ecclesia
2787 1271 2852 1331 in
2875 1272 3113 1333 Christo
3140 1277 3285 1335 fun·

1714 1362 1879 1437 data,
1915 1363 1992 1423 de
2017 1383 2141 1443 quo
2164 1365 2276 1425 lsa.
2304 1368 2365 1440 ὑὶ,
2399 1372 2461 1425 et
2482 1365 2668 1425 Mich.
2700 1367 2741 1427 4
2767 1386 2781 1425 :
2815 1366 2971 1428 Erit
2996 1368 3063 1427 in
3082 1370 3283 1431 novis-

1713 1457 1891 1518 simis
1917 1456 2118 1520 diebus
2148 1464 2538 1539 praeparatus
2568 1476 2741 1521 mons
2772 1461 2980 1523 domm
3006 1461 3277 1536 Domini,

1713 1558 1826 1611 etc..
1866 1572 1886 1626 3
1939 1568 2080 1629 quae
2134 1550 2268 1611 loca
2312 1552 2399 1611 ita
2449 1552 2812 1631 intelligunt
2864 1554 3281 1635 Hieronymus

1711 1642 1893 1716 ibid„
1923 1649 1988 1703 et
2040 1644 2443 1722 Augustinus»,
2492 1652 2673 1705 tract.
2726 1650 2751 1705 1
2804 1646 2871 1705 in
2906 1648 2945 1707 2
2986 1648 3273 1711 Canonic.

1711 1736 1892 1796 Joan.
1918 1783 1932 1805 ‚
1974 1736 2083 1796 uhi
2112 1736 2305 1797 etiam
2333 1738 2400 1797 in
2431 1738 2597 1798 hunc
2626 1756 2872 1799 sensum
2915 1742 3279 1819 interpreta-

1709 1834 1815 1887 tur
1847 1828 1909 1889 id
1942 1828 2099 1888 Psal.
2135 1829 2212 1889 18
2244 1851 2259 1889 z
2314 1832 2399 1892 In
2425 1830 2547 1892 sole
2585 1832 2789 1910 posuit
2828 1833 3277 1899 tabernaculum

1709 1938 1886 1983 suum
1902 1946 1925 1981 .·
1959 1922 2157 1994 Vocat,
2184 1924 2409 2001 iuquit,
2433 1922 2779 1987 Ecclesiam
2798 1926 3275 2003 tabernaculum,

1709 2014 1854 2093 quia
1877 2015 1946 2074 in
1974 2019 2141 2077 terra
2155 2015 2608 2097 peregrinatur,
2632 2016 2809 2091 juxta
2819 2017 2887 2083 id
2902 2018 3175 2098 Apocaly
3182 2038 3268 2098 ps.

1713 2106 1791 2165 12
1825 2122 1842 2163 ε
1887 2106 2042 2169 Erit
2080 2107 2531 2171 tabernaculam
2582 2109 2699 2171 Dei
2743 2127 2877 2171 cum
2915 2111 3273 2175 horninibus.

1711 2196 1864 2259 Vicle
1887 2200 2180 2261 eumdem
2210 2201 2655 2279 Augustinum‚
2689 2202 2753 2263 in
2784 2202 2940 2263 Psal.
2974 2206 3075 2279 30,
3104 2208 3186 2267 44
3213 2216 3276 2267 et

1709 2292 1810 2353 47.
1858 2291 2137 2352 Sumitur
2174 2293 2363 2353 etiam
2400 2294 2709 2374 optimum
2746 2297 3169 2359 testimonium
3198 2317 3274 2363 ex

1710 2384 1878 2445 Isaiae
1906 2386 1979 2445 61
2018 2404 2033 2443 :
2072 2386 2293 2450 Foedus
2321 2391 2677 2469 perpetuum
2710 2391 2939 2467 seriam
2978 2410 3113 2455 cum
3154 2397 3268 2469 eis,

1711 2485 1826 2539 etc.
1849 2493 1870 2554 3
1907 2496 2131 2553 omnes,
2159 2480 2265 2560 qui
2292 2479 2551 2545 viderint
2588 2499 2683 2544 eos
2728 2490 3076 2565 cognoscent
3108 2487 3269 2563 illos,

1711 2569 1856 2651 quia
1895 2570 2007 2634 icti
2046 2576 2191 2634 eunt
2230 2591 2427 2636 semen
2469 2573 2568 2637 cui
2604 2576 2901 2638 benedixit
2934 2579 3231 2644 Dominus
3246 2606 3275 2655 ,-

1712 2682 1836 2744 quo
1880 2666 1944 2725 in
1986 2664 2120 2727 loco
2158 2685 2505 2729 sermonem
2534 2686 2662 2730 esse
2691 2670 2767 2729 de
2800 2671 3091 2749 Ecclesia,
3132 2692 3277 2735 con·-

1712 2763 1831 2817 stat
1860 2776 1936 2818 ex
1969 2758 2151 2821 Lucre
2178 2762 2239 2834 4,
2272 2759 2377 2819 ubi
2408 2760 2679 2821 Christus
2716 2762 2792 2822 de
2828 2764 3027 2844 seipso
3063 2772 3125 2826 et
3164 2785 3277 2827 sua

1712 2848 2019 2929 spirituali
2061 2854 2497 2931 propagatione
2534 2854 2723 2915 verba
2760 2854 2868 2916 illa
2908 2857 3276 2939 interpreta-

1715 2954 1836 3004 tur.
1879 2944 2113 3005 Eodem
2146 2946 2327 3007 modo
2354 2944 2693 3025 loquuntur
2725 2947 2933 3009 Patres
2962 2970 3109 3012 omn
3200 2953 3279 3015 de

1713 3038 1999 3101 Ecclesia.
2044 3038 2449 3117 AugustinuS,
2486 3058 2694 3120 supra,
2740 3047 2801 3103 et
2830 3044 2868 3103 2
2890 3051 3105 3105 contra
3130 3035 3177 3105 L
3228 3054 3272 3109 t.

1715 3130 1919 3206 Petit„
1964 3150 2100 3210 cap.
2130 3134 2209 3191 32
2234 3153 2251 3207 3
2288 3132 2645 3209 GregoriuS,
2676 3134 2916 3213 epistol.
2948 3137 3051 3211 48,
3083 3144 3145 3198 et
3162 3138 3275 3199 lib.

1717 3226 1798 3284 32
1833 3224 2077 3300 Moral.,
2118 3243 2248 3303 cap.
2303 3227 2414 3299 νὴ
2448 3227 2939 3305 ChrysostomuS,
2979 3228 3194 3291 homil.
3240 3234 3279 3291 Δ,

1713 3319 1783 3381 in
1810 3337 1946 3396 cap.
1974 3318 2013 3377 6
2043 3320 2157 3379 [sa.
2194 3340 2207 3377 ε
2252 3318 2528 3381 Facilius
2566 3324 2658 3381 est
2698 3321 2943 3401 (inquit)
2975 3322 3157 3385 solem
3182 3342 3279 3387 em·

1715 3411 1932 3493 linqui,
1972 3430 2151 3491 qaam
2182 3412 2533 3475 Ecclesiam
2562 3413 2877 3476 obscurari
2890 3439 2917 3485 ,·
2960 3414 3275 3493 OrigeneS,

1712 3505 1880 3567 hom.
1930 3508 2009 3567 30
2046 3506 2113 3565 ὶιι
2154 3504 2403 3579 matth„
2444 3505 2761 3583 aliquanto
2802 3513 2937 3585 post
2980 3509 3274 3571 initium:

1713 3600 2000 3663 Ecclesia
2026 3599 2211 3679 plena
2247 3603 2339 3662 eet
2375 3599 2639 3681 falyore,
2678 3605 2795 3661 etc.
2815 3622 2836 3674 3
2873 3608 2935 3661 et
2972 3602 3078 3663 alii
3105 3604 3279 3665 citati

1713 3700 1775 3751 et
1802 3692 2034 3754 citandi
2066 3714 2084 3767 3
2131 3691 2262 3751 haec
2302 3692 2473 3751 enim
2521 3710 2594 3752 eo
2630 3698 2930 3771 spectant,
2976 3709 3044 3753 ut
3070 3694 3277 3757 Eccle-

1713 3788 1867 3847 siam
1910 3785 2305 3865 conspicuam
2344 3802 2417 3845 ac
2454 3784 2760 3846 visibilem
2800 3784 3136 3849 admodum
3174 3788 3280 3850 dc·

1712 3880 1976 3941 clarent.

1790 3975 1850 4034 4.
1897 3972 2205 4037 Probat-ur
2234 3972 2437 4036 deinde
2454 3972 2812 4035 rationibus.
2830 4006 2913 4019 —
2932 3975 3171 4039 Prima.
3196 4012 3277 4023 --

1715 4064 2019 4129 Secunda.
2034 4096 2115 4111 —
2130 4066 2389 4126 Ratione
2406 4084 2600 4145 arguo
2616 4066 2816 4145 primo
2832 4085 2907 4128 ex
2922 4068 3097 4129 dictis
3116 4070 3275 4132 Scri·

1712 4165 1910 4238 pturae
1939 4158 2087 4219 locis
2103 4175 2124 4235 3
2154 4176 2299 4219 nam
2333 4158 2936 4220 tenemurEcclesiae
2976 4180 3132 4222 verae
3164 4181 3275 4225 nos

1712 4252 2079 4332 adjungere,
2104 4257 2167 4312 et
2192 4252 2537 4331 pastoribus
2562 4252 2695 4330 ejus
2714 4251 2988 4330 obedire,
3018 4255 3192 4315 sociis
3214 4265 3277 4317 et

1713 4345 2008 4407 fratribus
2035 4345 2481 4405 communicari
2512 4358 2533 4421 ;
2577 4344 2708 4405 haec
2743 4351 2952 4407 autem
2984 4346 3117 4407 fieri
3146 4368 3275 4411 non

1711 4444 1990 4519 possunt,
2012 4437 2131 4497 nisi
2153 4437 2229 4497 de
2248 4436 2515 4499 Ecclesia
2541 4456 2688 4499 vera
2714 4437 2889 4499 nobis
2913 4447 3169 4518 constet,
3196 4442 3275 4505 de

1711 4549 1834 4611 qua
1862 4532 2101 4591 ratione
2127 4530 2265 4591 vide
2296 4530 2701 4609 Cyprianum,
2732 4530 2895 4593 libro
2924 4532 3001 4593 de
3027 4532 3276 4597 Unitatc

1711 4624 2035 4700 Ecclesiae3
2070 4623 2541 4701 Hieronymum,
2566 4620 2807 4702 epistol.
2840 4626 2918 4685 ad
2939 4627 3273 4693 Damasum

1708 4718 1784 4779 de
1816 4717 2180 4778 Nominibus
2212 4716 2621 4795 hypostatic.;
2655 4718 2717 4779 S.
2757 4718 3201 4798 Augustinum,
3230 4724 3271 4783 Δ,

1709 4810 1786 4874 de
1824 4809 2161 4889 Baptismo‚
2204 4828 2338 4888 cap.
2380 4814 2439 4869 1.
2481 4809 2785 4884 Secundo,
2823 4818 3139 4873 ostensum
3179 4822 3273 4875 est

1709 4922 1920 4982 supra,
1965 4902 2031 4962 in
2070 4909 2213 4965 sect.
2265 4904 2325 4978 5,
2372 4920 2591 4981 corpus
2631 4902 2917 4965 Ecclesiae
2964 4906 3273 4985 postulare

1710 4996 1993 5057 ordinem
2040 4995 2535 5071 hierarchicum3
2588 5002 2823 5059 certum
2873 5003 2966 5059 cst
3014 4998 3275 5061 ulterius

1708 5087 1930 5150 debere
1978 5108 2107 5151 esse
2148 5089 2216 5149 in
2258 5107 2403 5150 vera
2452 5088 2720 5150 Ecclesia
2760 5089 3026 5151 visibilia
3073 5109 3272 5153 sacra-

1707 5188 1942 5259 menta,
1972 5180 2355 5242 sacrificium
2385 5181 2696 5258 sensibile,
2728 5182 3120 5263 scripturam,
3166 5202 3272 5245 ex-

1707 5274 1997 5335 teriorem
2020 5274 2540 5355 praedicationem,
2560 5281 2767 5354 caput,
2786 5260 2849 5335 et
2870 5282 3139 5355 pastores
3160 5278 3268 5355 qui

1707 5368 1993 5446 cognosci
2025 5368 2262 5448 possint
2299 5366 2378 5429 ab
2423 5368 2703 5429 Ecclesiae
2742 5368 3038 5431 membris
3053 5384 3074 5446 3
3118 5368 3273 5431 alias

1709 5460 1985 5521 maxima
2009 5469 2165 5523 esset
2184 5459 2565 5542 perturbatio
2594 5466 2655 5523 et
2681 5460 2961 5523 confusio
2980 5462 3045 5522 in
3069 5462 3272 5524 Eccle-

1710 5556 1802 5616 sia
1827 5569 1847 5633 3
1905 5555 2162 5617 omnino
2216 5574 2365 5635 ergo
2406 5551 2695 5637 'oportuit
2748 5574 2877 5617 esse
2931 5554 3261 5619 visibilem.
