3900 6217
522 424 603 485 66

526 526 640 589 sed
668 526 876 607 potius
899 525 1051 589 dixit
1068 526 1275 606 ipsum
1304 530 1627 589 accessum
1644 527 1727 589 ad
1748 529 1948 589 Deum
1981 524 2092 587 de-

522 618 677 681 bere
700 637 839 681 esse
866 637 981 699 per
1010 619 1198 683 fidem
1228 620 1469 700 (utique
1494 619 2090 700 supernaturalem),

524 717 589 775 et
605 720 752 775 ante
785 712 997 773 omnia
1026 731 1164 775 esse
1186 714 1275 774 sic
1294 715 1679 776 credendum
1694 715 1897 777 Deum
1924 722 2088 785 esse,

525 814 587 869 et
612 808 745 867 haec
763 812 856 867 est
880 807 1067 886 plana
1095 808 1415 887 expositiO,
1438 814 1507 871 ut
1521 808 1773 870 tradunt
1796 808 2088 881 Salmer.,

526 902 777 974 Ribera‚
804 908 867 963 et
890 900 1213 963 Cornelius
1233 920 1270 961 a
1302 902 1554 981 Lapide,
1584 902 1761 973 ibid„
1784 902 2093 965 etiterum

524 995 811 1075 sequenti
846 1014 1111 1057 numero
1166 994 1469 1057 dicemus,
1524 996 1619 1057 Ad
1652 996 1960 1057 rationem
1993 1012 2094 1055 re-

524 1088 888 1168 spondetur,
958 1088 1367 1149 concedendo
1418 1090 1723 1169 imprimis
1780 1090 1901 1151 hoc
1950 1106 2090 1151 esse

522 1200 824 1261 magnum
850 1181 999 1243 fidei
1034 1182 1432 1261 mysterium,
1468 1183 1639 1262 quod
1668 1183 1815 1245 licet
1845 1200 1974 1243 non
2002 1182 2094 1243 vi·-

520 1274 667 1335 deat
707 1275 871 1335 clare
913 1274 1254 1353 objectum,
1299 1295 1507 1355 neque
1538 1295 1639 1339 res
1677 1276 1970 1351 creditas,
2002 1275 2094 1335 ni·

520 1366 859 1427 hilominus
888 1376 1015 1427 non
1046 1368 1313 1447 accipiat
1346 1370 1661 1449 objectum
1686 1388 1895 1441 suum,
1930 1374 1998 1429 ut
2029 1368 2094 1431 in

525 1459 630 1521 illo
685 1477 799 1538 per
838 1478 904 1521 sc
944 1460 1203 1534 nitatur,
1255 1465 1561 1541 tanquam
1607 1464 1931 1543 cognitum
1981 1481 2095 1542 per

530 1553 701 1614 aliud
740 1554 979 1622 lumen.
1007 1555 1119 1615 sed
1148 1574 1261 1617 sua
1290 1556 1517 1619 virtute
1566 1562 1631 1619 et
1660 1558 1936 1619 efficacia
1967 1574 2095 1617 cre-

524 1648 631 1711 dat
653 1648 845 1721 illud;
880 1650 1039 1711 sicut
1062 1652 1131 1711 D.
1160 1650 1432 1713 Thomas
1462 1651 1635 1724 dixit,
1680 1651 1905 1713 eodem
1949 1656 2094 1713 actu

524 1760 641 1801 nos
672 1742 929 1805 credere
962 1744 1094 1804 Deo
1128 1748 1191 1805 et
1228 1745 1451 1820 Deum,
1484 1750 1547 1807 et
1572 1748 1905 1824 propterea
1952 1744 2093 1805 talis

522 1840 696 1895 actus
718 1835 972 1897 omnino
996 1837 1487 1915 supernaturalis
1508 1844 1621 1909 est,
1644 1845 1703 1899 et
1717 1838 1849 1898 sine
1868 1837 2104 1917 specia-

521 1929 565 1991 li
604 1929 832 1990 auxilio
872 1931 1085 2009 gratiae
1113 1931 1332 1993 haberi
1362 1951 1491 1993 non
1528 1936 1753 2010 potest.
1784 1932 2096 2004 Secundo,

524 2022 687 2083 addo
723 2022 840 2083 hoc
888 2025 1282 2103 mysterium,
1334 2027 1507 2104 quod
1538 2027 1617 2086 de
1648 2026 1769 2087 fide
1804 2025 2096 2098 diximuS,

526 2134 663 2176 esse
713 2116 895 2177 valde
938 2124 1435 2179 consentaneum
1476 2119 1740 2192 rationi;
1783 2136 1931 2179 nam
1961 2124 2090 2179 tota

524 2211 657 2269 haec
716 2209 1023 2271 certitudo
1080 2210 1347 2272 debetur
1392 2210 1651 2273 infinitis
1702 2212 2088 2273 excellentias

524 2302 773 2375 divinae,
806 2303 931 2364 imo
960 2304 1297 2365 intrinsece
1335 2305 1582 2365 videtur
1626 2306 1802 2385 sequi
1832 2322 1909 2366 ex
1933 2323 2092 2384 qua-

520 2397 691 2457 litate
722 2398 815 2474 (ut
852 2398 939 2457 sic
976 2397 1205 2477 dicam)
1236 2398 1424 2458 divini
1452 2399 1810 2472 testimonii,
1868 2404 2088 2479 quate-

522 2508 641 2549 nus
671 2490 927 2551 omnino
972 2490 1295 2551 infallibile
1326 2498 1443 2566 est,
1474 2496 1537 2552 et
1572 2492 1855 2572 obligare
1882 2498 2088 2572 potest

524 2583 607 2641 ad
652 2582 1035 2645 credendum
1066 2603 1140 2645 ea
1170 2603 1309 2663 quae
1334 2584 1503 2659 dicit,
1534 2591 1835 2665 tanquam
1862 2588 2089 2647 infalli-

526 2677 675 2737 bilia
700 2693 721 2754 3
754 2677 1021 2739 dicendo
1051 2679 1219 2740 enim
1250 2679 1511 2757 aliquid,
1544 2698 1619 2741 eo
1662 2681 1797 2759 ipso
1842 2680 1990 2741 dicit
2017 2700 2086 2742 se

527 2790 663 2831 esse
692 2790 982 2833 veracem
1024 2773 1087 2833 in
1121 2791 1197 2833 eo
1238 2773 1408 2852 quod
1455 2774 1755 2847 affirmat,
1787 2794 1936 2835 nam
1968 2776 2088 2837 hac

526 2865 767 2925 ratione
817 2865 1053 2927 inducit
1104 2866 1187 2927 ad
1227 2866 1609 2927 credendum
1661 2868 1815 2930 illud
1852 2869 2087 2929 dictum

526 2976 665 3020 esse
717 2976 959 3033 verum,
1009 2965 1072 3023 et
1122 2968 1580 3039 consequenter
1618 2962 1803 3023 etiam
1828 2963 1974 3023 dicit
2002 2964 2088 3023 ita

526 3071 591 3113 se
614 3071 751 3115 esse
774 3071 1084 3129 veracem,
1112 3060 1179 3115 ut
1200 3054 1451 3115 mentiri
1471 3054 1643 3115 nullo
1659 3055 1847 3118 modo
1866 3058 2080 3135 possin

524 3166 675 3207 nam
730 3147 851 3207 hoc
900 3147 1075 3208 titulo
1119 3146 1352 3226 obligat
1396 3147 1475 3207 ad
1504 3148 1884 3211 credendum
1934 3150 2088 3211 illud

524 3246 829 3318 tanquam
852 3240 1195 3313 infallibile,
1230 3246 1293 3302 et
1319 3240 1483 3313 ideo,
1515 3260 1589 3303 ex
1616 3242 1951 3304 intrinseca
1975 3262 2090 3305 na-

524 3340 665 3395 tura
690 3335 832 3395 talis
852 3334 997 3395 fidei
1016 3341 1079 3395 et
1104 3333 1245 3395 talis
1272 3334 1519 3413 objecti,
1544 3337 1821 3397 nascitur
1833 3343 1901 3397 ut
1918 3337 2090 3399 idem

528 3430 959 3491 testimonium
980 3474 995 3501 ‚
1048 3428 1223 3507 quod
1290 3429 1514 3490 sufficit
1574 3428 1655 3489 ad
1709 3430 2100 3491 credendum

526 3540 661 3583 rem
692 3522 1057 3595 revelatam,
1088 3522 1355 3583 sufficiat
1376 3522 1457 3583 ad
1480 3522 1861 3585 credendum
1884 3524 2094 3603 ipsum

528 3615 913 3677 revelantem
970 3633 1107 3677 csse
1136 3615 1484 3685 veritatem,
1538 3632 1679 3694 quas
1706 3616 1921 3677 fallere
1963 3634 2094 3677 non

533 3715 759 3787 potest.
816 3712 969 3790 Cum
1019 3714 1228 3771 autem
1260 3708 1568 3787 objicitur,
1603 3710 1750 3788 quia
1797 3726 2092 3770 assensus

529 3804 821 3882 supponit
842 3804 1155 3883 objectum
1180 3822 1361 3863 suum
1386 3804 1728 3883 cognitum,
1758 3803 2094 3883 responde-

534 3904 655 3973 tur,
693 3898 741 3957 si
776 3904 1172 3977 comparetur
1198 3898 1513 3977 objectum
1540 3897 1801 3959 formale
1855 3898 1937 3959 ad
1957 3916 2095 3957 ma·-

529 3992 773 4065 tei-iate,
826 3992 912 4052 sic
955 3991 1173 4053 ordine
1206 3998 1467 4064 naturae,
1506 3991 1603 4053 vel
1632 3992 1911 4065 rationi5‚
1942 4010 2096 4071 sup·-

530 4085 679 4164 poni
724 4085 1037 4165 objectum
1084 4084 1346 4146 formale
1388 4086 1707 4164 cognitum
1764 4085 1846 4145 ad
1894 4090 2095 4145 mate-

534 4181 687 4241 riale
714 4199 729 4253 ;
777 4198 926 4241 nam
974 4180 1023 4240 si
1071 4180 1395 4258 utriusque
1424 4179 1697 4259 cognitio
1722 4178 1835 4239 fiat
1860 4197 1974 4257 per
2001 4179 2098 4239 di-

529 4292 745 4336 versos
776 4278 971 4347 actUS,
1006 4292 1265 4337 necesse
1296 4279 1391 4335 est
1422 4281 1489 4334 ut
1516 4291 1680 4333 unus
1704 4278 1997 4334 causetur
2018 4291 2096 4333 ex

532 4370 653 4431 alio
708 4369 915 4447 aliquo
942 4368 1153 4442 modo,
1197 4373 1261 4430 et
1298 4372 1449 4428 tunc
1484 4368 1601 4429 erit
1634 4366 1787 4429 ordo
1815 4372 2090 4441 naturae3

532 4466 583 4525 si
630 4482 779 4525 vero
826 4467 1158 4542 utrumque
1190 4462 1504 4541 objectum
1550 4466 1963 4541 cognoscatur
1985 4480 2096 4522 eo-

529 4558 678 4619 dem
708 4563 869 4627 actu,
901 4557 1123 4616 sufficit
1142 4556 1295 4617 ordo
1320 4555 1599 4629 ratiouiS,
1630 4554 1777 4633 quia
1796 4561 1941 4615 tunc
1963 4573 2092 4616 non

530 4658 627 4713 est
652 4650 985 4713 causalitas
1006 4650 1191 4710 realis
1210 4650 1275 4711 in
1300 4650 1525 4712 eodem
1544 4652 1709 4722 actu,
1742 4649 2094 4711 secundum

530 4745 809 4807 diversas
857 4743 1133 4806 rationes
1162 4742 1465 4823 spectato.
1511 4744 1574 4805 Si
1602 4760 1749 4803 vero
1776 4742 2096 4822 objectum

529 4839 791 4901 formale
839 4845 901 4899 et
930 4838 1253 4899 materiale
1296 4837 1637 4917 cognitum,
1673 4836 1752 4897 sit
1796 4836 1988 4911 idem,
2025 4842 2096 4897 ut

534 4932 788 5012 quando
828 4932 1059 4992 directe
1090 4930 1278 4992 credo
1294 4933 1493 4991 Deum
1537 4947 1673 4991 esse
1699 4930 1968 5009 primam
1993 4948 2098 4991 ve-

528 5028 801 5099 ritatem,
852 5030 1106 5105 propter
1160 5025 1460 5104 seipsum,
1520 5030 1603 5084 et.
1626 5023 1773 5101 quia
1828 5022 2094 5102 ipsemet

534 5123 657 5183 hoc
682 5120 856 5194 dixit,
888 5125 1032 5181 tunc
1052 5118 1249 5179 multo
1274 5119 1479 5179 minor
1494 5122 1587 5179 est
1606 5116 1893 5197 prioritas
1914 5124 2094 5179 natu-

524 5232 640 5293 rae,
688 5216 805 5279 sed
844 5215 1106 5275 rationis
1148 5214 1371 5275 sufficit
1398 5230 1512 5292 per
1538 5212 1882 5291 quamdam
1909 5212 2094 5273 refle-

524 5310 774 5371 xionem
807 5326 949 5388 quae
970 5308 1314 5369 virtualiter
1338 5308 1401 5367 in
1434 5306 1702 5386 ipsomet
1730 5312 1873 5367 actu
1898 5306 2098 5367 inclu-

525 5406 714 5479 ditur,
759 5410 951 5483 atque
1003 5402 1193 5464 etiam
1242 5401 1309 5461 in
1334 5401 1602 5481 objecto,
1636 5399 1787 5478 quia
1824 5398 2094 5460 dicendo

524 5518 771 5571 verum,
824 5502 1288 5575 consequenter
1324 5495 1475 5558 dicit
1520 5512 1591 5555 se
1622 5510 1763 5555 esse
1802 5510 2096 5553 veracem

523 5599 589 5661 in
613 5616 687 5659 eo
716 5594 886 5679 quod
924 5594 1091 5667 dicit,
1124 5598 1195 5652 ut
1243 5588 1566 5671 explicavi.
1598 5588 1815 5668 Neque
1845 5586 1966 5647 hoc
1993 5604 2098 5647 rc-

1004 428 1241 480 DlSPUT.
1278 428 1359 479 111.
1398 428 1478 481 DE
1512 427 1775 481 OBJECTO
1808 426 2080 481 romum
2113 424 2294 487 mnus,
2331 424 2411 477 m·
2443 424 2736 487 Quouono
2769 426 2853 477 An
2887 424 3089 481 ILLUD,
3115 426 3250 480 ETC.

2171 530 2414 605 pugnat
2465 524 2742 587 firmitati
2770 530 2834 587 et
2871 525 3223 586 certitudini
3263 525 3407 587 fidei
3443 526 3742 588 Christia-

2171 637 2295 695 nae,
2330 619 2500 698 quia,
2532 624 2603 680 ut
2631 619 2775 693 dixi,
2807 618 3177 683 excellentia
3207 621 3426 699 primae
3457 619 3743 681 veritatis

2172 712 2362 773 talem
2418 712 2678 773 modum
2705 712 2852 773 fidei
2904 718 2966 774 et
3005 711 3386 774 credulitatis
3433 720 3740 773 meretur.

2173 808 2251 867 Et
2305 805 2388 868 ob
2439 808 2730 893 eamdem
2785 824 3042 869 causam
3075 825 3202 868 non
3241 814 3556 887 repugnat
3591 806 3746 867 huic

2173 898 2319 960 fidei
2345 900 2448 963 ille
2475 900 2701 963 modus
2729 900 3148 974 resolutioniS‚
3188 901 3296 980 qui
3322 902 3386 961 in
3407 900 3590 963 tertio
3641 920 3747 961 ar-

2174 997 2473 1073 gumento
2525 994 2924 1075 tangebatur,
2975 994 3105 1056 sive
3155 995 3257 1055 ille
3287 994 3582 1057 resolutio
3633 994 3749 1055 fiat

2171 1086 2492 1149 mediante
2561 1088 2870 1161 discursu,
2929 1088 3062 1151 sive
3119 1088 3358 1168 absque
3396 1089 3526 1165 illo,
3567 1089 3746 1169 quod

2172 1186 2392 1258 postea
2409 1180 2785 1253 videbimus,
2803 1201 2972 1244 nunc
2993 1181 3163 1244 enim
3187 1200 3314 1243 non
3337 1182 3530 1244 refert
3545 1201 3560 1255 ;
3577 1200 3749 1243 sem·

2174 1291 2289 1351 per
2339 1276 2512 1337 enim
2541 1276 2868 1337 fatendum
2903 1281 3000 1337 est
3025 1276 3472 1338 resolutionem
3496 1276 3637 1339 fieri
3669 1294 3752 1339 ex

2175 1366 2422 1445 objecto
2466 1370 2777 1431 materiali
2821 1370 2901 1431 ad
2941 1370 3246 1443 formam
3276 1370 3482 1450 ipsum
3527 1378 3751 1431 autem

2176 1458 2436 1523 formale
2460 1462 2770 1541 objectum
2805 1480 2931 1525 non
2960 1464 3026 1523 in
3047 1462 3218 1524 aliud
3247 1464 3594 1535 resolvitur,
3635 1464 3754 1524 sed

2175 1572 2288 1632 per
2315 1555 2594 1635 seipsum
2623 1556 2920 1633 creditur,
2957 1557 3104 1637 quia
3131 1560 3336 1636 potest
3381 1557 3460 1618 de
3507 1576 3574 1619 se
3605 1558 3752 1637 ipso

2175 1647 2516 1727 testificari,
2561 1650 2733 1711 etita
2758 1650 2822 1711 iu
2871 1668 2940 1711 se
2985 1651 3120 1730 ipso
3149 1650 3505 1725 reflectitur,
3539 1658 3600 1713 et
3633 1650 3750 1711 tali

2175 1740 2363 1802 modo
2399 1742 2478 1803 de
2525 1762 2592 1805 se
2639 1742 3026 1818 testificatur,
3069 1750 3140 1805 ut
3187 1743 3374 1805 faciat
3422 1744 3754 1805 evidenter

2185 1834 2524 1909 credibilia,
2579 1856 2712 1899 non
2767 1838 2971 1897 solum
3031 1838 3154 1897 alia
3204 1854 3344 1915 quoe
3396 1838 3560 1911 dicit,
3627 1839 3752 1899 sed

2184 1928 2372 1989 etiam
2413 1947 2550 2007 quae
2570 1930 2649 1991 de
2671 1948 2740 1991 se
2770 1930 2904 2010 ipso
2935 1931 3322 2005 testificatur,
3353 1932 3520 2011 quod
3545 1933 3752 2011 perti·

2179 2026 2310 2095 net,
2339 2029 2408 2082 ut
2435 2022 2584 2095 dixi,
2615 2024 2698 2086 ad
2725 2024 3034 2085 infinitam
3055 2025 3485 2085 excellentiam
3511 2025 3748 2087 divinae

2178 2116 2476 2187 veritatis,
2497 2118 2714 2180 etideo
2731 2137 2857 2179 non
2885 2122 2980 2179 est
3005 2118 3144 2179 haec
3155 2120 3430 2199 cognitio
3444 2136 3580 2180 cum
3601 2120 3748 2181 aliis

2172 2210 2618 2288 comparanda,
2645 2212 2814 2289 quod
2842 2213 2908 2273 in
2936 2213 3348 2291 sequentibus
3377 2212 3608 2274 iterum
3647 2232 3748 2275 oc·

2172 2308 2402 2375 curret,
2433 2309 2496 2364 et
2527 2306 2728 2383 magis
2759 2304 3187 2384 explicabitur.

2247 2398 2306 2457 9.
2349 2395 2456 2459 Ad
2479 2396 2832 2479 Cajetanum
2865 2404 3214 2481 affluentem
3245 2416 3320 2461 esc
3345 2398 3498 2462 Heb.
3531 2402 3638 2475 n,
3675 2402 3745 2463 in

2172 2505 2341 2551 num.
2377 2490 2625 2555 3.-Ad
2647 2492 2964 2571 utriusque
2989 2493 3238 2555 membri
3258 2494 3743 2571 fundamentum,

2169 2580 2309 2645 ibid.
2339 2614 2421 2629 -—
2449 2584 2542 2645 Ad
2563 2584 3046 2647 fundamentum
3077 2586 3370 2646 secundas
3399 2586 3742 2665 opinioni3‚

2170 2677 2402 2753 primo,
2429 2678 2598 2739 male
2630 2678 3022 2757 explicantur
3039 2679 3233 2739 verba
3256 2678 3459 2739 Pauli:
3491 2677 3750 2761 Oportet

2169 2772 2404 2835 credero
2446 2774 2592 2853 quia
2636 2778 2750 2843 ost,
2779 2790 2928 2833 uam
2977 2772 3302 2835 evidenter
3340 2772 3622 2850 loquitur
3661 2774 3746 2834 de

2169 2862 2291 2925 fide
2321 2865 2782 2943 supernaturali
2813 2871 2875 2925 et
2898 2865 3124 2942 infusa,
3158 2883 3308 2928 nam
3335 2865 3416 2926 de
3437 2865 3540 2925 illa
3563 2866 3748 2928 dixe·-

2167 2965 2264 3019 rat
2289 2958 2356 3019 in
2378 2960 2488 3019 fin.
2526 2978 2664 3037 cap.
2692 2961 2800 3019 10:
2833 2958 3056 3023 „Iustus
3077 2959 3286 3036 eoefida
3322 2957 3493 3033 vivit,
3525 2964 3582 3023 et
3605 2960 3747 3023 sine

2160 3054 2278 3130 ficio
2295 3053 2663 3134 impossibile
2687 3058 2778 3115 est
2794 3052 3038 3133 placere
3063 3052 3232 3124 Deo;
3261 3057 3322 3111 et
3349 3053 3514 3113 hanc
3539 3052 3742 3115 fidem

2170 3146 2390 3208 definit
2423 3193 2440 3220 ,
2493 3164 2637 3207 cum
2686 3145 2832 3208 dicit
2885 3162 3024 3205 esse
3075 3144 3480 3208 substantiam
3528 3162 3748 3209 rerum

2169 3240 2605 3317 sperandarum
2625 3263 2652 3312 ;
2701 3234 2764 3299 e't
2807 3256 2924 3317 per
2967 3238 3156 3298 hanc'
3179 3238 3372 3299 fidem
3407 3238 3554 3299 dicit
3593 3258 3742 3301 esse

2169 3330 2334 3393 facta
2369 3333 2603 3405 omnia,
2634 3350 2773 3411 quae
2800 3333 2863 3392 in
2895 3332 3000 3392 illo
3029 3350 3168 3411 cap.
3203 3335 3270 3392 1¹
3303 3338 3547 3403 narrat;
3579 3352 3744 3413 crgo

2174 3426 2252 3487 de
2283 3426 2506 3488 eadem
2535 3426 2660 3496 fide
2675 3427 2954 3507 loquitur
2973 3444 3116 3487 cum
3145 3426 3319 3487 dicit:
3351 3426 3746 3491 ‚decedentem

2173 3524 2256 3585 ad
2279 3523 2494 3596 Deum,
2528 3500 2758 3603 opci‘tet
2791 3522 3024 3585 credere
3053 3522 3200 3603 qvia
3217 3528 3344 3592 θεὴ·
3365 3527 3428 3582 et
3453 3521 3540 3583 ita
3575 3523 3752 3583 Con-

2175 3614 2382 3677 cilium
2424 3615 2882 3689 Tridentium,
2927 3632 3084 3677 seSS.
3130 3616 3190 3687 6,
3233 3632 3370 3693 cap.
3402 3616 3462 3689 6,
3507 3615 3584 3676 de
3613 3616 3754 3677 fide

2175 3708 2378 3769 infusa
2409 3708 2587 3769 illum
2616 3708 2825 3769 locum
2873 3708 3181 3785 intelligit,
3217 3714 3278 3768 et
3302 3708 3386 3769 ita
3415 3708 3603 3770 ctiam
3647 3710 3754 3769 in-

2175 3800 2462 3880 telligunt
2507 3802 2926 3863 communiter
2961 3801 3198 3862 Patres.
3241 3800 3318 3862 Et
3359 3802 3508 3863 hinc
3535 3802 3618 3863 ad
3645 3822 3756 3863 rn-

2173 3894 2431 3967 tionem,
2487 3896 2946 3975 respondemus
2996 3894 3242 3955 nullum
3273 3914 3414 3957 esse
3461 3896 3749 3971 fidelem,

2177 3989 2576 4067 quantumvis
2602 3990 2950 4068 sapientem
2973 3988 3039 4048 in
3077 3988 3433 4068 cognitione
3474 3992 3756 4051 naturali

2177 4100 2318 4160 quae
2370 4082 2450 4143 de
2491 4084 2624 4143 Deo
2677 4082 2896 4142 haberi
2939 4087 3168 4161 potest,
3209 4082 3316 4161 qui
3370 4100 3498 4144 non
3545 4085 3758 4163 possit

2175 4176 2298 4239 fide
2353 4177 2558 4239 infusa
2609 4168 2864 4240 credere
2897 4179 3097 4239 Deum
3130 4194 3291 4252 esse,
3345 4184 3408 4241 et
3447 4196 3754 4241 veracem

2178 4290 2340 4345 esse,
2401 4278 2463 4332 et
2490 4271 2632 4333 ideo
2663 4270 3094 4333 necessarium
3140 4276 3390 4334 nonest
3428 4278 3498 4333 ut
3544 4274 3762 4335 Chris·
3882 4288 3883 4351 ξ

2176 4366 2326 4428 tiani
2347 4366 2702 4447 philosophi
2729 4364 2995 4427 fundent
3042 4365 3259 4441 fidem,
3295 4384 3482 4446 quam
3507 4366 3760 4430 habent

2175 4460 2254 4523 de
2305 4460 2441 4523 aliis
2505 4460 2822 4539 mysteriis
2843 4504 2864 4533 ,
2923 4459 2986 4519 in
3036 4459 3308 4519 naturali
3353 4460 3716 4539 cognitione
3735 4506 3754 4535 ,

2173 4572 2366 4633 quam
2385 4548 2620 4616 habent
2633 4551 2711 4613 de
2731 4551 2940 4613 divina
2961 4552 3329 4625 veracitate3
3359 4570 3511 4612 nam
3525 4552 3608 4615 de
3629 4552 3762 4615 hac

2175 4650 2362 4711 etiam
2377 4648 2613 4709 habent
2622 4647 2952 4722 fimiorem
2961 4646 3378 4727 propheticum
3390 4662 3754 4720 sermonem,

2175 4743 2275 4804 cui
2322 4743 2460 4805 bono
2505 4741 2742 4821 faciutit
2767 4740 3136 4802 attendentes
3151 4762 3180 4811 ;
3215 4737 3364 4814 imo,
3397 4739 3449 4799 si
3501 4739 3588 4799 ita
3615 4758 3756 4801 non

2175 4834 2508 4896 crederent
2535 4835 2732 4894 Deum
2761 4850 2900 4893 esse
2923 4848 3260 4903 veracem„
3283 4850 3493 4911 neque
3506 4839 3758 4894 caetera

2177 4934 2436 5008 possent
2461 4928 2720 4989 credere
2747 4926 2872 4988 fide
2903 4926 3133 5000 infusa,
3165 4931 3236 4988 ut
3264 4928 3600 5007 probatum
3627 4935 3752 4989 est.

2176 5022 2500 5094 Quomodo
2541 5027 2756 5082 autem
2790 5020 2856 5081 in
2889 5020 2986 5080 his
3036 5020 3436 5081 credentibus
3487 5021 3762 5099 conjun-
3880 5010 3881 5041 f

2176 5122 2404 5196 gantur
2427 5114 2750 5178 naturales
2787 5112 3060 5175 scientim
3102 5130 3247 5172 cum
3285 5116 3758 5192 supernaturali

2176 5211 2302 5271 fide
2332 5210 2686 5290 aliquarum
2719 5207 3074 5283 veritatum,
3109 5206 3172 5266 in
3203 5207 3614 5285 sequentibus
3642 5224 3760 5268 ex-

2180 5304 2574 5385 plicabimus.

2819 5518 3084 5541 *m
