3900 6217
492 404 925 485 propositionis
950 403 1068 465 sibi
1089 402 1434 483 specialiter
1453 403 1759 481 revelatae,
1785 402 1884 465 vel
1915 420 2055 483 pro-

491 504 630 577 pter
651 516 970 559 assensum
1021 497 1370 572 contrariae,
1405 514 1534 559 non
1569 496 1882 558 incurrere
1923 514 2053 575 poe-

491 608 603 651 nas
623 590 786 669 juris
811 588 1227 659 ecclesiastici,
1285 594 1537 669 propter
1578 589 1884 650 rationem
1927 588 2051 649 fac-

491 691 646 758 tam,
675 684 838 763 quod
880 681 1144 743 Ecclesia
1186 688 1432 743 tantum
1471 684 1653 764 punit
1681 690 1987 763 apostatas
2014 701 2053 745 a

489 795 602 837 sua
646 776 791 851 fide,
820 776 886 835 id
919 780 1034 850 est,
1075 794 1114 836 a
1140 774 1419 837 doctrina
1467 796 1577 856 per
1617 778 1818 855 ipsam
1846 776 2053 838 Eccle-

490 872 647 931 siam
673 869 988 949 proposita
1013 875 1076 929 et
1107 868 1386 948 probata,
1419 888 1604 949 quam
1637 876 1884 950 propter
1914 872 2053 931 uni-

488 962 906 1023 versalitatem
955 961 1322 1023 catholicam
1355 980 1669 1025 vocamus.
1703 964 1914 1043 Neque
1939 965 2053 1024 Ec-

489 1054 668 1117 clesia
691 1054 926 1133 judicat
940 1055 1017 1116 de
1041 1056 1304 1117 internis
1347 1062 1412 1116 et
1440 1056 1696 1135 privatis
1725 1056 2049 1118 revelatio·-

489 1148 697 1226 nibus,
749 1149 856 1209 sed
895 1148 1208 1211 interdum
1235 1168 1338 1210 eas
1367 1150 1704 1225 examinat,
1751 1170 1832 1211 an
1875 1150 2047 1211 falsae

489 1243 633 1320 sint,
688 1249 758 1303 ut
817 1261 886 1303 re
935 1244 1092 1323 ipsa'
1121 1249 1288 1319 sunt,
1351 1244 1589 1323 quoties
1653 1262 1693 1305 a
1731 1243 2052 1305 'catholica

488 1337 770 1399 doctrina
809 1337 1196 1417 discrepant3
1229 1339 1280 1399 si
1321 1356 1466 1399 vero
1517 1357 1645 1400 non
1674 1338 2047 1418 discrepant,

487 1430 748 1491 liberum
783 1430 1155 1510 relinquitur
1183 1438 1256 1492 ut
1283 1449 1390 1510 per
1415 1433 1800 1510 conjecturas
1817 1432 2052 1492 exami-

487 1530 740 1601 nentur,
795 1524 1006 1604 quales
1033 1524 1176 1587 sint.
1211 1525 1438 1588 Deinde
1466 1526 1572 1585 illa
1617 1525 1877 1600 malitia,
1912 1544 2053 1603 quae

487 1616 552 1677 in
577 1616 688 1678 illo
717 1624 963 1697 peccato
989 1618 1432 1692 consideratur,
1485 1625 1790 1698 quatenus
1832 1619 1920 1695 pri
1931 1636 2045 1679 mae

485 1712 732 1773 veritati
785 1713 1148 1793 opponitur,
1197 1713 1566 1791 regulariter
1618 1718 1680 1773 et
1729 1710 2049 1773 moraliter

483 1803 813 1883 loquendo,
843 1812 935 1867 est
977 1824 1147 1867 mere
1174 1806 1441 1881 interna,
1479 1812 1542 1865 et
1581 1823 1660 1865 ex
1712 1804 1830 1865 hac
1873 1811 2049 1883 parte

485 1916 612 1975 non
639 1898 958 1977 subjicitur
987 1900 1188 1978 poenis
1227 1898 1524 1960 Ecclesiae.
1559 1898 1621 1959 Si
1657 1898 1794 1978 quis
1838 1904 2047 1959 autem

485 1993 754 2052 exterius
779 1992 1026 2053 doceret
1068 1992 1166 2054 vel
1207 1994 1401 2053 Deum
1441 2009 1615 2071 posse
1658 1992 1908 2053 mentiri
1939 2008 2049 2069 per

483 2084 794 2165 privatam
821 2085 1286 2157 revelationem,
1337 2084 1437 2145 vel
1476 2102 1604 2146 non
1646 2084 1736 2144 illi
1765 2102 1894 2145 esse
1922 2102 2048 2144 cre-

485 2177 781 2253 dendum,
830 2178 1072 2239 etiamsi
1098 2178 1468 2240 sufficienter
1517 2176 1690 2237 illam
1717 2184 2041 2256 proponat,

476 2272 612 2351 jam
656 2279 890 2335 erraret
925 2273 992 2333 in
1038 2273 1320 2334 doctrina
1377 2271 1700 2348 catholica,
1759 2278 1821 2331 et
1867 2270 2047 2331 illum

484 2384 755 2427 errorem
781 2367 1052 2427 exterius
1075 2365 1428 2446 exprimens
1464 2382 1676 2445 poenas
1725 2363 2043 2425 haeretico-

481 2474 621 2520 rum
653 2459 1012 2534 incurreret,
1042 2472 1112 2519 ut
1143 2478 1226 2521 ex
1245 2459 1424 2521 dictis
1452 2466 1640 2539 patet.

565 2553 664 2613 13.
709 2553 838 2615 Pro
875 2554 1136 2615 secanda
1177 2557 1358 2634 parte
1394 2554 1589 2630 tituli,
1627 2551 1938 2634 oolliqitar
1978 2569 2053 2615 ea

485 2646 666 2709 dictis
693 2643 962 2723 definitio
1013 2646 1278 2708 λων-σείς.
1314 2679 1392 2691 -
1432 2647 1593 2709 Item
1631 2646 1768 2727 qais
1806 2646 2051 2709 dicatur

482 2738 820 2813 Icoereticus,
869 2740 1055 2817 juata
1105 2736 1536 2820 Auyustinum.
1573 2772 1654 2785 —
1689 2738 1836 2813 Quis
1851 2738 2051 2817 juata

480 2837 782 2896 auctorem
803 2832 1062 2896 brevius.
1090 2863 1171 2877 —
1193 2833 1283 2892 Ex
1303 2832 1532 2911 quibus
1559 2832 1846 2893 omnibus
1868 2832 2047 2893 facile

480 2925 763 2987 concludi
789 2932 988 3005 potest
1038 2924 1318 2986 definitio
1359 2926 1612 2986 haeresis
1655 2926 1857 3005 quoad
1911 2944 2043 2987 rem

479 3022 714 3097 ipsam3
744 3028 836 3080 est
859 3020 1030 3080 enim
1059 3019 1440 3082 voluntarius
1469 3024 1528 3081 et
1547 3020 1838 3101 pertinax
1873 3038 2046 3083 error

477 3116 546 3177 in
573 3116 832 3177 matoria
857 3114 1005 3189 fidei
1031 3114 1340 3177 catholica
1364 3116 1698 3189 contraria,
1726 3112 1793 3175 ia
1813 3115 2047 3176 homino

478 3207 584 3289 qui
603 3228 666 3271 se
695 3207 1114 3271 Christianum
1135 3224 1259 3268 esse
1283 3209 1620 3288 profitetur.
1653 3207 1802 3280 Quae
1829 3222 2046 3267 omnes

479 3299 800 3381 particulae
851 3318 930 3361 ex
962 3299 1140 3360 dictis
1187 3300 1334 3359 satis
1374 3305 1610 3378 patent,
1641 3305 1704 3359 et
1751 3317 1858 3378 per
1899 3299 2042 3360 ulti-

479 3412 650 3454 mam
685 3393 1085 3471 distinguitur
1111 3393 1244 3454 haec
1264 3392 1596 3455 infidelitas
1619 3412 1658 3454 a
1676 3393 1952 3473 reliquiS,
1980 3398 2043 3453 et

480 3487 618 3549 ideo
657 3488 737 3547 ad
769 3486 942 3548 illam
979 3488 1365 3548 reducuntur
1399 3504 1616 3547 omnes
1658 3488 2042 3548 conditiones

479 3582 546 3641 in
579 3580 696 3641 hac
723 3582 988 3641 sectione
1025 3580 1266 3659 positae,
1316 3585 1388 3640 ut
1429 3580 1611 3641 initio
1665 3580 1834 3641 illius
1881 3581 2045 3642 indi-

479 3674 636 3748 cavi,
667 3681 730 3734 et
756 3674 822 3733 iu
853 3672 1128 3751 ejusdem
1157 3672 1434 3733 discursu
1458 3673 1785 3735 declaravi.
1816 3674 2045 3735 Deinde

480 3766 670 3827 simili
726 3766 909 3826 modo
968 3764 1284 3844 colligitur
1351 3766 1502 3845 quid
1554 3766 1882 3827 haereticus
1938 3767 2040 3827 sit.

479 3862 676 3933 Quam
713 3859 1116 3938 quaestionem
1151 3877 1501 3938 proponens
1523 3860 1929 3939 Augustinus,
1973 3860 2046 3919 li·

478 3953 594 4015 bro
631 3952 709 4013 de
755 3952 1122 4027 Hoeresibus,
1180 3952 1382 4023 initio,
1424 3954 1513 4013 sic
1565 3954 1768 4033 inquit
1814 3969 1831 4013 :
1885 3953 2049 4027 Quid

475 4048 672 4126 faciat
702 4046 1065 4121 haereticum,
1098 4046 1370 4128 reyalari
1397 4046 1744 4123 definitione
1779 4062 2047 4128 compre-

479 4142 656 4203 nendi
673 4186 692 4215 ‚
722 4140 884 4201 siout
909 4156 1009 4221 eyo
1038 4139 1336 4214 existima
1381 4140 1475 4202 vel
1510 4140 1746 4201 omnino
1775 4158 1893 4203 non.
1933 4158 2046 4220 po-

481 4238 622 4306 test,
654 4233 746 4295 vel
781 4232 1148 4309 difficillime
1170 4236 1370 4314 potest
1383 4256 1410 4305 ,·
1441 4238 1503 4293 et
1531 4231 1597 4291 in
1639 4231 1766 4293 fine
1792 4230 1933 4292 libri
1983 4234 2046 4293 id

481 4326 716 4401 omisit,
770 4331 834 4386 et
880 4324 1032 4385 alibi
1089 4325 1480 4386 tractandum
1531 4325 1826 4395 remittit;
1883 4344 2047 4385 nun·

481 4436 671 4498 quam
703 4436 848 4479 vero
873 4436 948 4479 ex
977 4418 1244 4496 prefesso
1295 4416 1450 4477 illud
1492 4416 1804 4495 implevit;
1839 4432 2049 4478 tamen

480 4514 550 4572 in
595 4511 756 4573 libro
795 4512 872 4573 de
907 4511 1184 4572 Utilitate
1233 4510 1549 4585 credendi,
1595 4526 1726 4589 cap.
1783 4514 1842 4584 1,
1901 4510 2051 4571 dicit

483 4604 846 4665 haereticum
880 4622 1032 4679 esse,
1072 4601 1176 4683 qai
1216 4603 1482 4680 alicujus
1510 4604 1861 4682 temporalis
1897 4622 2053 4665 com-

481 4700 666 4771 modi,
692 4703 748 4760 et
761 4696 1022 4759 maaime
1041 4697 1256 4775 ylorioe
1269 4696 1767 4777 principata-sque
1789 4698 1888 4758 sui
1910 4714 2053 4779 yra—

483 4791 606 4865 tia„
645 4791 842 4867 falsas
879 4808 950 4853 ao
1001 4808 1186 4853 novas
1233 4788 1536 4870 opiniones
1577 4790 1668 4851 vel
1719 4790 1916 4872 qiynit
1962 4790 2054 4853 vel

483 4885 776 4966 sequitur.
819 4886 890 4945 In
919 4901 1046 4961 qua
1075 4882 1482 4962 descriptione
1513 4884 1715 4962 prima
1749 4883 2049 4961 particula

479 4979 754 5059 pertinet
798 4977 1004 5056 potius
1030 4976 1110 5037 ad
1137 4994 1413 5049 causam,
1461 4977 1558 5037 vel
1599 4978 1902 5039 motivum
1947 4994 2051 5037 ex-

479 5073 816 5133 trinsecum
848 5066 1114 5144 haeresia
1136 5087 1324 5149 quam
1353 5070 1432 5131 ad
1459 5070 1864 5133 substantiam
1891 5071 2045 5151 ojus,

487 5164 663 5225 Unde
691 5183 768 5225 ex
795 5164 932 5225 aliis
955 5162 1156 5225 causis
1191 5168 1253 5224 et
1284 5164 1532 5225 motivis
1561 5165 1712 5225 oriri
1745 5170 1965 5243 potest,
1990 5169 2053 5225 et

479 5258 792 5338 principue
815 5275 888 5319 ae
918 5256 1304 5335 frequentius
1325 5274 1402 5317 ex
1430 5257 1738 5337 superbia,
1771 5256 1871 5317 vel
1900 5276 2055 5337 prae-

489 5352 842 5431 sumptione
871 5350 1146 5428 iugenii3
1188 5356 1252 5410 et
1277 5351 1592 5428 potissime
1621 5369 1696 5412 ex
1727 5344 1896 5411 vitiis
1922 5369 2056 5411 car·

482 5444 752 5521 nulibus,
778 5449 1027 5524 propter
1067 5443 1232 5524 quod
1281 5442 1508 5505 Paulus
1557 5444 1840 5507 hoeresim
1883 5444 2061 5525 ponit

1084 302 1320 354 msth'r.
1354 303 1483 355 xlx,
1519 303 1600 355 DE
1635 301 2017 355 lNFlDELlBUS
2050 302 2407 365 APOSTATIS,
2444 302 2559 355 SEU
2594 299 2953 363 HAERETlcls,
2988 300 3125 353 Em.

2134 404 2297 465 inter
2323 420 2509 483 opera
2540 403 2765 479 ραι-αἰεὶ,
2804 408 2877 462 ut
2926 400 3105 462 divus
3147 402 3428 463 Thomas
3468 416 3537 459 eo
3566 401 3683 463 loco

2132 497 2403 575 notavit3
2435 516 2511 559 ex
2530 514 2919 577 quocumque
2944 504 3155 561 tamen
3176 494 3426 556 motivo
3448 494 3681 571 oriatur,

2131 610 2375 671 semper
2426 591 2675 653 haeresis
2724 597 2817 652 est
2871 590 3145 669 ejusdem
3196 587 3502 664 rationis3
3554 606 3685 650 nam

2132 687 2436 747 motivum
2476 686 2891 747 extrinsecum
2924 704 3053 746 non
3080 690 3291 745 mutat
3336 682 3687 743 substantia-

2132 779 2255 841 lem
2286 780 2553 858 speciem
2580 780 2838 857 peccati,
2884 779 2991 839 sed
3018 777 3191 837 addit
3218 773 3683 837 accidentalem.

2133 878 2201 937 In
2230 874 2499 937 secunda
2525 872 2851 953 particula,
2897 890 3023 933 non
3050 870 3195 931 satis
3215 869 3533 948 >expressit
3572 870 3685 929 Au-

2132 969 2416 1047 gustinus
2463 965 2869 1047 pertinaciam
2922 963 3345 1025 necessariam
3396 964 3469 1021 ut
3518 960 3687 1023 homo

2130 1060 2239 1122 fiat
2264 1060 2593 1123 haereticus
2611 1076 2631 1139 3
2662 1058 3184 1137 subintelligenda
3220 1064 3445 1116 tamen
3492 1062 3601 1130 est,
3638 1063 3691 1117 et

2129 1153 2267 1215 aliis
2288 1154 2438 1217 locis
2456 1154 2628 1215 illam
2652 1153 2971 1233 explicuit,
3001 1158 3071 1211 ut
3091 1152 3227 1230 jam
3249 1148 3411 1209 dixi.
3434 1148 3504 1209 In
3524 1148 3689 1209 tertia

2130 1268 2301 1324 vero,
2332 1268 2475 1310 cum
2498 1249 2586 1309 ait
2624 1249 2717 1311 vel
2742 1248 2971 1330 yiym't,
3028 1246 3121 1309 vel
3168 1244 3477 1325 sequitur,
3524 1243 3689 1302 tacite

2131 1341 2377 1403 videtur
2400 1343 2706 1421 explicare
2738 1340 3142 1419 Cyprianum,
3164 1336 3423 1417 epistol.
3456 1336 3554 1411 76,
3594 1335 3685 1395 ubi

2133 1434 2351 1496 definit
2378 1434 2738 1497 hoereticum
2788 1450 2915 1494 esse
2956 1431 3159 1507 illum,
3194 1430 3309 1510 qui
3354 1447 3547 1490 novas
3574 1430 3684 1507 opi-

2130 1528 2351 1589 niones
2406 1528 2649 1589 invenit
2689 1533 2905 1587 contra
2952 1525 3139 1585 fidem
3154 1541 3175 1600 ;
3242 1530 3311 1584 et
3360 1523 3491 1583 fere
3540 1522 3683 1581 idem

2132 1621 2320 1682 habet
2338 1622 2625 1693 IrenaeuS,
2654 1620 2765 1681 lib.
2792 1622 2829 1681 3
2850 1624 3062 1679 contra
3082 1618 3387 1689 haereses,
3420 1615 3683 1693 capitem

2128 1713 2222 1776 illi
2265 1733 2413 1777 vero
2462 1712 2897 1776 haeresiarchas
2930 1712 3237 1792 proecipue
3276 1708 3567 1770 definisse
3613 1707 3685 1765 vi-

2130 1808 2375 1870 dentur.
2430 1808 2556 1869 Sub
2586 1807 2893 1869 haereticis
2918 1812 3129 1867 autem
3158 1800 3682 1882 comprehendun-

2128 1907 2233 1962 tur
2259 1902 2614 1981 omnesqui
2659 1901 2796 1960 illos
2834 1904 3221 1977 sequuntur3
3252 1902 3321 1957 et
3350 1894 3475 1955 hoc
3512 1892 3681 1971 expli-

2129 1994 2293 2055 cavit
2315 1995 2716 2073 Augustinus,
2746 1996 2865 2055 Nos
2887 1999 3097 2055 autem
3116 1992 3310 2051 unico
3334 1987 3529 2049 verbo
3544 1986 3679 2047 dice·

2128 2106 2195 2149 re
2248 2104 2569 2166 possumus
2620 2088 2978 2148 haereticum
3030 2102 3185 2159 esse,
3245 2084 3363 2163 qui
3414 2082 3675 2141 haeresim

2128 2182 2493 2242 committit:
2530 2198 2675 2242 nam
2705 2180 2785 2241 ab
2810 2180 2917 2241 illa
2942 2187 3247 2257 tanquam
3290 2194 3335 2236 a
3370 2174 3567 2235 forma
3590 2174 3677 2233 ‹le-

2128 2274 2509 2335 nominatur.
2538 2274 2737 2349 Unde,
2778 2272 3087 2333 intellecto
3116 2270 3271 2350 quid
3314 2267 3566 2329 him-esis
3588 2266 3674 2338 sit,

2130 2368 2275 2428 satis
2330 2366 2705 2447 explicatum
2761 2366 3134 2445 relinquitur
3188 2362 3353 2444 quid
3412 2359 3515 2421 vel
3560 2358 3677 2437 quis

2130 2460 2455 2521 haereticus
2483 2459 2581 2520 sit.

2738 2688 2953 2741 SECTIO
2982 2690 3065 2741 vt.

2125 2886 2229 2949 Aa
2269 2893 2326 2950 et
2365 2886 2541 2968 quale
2582 2890 2890 2967 peccatam
2940 2876 3053 2948 sic'
3076 2904 3285 2949 errare
3329 2884 3492 2947 circa
3532 2882 3672 2944 alias

2194 2982 2636 3062 propositiones
2678 2980 3065 3051 damnabiles,
3104 2996 3223 3041 non
3267 2978 3595 3041 Icoerecicas.

2208 3210 2267 3269 1.
2314 3208 2534 3270 Prima
2569 3206 2823 3271 assertio
2858 3205 3257 3282 satisfaciens
3294 3203 3497 3285 priori
3515 3215 3665 3281 part
3712 3252 3723 3265 .

2124 3300 2737 3367 titan—Probatur
2766 3298 3142 3363 auctoritato.
3160 3330 3245 3345 -·—
3264 3300 3428 3361 Item
3462 3294 3669 3357 ratione

2126 3396 2373 3477 duplici.
2407 3428 2485 3439 -—
2509 3393 2638 3455 Hoc
2666 3399 2969 3473 punctum
3006 3392 3291 3471 superius
3319 3392 3389 3451 in
3414 3390 3575 3449 hunc
3594 3383 3667 3444 lo-

2123 3508 2268 3551 cum
2294 3487 2530 3562 remisi,
2548 3487 2718 3565 quia,
2736 3486 2879 3546 licet
2896 3485 2977 3545 ad
2998 3484 3285 3545 hoeresim
3312 3483 3537 3545 directe
3562 3494 3669 3538 non

2124 3583 2454 3664 pertineat,
2486 3594 2579 3641 est
2607 3579 2701 3639 illi
2732 3596 3069 3653 annexum,
3098 3583 3163 3637 et
3190 3577 3260 3638 in
3290 3571 3668 3637 ecclesiastico

2119 3676 2357 3755 judicio
2386 3672 2541 3734 solet
2569 3672 2842 3750 cognitio
2873 3670 3061 3750 hujus
3086 3669 3285 3748 culpae
3314 3686 3457 3729 cum
3492 3662 3667 3741 inqui-

2126 3769 2350 3829 sitione
2378 3767 2455 3827 de
2496 3764 2715 3826 haeresi
2758 3763 3082 3842 conjungi.
3131 3763 3339 3823 Primo
3382 3776 3527 3836 ergo
3552 3763 3667 3816 tan-

2126 3880 2315 3942 quam
2352 3866 2589 3922 certum
2624 3856 3021 3919 statuendum
3048 3862 3161 3930 est,
3196 3871 3470 3917 errorem
3499 3851 3661 3917 hunc,

2122 3974 2233 4036 per
2276 3973 2338 4017 se
2388 3954 2697 4034 loquendo,
2740 3970 2871 4013 esse
2903 3950 3298 4029 culpabilem.
3345 3949 3435 4008 lta
3472 3958 3665 4021 suppo·

2125 4056 2287 4109 nunt
2322 4050 2607 4108 Doctores
2634 4062 2849 4106 omnes
2883 4044 2951 4104 in
2976 4044 3093 4104 hac
3122 4042 3387 4103 materia
3424 4035 3665 4099 scriben-

2124 4148 2237 4203 tes.
2268 4142 2346 4201 Et
2376 4140 2643 4200 sumitur
2680 4156 2759 4198 ex
2784 4135 3095 4211 ConciliiS,
3119 4152 3228 4197 seu
3255 4132 3509 4196 decretis
3534 4129 3663 4188 Pon·

2127 4235 2332 4296 tificiis
2368 4232 2806 4293 damnantibus
2854 4229 3211 4309 hujusmodi
3256 4242 3506 4297 erroreS,
3548 4228 3663 4281 tnn-

2129 4346 2315 4408 quam
2350 4326 2723 4406 perniciosos
2751 4324 2895 4385 fidei
2922 4321 3257 4395 catholicae,
3292 4330 3355 4383 et
3382 4311 3659 4400 punienti·

2128 4422 2246 4481 bus
2292 4420 2575 4482 homines
2610 4418 2697 4478 sic
2740 4432 2971 4479 temere
3016 4424 3323 4491 errantes,
3358 4410 3516 4493 quod
3556 4420 3661 4465 non

2131 4515 2406 4576 facerent
2436 4512 2571 4573 sine
2598 4512 2779 4590 culpa
2810 4528 2995 4589 quam
3026 4514 3385 4588 supponunt
3412 4502 3505 4564 vel
3530 4513 3658 4599 pref:-

2130 4611 2405 4669 sumunt.
2442 4605 2704 4666 Ratione
2742 4604 2927 4664 etiam
2961 4602 3260 4683 probatur
3288 4600 3504 4681 primo,
3536 4606 3661 4689 quit}

2132 4700 2297 4779 quod
2346 4698 2775 4778 imprudenter
2812 4696 2905 4771 fit,
2938 4696 3278 4775 praesertim
3322 4695 3389 4754 in
3425 4708 3490 4751 re
3526 4686 3659 4744 tanti

2134 4792 2458 4866 momenti,
2509 4790 2727 4870 quanti
2766 4795 2859 4849 est
2893 4806 3069 4849 sacra
3104 4788 3405 4861 doctrina,
3446 4794 3561 4843 non
3598 4772 3659 4833 fit

2129 4887 2263 4947 sine
2290 4885 2503 4964 culpa3
2526 4884 2635 4945 sed
2656 4881 3299 4962 imprudentissimum
3336 4884 3423 4943 est
3456 4882 3655 4970 temere

2130 4980 2232 5039 vel
2254 4978 2376 5040 alio
2399 4978 2587 5038 simili
2616 4976 2801 5037 modo
2828 4977 2895 5035 iu
2922 4975 3203 5035 doctrina
3232 4992 3398 5035 saera
3420 4968 3655 5047 opin⁸r1›

2134 5079 2196 5134 et
2232 5090 2439 5133 errare
2480 5090 2553 5131 ac
2582 5069 2782 5149 loqui;
2826 5086 2974 5147 ergo
3006 5086 3135 5129 non
3162 5068 3235 5129 fit
3260 5068 3391 5128 sine
3418 5059 3651 5142 pcooetO·

2135 5165 2436 5239 Secundo,
2466 5165 2614 5243 quia
2645 5162 3001 5242 hujusmodi
3024 5180 3199 5223 error
3219 5165 3392 5241 parat
3418 5154 3565 5215 viam
3589 5140 3655 5203 ad

2136 5259 2489 5339 graviorem
2533 5258 2797 5336 lapsum,
2842 5256 3031 5316 etiam
3066 5272 3178 5335 per
3204 5251 3501 5320 haeresim3
3526 5252 3651 5343 2¹:8⁰

2137 5353 2245 5432 qui
2270 5352 2358 5412 sic
2386 5350 2699 5430 opinatur,
2744 5349 3001 5427 exponit
3042 5366 3109 5409 se
3146 5346 3415 5426 periculo
3440 5344 3652 5417 gravius

2139 5443 2409 5519 errandi,
2440 5460 2513 5503 ac
2540 5441 2799 5523 proinde
2826 5441 3014 5501 etiam
3044 5440 3112 5502 in
3138 5440 3257 5501 hoc
3286 5437 3496 5521 pecmt·
3533 5422 3647 5487 Ter·
