<?xml version="1.0" encoding="UTF-8"?>
<!DOCTYPE html PUBLIC "-//W3C//DTD XHTML 1.0 Transitional//EN"
    "http://www.w3.org/TR/xhtml1/DTD/xhtml1-transitional.dtd">
<html xmlns="http://www.w3.org/1999/xhtml" xml:lang="en" lang="en">
 <head>
  <title>
</title>
<meta http-equiv="Content-Type" content="text/html;charset=utf-8" />
  <meta name='ocr-system' content='tesseract 3.04.00' />
  <meta name='ocr-capabilities' content='ocr_page ocr_carea ocr_par ocr_line ocrx_word'/>
</head>
<body>
  <div class='ocr_page' id='page_1' title='image "./rpfranciscisuar00duvagoog_0436.png"; bbox 0 0 3900 6217; ppageno 0'>
   <div class='ocr_carea' id='block_1_1' title="bbox 514 340 633 402">
    <p class='ocr_par' dir='ltr' id='par_1_1' title="bbox 514 340 633 402">
     <span class='ocr_line' id='line_1_1' title="bbox 514 340 633 402; baseline 0.008 -1"><span class='ocrx_word' id='word_1_1' title='bbox 514 340 633 402; x_wconf 68' lang='lat'><strong>418</strong></span> 
     </span>
    </p>
   </div>
   <div class='ocr_carea' id='block_1_2' title="bbox 510 443 2080 4611">
    <p class='ocr_par' dir='ltr' id='par_1_2' title="bbox 513 443 2080 3313">
     <span class='ocr_line' id='line_1_2' title="bbox 517 443 2077 525; baseline -0.007 -10"><span class='ocrx_word' id='word_1_2' title='bbox 517 453 706 516; x_wconf 86' lang='lat' dir='ltr'><strong>etiam</strong></span> <span class='ocrx_word' id='word_1_3' title='bbox 757 449 1132 514; x_wconf 83' lang='lat' dir='ltr'><strong>sufficienter</strong></span> <span class='ocrx_word' id='word_1_4' title='bbox 1193 451 1364 525; x_wconf 83' lang='lat' dir='ltr'><strong>patet</strong></span> <span class='ocrx_word' id='word_1_5' title='bbox 1420 461 1500 506; x_wconf 84' lang='lat' dir='ltr'><strong>ex</strong></span> <span class='ocrx_word' id='word_1_6' title='bbox 1553 444 1793 506; x_wconf 89' lang='lat' dir='ltr'><strong>ratione</strong></span> <span class='ocrx_word' id='word_1_7' title='bbox 1859 443 2077 505; x_wconf 87' lang='lat' dir='ltr'><strong>distin-</strong></span> 
     </span>
     <span class='ocr_line' id='line_1_3' title="bbox 517 536 2077 624; baseline -0.004 -20"><span class='ocrx_word' id='word_1_8' title='bbox 517 544 751 624; x_wconf 87' lang='lat' dir='ltr'><strong>guendi</strong></span> <span class='ocrx_word' id='word_1_9' title='bbox 779 543 888 606; x_wconf 89' lang='lat' dir='ltr'><strong>illa</strong></span> <span class='ocrx_word' id='word_1_10' title='bbox 921 539 1220 616; x_wconf 87' lang='lat' dir='ltr'><strong>membra,</strong></span> <span class='ocrx_word' id='word_1_11' title='bbox 1254 544 1440 618; x_wconf 89' lang='lat' dir='ltr'><strong>prout</strong></span> <span class='ocrx_word' id='word_1_12' title='bbox 1485 555 1524 598; x_wconf 88' lang='lat' dir='ltr'><strong>a</strong></span> <span class='ocrx_word' id='word_1_13' title='bbox 1569 537 1746 598; x_wconf 90' lang='lat' dir='ltr'><strong>nobis</strong></span> <span class='ocrx_word' id='word_1_14' title='bbox 1773 536 2077 616; x_wconf 82' lang='lat' dir='ltr'><strong>explicata</strong></span> 
     </span>
     <span class='ocr_line' id='line_1_4' title="bbox 517 630 2075 716; baseline -0.004 -18"><span class='ocrx_word' id='word_1_15' title='bbox 517 644 632 712; x_wconf 87' lang='lat' dir='ltr'><strong>est,</strong></span> <span class='ocrx_word' id='word_1_16' title='bbox 662 637 810 716; x_wconf 89' lang='lat' dir='ltr'><strong>quia</strong></span> <span class='ocrx_word' id='word_1_17' title='bbox 829 636 956 698; x_wconf 88' lang='lat' dir='ltr'><strong>duo</strong></span> <span class='ocrx_word' id='word_1_18' title='bbox 978 639 1224 696; x_wconf 85' lang='lat' dir='ltr'><strong>tantum</strong></span> <span class='ocrx_word' id='word_1_19' title='bbox 1267 638 1412 692; x_wconf 85' lang='lat' dir='ltr'><strong>sunt</strong></span> <span class='ocrx_word' id='word_1_20' title='bbox 1435 636 1807 692; x_wconf 84' lang='lat' dir='ltr'><strong>testamenta</strong></span> <span class='ocrx_word' id='word_1_21' title='bbox 1833 630 2075 692; x_wconf 87' lang='lat' dir='ltr'><strong>divina-</strong></span> 
     </span>
     <span class='ocr_line' id='line_1_5' title="bbox 517 723 2073 807; baseline -0.005 -16"><span class='ocrx_word' id='word_1_22' title='bbox 517 747 658 791; x_wconf 89' lang='lat' dir='ltr'><strong>rum</strong></span> <span class='ocrx_word' id='word_1_23' title='bbox 703 728 1182 807; x_wconf 90' lang='lat' dir='ltr'><strong>Scripturarum,</strong></span> <span class='ocrx_word' id='word_1_24' title='bbox 1229 742 1461 784; x_wconf 83' lang='lat' dir='ltr'><strong>novum</strong></span> <span class='ocrx_word' id='word_1_25' title='bbox 1489 723 1720 784; x_wconf 88' lang='lat' dir='ltr'><strong>scilicet</strong></span> <span class='ocrx_word' id='word_1_26' title='bbox 1762 729 1825 785; x_wconf 92' lang='lat' dir='ltr'><strong>et</strong></span> <span class='ocrx_word' id='word_1_27' title='bbox 1871 729 2073 802; x_wconf 84' lang='lat' dir='ltr'><strong>vetus,</strong></span> 
     </span>
     <span class='ocr_line' id='line_1_6' title="bbox 519 815 2076 900; baseline -0.004 -17"><span class='ocrx_word' id='word_1_28' title='bbox 519 827 728 884; x_wconf 86' lang='lat' dir='ltr'><strong>contra</strong></span> <span class='ocrx_word' id='word_1_29' title='bbox 751 838 894 900; x_wconf 79' lang='lat' dir='ltr'><strong>ques</strong></span> <span class='ocrx_word' id='word_1_30' title='bbox 935 818 1176 899; x_wconf 82' lang='lat' dir='ltr'><strong>peccari</strong></span> <span class='ocrx_word' id='word_1_31' title='bbox 1223 823 1450 896; x_wconf 88' lang='lat' dir='ltr'><strong>potest,</strong></span> <span class='ocrx_word' id='word_1_32' title='bbox 1496 816 1597 878; x_wconf 88' lang='lat' dir='ltr'><strong>vel</strong></span> <span class='ocrx_word' id='word_1_33' title='bbox 1637 822 1932 878; x_wconf 88' lang='lat' dir='ltr'><strong>neutrum</strong></span> <span class='ocrx_word' id='word_1_34' title='bbox 1966 815 2076 876; x_wconf 87' lang='lat' dir='ltr'><strong>ad-</strong></span> 
     </span>
     <span class='ocr_line' id='line_1_7' title="bbox 517 908 2077 990; baseline -0.004 -14"><span class='ocrx_word' id='word_1_35' title='bbox 517 913 848 987; x_wconf 85' lang='lat' dir='ltr'><strong>mittendo,</strong></span> <span class='ocrx_word' id='word_1_36' title='bbox 863 918 926 973; x_wconf 88' lang='lat' dir='ltr'><strong>et</strong></span> <span class='ocrx_word' id='word_1_37' title='bbox 948 911 1066 972; x_wconf 88' lang='lat' dir='ltr'><strong>hoc</strong></span> <span class='ocrx_word' id='word_1_38' title='bbox 1086 911 1355 990; x_wconf 79' lang='lat' dir='ltr'>pertinet</span> <span class='ocrx_word' id='word_1_39' title='bbox 1375 909 1454 970; x_wconf 91' lang='lat' dir='ltr'><strong>ad</strong></span> <span class='ocrx_word' id='word_1_40' title='bbox 1478 909 1948 988; x_wconf 85' lang='lat' dir='ltr'><strong>paganismum;</strong></span> <span class='ocrx_word' id='word_1_41' title='bbox 1976 908 2077 970; x_wconf 77' lang='lat' dir='ltr'><strong>vel</strong></span> 
     </span>
     <span class='ocr_line' id='line_1_8' title="bbox 516 1003 2078 1084; baseline -0.001 -16"><span class='ocrx_word' id='word_1_42' title='bbox 516 1006 901 1068; x_wconf 85' lang='lat' dir='ltr'><strong>admittendo</strong></span> <span class='ocrx_word' id='word_1_43' title='bbox 924 1011 1120 1079; x_wconf 86' lang='lat' dir='ltr'><strong>vetus,</strong></span> <span class='ocrx_word' id='word_1_44' title='bbox 1153 1010 1216 1064; x_wconf 89' lang='lat' dir='ltr'><strong>et</strong></span> <span class='ocrx_word' id='word_1_45' title='bbox 1239 1021 1366 1064; x_wconf 93' lang='lat' dir='ltr'><strong>non</strong></span> <span class='ocrx_word' id='word_1_46' title='bbox 1395 1022 1658 1079; x_wconf 88' lang='lat' dir='ltr'><strong>novum,</strong></span> <span class='ocrx_word' id='word_1_47' title='bbox 1677 1011 1744 1066; x_wconf 88' lang='lat' dir='ltr'><strong>et</strong></span> <span class='ocrx_word' id='word_1_48' title='bbox 1767 1003 1882 1064; x_wconf 72' lang='lat' dir='ltr'><strong>hoc</strong></span> <span class='ocrx_word' id='word_1_49' title='bbox 1903 1023 2078 1084; x_wconf 89' lang='lat' dir='ltr'><strong>spec·</strong></span> 
     </span>
     <span class='ocr_line' id='line_1_9' title="bbox 517 1096 2074 1178; baseline -0.003 -16"><span class='ocrx_word' id='word_1_50' title='bbox 517 1107 610 1162; x_wconf 89' lang='lat' dir='ltr'><strong>tat</strong></span> <span class='ocrx_word' id='word_1_51' title='bbox 625 1101 704 1160; x_wconf 85' lang='lat' dir='ltr'><strong>ad</strong></span> <span class='ocrx_word' id='word_1_52' title='bbox 725 1099 1140 1178; x_wconf 82' lang='lat' dir='ltr'><strong>judaismum3</strong></span> <span class='ocrx_word' id='word_1_53' title='bbox 1171 1096 1270 1157; x_wconf 78' lang='lat' dir='ltr'><strong>vel</strong></span> <span class='ocrx_word' id='word_1_54' title='bbox 1300 1096 1685 1158; x_wconf 88' lang='lat' dir='ltr'><strong>admittendo</strong></span> <span class='ocrx_word' id='word_1_55' title='bbox 1713 1101 2074 1176; x_wconf 85' lang='lat' dir='ltr'><strong>utrumque,</strong></span> 
     </span>
     <span class='ocr_line' id='line_1_10' title="bbox 518 1187 2077 1268; baseline -0.002 -14"><span class='ocrx_word' id='word_1_56' title='bbox 518 1210 646 1254; x_wconf 89' lang='lat' dir='ltr'><strong>non</strong></span> <span class='ocrx_word' id='word_1_57' title='bbox 672 1199 883 1254; x_wconf 86' lang='lat' dir='ltr'><strong>tamen</strong></span> <span class='ocrx_word' id='word_1_58' title='bbox 912 1189 1056 1262; x_wconf 89' lang='lat' dir='ltr'><strong>illis,</strong></span> <span class='ocrx_word' id='word_1_59' title='bbox 1077 1189 1175 1250; x_wconf 82' lang='lat' dir='ltr'><strong>vel</strong></span> <span class='ocrx_word' id='word_1_60' title='bbox 1198 1189 1380 1267; x_wconf 81' lang='lat' dir='ltr'><strong>juxta</strong></span> <span class='ocrx_word' id='word_1_61' title='bbox 1408 1187 1515 1249; x_wconf 90' lang='lat' dir='ltr'><strong>illa</strong></span> <span class='ocrx_word' id='word_1_62' title='bbox 1551 1190 1792 1268; x_wconf 79' lang='lat' dir='ltr'>integre</span> <span class='ocrx_word' id='word_1_63' title='bbox 1823 1189 2077 1252; x_wconf 88' lang='lat' dir='ltr'><strong>creden-</strong></span> 
     </span>
     <span class='ocr_line' id='line_1_11' title="bbox 519 1281 2077 1360; baseline -0.002 -13"><span class='ocrx_word' id='word_1_64' title='bbox 519 1284 634 1360; x_wconf 93' lang='lat' dir='ltr'><strong>do,</strong></span> <span class='ocrx_word' id='word_1_65' title='bbox 661 1291 723 1346; x_wconf 89' lang='lat' dir='ltr'><strong>et</strong></span> <span class='ocrx_word' id='word_1_66' title='bbox 749 1284 836 1344; x_wconf 90' lang='lat' dir='ltr'><strong>sic</strong></span> <span class='ocrx_word' id='word_1_67' title='bbox 867 1281 1276 1344; x_wconf 78' lang='lat' dir='ltr'><strong>committitur</strong></span> <span class='ocrx_word' id='word_1_68' title='bbox 1302 1281 1578 1344; x_wconf 80' lang='lat' dir='ltr'><strong>baeresis.</strong></span> <span class='ocrx_word' id='word_1_69' title='bbox 1613 1283 1786 1344; x_wconf 80' lang='lat' dir='ltr'><strong>Dices</strong></span> <span class='ocrx_word' id='word_1_70' title='bbox 1827 1297 1844 1341; x_wconf 72' lang='grc' dir='ltr'>ε</span> <span class='ocrx_word' id='word_1_71' title='bbox 1885 1282 2077 1344; x_wconf 84' lang='lat' dir='ltr'><strong>etiam</strong></span> 
     </span>
     <span class='ocr_line' id='line_1_12' title="bbox 515 1373 2076 1457; baseline -0.001 -19"><span class='ocrx_word' id='word_1_72' title='bbox 515 1377 711 1457; x_wconf 84' lang='lat' dir='ltr'><strong>aliqui</strong></span> <span class='ocrx_word' id='word_1_73' title='bbox 737 1381 1026 1438; x_wconf 87' lang='lat' dir='ltr'><strong>errarunt</strong></span> <span class='ocrx_word' id='word_1_74' title='bbox 1045 1373 1430 1436; x_wconf 86' lang='lat' dir='ltr'><strong>admittendo</strong></span> <span class='ocrx_word' id='word_1_75' title='bbox 1452 1391 1709 1449; x_wconf 82' lang='lat' dir='ltr'><strong>novum,</strong></span> <span class='ocrx_word' id='word_1_76' title='bbox 1733 1382 1796 1436; x_wconf 90' lang='lat' dir='ltr'><strong>et</strong></span> <span class='ocrx_word' id='word_1_77' title='bbox 1821 1393 1949 1436; x_wconf 92' lang='lat' dir='ltr'><strong>non</strong></span> <span class='ocrx_word' id='word_1_78' title='bbox 1970 1394 2076 1436; x_wconf 84' lang='lat' dir='ltr'><strong>ve·-</strong></span> 
     </span>
     <span class='ocr_line' id='line_1_13' title="bbox 515 1467 2078 1546; baseline -0.001 -14"><span class='ocrx_word' id='word_1_79' title='bbox 515 1477 640 1546; x_wconf 89' lang='lat' dir='ltr'><strong>tus,</strong></span> <span class='ocrx_word' id='word_1_80' title='bbox 664 1476 736 1532; x_wconf 89' lang='lat' dir='ltr'><strong>ut</strong></span> <span class='ocrx_word' id='word_1_81' title='bbox 760 1469 1042 1542; x_wconf 85' lang='lat' dir='ltr'><strong>Faustus,</strong></span> <span class='ocrx_word' id='word_1_82' title='bbox 1064 1474 1126 1528; x_wconf 91' lang='lat' dir='ltr'><strong>et</strong></span> <span class='ocrx_word' id='word_1_83' title='bbox 1147 1467 1328 1543; x_wconf 89' lang='lat' dir='ltr'><strong>alius,</strong></span> <span class='ocrx_word' id='word_1_84' title='bbox 1351 1485 1538 1546; x_wconf 88' lang='lat' dir='ltr'><strong>quem</strong></span> <span class='ocrx_word' id='word_1_85' title='bbox 1565 1468 1946 1546; x_wconf 74' lang='lat' dir='ltr'><strong>Augustinus</strong></span> <span class='ocrx_word' id='word_1_86' title='bbox 1969 1468 2078 1530; x_wconf 88' lang='lat' dir='ltr'><strong>ad-</strong></span> 
     </span>
     <span class='ocr_line' id='line_1_14' title="bbox 516 1559 2080 1641; baseline 0 -19"><span class='ocrx_word' id='word_1_87' title='bbox 516 1564 857 1624; x_wconf 81' lang='lat' dir='ltr'><strong>versarium</strong></span> <span class='ocrx_word' id='word_1_88' title='bbox 879 1561 1034 1641; x_wconf 87' lang='lat' dir='ltr'><strong>legis</strong></span> <span class='ocrx_word' id='word_1_89' title='bbox 1063 1566 1126 1622; x_wconf 87' lang='lat' dir='ltr'><strong>et</strong></span> <span class='ocrx_word' id='word_1_90' title='bbox 1147 1559 1592 1640; x_wconf 79' lang='lat' dir='ltr'><strong>Prophetarum</strong></span> <span class='ocrx_word' id='word_1_91' title='bbox 1615 1561 1950 1641; x_wconf 89' lang='lat' dir='ltr'><strong>appellavit</strong></span> <span class='ocrx_word' id='word_1_92' title='bbox 1964 1577 1985 1638; x_wconf 90' lang='lat'>;</span> <span class='ocrx_word' id='word_1_93' title='bbox 2016 1566 2080 1622; x_wconf 89' lang='lat' dir='ltr'><strong>et</strong></span> 
     </span>
     <span class='ocr_line' id='line_1_15' title="bbox 519 1655 2078 1733; baseline -0.001 -16"><span class='ocrx_word' id='word_1_94' title='bbox 519 1657 586 1718; x_wconf 89' lang='lat' dir='ltr'><strong>in</strong></span> <span class='ocrx_word' id='word_1_95' title='bbox 613 1657 972 1718; x_wconf 76' lang='lat' dir='ltr'><strong>universum</strong></span> <span class='ocrx_word' id='word_1_96' title='bbox 1013 1655 1368 1729; x_wconf 80' lang='lat' dir='ltr'><strong>Manichaei,</strong></span> <span class='ocrx_word' id='word_1_97' title='bbox 1416 1660 1631 1714; x_wconf 89' lang='lat' dir='ltr'><strong>contra</strong></span> <span class='ocrx_word' id='word_1_98' title='bbox 1675 1672 1831 1733; x_wconf 88' lang='lat' dir='ltr'><strong>quos</strong></span> <span class='ocrx_word' id='word_1_99' title='bbox 1859 1671 2078 1716; x_wconf 84' lang='lat' dir='ltr'><strong>omnes</strong></span> 
     </span>
     <span class='ocr_line' id='line_1_16' title="bbox 516 1746 2077 1827; baseline -0.003 -15"><span class='ocrx_word' id='word_1_100' title='bbox 516 1749 900 1827; x_wconf 80' lang='lat' dir='ltr'><strong>Augustinus</strong></span> <span class='ocrx_word' id='word_1_101' title='bbox 931 1748 1192 1827; x_wconf 83' lang='lat' dir='ltr'><strong>scripsit.</strong></span> <span class='ocrx_word' id='word_1_102' title='bbox 1239 1747 1662 1827; x_wconf 89' lang='lat' dir='ltr'><strong>Respondetur</strong></span> <span class='ocrx_word' id='word_1_103' title='bbox 1699 1746 1864 1826; x_wconf 89' lang='lat' dir='ltr'><strong>ipsos</strong></span> <span class='ocrx_word' id='word_1_104' title='bbox 1887 1747 2077 1808; x_wconf 86' lang='lat' dir='ltr'><strong>fuisse</strong></span> 
     </span>
     <span class='ocr_line' id='line_1_17' title="bbox 516 1839 2077 1918; baseline -0.001 -16"><span class='ocrx_word' id='word_1_105' title='bbox 516 1841 857 1917; x_wconf 80' lang='lat' dir='ltr'><strong>baercticos,</strong></span> <span class='ocrx_word' id='word_1_106' title='bbox 887 1847 950 1902; x_wconf 88' lang='lat' dir='ltr'><strong>et</strong></span> <span class='ocrx_word' id='word_1_107' title='bbox 976 1848 1046 1901; x_wconf 88' lang='lat' dir='ltr'><strong>ut</strong></span> <span class='ocrx_word' id='word_1_108' title='bbox 1090 1839 1245 1902; x_wconf 88' lang='lat' dir='ltr'><strong>tales</strong></span> <span class='ocrx_word' id='word_1_109' title='bbox 1291 1840 1369 1900; x_wconf 88' lang='lat' dir='ltr'><strong>ab</strong></span> <span class='ocrx_word' id='word_1_110' title='bbox 1402 1840 1748 1918; x_wconf 82' lang='lat' dir='ltr'><strong>Augustino</strong></span> <span class='ocrx_word' id='word_1_111' title='bbox 1788 1846 1850 1900; x_wconf 88' lang='lat' dir='ltr'><strong>et</strong></span> <span class='ocrx_word' id='word_1_112' title='bbox 1881 1839 2077 1901; x_wconf 82' lang='lat' dir='ltr'><strong>Patri-</strong></span> 
     </span>
     <span class='ocr_line' id='line_1_18' title="bbox 517 1931 2075 2012; baseline -0.002 -16"><span class='ocrx_word' id='word_1_113' title='bbox 517 1935 634 1997; x_wconf 91' lang='lat' dir='ltr'><strong>bus</strong></span> <span class='ocrx_word' id='word_1_114' title='bbox 658 1934 960 2009; x_wconf 80' lang='lat' dir='ltr'><strong>damnati,</strong></span> <span class='ocrx_word' id='word_1_115' title='bbox 989 1933 1138 2012; x_wconf 87' lang='lat' dir='ltr'><strong>quia</strong></span> <span class='ocrx_word' id='word_1_116' title='bbox 1165 1932 1493 1994; x_wconf 86' lang='lat' dir='ltr'><strong>refutando</strong></span> <span class='ocrx_word' id='word_1_117' title='bbox 1519 1939 1698 1994; x_wconf 84' lang='lat' dir='ltr'><strong>vetus</strong></span> <span class='ocrx_word' id='word_1_118' title='bbox 1722 1931 2075 1996; x_wconf 86' lang='lat' dir='ltr'><strong>Testamen-</strong></span> 
     </span>
     <span class='ocr_line' id='line_1_19' title="bbox 515 2024 2079 2104; baseline -0.003 -15"><span class='ocrx_word' id='word_1_119' title='bbox 515 2035 676 2104; x_wconf 83' lang='lat' dir='ltr'><strong>tum,</strong></span> <span class='ocrx_word' id='word_1_120' title='bbox 703 2029 890 2088; x_wconf 89' lang='lat' dir='ltr'><strong>etiam</strong></span> <span class='ocrx_word' id='word_1_121' title='bbox 929 2044 968 2088; x_wconf 96' lang='lat' dir='ltr'><strong>a</strong></span> <span class='ocrx_word' id='word_1_122' title='bbox 998 2043 1160 2086; x_wconf 84' lang='lat' dir='ltr'><strong>novo</strong></span> <span class='ocrx_word' id='word_1_123' title='bbox 1205 2025 1609 2101; x_wconf 76' lang='lat' dir='ltr'><strong>recedebant,</strong></span> <span class='ocrx_word' id='word_1_124' title='bbox 1638 2027 1708 2086; x_wconf 89' lang='lat' dir='ltr'><strong>in</strong></span> <span class='ocrx_word' id='word_1_125' title='bbox 1747 2043 1874 2104; x_wconf 90' lang='lat' dir='ltr'><strong>quo</strong></span> <span class='ocrx_word' id='word_1_126' title='bbox 1918 2024 2079 2086; x_wconf 90' lang='lat' dir='ltr'><strong>illud</strong></span> 
     </span>
     <span class='ocr_line' id='line_1_20' title="bbox 520 2117 2077 2199; baseline -0.003 -17"><span class='ocrx_word' id='word_1_127' title='bbox 520 2120 922 2182; x_wconf 76' lang='lat' dir='ltr'><strong>confirmatur</strong></span> <span class='ocrx_word' id='word_1_128' title='bbox 950 2126 1012 2180; x_wconf 88' lang='lat' dir='ltr'><strong>et</strong></span> <span class='ocrx_word' id='word_1_129' title='bbox 1037 2119 1354 2199; x_wconf 86' lang='lat' dir='ltr'><strong>probatur,</strong></span> <span class='ocrx_word' id='word_1_130' title='bbox 1394 2119 1494 2179; x_wconf 82' lang='lat' dir='ltr'><strong>vel</strong></span> <span class='ocrx_word' id='word_1_131' title='bbox 1517 2124 1680 2180; x_wconf 89' lang='lat' dir='ltr'><strong>certe</strong></span> <span class='ocrx_word' id='word_1_132' title='bbox 1705 2118 1850 2198; x_wconf 83' lang='lat' dir='ltr'><strong>quia</strong></span> <span class='ocrx_word' id='word_1_133' title='bbox 1887 2117 2077 2198; x_wconf 87' lang='lat' dir='ltr'><strong>profi-</strong></span> 
     </span>
     <span class='ocr_line' id='line_1_21' title="bbox 517 2209 2077 2290; baseline -0.003 -15"><span class='ocrx_word' id='word_1_134' title='bbox 517 2219 720 2275; x_wconf 86' lang='lat' dir='ltr'><strong>tentes</strong></span> <span class='ocrx_word' id='word_1_135' title='bbox 777 2212 1081 2274; x_wconf 87' lang='lat' dir='ltr'><strong>Christum</strong></span> <span class='ocrx_word' id='word_1_136' title='bbox 1108 2257 1130 2287; x_wconf 93' lang='lat'><em>‚</em></span> <span class='ocrx_word' id='word_1_137' title='bbox 1190 2211 1543 2290; x_wconf 80' lang='lat' dir='ltr'><strong>prophetias</strong></span> <span class='ocrx_word' id='word_1_138' title='bbox 1601 2217 1664 2271; x_wconf 90' lang='lat' dir='ltr'><strong>et</strong></span> <span class='ocrx_word' id='word_1_139' title='bbox 1715 2209 1950 2288; x_wconf 85' lang='lat' dir='ltr'><strong>figuras</strong></span> <span class='ocrx_word' id='word_1_140' title='bbox 1998 2209 2077 2272; x_wconf 90' lang='lat' dir='ltr'><strong>de</strong></span> 
     </span>
     <span class='ocr_line' id='line_1_22' title="bbox 519 2301 2076 2384; baseline -0.003 -15"><span class='ocrx_word' id='word_1_141' title='bbox 519 2306 756 2370; x_wconf 84' lang='lat' dir='ltr'><strong>Christo</strong></span> <span class='ocrx_word' id='word_1_142' title='bbox 780 2305 1114 2384; x_wconf 83' lang='lat' dir='ltr'><strong>negabant.</strong></span> <span class='ocrx_word' id='word_1_143' title='bbox 1153 2304 1322 2365; x_wconf 91' lang='lat' dir='ltr'><strong>Unde</strong></span> <span class='ocrx_word' id='word_1_144' title='bbox 1353 2303 1539 2364; x_wconf 91' lang='lat' dir='ltr'><strong>modo</strong></span> <span class='ocrx_word' id='word_1_145' title='bbox 1565 2305 1765 2382; x_wconf 87' lang='lat' dir='ltr'><strong>magis</strong></span> <span class='ocrx_word' id='word_1_146' title='bbox 1799 2301 2076 2382; x_wconf 87' lang='lat' dir='ltr'><strong>generali</strong></span> 
     </span>
     <span class='ocr_line' id='line_1_23' title="bbox 519 2396 2079 2479; baseline -0.003 -19"><span class='ocrx_word' id='word_1_147' title='bbox 519 2405 716 2479; x_wconf 81' lang='lat' dir='ltr'><strong>potest</strong></span> <span class='ocrx_word' id='word_1_148' title='bbox 745 2398 963 2460; x_wconf 81' lang='lat' dir='ltr'><strong>eadem</strong></span> <span class='ocrx_word' id='word_1_149' title='bbox 1003 2397 1368 2458; x_wconf 79' lang='lat' dir='ltr'><strong>sufficientia</strong></span> <span class='ocrx_word' id='word_1_150' title='bbox 1388 2396 1688 2458; x_wconf 87' lang='lat' dir='ltr'><strong>declarari</strong></span> <span class='ocrx_word' id='word_1_151' title='bbox 1719 2418 1734 2458; x_wconf 89' lang='lat'>:</span> <span class='ocrx_word' id='word_1_152' title='bbox 1771 2415 1917 2458; x_wconf 90' lang='lat' dir='ltr'><strong>nam</strong></span> <span class='ocrx_word' id='word_1_153' title='bbox 1943 2414 2079 2457; x_wconf 88' lang='lat' dir='ltr'><strong>om-</strong></span> 
     </span>
     <span class='ocr_line' id='line_1_24' title="bbox 519 2490 2079 2571; baseline -0.004 -17"><span class='ocrx_word' id='word_1_154' title='bbox 519 2509 630 2554; x_wconf 89' lang='lat' dir='ltr'><strong>nes</strong></span> <span class='ocrx_word' id='word_1_155' title='bbox 655 2491 764 2571; x_wconf 84' lang='lat' dir='ltr'><strong>qui</strong></span> <span class='ocrx_word' id='word_1_156' title='bbox 801 2490 1108 2552; x_wconf 83' lang='lat' dir='ltr'><strong>Christum</strong></span> <span class='ocrx_word' id='word_1_157' title='bbox 1139 2491 1472 2550; x_wconf 87' lang='lat' dir='ltr'><strong>Dominum</strong></span> <span class='ocrx_word' id='word_1_158' title='bbox 1513 2495 1965 2567; x_wconf 87' lang='lat' dir='ltr'><strong>recognoscunt</strong></span> <span class='ocrx_word' id='word_1_159' title='bbox 2008 2495 2079 2548; x_wconf 90' lang='lat' dir='ltr'><strong>ut</strong></span> 
     </span>
     <span class='ocr_line' id='line_1_25' title="bbox 525 2583 2079 2662; baseline 0.001 -18"><span class='ocrx_word' id='word_1_160' title='bbox 525 2591 836 2646; x_wconf 76' lang='lat' dir='ltr'><strong>auctorem</strong></span> <span class='ocrx_word' id='word_1_161' title='bbox 866 2583 1012 2644; x_wconf 88' lang='lat' dir='ltr'><strong>fidei</strong></span> <span class='ocrx_word' id='word_1_162' title='bbox 1033 2589 1094 2644; x_wconf 89' lang='lat' dir='ltr'><strong>et</strong></span> <span class='ocrx_word' id='word_1_163' title='bbox 1115 2584 1352 2658; x_wconf 84' lang='lat' dir='ltr'><strong>salutis,</strong></span> <span class='ocrx_word' id='word_1_164' title='bbox 1383 2591 1445 2645; x_wconf 88' lang='lat' dir='ltr'><strong>et</strong></span> <span class='ocrx_word' id='word_1_165' title='bbox 1467 2585 1602 2662; x_wconf 85' lang='lat' dir='ltr'><strong>ejus</strong></span> <span class='ocrx_word' id='word_1_166' title='bbox 1629 2583 1814 2644; x_wconf 86' lang='lat' dir='ltr'><strong>fidem</strong></span> <span class='ocrx_word' id='word_1_167' title='bbox 1836 2583 2079 2662; x_wconf 86' lang='lat' dir='ltr'><strong>integre</strong></span> 
     </span>
     <span class='ocr_line' id='line_1_26' title="bbox 517 2674 2077 2754; baseline -0.001 -16"><span class='ocrx_word' id='word_1_168' title='bbox 517 2695 642 2738; x_wconf 89' lang='lat' dir='ltr'><strong>nou</strong></span> <span class='ocrx_word' id='word_1_169' title='bbox 678 2677 973 2753; x_wconf 85' lang='lat' dir='ltr'><strong>retinent,</strong></span> <span class='ocrx_word' id='word_1_170' title='bbox 1005 2683 1150 2736; x_wconf 90' lang='lat' dir='ltr'><strong>sunt</strong></span> <span class='ocrx_word' id='word_1_171' title='bbox 1179 2677 1448 2736; x_wconf 80' lang='lat' dir='ltr'><strong>haeretici</strong></span> <span class='ocrx_word' id='word_1_172' title='bbox 1466 2697 1486 2750; x_wconf 88' lang='lat'>;</span> <span class='ocrx_word' id='word_1_173' title='bbox 1519 2677 1627 2754; x_wconf 88' lang='lat' dir='ltr'><strong>qui</strong></span> <span class='ocrx_word' id='word_1_174' title='bbox 1642 2694 1788 2736; x_wconf 78' lang='lat' dir='ltr'><strong>vero</strong></span> <span class='ocrx_word' id='word_1_175' title='bbox 1825 2674 1918 2736; x_wconf 87' lang='lat' dir='ltr'><strong>illi</strong></span> <span class='ocrx_word' id='word_1_176' title='bbox 1949 2692 2077 2736; x_wconf 91' lang='lat' dir='ltr'><strong>non</strong></span> 
     </span>
     <span class='ocr_line' id='line_1_27' title="bbox 519 2769 2077 2849; baseline -0.003 -17"><span class='ocrx_word' id='word_1_177' title='bbox 519 2771 802 2846; x_wconf 85' lang='lat' dir='ltr'><strong>credunt,</strong></span> <span class='ocrx_word' id='word_1_178' title='bbox 833 2771 1174 2832; x_wconf 86' lang='lat' dir='ltr'><strong>admittunt</strong></span> <span class='ocrx_word' id='word_1_179' title='bbox 1197 2775 1408 2830; x_wconf 88' lang='lat' dir='ltr'><strong>autem</strong></span> <span class='ocrx_word' id='word_1_180' title='bbox 1445 2769 1795 2849; x_wconf 76' lang='lat' dir='ltr'><strong>prophetias</strong></span> <span class='ocrx_word' id='word_1_181' title='bbox 1827 2775 1890 2830; x_wconf 89' lang='lat' dir='ltr'><strong>et</strong></span> <span class='ocrx_word' id='word_1_182' title='bbox 1919 2769 2077 2848; x_wconf 87' lang='lat' dir='ltr'><strong>figu-</strong></span> 
     </span>
     <span class='ocr_line' id='line_1_28' title="bbox 521 2862 2075 2942; baseline -0.001 -18"><span class='ocrx_word' id='word_1_183' title='bbox 521 2881 622 2924; x_wconf 83' lang='lat' dir='ltr'><strong>ras</strong></span> <span class='ocrx_word' id='word_1_184' title='bbox 653 2864 730 2924; x_wconf 93' lang='lat' dir='ltr'><strong>de</strong></span> <span class='ocrx_word' id='word_1_185' title='bbox 761 2864 980 2924; x_wconf 85' lang='lat' dir='ltr'><strong>Messia</strong></span> <span class='ocrx_word' id='word_1_186' title='bbox 1023 2863 1344 2941; x_wconf 90' lang='lat' dir='ltr'><strong>promisso,</strong></span> <span class='ocrx_word' id='word_1_187' title='bbox 1389 2869 1535 2924; x_wconf 90' lang='lat' dir='ltr'><strong>sunt</strong></span> <span class='ocrx_word' id='word_1_188' title='bbox 1573 2863 1806 2938; x_wconf 80' lang='lat' dir='ltr'><strong>Judaei3</strong></span> <span class='ocrx_word' id='word_1_189' title='bbox 1851 2862 2075 2942; x_wconf 86' lang='lat' dir='ltr'><strong>reliqui</strong></span> 
     </span>
     <span class='ocr_line' id='line_1_29' title="bbox 517 2955 2073 3034; baseline -0.001 -18"><span class='ocrx_word' id='word_1_190' title='bbox 517 2974 664 3018; x_wconf 73' lang='lat' dir='ltr'><strong>vero</strong></span> <span class='ocrx_word' id='word_1_191' title='bbox 686 2973 922 3030; x_wconf 89' lang='lat' dir='ltr'><strong>omnes,</strong></span> <span class='ocrx_word' id='word_1_192' title='bbox 953 2955 1064 3034; x_wconf 90' lang='lat' dir='ltr'><strong>qui</strong></span> <span class='ocrx_word' id='word_1_193' title='bbox 1091 2955 1278 3016; x_wconf 87' lang='lat' dir='ltr'><strong>fidem</strong></span> <span class='ocrx_word' id='word_1_194' title='bbox 1303 2955 1528 3016; x_wconf 84' lang='lat' dir='ltr'><strong>Christi</strong></span> <span class='ocrx_word' id='word_1_195' title='bbox 1552 2956 1652 3018; x_wconf 88' lang='lat' dir='ltr'><strong>vel</strong></span> <span class='ocrx_word' id='word_1_196' title='bbox 1677 2957 1906 3018; x_wconf 81' lang='lat' dir='ltr'><strong>Messiae</strong></span> <span class='ocrx_word' id='word_1_197' title='bbox 1933 2955 2073 3015; x_wconf 87' lang='lat' dir='ltr'><strong>nul-</strong></span> 
     </span>
     <span class='ocr_line' id='line_1_30' title="bbox 518 3047 2074 3127; baseline 0.001 -20"><span class='ocrx_word' id='word_1_198' title='bbox 518 3048 578 3108; x_wconf 93' lang='lat' dir='ltr'><strong>lo</strong></span> <span class='ocrx_word' id='word_1_199' title='bbox 601 3048 786 3110; x_wconf 91' lang='lat' dir='ltr'><strong>modo</strong></span> <span class='ocrx_word' id='word_1_200' title='bbox 812 3048 1170 3121; x_wconf 89' lang='lat' dir='ltr'><strong>admittunt,</strong></span> <span class='ocrx_word' id='word_1_201' title='bbox 1201 3047 1315 3108; x_wconf 89' lang='lat' dir='ltr'><strong>sub</strong></span> <span class='ocrx_word' id='word_1_202' title='bbox 1343 3048 1710 3127; x_wconf 87' lang='lat' dir='ltr'><strong>paganismo</strong></span> <span class='ocrx_word' id='word_1_203' title='bbox 1751 3047 2074 3108; x_wconf 87' lang='lat' dir='ltr'><strong>continen-</strong></span> 
     </span>
     <span class='ocr_line' id='line_1_31' title="bbox 515 3139 2075 3219; baseline -0.001 -17"><span class='ocrx_word' id='word_1_204' title='bbox 515 3148 658 3202; x_wconf 86' lang='lat' dir='ltr'><strong>tur:</strong></span> <span class='ocrx_word' id='word_1_205' title='bbox 684 3147 905 3219; x_wconf 69' lang='lat' dir='ltr'><strong>praeter</strong></span> <span class='ocrx_word' id='word_1_206' title='bbox 933 3139 1064 3200; x_wconf 80' lang='lat' dir='ltr'><strong>haec</strong></span> <span class='ocrx_word' id='word_1_207' title='bbox 1087 3147 1297 3201; x_wconf 88' lang='lat' dir='ltr'><strong>autem</strong></span> <span class='ocrx_word' id='word_1_208' title='bbox 1324 3139 1608 3201; x_wconf 87' lang='lat' dir='ltr'><strong>membra</strong></span> <span class='ocrx_word' id='word_1_209' title='bbox 1631 3141 1875 3201; x_wconf 89' lang='lat' dir='ltr'><strong>nullum</strong></span> <span class='ocrx_word' id='word_1_210' title='bbox 1895 3157 2075 3201; x_wconf 85' lang='lat' dir='ltr'><strong>exco-</strong></span> 
     </span>
     <span class='ocr_line' id='line_1_32' title="bbox 513 3233 1861 3313; baseline 0 -19"><span class='ocrx_word' id='word_1_211' title='bbox 513 3235 698 3313; x_wconf 88' lang='lat' dir='ltr'><strong>gitari</strong></span> <span class='ocrx_word' id='word_1_212' title='bbox 723 3239 964 3312; x_wconf 83' lang='lat' dir='ltr'><strong>potest3</strong></span> <span class='ocrx_word' id='word_1_213' title='bbox 991 3239 1083 3293; x_wconf 89' lang='lat' dir='ltr'><strong>est</strong></span> <span class='ocrx_word' id='word_1_214' title='bbox 1099 3250 1249 3311; x_wconf 90' lang='lat' dir='ltr'><strong>ergo</strong></span> <span class='ocrx_word' id='word_1_215' title='bbox 1281 3233 1505 3294; x_wconf 82' lang='lat' dir='ltr'><strong>divisio</strong></span> <span class='ocrx_word' id='word_1_216' title='bbox 1531 3233 1861 3294; x_wconf 85' lang='lat' dir='ltr'><strong>sufficiens.</strong></span> 
     </span>
    </p>

    <p class='ocr_par' dir='ltr' id='par_1_3' title="bbox 510 3323 2079 4611">
     <span class='ocr_line' id='line_1_33' title="bbox 596 3323 2075 3408; baseline 0.001 -22"><span class='ocrx_word' id='word_1_217' title='bbox 596 3330 664 3386; x_wconf 73' lang='lat'><strong>11</strong></span> <span class='ocrx_word' id='word_1_218' title='bbox 677 3369 696 3386; x_wconf 92' lang='lat'><strong>.</strong></span> <span class='ocrx_word' id='word_1_219' title='bbox 763 3325 1130 3388; x_wconf 73' lang='lat' dir='ltr'><strong>Declaratur</strong></span> <span class='ocrx_word' id='word_1_220' title='bbox 1171 3323 1348 3387; x_wconf 74' lang='lat' dir='ltr'><strong>tertio</strong></span> <span class='ocrx_word' id='word_1_221' title='bbox 1401 3331 1460 3388; x_wconf 75' lang='lat' dir='ltr'><strong>ot</strong></span> <span class='ocrx_word' id='word_1_222' title='bbox 1507 3327 1852 3408; x_wconf 57' lang='lat' dir='ltr'><strong>quator-azius</strong></span> <span class='ocrx_word' id='word_1_223' title='bbox 1897 3329 2075 3390; x_wconf 78' lang='lat' dir='ltr'><strong>dictoe</strong></span> 
     </span>
     <span class='ocr_line' id='line_1_34' title="bbox 513 3416 2075 3498; baseline -0.001 -16"><span class='ocrx_word' id='word_1_224' title='bbox 513 3416 829 3482; x_wconf 71' lang='lat' dir='ltr'><strong>divisionis</strong></span> <span class='ocrx_word' id='word_1_225' title='bbox 841 3416 1320 3495; x_wconf 73' lang='lat' dir='ltr'><strong>sufficientia.-</strong></span> <span class='ocrx_word' id='word_1_226' title='bbox 1333 3418 1548 3478; x_wconf 87' lang='lat' dir='ltr'><strong>Solum</strong></span> <span class='ocrx_word' id='word_1_227' title='bbox 1569 3418 1749 3479; x_wconf 87' lang='lat' dir='ltr'><strong>video</strong></span> <span class='ocrx_word' id='word_1_228' title='bbox 1767 3437 1940 3498; x_wconf 88' lang='lat' dir='ltr'><strong>posse</strong></span> <span class='ocrx_word' id='word_1_229' title='bbox 1958 3420 2075 3480; x_wconf 87' lang='lat' dir='ltr'><strong>du-</strong></span> 
     </span>
     <span class='ocr_line' id='line_1_35' title="bbox 513 3509 2073 3588; baseline 0.001 -18"><span class='ocrx_word' id='word_1_230' title='bbox 513 3510 724 3586; x_wconf 86' lang='lat' dir='ltr'><strong>bitari,</strong></span> <span class='ocrx_word' id='word_1_231' title='bbox 752 3510 901 3588; x_wconf 85' lang='lat' dir='ltr'><strong>quia</strong></span> <span class='ocrx_word' id='word_1_232' title='bbox 925 3509 1044 3570; x_wconf 84' lang='lat' dir='ltr'><strong>hoc</strong></span> <span class='ocrx_word' id='word_1_233' title='bbox 1071 3511 1254 3570; x_wconf 92' lang='lat' dir='ltr'><strong>modo</strong></span> <span class='ocrx_word' id='word_1_234' title='bbox 1281 3509 1582 3588; x_wconf 87' lang='lat' dir='ltr'><strong>explicata</strong></span> <span class='ocrx_word' id='word_1_235' title='bbox 1619 3509 1842 3572; x_wconf 82' lang='lat' dir='ltr'><strong>divisio</strong></span> <span class='ocrx_word' id='word_1_236' title='bbox 1872 3511 2073 3572; x_wconf 87' lang='lat' dir='ltr'><strong>solum</strong></span> 
     </span>
     <span class='ocr_line' id='line_1_36' title="bbox 513 3601 2071 3683; baseline 0.001 -19"><span class='ocrx_word' id='word_1_237' title='bbox 513 3603 759 3664; x_wconf 84' lang='lat' dir='ltr'><strong>videtur</strong></span> <span class='ocrx_word' id='word_1_238' title='bbox 794 3601 1023 3664; x_wconf 84' lang='lat' dir='ltr'><strong>habere</strong></span> <span class='ocrx_word' id='word_1_239' title='bbox 1055 3602 1258 3664; x_wconf 90' lang='lat' dir='ltr'><strong>locum</strong></span> <span class='ocrx_word' id='word_1_240' title='bbox 1299 3610 1434 3682; x_wconf 88' lang='lat' dir='ltr'><strong>post</strong></span> <span class='ocrx_word' id='word_1_241' title='bbox 1475 3603 1682 3664; x_wconf 89' lang='lat' dir='ltr'><strong>lucem</strong></span> <span class='ocrx_word' id='word_1_242' title='bbox 1723 3605 2071 3683; x_wconf 81' lang='lat' dir='ltr'><strong>Evangelii,</strong></span> 
     </span>
     <span class='ocr_line' id='line_1_37' title="bbox 513 3694 2079 3777; baseline 0.002 -20"><span class='ocrx_word' id='word_1_243' title='bbox 513 3713 657 3757; x_wconf 88' lang='lat' dir='ltr'><strong>cum</strong></span> <span class='ocrx_word' id='word_1_244' title='bbox 697 3701 911 3756; x_wconf 82' lang='lat' dir='ltr'><strong>tamen</strong></span> <span class='ocrx_word' id='word_1_245' title='bbox 954 3694 1288 3756; x_wconf 86' lang='lat' dir='ltr'><strong>infidelitas</strong></span> <span class='ocrx_word' id='word_1_246' title='bbox 1326 3702 1389 3756; x_wconf 88' lang='lat' dir='ltr'><strong>et</strong></span> <span class='ocrx_word' id='word_1_247' title='bbox 1423 3695 1672 3756; x_wconf 84' lang='lat' dir='ltr'><strong>haeresis</strong></span> <span class='ocrx_word' id='word_1_248' title='bbox 1719 3715 1963 3777; x_wconf 84' lang='lat' dir='ltr'><strong>semper</strong></span> <span class='ocrx_word' id='word_1_249' title='bbox 1985 3717 2079 3761; x_wconf 89' lang='lat' dir='ltr'><strong>es-</strong></span> 
     </span>
     <span class='ocr_line' id='line_1_38' title="bbox 513 3787 2070 3867; baseline 0.003 -17"><span class='ocrx_word' id='word_1_250' title='bbox 513 3807 579 3850; x_wconf 91' lang='lat' dir='ltr'><strong>se</strong></span> <span class='ocrx_word' id='word_1_251' title='bbox 605 3788 922 3866; x_wconf 85' lang='lat' dir='ltr'><strong>potuerint</strong></span> <span class='ocrx_word' id='word_1_252' title='bbox 947 3787 1136 3848; x_wconf 87' lang='lat' dir='ltr'><strong>etiam</strong></span> <span class='ocrx_word' id='word_1_253' title='bbox 1163 3788 1231 3847; x_wconf 92' lang='lat' dir='ltr'><strong>in</strong></span> <span class='ocrx_word' id='word_1_254' title='bbox 1257 3787 1395 3867; x_wconf 89' lang='lat' dir='ltr'><strong>lege</strong></span> <span class='ocrx_word' id='word_1_255' title='bbox 1426 3789 1644 3863; x_wconf 85' lang='lat' dir='ltr'><strong>veteri,</strong></span> <span class='ocrx_word' id='word_1_256' title='bbox 1671 3789 1772 3852; x_wconf 79' lang='lat' dir='ltr'><strong>vel</strong></span> <span class='ocrx_word' id='word_1_257' title='bbox 1812 3797 2070 3854; x_wconf 75' lang='lat' dir='ltr'><strong>naturae.</strong></span> 
     </span>
     <span class='ocr_line' id='line_1_39' title="bbox 517 3879 2077 3960; baseline 0.001 -17"><span class='ocrx_word' id='word_1_258' title='bbox 517 3882 770 3960; x_wconf 81' lang='lat' dir='ltr'><strong>Propter</strong></span> <span class='ocrx_word' id='word_1_259' title='bbox 796 3880 915 3940; x_wconf 88' lang='lat' dir='ltr'><strong>hoc</strong></span> <span class='ocrx_word' id='word_1_260' title='bbox 947 3885 1146 3959; x_wconf 90' lang='lat' dir='ltr'><strong>potest</strong></span> <span class='ocrx_word' id='word_1_261' title='bbox 1174 3879 1395 3941; x_wconf 87' lang='lat' dir='ltr'><strong>divisio</strong></span> <span class='ocrx_word' id='word_1_262' title='bbox 1423 3881 1678 3960; x_wconf 87' lang='lat' dir='ltr'><strong>ejusque</strong></span> <span class='ocrx_word' id='word_1_263' title='bbox 1709 3881 2077 3946; x_wconf 85' lang='lat' dir='ltr'><strong>sufficientia</strong></span> 
     </span>
     <span class='ocr_line' id='line_1_40' title="bbox 515 3971 2073 4052; baseline 0 -16"><span class='ocrx_word' id='word_1_264' title='bbox 515 3973 902 4036; x_wconf 85' lang='lat' dir='ltr'><strong>abstractiori</strong></span> <span class='ocrx_word' id='word_1_265' title='bbox 945 3972 1130 4032; x_wconf 91' lang='lat' dir='ltr'><strong>modo</strong></span> <span class='ocrx_word' id='word_1_266' title='bbox 1173 3971 1474 4034; x_wconf 84' lang='lat' dir='ltr'><strong>declarari</strong></span> <span class='ocrx_word' id='word_1_267' title='bbox 1519 3991 1630 4052; x_wconf 90' lang='lat' dir='ltr'><strong>per</strong></span> <span class='ocrx_word' id='word_1_268' title='bbox 1669 3974 1950 4036; x_wconf 89' lang='lat' dir='ltr'><strong>ordinem</strong></span> <span class='ocrx_word' id='word_1_269' title='bbox 1996 3977 2073 4036; x_wconf 87' lang='lat' dir='ltr'><strong>ad</strong></span> 
     </span>
     <span class='ocr_line' id='line_1_41' title="bbox 510 4061 2071 4146; baseline 0.001 -19"><span class='ocrx_word' id='word_1_270' title='bbox 510 4066 952 4128; x_wconf 83' lang='lat' dir='ltr'><strong>revelationem</strong></span> <span class='ocrx_word' id='word_1_271' title='bbox 997 4065 1146 4140; x_wconf 90' lang='lat' dir='ltr'><strong>Dei,</strong></span> <span class='ocrx_word' id='word_1_272' title='bbox 1181 4065 1281 4126; x_wconf 91' lang='lat' dir='ltr'><strong>cui</strong></span> <span class='ocrx_word' id='word_1_273' title='bbox 1319 4061 1652 4126; x_wconf 81' lang='lat' dir='ltr'><strong>infidelitas</strong></span> <span class='ocrx_word' id='word_1_274' title='bbox 1704 4068 2036 4146; x_wconf 89' lang='lat' dir='ltr'><strong>opponitur</strong></span> <span class='ocrx_word' id='word_1_275' title='bbox 2050 4084 2071 4145; x_wconf 83' lang='lat'><em>3</em></span> 
     </span>
     <span class='ocr_line' id='line_1_42' title="bbox 512 4158 2077 4237; baseline 0 -16"><span class='ocrx_word' id='word_1_276' title='bbox 512 4165 624 4221; x_wconf 89' lang='lat' dir='ltr'><strong>aut</strong></span> <span class='ocrx_word' id='word_1_277' title='bbox 649 4159 818 4219; x_wconf 87' lang='lat' dir='ltr'><strong>euim</strong></span> <span class='ocrx_word' id='word_1_278' title='bbox 839 4158 1064 4237; x_wconf 85' lang='lat' dir='ltr'><strong>aliquis</strong></span> <span class='ocrx_word' id='word_1_279' title='bbox 1089 4158 1327 4219; x_wconf 86' lang='lat' dir='ltr'><strong>nullam</strong></span> <span class='ocrx_word' id='word_1_280' title='bbox 1357 4159 1466 4220; x_wconf 88' lang='lat' dir='ltr'><strong>Dei</strong></span> <span class='ocrx_word' id='word_1_281' title='bbox 1490 4159 1932 4220; x_wconf 74' lang='lat' dir='ltr'><strong>revelationem</strong></span> <span class='ocrx_word' id='word_1_282' title='bbox 1956 4161 2077 4221; x_wconf 88' lang='lat' dir='ltr'><strong>sibi</strong></span> 
     </span>
     <span class='ocr_line' id='line_1_43' title="bbox 513 4251 2077 4332; baseline 0.001 -20"><span class='ocrx_word' id='word_1_283' title='bbox 513 4252 891 4332; x_wconf 75' lang='lat' dir='ltr'><strong>propositam</strong></span> <span class='ocrx_word' id='word_1_284' title='bbox 927 4251 1203 4330; x_wconf 86' lang='lat' dir='ltr'><strong>suscipit,</strong></span> <span class='ocrx_word' id='word_1_285' title='bbox 1241 4256 1304 4310; x_wconf 87' lang='lat' dir='ltr'><strong>et</strong></span> <span class='ocrx_word' id='word_1_286' title='bbox 1329 4251 1433 4311; x_wconf 90' lang='lat' dir='ltr'><strong>hic</strong></span> <span class='ocrx_word' id='word_1_287' title='bbox 1457 4257 1552 4311; x_wconf 89' lang='lat' dir='ltr'><strong>est</strong></span> <span class='ocrx_word' id='word_1_288' title='bbox 1574 4269 1872 4331; x_wconf 83' lang='lat' dir='ltr'><strong>paganus,</strong></span> <span class='ocrx_word' id='word_1_289' title='bbox 1901 4261 1964 4314; x_wconf 91' lang='lat' dir='ltr'><strong>et</strong></span> <span class='ocrx_word' id='word_1_290' title='bbox 1988 4260 2077 4314; x_wconf 84' lang='lat' dir='ltr'><strong>ta-</strong></span> 
     </span>
     <span class='ocr_line' id='line_1_44' title="bbox 511 4345 2073 4426; baseline 0.001 -20"><span class='ocrx_word' id='word_1_291' title='bbox 511 4346 590 4406; x_wconf 88' lang='lat' dir='ltr'><strong>lis</strong></span> <span class='ocrx_word' id='word_1_292' title='bbox 611 4364 740 4406; x_wconf 85' lang='lat' dir='ltr'><strong>esse</strong></span> <span class='ocrx_word' id='word_1_293' title='bbox 767 4347 969 4424; x_wconf 88' lang='lat' dir='ltr'><strong>potuit</strong></span> <span class='ocrx_word' id='word_1_294' title='bbox 989 4363 1028 4404; x_wconf 87' lang='lat' dir='ltr'><strong>a</strong></span> <span class='ocrx_word' id='word_1_295' title='bbox 1055 4345 1360 4424; x_wconf 90' lang='lat' dir='ltr'><strong>principio</strong></span> <span class='ocrx_word' id='word_1_296' title='bbox 1399 4345 1654 4420; x_wconf 79' lang='lat' dir='ltr'><strong>mundi;</strong></span> <span class='ocrx_word' id='word_1_297' title='bbox 1701 4345 1800 4406; x_wconf 84' lang='lat' dir='ltr'><strong>vel</strong></span> <span class='ocrx_word' id='word_1_298' title='bbox 1826 4346 2073 4426; x_wconf 74' lang='lat' dir='ltr'><strong>aliqui5‚</strong></span> 
     </span>
     <span class='ocr_line' id='line_1_45' title="bbox 513 4437 2071 4518; baseline -0.001 -18"><span class='ocrx_word' id='word_1_299' title='bbox 513 4445 762 4518; x_wconf 86' lang='lat' dir='ltr'><strong>accepta</strong></span> <span class='ocrx_word' id='word_1_300' title='bbox 797 4438 1171 4498; x_wconf 82' lang='lat' dir='ltr'><strong>revelatione</strong></span> <span class='ocrx_word' id='word_1_301' title='bbox 1219 4437 1338 4496; x_wconf 89' lang='lat' dir='ltr'><strong>sibi</strong></span> <span class='ocrx_word' id='word_1_302' title='bbox 1391 4453 1674 4517; x_wconf 78' lang='lat' dir='ltr'><strong>expresse</strong></span> <span class='ocrx_word' id='word_1_303' title='bbox 1717 4441 2033 4518; x_wconf 76' lang='lat' dir='ltr'><strong>proposita</strong></span> <span class='ocrx_word' id='word_1_304' title='bbox 2049 4485 2071 4514; x_wconf 93' lang='lat'><strong>,</strong></span> 
     </span>
     <span class='ocr_line' id='line_1_46' title="bbox 511 4530 2072 4611; baseline 0 -19"><span class='ocrx_word' id='word_1_305' title='bbox 511 4533 602 4594; x_wconf 87' lang='lat' dir='ltr'><strong>illi</strong></span> <span class='ocrx_word' id='word_1_306' title='bbox 627 4550 702 4592; x_wconf 83' lang='lat' dir='ltr'><strong>ex</strong></span> <span class='ocrx_word' id='word_1_307' title='bbox 725 4538 898 4611; x_wconf 86' lang='lat' dir='ltr'><strong>parte</strong></span> <span class='ocrx_word' id='word_1_308' title='bbox 942 4531 1156 4604; x_wconf 88' lang='lat' dir='ltr'><strong>credit,</strong></span> <span class='ocrx_word' id='word_1_309' title='bbox 1209 4530 1428 4590; x_wconf 89' lang='lat' dir='ltr'><strong>saltem</strong></span> <span class='ocrx_word' id='word_1_310' title='bbox 1481 4531 1906 4604; x_wconf 85' lang='lat' dir='ltr'><strong>materialiter,</strong></span> <span class='ocrx_word' id='word_1_311' title='bbox 1943 4550 2072 4592; x_wconf 92' lang='lat' dir='ltr'><strong>non</strong></span> 
     </span>
    </p>
   </div>
   <div class='ocr_carea' id='block_1_3' title="bbox 423 4622 2076 4702">
    <p class='ocr_par' dir='ltr' id='par_1_4' title="bbox 423 4622 2076 4702">
     <span class='ocr_line' id='line_1_47' title="bbox 423 4622 2076 4702; baseline 0.001 -18"><span class='ocrx_word' id='word_1_312' title='bbox 423 4638 438 4650; x_wconf 86' lang='lat'><strong>·</strong></span> <span class='ocrx_word' id='word_1_313' title='bbox 514 4632 730 4686; x_wconf 87' lang='lat' dir='ltr'><strong>tamen</strong></span> <span class='ocrx_word' id='word_1_314' title='bbox 769 4628 1078 4702; x_wconf 84' lang='lat' dir='ltr'><strong>integram</strong></span> <span class='ocrx_word' id='word_1_315' title='bbox 1119 4622 1308 4682; x_wconf 84' lang='lat' dir='ltr'><strong>fidem</strong></span> <span class='ocrx_word' id='word_1_316' title='bbox 1351 4623 1604 4682; x_wconf 84' lang='lat' dir='ltr'><strong>adhibet</strong></span> <span class='ocrx_word' id='word_1_317' title='bbox 1631 4625 1832 4702; x_wconf 86' lang='lat' dir='ltr'><strong>quoad</strong></span> <span class='ocrx_word' id='word_1_318' title='bbox 1863 4625 2076 4686; x_wconf 91' lang='lat' dir='ltr'><strong>omnia</strong></span> 
     </span>
    </p>
   </div>
   <div class='ocr_carea' id='block_1_4' title="bbox 507 4715 2075 5543">
    <p class='ocr_par' dir='ltr' id='par_1_5' title="bbox 507 4715 2075 5543">
     <span class='ocr_line' id='line_1_48' title="bbox 516 4715 2075 4791; baseline -0.001 -13"><span class='ocrx_word' id='word_1_319' title='bbox 516 4718 811 4791; x_wconf 75' lang='lat' dir='ltr'><strong>revelata,</strong></span> <span class='ocrx_word' id='word_1_320' title='bbox 843 4723 910 4776; x_wconf 92' lang='lat' dir='ltr'><strong>et</strong></span> <span class='ocrx_word' id='word_1_321' title='bbox 933 4717 1046 4776; x_wconf 80' lang='lat' dir='ltr'><strong>iste</strong></span> <span class='ocrx_word' id='word_1_322' title='bbox 1074 4715 1291 4776; x_wconf 88' lang='lat' dir='ltr'><strong>incidit</strong></span> <span class='ocrx_word' id='word_1_323' title='bbox 1319 4715 1386 4776; x_wconf 85' lang='lat' dir='ltr'><strong>iu</strong></span> <span class='ocrx_word' id='word_1_324' title='bbox 1410 4715 1717 4776; x_wconf 84' lang='lat' dir='ltr'><strong>haeresim.</strong></span> <span class='ocrx_word' id='word_1_325' title='bbox 1741 4715 1917 4776; x_wconf 88' lang='lat' dir='ltr'><strong>Unde</strong></span> <span class='ocrx_word' id='word_1_326' title='bbox 1958 4717 2075 4778; x_wconf 87' lang='lat' dir='ltr'><strong>hoc</strong></span> 
     </span>
     <span class='ocr_line' id='line_1_49' title="bbox 517 4808 2075 4888; baseline 0 -18"><span class='ocrx_word' id='word_1_327' title='bbox 517 4809 703 4870; x_wconf 89' lang='lat' dir='ltr'><strong>modo</strong></span> <span class='ocrx_word' id='word_1_328' title='bbox 753 4808 954 4888; x_wconf 87' lang='lat' dir='ltr'><strong>potuit</strong></span> <span class='ocrx_word' id='word_1_329' title='bbox 996 4809 1246 4869; x_wconf 76' lang='lat' dir='ltr'><strong>Judoeus</strong></span> <span class='ocrx_word' id='word_1_330' title='bbox 1300 4809 1491 4868; x_wconf 86' lang='lat' dir='ltr'><strong>etiam</strong></span> <span class='ocrx_word' id='word_1_331' title='bbox 1537 4815 1683 4868; x_wconf 85' lang='lat' dir='ltr'><strong>anto</strong></span> <span class='ocrx_word' id='word_1_332' title='bbox 1735 4810 2075 4870; x_wconf 85' lang='lat' dir='ltr'><strong>advent-um</strong></span> 
     </span>
     <span class='ocr_line' id='line_1_50' title="bbox 517 4901 2074 4980; baseline 0 -17"><span class='ocrx_word' id='word_1_333' title='bbox 517 4902 740 4962; x_wconf 86' lang='lat' dir='ltr'><strong>Christi</strong></span> <span class='ocrx_word' id='word_1_334' title='bbox 765 4901 902 4960; x_wconf 89' lang='lat' dir='ltr'><strong>fieri</strong></span> <span class='ocrx_word' id='word_1_335' title='bbox 943 4901 1266 4962; x_wconf 65' lang='lat' dir='ltr'><strong>haereticus</strong></span> <span class='ocrx_word' id='word_1_336' title='bbox 1295 4901 1582 4979; x_wconf 85' lang='lat' dir='ltr'><strong>negando</strong></span> <span class='ocrx_word' id='word_1_337' title='bbox 1621 4901 1892 4980; x_wconf 80' lang='lat' dir='ltr'><strong>aliquem</strong></span> <span class='ocrx_word' id='word_1_338' title='bbox 1920 4903 2074 4963; x_wconf 78' lang='lat' dir='ltr'><strong>arti-</strong></span> 
     </span>
     <span class='ocr_line' id='line_1_51' title="bbox 517 4992 2075 5074; baseline -0.001 -16"><span class='ocrx_word' id='word_1_339' title='bbox 517 4997 728 5058; x_wconf 85' lang='lat' dir='ltr'><strong>culum</strong></span> <span class='ocrx_word' id='word_1_340' title='bbox 758 5013 836 5055; x_wconf 80' lang='lat' dir='ltr'><strong>ex</strong></span> <span class='ocrx_word' id='word_1_341' title='bbox 859 4995 959 5056; x_wconf 85' lang='lat' dir='ltr'><strong>his</strong></span> <span class='ocrx_word' id='word_1_342' title='bbox 998 4994 1108 5072; x_wconf 90' lang='lat' dir='ltr'><strong>qui</strong></span> <span class='ocrx_word' id='word_1_343' title='bbox 1154 4993 1458 5054; x_wconf 85' lang='lat' dir='ltr'><strong>cadebant</strong></span> <span class='ocrx_word' id='word_1_344' title='bbox 1483 4993 1600 5053; x_wconf 90' lang='lat' dir='ltr'><strong>sub</strong></span> <span class='ocrx_word' id='word_1_345' title='bbox 1627 4992 1748 5054; x_wconf 85' lang='lat' dir='ltr'><strong>fide</strong></span> <span class='ocrx_word' id='word_1_346' title='bbox 1785 4996 2075 5074; x_wconf 85' lang='lat' dir='ltr'><strong>explicita</strong></span> 
     </span>
     <span class='ocr_line' id='line_1_52' title="bbox 512 5087 2075 5166; baseline 0 -18"><span class='ocrx_word' id='word_1_347' title='bbox 512 5087 680 5150; x_wconf 86' lang='lat' dir='ltr'><strong>illius</strong></span> <span class='ocrx_word' id='word_1_348' title='bbox 699 5089 1012 5166; x_wconf 76' lang='lat' dir='ltr'><strong>temporie,</strong></span> <span class='ocrx_word' id='word_1_349' title='bbox 1039 5093 1130 5160; x_wconf 89' lang='lat' dir='ltr'><strong>ut,</strong></span> <span class='ocrx_word' id='word_1_350' title='bbox 1152 5087 1322 5146; x_wconf 84' lang='lat' dir='ltr'><strong>verbi</strong></span> <span class='ocrx_word' id='word_1_351' title='bbox 1345 5088 1568 5164; x_wconf 86' lang='lat' dir='ltr'><strong>gratia,</strong></span> <span class='ocrx_word' id='word_1_352' title='bbox 1597 5087 1925 5148; x_wconf 81' lang='lat' dir='ltr'><strong>articulum</strong></span> <span class='ocrx_word' id='word_1_353' title='bbox 1959 5089 2075 5148; x_wconf 87' lang='lat' dir='ltr'><strong>Re-</strong></span> 
     </span>
     <span class='ocr_line' id='line_1_53' title="bbox 513 5178 2072 5260; baseline 0.001 -19"><span class='ocrx_word' id='word_1_354' title='bbox 513 5182 933 5256; x_wconf 83' lang='lat' dir='ltr'><strong>surrectionis3</strong></span> <span class='ocrx_word' id='word_1_355' title='bbox 968 5187 1030 5240; x_wconf 88' lang='lat' dir='ltr'><strong>et</strong></span> <span class='ocrx_word' id='word_1_356' title='bbox 1059 5178 1175 5238; x_wconf 91' lang='lat' dir='ltr'><strong>hoc</strong></span> <span class='ocrx_word' id='word_1_357' title='bbox 1205 5181 1455 5240; x_wconf 87' lang='lat' dir='ltr'><strong>nomine</strong></span> <span class='ocrx_word' id='word_1_358' title='bbox 1479 5180 1632 5242; x_wconf 86' lang='lat' dir='ltr'><strong>solet</strong></span> <span class='ocrx_word' id='word_1_359' title='bbox 1661 5182 1725 5240; x_wconf 91' lang='lat' dir='ltr'><strong>in</strong></span> <span class='ocrx_word' id='word_1_360' title='bbox 1756 5183 2072 5260; x_wconf 81' lang='lat' dir='ltr'><strong>Scriptura</strong></span> 
     </span>
     <span class='ocr_line' id='line_1_54' title="bbox 514 5271 2074 5351; baseline -0.001 -18"><span class='ocrx_word' id='word_1_361' title='bbox 514 5275 656 5334; x_wconf 82' lang='lat' dir='ltr'><strong>talis</strong></span> <span class='ocrx_word' id='word_1_362' title='bbox 679 5291 852 5332; x_wconf 89' lang='lat' dir='ltr'><strong>error</strong></span> <span class='ocrx_word' id='word_1_363' title='bbox 871 5275 1060 5332; x_wconf 85' lang='lat' dir='ltr'><strong>etiam</strong></span> <span class='ocrx_word' id='word_1_364' title='bbox 1085 5272 1251 5332; x_wconf 77' lang='lat' dir='ltr'><strong>inter</strong></span> <span class='ocrx_word' id='word_1_365' title='bbox 1269 5271 1513 5332; x_wconf 79' lang='lat' dir='ltr'><strong>Judaeos</strong></span> <span class='ocrx_word' id='word_1_366' title='bbox 1535 5271 1857 5351; x_wconf 85' lang='lat' dir='ltr'><strong>appellari,</strong></span> <span class='ocrx_word' id='word_1_367' title='bbox 1887 5281 1950 5332; x_wconf 91' lang='lat' dir='ltr'><strong>et</strong></span> <span class='ocrx_word' id='word_1_368' title='bbox 1978 5273 2074 5333; x_wconf 90' lang='lat' dir='ltr'><strong>illi</strong></span> 
     </span>
     <span class='ocr_line' id='line_1_55' title="bbox 512 5364 2067 5446; baseline -0.001 -19"><span class='ocrx_word' id='word_1_369' title='bbox 512 5370 700 5428; x_wconf 84' lang='lat' dir='ltr'><strong>etiam</strong></span> <span class='ocrx_word' id='word_1_370' title='bbox 741 5365 828 5426; x_wconf 87' lang='lat' dir='ltr'><strong>sic</strong></span> <span class='ocrx_word' id='word_1_371' title='bbox 873 5365 1192 5426; x_wconf 84' lang='lat' dir='ltr'><strong>credentes</strong></span> <span class='ocrx_word' id='word_1_372' title='bbox 1235 5364 1398 5424; x_wconf 87' lang='lat' dir='ltr'><strong>inter</strong></span> <span class='ocrx_word' id='word_1_373' title='bbox 1443 5364 1764 5426; x_wconf 82' lang='lat' dir='ltr'><strong>haereticos</strong></span> <span class='ocrx_word' id='word_1_374' title='bbox 1804 5366 1884 5426; x_wconf 90' lang='lat' dir='ltr'><strong>ab</strong></span> <span class='ocrx_word' id='word_1_375' title='bbox 1929 5366 2067 5446; x_wconf 88' lang='lat' dir='ltr'><strong>Epi-</strong></span> 
     </span>
     <span class='ocr_line' id='line_1_56' title="bbox 507 5457 2073 5543; baseline -0.002 -19"><span class='ocrx_word' id='word_1_376' title='bbox 507 5459 740 5543; x_wconf 76' lang='lat' dir='ltr'><strong>phanio</strong></span> <span class='ocrx_word' id='word_1_377' title='bbox 764 5465 828 5520; x_wconf 85' lang='lat' dir='ltr'><strong>et</strong></span> <span class='ocrx_word' id='word_1_378' title='bbox 849 5458 986 5520; x_wconf 84' lang='lat' dir='ltr'><strong>aliis</strong></span> <span class='ocrx_word' id='word_1_379' title='bbox 1007 5461 1416 5518; x_wconf 76' lang='lat' dir='ltr'><strong>numerantur</strong></span> <span class='ocrx_word' id='word_1_380' title='bbox 1430 5475 1449 5532; x_wconf 70' lang='grc' dir='ltr'><strong><em>ς</em></strong></span> <span class='ocrx_word' id='word_1_381' title='bbox 1475 5465 1538 5516; x_wconf 86' lang='lat' dir='ltr'><strong>et</strong></span> <span class='ocrx_word' id='word_1_382' title='bbox 1565 5457 1782 5520; x_wconf 73' lang='lat' dir='ltr'><strong>eadem</strong></span> <span class='ocrx_word' id='word_1_383' title='bbox 1809 5459 2073 5537; x_wconf 84' lang='lat' dir='ltr'><strong>ratione,</strong></span> 
     </span>
    </p>
   </div>
   <div class='ocr_carea' id='block_1_5' title="bbox 1616 336 2616 400">
    <p class='ocr_par' dir='ltr' id='par_1_6' title="bbox 1616 336 2616 400">
     <span class='ocr_line' id='line_1_57' title="bbox 1616 336 2616 400; baseline -0.004 -2"><span class='ocrx_word' id='word_1_384' title='bbox 1616 343 1854 398; x_wconf 66' lang='lat' dir='ltr'><strong>olsrur.</strong></span> <span class='ocrx_word' id='word_1_385' title='bbox 1891 343 2019 397; x_wconf 72' lang='lat' dir='ltr'><strong>xvi.</strong></span> <span class='ocrx_word' id='word_1_386' title='bbox 2054 345 2137 398; x_wconf 67' lang='lat' dir='ltr'><strong>nt:</strong></span> <span class='ocrx_word' id='word_1_387' title='bbox 2168 336 2616 400; x_wconf 62' lang='lat' dir='ltr'><strong>mmm-:urna</strong></span> 
     </span>
    </p>
   </div>
   <div class='ocr_carea' id='block_1_6' title="bbox 2148 435 3694 5524">
    <p class='ocr_par' dir='ltr' id='par_1_7' title="bbox 2154 435 3673 1644">
     <span class='ocr_line' id='line_1_58' title="bbox 2154 435 3653 519; baseline -0.005 -13"><span class='ocrx_word' id='word_1_388' title='bbox 2154 446 2206 506; x_wconf 89' lang='lat' dir='ltr'><strong>si</strong></span> <span class='ocrx_word' id='word_1_389' title='bbox 2222 445 2477 506; x_wconf 79' lang='lat' dir='ltr'><strong>Judaeus</strong></span> <span class='ocrx_word' id='word_1_390' title='bbox 2502 451 2651 506; x_wconf 86' lang='lat' dir='ltr'><strong>tunc</strong></span> <span class='ocrx_word' id='word_1_391' title='bbox 2668 447 2861 502; x_wconf 85' lang='lat' dir='ltr'><strong>totam</strong></span> <span class='ocrx_word' id='word_1_392' title='bbox 2887 437 3077 500; x_wconf 84' lang='lat' dir='ltr'><strong>fidem</strong></span> <span class='ocrx_word' id='word_1_393' title='bbox 3096 437 3317 516; x_wconf 78' lang='lat' dir='ltr'><strong>Moysis</strong></span> <span class='ocrx_word' id='word_1_394' title='bbox 3340 435 3653 519; x_wconf 76' lang='lat' dir='ltr'><strong>abnegaret,</strong></span> 
     </span>
     <span class='ocr_line' id='line_1_59' title="bbox 2154 529 3656 606; baseline -0.004 -7"><span class='ocrx_word' id='word_1_395' title='bbox 2154 543 2217 600; x_wconf 89' lang='lat' dir='ltr'><strong>et</strong></span> <span class='ocrx_word' id='word_1_396' title='bbox 2236 537 2319 598; x_wconf 89' lang='lat' dir='ltr'><strong>ad</strong></span> <span class='ocrx_word' id='word_1_397' title='bbox 2360 539 2515 598; x_wconf 89' lang='lat' dir='ltr'><strong>ritus</strong></span> <span class='ocrx_word' id='word_1_398' title='bbox 2554 533 2895 597; x_wconf 87' lang='lat' dir='ltr'><strong>Gentilium</strong></span> <span class='ocrx_word' id='word_1_399' title='bbox 2930 549 3010 592; x_wconf 82' lang='lat' dir='ltr'><strong>ex</strong></span> <span class='ocrx_word' id='word_1_400' title='bbox 3054 529 3258 590; x_wconf 83' lang='lat' dir='ltr'><strong>animo</strong></span> <span class='ocrx_word' id='word_1_401' title='bbox 3293 531 3573 606; x_wconf 82' lang='lat' dir='ltr'><strong>transiret,</strong></span> <span class='ocrx_word' id='word_1_402' title='bbox 3600 535 3656 596; x_wconf 86' lang='lat' dir='ltr'><strong>in</strong></span> 
     </span>
     <span class='ocr_line' id='line_1_60' title="bbox 2154 621 3657 710; baseline -0.003 -19"><span class='ocrx_word' id='word_1_403' title='bbox 2154 631 2589 710; x_wconf 87' lang='lat' dir='ltr'><strong>paganismum</strong></span> <span class='ocrx_word' id='word_1_404' title='bbox 2628 626 2949 698; x_wconf 86' lang='lat' dir='ltr'><strong>ineideret,</strong></span> <span class='ocrx_word' id='word_1_405' title='bbox 2970 629 3035 684; x_wconf 88' lang='lat' dir='ltr'><strong>et</strong></span> <span class='ocrx_word' id='word_1_406' title='bbox 3070 621 3233 684; x_wconf 89' lang='lat' dir='ltr'><strong>idem</strong></span> <span class='ocrx_word' id='word_1_407' title='bbox 3270 628 3355 683; x_wconf 66' lang='lat' dir='ltr'><strong>est</strong></span> <span class='ocrx_word' id='word_1_408' title='bbox 3378 639 3507 684; x_wconf 87' lang='lat' dir='ltr'><strong>cum</strong></span> <span class='ocrx_word' id='word_1_409' title='bbox 3540 644 3657 702; x_wconf 89' lang='lat' dir='ltr'><strong>pro·</strong></span> 
     </span>
     <span class='ocr_line' id='line_1_61' title="bbox 2155 713 3660 803; baseline -0.005 -17"><span class='ocrx_word' id='word_1_410' title='bbox 2155 725 2437 803; x_wconf 84' lang='lat' dir='ltr'><strong>portione</strong></span> <span class='ocrx_word' id='word_1_411' title='bbox 2476 721 2805 784; x_wconf 88' lang='lat' dir='ltr'><strong>dicendum</strong></span> <span class='ocrx_word' id='word_1_412' title='bbox 2834 718 2911 778; x_wconf 89' lang='lat' dir='ltr'><strong>de</strong></span> <span class='ocrx_word' id='word_1_413' title='bbox 2944 723 3220 794; x_wconf 84' lang='lat' dir='ltr'><strong>tempore</strong></span> <span class='ocrx_word' id='word_1_414' title='bbox 3245 713 3392 792; x_wconf 87' lang='lat' dir='ltr'><strong>legis</strong></span> <span class='ocrx_word' id='word_1_415' title='bbox 3420 724 3660 796; x_wconf 81' lang='lat' dir='ltr'><strong>naturoe;</strong></span> 
     </span>
     <span class='ocr_line' id='line_1_62' title="bbox 2156 807 3663 896; baseline -0.005 -18"><span class='ocrx_word' id='word_1_416' title='bbox 2156 817 2273 878; x_wconf 89' lang='lat' dir='ltr'><strong>hoc</strong></span> <span class='ocrx_word' id='word_1_417' title='bbox 2300 835 2449 896; x_wconf 89' lang='lat' dir='ltr'><strong>ergo</strong></span> <span class='ocrx_word' id='word_1_418' title='bbox 2476 816 2661 878; x_wconf 87' lang='lat' dir='ltr'><strong>modo</strong></span> <span class='ocrx_word' id='word_1_419' title='bbox 2684 817 3022 894; x_wconf 86' lang='lat' dir='ltr'><strong>potueruut</strong></span> <span class='ocrx_word' id='word_1_420' title='bbox 3044 808 3165 870; x_wconf 74' lang='lat' dir='ltr'><strong>illes</strong></span> <span class='ocrx_word' id='word_1_421' title='bbox 3192 807 3327 868; x_wconf 75' lang='lat' dir='ltr'><strong>dum</strong></span> <span class='ocrx_word' id='word_1_422' title='bbox 3348 808 3557 886; x_wconf 87' lang='lat' dir='ltr'><strong>species</strong></span> <span class='ocrx_word' id='word_1_423' title='bbox 3586 811 3663 872; x_wconf 89' lang='lat' dir='ltr'><strong>in·</strong></span> 
     </span>
     <span class='ocr_line' id='line_1_63' title="bbox 2157 900 3666 986; baseline -0.004 -14"><span class='ocrx_word' id='word_1_424' title='bbox 2157 910 2470 972; x_wconf 82' lang='lat' dir='ltr'><strong>fidelitatis</strong></span> <span class='ocrx_word' id='word_1_425' title='bbox 2502 929 2635 970; x_wconf 89' lang='lat' dir='ltr'><strong>esse</strong></span> <span class='ocrx_word' id='word_1_426' title='bbox 2660 905 3042 986; x_wconf 84' lang='lat' dir='ltr'><strong>antiquiores</strong></span> <span class='ocrx_word' id='word_1_427' title='bbox 3070 902 3205 980; x_wconf 83' lang='lat' dir='ltr'><strong>lege</strong></span> <span class='ocrx_word' id='word_1_428' title='bbox 3226 900 3587 979; x_wconf 58' lang='lat' dir='ltr'><strong>evangelum</strong></span> <span class='ocrx_word' id='word_1_429' title='bbox 3612 911 3666 966; x_wconf 85' lang='lat' dir='ltr'><strong>at</strong></span> 
     </span>
     <span class='ocr_line' id='line_1_64' title="bbox 2160 994 3666 1082; baseline -0.005 -16"><span class='ocrx_word' id='word_1_430' title='bbox 2160 1023 2304 1066; x_wconf 83' lang='lat' dir='ltr'><strong>vero</strong></span> <span class='ocrx_word' id='word_1_431' title='bbox 2326 1004 2673 1082; x_wconf 81' lang='lat' dir='ltr'><strong>judaismus</strong></span> <span class='ocrx_word' id='word_1_432' title='bbox 2714 1007 2861 1062; x_wconf 90' lang='lat' dir='ltr'><strong>ante</strong></span> <span class='ocrx_word' id='word_1_433' title='bbox 2896 997 3234 1060; x_wconf 86' lang='lat' dir='ltr'><strong>adventum</strong></span> <span class='ocrx_word' id='word_1_434' title='bbox 3260 995 3471 1056; x_wconf 86' lang='lat' dir='ltr'><strong>Christi</strong></span> <span class='ocrx_word' id='word_1_435' title='bbox 3492 994 3666 1059; x_wconf 86' lang='lat' dir='ltr'><strong>locum</strong></span> 
     </span>
     <span class='ocr_line' id='line_1_65' title="bbox 2158 1087 3667 1174; baseline -0.008 -16"><span class='ocrx_word' id='word_1_436' title='bbox 2158 1115 2287 1158; x_wconf 89' lang='lat' dir='ltr'><strong>non</strong></span> <span class='ocrx_word' id='word_1_437' title='bbox 2308 1097 2547 1169; x_wconf 87' lang='lat' dir='ltr'><strong>habuit,</strong></span> <span class='ocrx_word' id='word_1_438' title='bbox 2576 1095 2723 1174; x_wconf 88' lang='lat' dir='ltr'><strong>quia</strong></span> <span class='ocrx_word' id='word_1_439' title='bbox 2746 1090 3029 1154; x_wconf 89' lang='lat' dir='ltr'><strong>nondum</strong></span> <span class='ocrx_word' id='word_1_440' title='bbox 3056 1087 3442 1150; x_wconf 81' lang='lat' dir='ltr'><strong>manifestata</strong></span> <span class='ocrx_word' id='word_1_441' title='bbox 3476 1090 3667 1148; x_wconf 78' lang='lat' dir='ltr'><strong>verita-</strong></span> 
     </span>
     <span class='ocr_line' id='line_1_66' title="bbox 2158 1179 3669 1270; baseline -0.007 -17"><span class='ocrx_word' id='word_1_442' title='bbox 2158 1199 2219 1253; x_wconf 89' lang='lat' dir='ltr'><strong>te</strong></span> <span class='ocrx_word' id='word_1_443' title='bbox 2243 1235 2264 1266; x_wconf 93' lang='lat'><strong>,</strong></span> <span class='ocrx_word' id='word_1_444' title='bbox 2334 1208 2539 1270; x_wconf 87' lang='lat' dir='ltr'><strong>neque</strong></span> <span class='ocrx_word' id='word_1_445' title='bbox 2606 1186 2865 1267; x_wconf 87' lang='lat' dir='ltr'><strong>impleta</strong></span> <span class='ocrx_word' id='word_1_446' title='bbox 2940 1181 3343 1264; x_wconf 83' lang='lat' dir='ltr'><strong>promissione</strong></span> <span class='ocrx_word' id='word_1_447' title='bbox 3408 1179 3669 1244; x_wconf 77' lang='lat' dir='ltr'><strong>adventus</strong></span> 
     </span>
     <span class='ocr_line' id='line_1_67' title="bbox 2160 1273 3670 1360; baseline -0.006 -14"><span class='ocrx_word' id='word_1_448' title='bbox 2160 1285 2407 1360; x_wconf 86' lang='lat' dir='ltr'><strong>Christi,</strong></span> <span class='ocrx_word' id='word_1_449' title='bbox 2454 1283 2734 1344; x_wconf 88' lang='lat' dir='ltr'><strong>nondum</strong></span> <span class='ocrx_word' id='word_1_450' title='bbox 2784 1283 3025 1359; x_wconf 83' lang='lat' dir='ltr'><strong>poterat</strong></span> <span class='ocrx_word' id='word_1_451' title='bbox 3068 1273 3317 1354; x_wconf 86' lang='lat' dir='ltr'><strong>speciali</strong></span> <span class='ocrx_word' id='word_1_452' title='bbox 3348 1273 3670 1337; x_wconf 79' lang='lat' dir='ltr'><strong>infidelitate</strong></span> 
     </span>
     <span class='ocr_line' id='line_1_68' title="bbox 2160 1367 3673 1458; baseline -0.008 -18"><span class='ocrx_word' id='word_1_453' title='bbox 2160 1377 2403 1458; x_wconf 89' lang='lat' dir='ltr'><strong>peccari</strong></span> <span class='ocrx_word' id='word_1_454' title='bbox 2444 1383 2659 1438; x_wconf 86' lang='lat' dir='ltr'><strong>contra</strong></span> <span class='ocrx_word' id='word_1_455' title='bbox 2706 1373 2893 1434; x_wconf 86' lang='lat' dir='ltr'><strong>fidem</strong></span> <span class='ocrx_word' id='word_1_456' title='bbox 2937 1371 3243 1432; x_wconf 85' lang='lat' dir='ltr'><strong>adventus</strong></span> <span class='ocrx_word' id='word_1_457' title='bbox 3286 1367 3437 1446; x_wconf 83' lang='lat' dir='ltr'><strong>ejus,</strong></span> <span class='ocrx_word' id='word_1_458' title='bbox 3482 1367 3673 1428; x_wconf 80' lang='lat' dir='ltr'><strong>admit-</strong></span> 
     </span>
     <span class='ocr_line' id='line_1_69' title="bbox 2158 1460 3673 1550; baseline -0.006 -17"><span class='ocrx_word' id='word_1_459' title='bbox 2158 1471 2347 1532; x_wconf 86' lang='lat' dir='ltr'><strong>tendo</strong></span> <span class='ocrx_word' id='word_1_460' title='bbox 2397 1469 2831 1550; x_wconf 85' lang='lat' dir='ltr'><strong>promissiones</strong></span> <span class='ocrx_word' id='word_1_461' title='bbox 2877 1465 3033 1544; x_wconf 82' lang='lat' dir='ltr'><strong>ejus,</strong></span> <span class='ocrx_word' id='word_1_462' title='bbox 3082 1463 3151 1524; x_wconf 85' lang='lat' dir='ltr'><strong>in</strong></span> <span class='ocrx_word' id='word_1_463' title='bbox 3197 1479 3319 1540; x_wconf 82' lang='lat' dir='ltr'><strong>quo</strong></span> <span class='ocrx_word' id='word_1_464' title='bbox 3364 1460 3673 1538; x_wconf 78' lang='lat' dir='ltr'><strong>judaismus</strong></span> 
     </span>
     <span class='ocr_line' id='line_1_70' title="bbox 2159 1561 2736 1644; baseline -0.005 -20"><span class='ocrx_word' id='word_1_465' title='bbox 2159 1564 2407 1644; x_wconf 89' lang='lat' dir='ltr'><strong>proprie</strong></span> <span class='ocrx_word' id='word_1_466' title='bbox 2435 1561 2736 1623; x_wconf 85' lang='lat' dir='ltr'><strong>consistit.</strong></span> 
     </span>
    </p>

    <p class='ocr_par' dir='ltr' id='par_1_8' title="bbox 2148 1648 3694 5524">
     <span class='ocr_line' id='line_1_71' title="bbox 2240 1648 3669 1737; baseline -0.006 -19"><span class='ocrx_word' id='word_1_467' title='bbox 2240 1661 2339 1718; x_wconf 69' lang='lat'><strong>12.</strong></span> <span class='ocrx_word' id='word_1_468' title='bbox 2376 1653 2593 1737; x_wconf 74' lang='lat' dir='ltr'><strong>Opinio</strong></span> <span class='ocrx_word' id='word_1_469' title='bbox 2628 1654 2879 1716; x_wconf 73' lang='lat' dir='ltr'><strong>Banlm</strong></span> <span class='ocrx_word' id='word_1_470' title='bbox 2920 1652 3254 1716; x_wconf 68' lang='lat' dir='ltr'><strong>contraria.</strong></span> <span class='ocrx_word' id='word_1_471' title='bbox 3270 1648 3669 1729; x_wconf 61' lang='lat' dir='ltr'><strong>-Befellitun</strong></span> 
     </span>
     <span class='ocr_line' id='line_1_72' title="bbox 2168 1741 3676 1826; baseline -0.007 -15"><span class='ocrx_word' id='word_1_472' title='bbox 2168 1785 2239 1798; x_wconf 81' lang='lat'><strong>--</strong></span> <span class='ocrx_word' id='word_1_473' title='bbox 2276 1751 2503 1811; x_wconf 88' lang='lat' dir='ltr'><strong>Contra</strong></span> <span class='ocrx_word' id='word_1_474' title='bbox 2529 1749 2691 1808; x_wconf 86' lang='lat' dir='ltr'><strong>hanc</strong></span> <span class='ocrx_word' id='word_1_475' title='bbox 2718 1765 2865 1808; x_wconf 74' lang='lat' dir='ltr'><strong>vero</strong></span> <span class='ocrx_word' id='word_1_476' title='bbox 2906 1753 3147 1826; x_wconf 84' lang='lat' dir='ltr'><strong>partem</strong></span> <span class='ocrx_word' id='word_1_477' title='bbox 3176 1750 3241 1805; x_wconf 90' lang='lat' dir='ltr'><strong>et</strong></span> <span class='ocrx_word' id='word_1_478' title='bbox 3270 1744 3429 1804; x_wconf 87' lang='lat' dir='ltr'><strong>hune</strong></span> <span class='ocrx_word' id='word_1_479' title='bbox 3474 1741 3676 1802; x_wconf 87' lang='lat' dir='ltr'><strong>discur-</strong></span> 
     </span>
     <span class='ocr_line' id='line_1_73' title="bbox 2157 1837 3674 1916; baseline -0.007 -12"><span class='ocrx_word' id='word_1_480' title='bbox 2157 1861 2297 1907; x_wconf 88' lang='lat' dir='ltr'><strong>sum</strong></span> <span class='ocrx_word' id='word_1_481' title='bbox 2320 1841 2569 1903; x_wconf 83' lang='lat' dir='ltr'><strong>videtur</strong></span> <span class='ocrx_word' id='word_1_482' title='bbox 2594 1841 2823 1902; x_wconf 89' lang='lat' dir='ltr'><strong>sentire</strong></span> <span class='ocrx_word' id='word_1_483' title='bbox 2840 1839 3082 1901; x_wconf 87' lang='lat' dir='ltr'><strong>Banhes</strong></span> <span class='ocrx_word' id='word_1_484' title='bbox 3100 1841 3160 1900; x_wconf 71' lang='lat'><strong>2.</strong></span> <span class='ocrx_word' id='word_1_485' title='bbox 3188 1840 3253 1911; x_wconf 73' lang='lat'><strong>2,</strong></span> <span class='ocrx_word' id='word_1_486' title='bbox 3276 1855 3341 1916; x_wconf 87' lang='lat' dir='ltr'><strong>q.</strong></span> <span class='ocrx_word' id='word_1_487' title='bbox 3375 1839 3471 1910; x_wconf 79' lang='lat'><strong>10,</strong></span> <span class='ocrx_word' id='word_1_488' title='bbox 3497 1841 3601 1894; x_wconf 87' lang='lat' dir='ltr'><strong>art.</strong></span> <span class='ocrx_word' id='word_1_489' title='bbox 3624 1837 3674 1910; x_wconf 77' lang='lat'><strong>5,</strong></span> 
     </span>
     <span class='ocr_line' id='line_1_74' title="bbox 2158 1928 3678 2014; baseline -0.008 -16"><span class='ocrx_word' id='word_1_490' title='bbox 2158 1943 2221 1998; x_wconf 89' lang='lat' dir='ltr'><strong>et</strong></span> <span class='ocrx_word' id='word_1_491' title='bbox 2246 1935 2459 1997; x_wconf 88' lang='lat' dir='ltr'><strong>abillo</strong></span> <span class='ocrx_word' id='word_1_492' title='bbox 2481 1941 2681 2014; x_wconf 87' lang='lat' dir='ltr'><strong>potest</strong></span> <span class='ocrx_word' id='word_1_493' title='bbox 2707 1935 2870 1994; x_wconf 84' lang='lat' dir='ltr'><strong>sumi</strong></span> <span class='ocrx_word' id='word_1_494' title='bbox 2896 1932 3187 2011; x_wconf 85' lang='lat' dir='ltr'><strong>objectio,</strong></span> <span class='ocrx_word' id='word_1_495' title='bbox 3226 1929 3375 2010; x_wconf 86' lang='lat' dir='ltr'><strong>quia</strong></span> <span class='ocrx_word' id='word_1_496' title='bbox 3400 1928 3624 1989; x_wconf 83' lang='lat' dir='ltr'><strong>Judaeus</strong></span> <span class='ocrx_word' id='word_1_497' title='bbox 3648 1943 3678 1986; x_wconf 83' lang='lat' dir='ltr'><strong>a</strong></span> 
     </span>
     <span class='ocr_line' id='line_1_75' title="bbox 2160 2021 3679 2103; baseline -0.007 -13"><span class='ocrx_word' id='word_1_498' title='bbox 2160 2047 2271 2090; x_wconf 89' lang='lat' dir='ltr'><strong>sua</strong></span> <span class='ocrx_word' id='word_1_499' title='bbox 2296 2028 2418 2090; x_wconf 88' lang='lat' dir='ltr'><strong>fide</strong></span> <span class='ocrx_word' id='word_1_500' title='bbox 2446 2027 2738 2088; x_wconf 77' lang='lat' dir='ltr'><strong>deficiens</strong></span> <span class='ocrx_word' id='word_1_501' title='bbox 2766 2029 2833 2086; x_wconf 90' lang='lat' dir='ltr'><strong>in</strong></span> <span class='ocrx_word' id='word_1_502' title='bbox 2863 2026 2999 2103; x_wconf 89' lang='lat' dir='ltr'><strong>lege</strong></span> <span class='ocrx_word' id='word_1_503' title='bbox 3054 2024 3283 2102; x_wconf 81' lang='lat' dir='ltr'><strong>Moysis</strong></span> <span class='ocrx_word' id='word_1_504' title='bbox 3322 2038 3449 2083; x_wconf 88' lang='lat' dir='ltr'><strong>non</strong></span> <span class='ocrx_word' id='word_1_505' title='bbox 3470 2021 3679 2081; x_wconf 76' lang='lat' dir='ltr'><strong>resiste-</strong></span> 
     </span>
     <span class='ocr_line' id='line_1_76' title="bbox 2158 2112 3679 2200; baseline -0.007 -18"><span class='ocrx_word' id='word_1_506' title='bbox 2158 2122 2265 2184; x_wconf 89' lang='lat' dir='ltr'><strong>bat</strong></span> <span class='ocrx_word' id='word_1_507' title='bbox 2288 2121 2430 2182; x_wconf 88' lang='lat' dir='ltr'><strong>fidei</strong></span> <span class='ocrx_word' id='word_1_508' title='bbox 2465 2139 2751 2200; x_wconf 78' lang='lat' dir='ltr'><strong>expresse</strong></span> <span class='ocrx_word' id='word_1_509' title='bbox 2780 2118 3093 2192; x_wconf 81' lang='lat' dir='ltr'><strong>revelatae,</strong></span> <span class='ocrx_word' id='word_1_510' title='bbox 3126 2117 3239 2177; x_wconf 90' lang='lat' dir='ltr'><strong>sed</strong></span> <span class='ocrx_word' id='word_1_511' title='bbox 3269 2122 3503 2176; x_wconf 81' lang='lat' dir='ltr'><strong>tantum</strong></span> <span class='ocrx_word' id='word_1_512' title='bbox 3530 2113 3591 2173; x_wconf 91' lang='lat' dir='ltr'><strong>in</strong></span> <span class='ocrx_word' id='word_1_513' title='bbox 3618 2112 3679 2172; x_wconf 80' lang='lat' dir='ltr'><strong>fi-</strong></span> 
     </span>
     <span class='ocr_line' id='line_1_77' title="bbox 2155 2207 3679 2294; baseline -0.007 -17"><span class='ocrx_word' id='word_1_514' title='bbox 2155 2233 2313 2294; x_wconf 88' lang='lat' dir='ltr'><strong>gura</strong></span> <span class='ocrx_word' id='word_1_515' title='bbox 2328 2231 2349 2292; x_wconf 86' lang='lat'>3</span> <span class='ocrx_word' id='word_1_516' title='bbox 2382 2233 2530 2293; x_wconf 89' lang='lat' dir='ltr'><strong>ergo</strong></span> <span class='ocrx_word' id='word_1_517' title='bbox 2561 2233 2689 2275; x_wconf 92' lang='lat' dir='ltr'><strong>non</strong></span> <span class='ocrx_word' id='word_1_518' title='bbox 2718 2211 3030 2274; x_wconf 86' lang='lat' dir='ltr'><strong>incidebat</strong></span> <span class='ocrx_word' id='word_1_519' title='bbox 3068 2212 3138 2272; x_wconf 90' lang='lat' dir='ltr'><strong>in</strong></span> <span class='ocrx_word' id='word_1_520' title='bbox 3173 2208 3475 2282; x_wconf 65' lang='lat' dir='ltr'><strong>haeresim,</strong></span> <span class='ocrx_word' id='word_1_521' title='bbox 3498 2207 3591 2267; x_wconf 89' lang='lat' dir='ltr'><strong>sed</strong></span> <span class='ocrx_word' id='word_1_522' title='bbox 3624 2208 3679 2266; x_wconf 89' lang='lat' dir='ltr'><strong>iu</strong></span> 
     </span>
     <span class='ocr_line' id='line_1_78' title="bbox 2156 2299 3681 2386; baseline -0.007 -18"><span class='ocrx_word' id='word_1_523' title='bbox 2156 2308 2556 2386; x_wconf 85' lang='lat' dir='ltr'><strong>judaismum,</strong></span> <span class='ocrx_word' id='word_1_524' title='bbox 2586 2313 2649 2367; x_wconf 90' lang='lat' dir='ltr'><strong>et</strong></span> <span class='ocrx_word' id='word_1_525' title='bbox 2690 2308 2781 2366; x_wconf 90' lang='lat' dir='ltr'><strong>ita</strong></span> <span class='ocrx_word' id='word_1_526' title='bbox 2820 2306 2951 2384; x_wconf 88' lang='lat' dir='ltr'><strong>ipse</strong></span> <span class='ocrx_word' id='word_1_527' title='bbox 2989 2303 3235 2364; x_wconf 83' lang='lat' dir='ltr'><strong>Banhes</strong></span> <span class='ocrx_word' id='word_1_528' title='bbox 3276 2301 3539 2362; x_wconf 79' lang='lat' dir='ltr'><strong>fatetur:</strong></span> <span class='ocrx_word' id='word_1_529' title='bbox 3574 2299 3681 2358; x_wconf 87' lang='lat' dir='ltr'><strong>imo</strong></span> 
     </span>
     <span class='ocr_line' id='line_1_79' title="bbox 2158 2391 3682 2482; baseline -0.005 -24"><span class='ocrx_word' id='word_1_530' title='bbox 2158 2399 2325 2462; x_wconf 88' lang='lat' dir='ltr'><strong>idem</strong></span> <span class='ocrx_word' id='word_1_531' title='bbox 2347 2400 2563 2460; x_wconf 87' lang='lat' dir='ltr'><strong>asserit</strong></span> <span class='ocrx_word' id='word_1_532' title='bbox 2590 2398 2669 2459; x_wconf 90' lang='lat' dir='ltr'><strong>de</strong></span> <span class='ocrx_word' id='word_1_533' title='bbox 2702 2397 2943 2460; x_wconf 88' lang='lat' dir='ltr'><strong>infideli</strong></span> <span class='ocrx_word' id='word_1_534' title='bbox 2970 2401 3219 2457; x_wconf 73' lang='lat' dir='ltr'><strong>errante</strong></span> <span class='ocrx_word' id='word_1_535' title='bbox 3246 2394 3310 2454; x_wconf 92' lang='lat' dir='ltr'><strong>in</strong></span> <span class='ocrx_word' id='word_1_536' title='bbox 3340 2392 3543 2482; x_wconf 49' lang='lat' dir='ltr'><strong>fide-in</strong></span> <span class='ocrx_word' id='word_1_537' title='bbox 3570 2391 3682 2468; x_wconf 84' lang='lat' dir='ltr'><strong>lege</strong></span> 
     </span>
     <span class='ocr_line' id='line_1_80' title="bbox 2158 2483 3683 2570; baseline -0.007 -18"><span class='ocrx_word' id='word_1_538' title='bbox 2158 2499 2421 2566; x_wconf 82' lang='lat' dir='ltr'><strong>naturae,</strong></span> <span class='ocrx_word' id='word_1_539' title='bbox 2448 2497 2509 2552; x_wconf 90' lang='lat' dir='ltr'><strong>et</strong></span> <span class='ocrx_word' id='word_1_540' title='bbox 2537 2491 2613 2552; x_wconf 91' lang='lat' dir='ltr'><strong>de</strong></span> <span class='ocrx_word' id='word_1_541' title='bbox 2638 2489 2881 2570; x_wconf 87' lang='lat' dir='ltr'><strong>gentili,</strong></span> <span class='ocrx_word' id='word_1_542' title='bbox 2910 2489 3197 2568; x_wconf 86' lang='lat' dir='ltr'><strong>quiesset</strong></span> <span class='ocrx_word' id='word_1_543' title='bbox 3221 2484 3418 2546; x_wconf 88' lang='lat' dir='ltr'><strong>fidelis</strong></span> <span class='ocrx_word' id='word_1_544' title='bbox 3436 2490 3569 2544; x_wconf 85' lang='lat' dir='ltr'><strong>ante</strong></span> <span class='ocrx_word' id='word_1_545' title='bbox 3595 2483 3683 2542; x_wconf 82' lang='lat' dir='ltr'><strong>ad-</strong></span> 
     </span>
     <span class='ocr_line' id='line_1_81' title="bbox 2158 2577 3685 2662; baseline -0.006 -18"><span class='ocrx_word' id='word_1_546' title='bbox 2158 2591 2415 2646; x_wconf 83' lang='lat' dir='ltr'><strong>ventum</strong></span> <span class='ocrx_word' id='word_1_547' title='bbox 2442 2584 2689 2658; x_wconf 89' lang='lat' dir='ltr'><strong>Christi,</strong></span> <span class='ocrx_word' id='word_1_548' title='bbox 2728 2589 2791 2644; x_wconf 89' lang='lat' dir='ltr'><strong>et</strong></span> <span class='ocrx_word' id='word_1_549' title='bbox 2816 2589 3027 2662; x_wconf 88' lang='lat' dir='ltr'><strong>postea</strong></span> <span class='ocrx_word' id='word_1_550' title='bbox 3064 2580 3249 2641; x_wconf 83' lang='lat' dir='ltr'><strong>fieret</strong></span> <span class='ocrx_word' id='word_1_551' title='bbox 3274 2577 3547 2650; x_wconf 88' lang='lat' dir='ltr'><strong>infidelis,</strong></span> <span class='ocrx_word' id='word_1_552' title='bbox 3578 2594 3685 2636; x_wconf 90' lang='lat' dir='ltr'><strong>non</strong></span> 
     </span>
     <span class='ocr_line' id='line_1_82' title="bbox 2154 2671 3685 2757; baseline -0.006 -19"><span class='ocrx_word' id='word_1_553' title='bbox 2154 2679 2537 2740; x_wconf 90' lang='lat' dir='ltr'><strong>admittendo</strong></span> <span class='ocrx_word' id='word_1_554' title='bbox 2594 2677 3097 2757; x_wconf 59' lang='lat' dir='ltr'><strong>praedicationem</strong></span> <span class='ocrx_word' id='word_1_555' title='bbox 3157 2671 3511 2750; x_wconf 80' lang='lat' dir='ltr'><strong>Evangelii3</strong></span> <span class='ocrx_word' id='word_1_556' title='bbox 3561 2687 3685 2730; x_wconf 81' lang='lat' dir='ltr'><strong>nam</strong></span> 
     </span>
     <span class='ocr_line' id='line_1_83' title="bbox 2154 2761 3687 2846; baseline -0.005 -16"><span class='ocrx_word' id='word_1_557' title='bbox 2154 2771 2231 2832; x_wconf 91' lang='lat' dir='ltr'><strong>de</strong></span> <span class='ocrx_word' id='word_1_558' title='bbox 2276 2771 2385 2832; x_wconf 90' lang='lat' dir='ltr'><strong>illo</strong></span> <span class='ocrx_word' id='word_1_559' title='bbox 2424 2771 2574 2832; x_wconf 92' lang='lat' dir='ltr'><strong>dicit</strong></span> <span class='ocrx_word' id='word_1_560' title='bbox 2625 2769 3056 2830; x_wconf 86' lang='lat' dir='ltr'><strong>infidelitatem</strong></span> <span class='ocrx_word' id='word_1_561' title='bbox 3098 2767 3237 2846; x_wconf 85' lang='lat' dir='ltr'><strong>ejus</strong></span> <span class='ocrx_word' id='word_1_562' title='bbox 3288 2765 3579 2844; x_wconf 86' lang='lat' dir='ltr'><strong>pertinere</strong></span> <span class='ocrx_word' id='word_1_563' title='bbox 3622 2761 3687 2822; x_wconf 87' lang='lat' dir='ltr'><strong>ad</strong></span> 
     </span>
     <span class='ocr_line' id='line_1_84' title="bbox 2148 2861 3683 2944; baseline -0.007 -20"><span class='ocrx_word' id='word_1_564' title='bbox 2148 2864 2529 2944; x_wconf 75' lang='lat' dir='ltr'><strong>judaismum</strong></span> <span class='ocrx_word' id='word_1_565' title='bbox 2551 2910 2571 2939; x_wconf 95' lang='lat'><strong>,</strong></span> <span class='ocrx_word' id='word_1_566' title='bbox 2614 2881 2742 2924; x_wconf 88' lang='lat' dir='ltr'><strong>non</strong></span> <span class='ocrx_word' id='word_1_567' title='bbox 2785 2861 2865 2922; x_wconf 92' lang='lat' dir='ltr'><strong>ad</strong></span> <span class='ocrx_word' id='word_1_568' title='bbox 2899 2861 3365 2940; x_wconf 84' lang='lat' dir='ltr'><strong>paganismum,</strong></span> <span class='ocrx_word' id='word_1_569' title='bbox 3414 2861 3683 2936; x_wconf 85' lang='lat' dir='ltr'><strong>quantum</strong></span> 
     </span>
     <span class='ocr_line' id='line_1_85' title="bbox 2152 2951 3683 3036; baseline -0.007 -18"><span class='ocrx_word' id='word_1_570' title='bbox 2152 2957 2233 3018; x_wconf 87' lang='lat' dir='ltr'><strong>ad</strong></span> <span class='ocrx_word' id='word_1_571' title='bbox 2258 2975 2394 3018; x_wconf 89' lang='lat' dir='ltr'><strong>rem</strong></span> <span class='ocrx_word' id='word_1_572' title='bbox 2442 2963 2695 3036; x_wconf 87' lang='lat' dir='ltr'><strong>spectat,</strong></span> <span class='ocrx_word' id='word_1_573' title='bbox 2744 2954 3029 3034; x_wconf 82' lang='lat' dir='ltr'><strong>quamvis</strong></span> <span class='ocrx_word' id='word_1_574' title='bbox 3069 2951 3277 3032; x_wconf 85' lang='lat' dir='ltr'><strong>quoad</strong></span> <span class='ocrx_word' id='word_1_575' title='bbox 3314 2967 3535 3011; x_wconf 90' lang='lat' dir='ltr'><strong>nomen</strong></span> <span class='ocrx_word' id='word_1_576' title='bbox 3576 2965 3683 3008; x_wconf 86' lang='lat' dir='ltr'><strong>non</strong></span> 
     </span>
     <span class='ocr_line' id='line_1_86' title="bbox 2152 3043 3685 3126; baseline -0.007 -17"><span class='ocrx_word' id='word_1_577' title='bbox 2152 3051 2243 3110; x_wconf 86' lang='lat' dir='ltr'><strong>ita</strong></span> <span class='ocrx_word' id='word_1_578' title='bbox 2268 3049 2359 3110; x_wconf 87' lang='lat' dir='ltr'><strong>illi</strong></span> <span class='ocrx_word' id='word_1_579' title='bbox 2387 3049 2913 3121; x_wconf 88' lang='lat' dir='ltr'><strong>accommodatur,</strong></span> <span class='ocrx_word' id='word_1_580' title='bbox 2958 3047 3123 3126; x_wconf 88' lang='lat' dir='ltr'><strong>quod</strong></span> <span class='ocrx_word' id='word_1_581' title='bbox 3154 3063 3239 3106; x_wconf 77' lang='lat' dir='ltr'><strong>ex</strong></span> <span class='ocrx_word' id='word_1_582' title='bbox 3262 3043 3507 3104; x_wconf 84' lang='lat' dir='ltr'><strong>natione</strong></span> <span class='ocrx_word' id='word_1_583' title='bbox 3544 3057 3685 3100; x_wconf 87' lang='lat' dir='ltr'><strong>sum-</strong></span> 
     </span>
     <span class='ocr_line' id='line_1_87' title="bbox 2152 3136 3685 3222; baseline -0.007 -19"><span class='ocrx_word' id='word_1_584' title='bbox 2152 3150 2332 3222; x_wconf 90' lang='lat' dir='ltr'><strong>ptum</strong></span> <span class='ocrx_word' id='word_1_585' title='bbox 2356 3149 2468 3203; x_wconf 90' lang='lat' dir='ltr'><strong>est.</strong></span> <span class='ocrx_word' id='word_1_586' title='bbox 2498 3142 2619 3202; x_wconf 88' lang='lat' dir='ltr'><strong>Sed</strong></span> <span class='ocrx_word' id='word_1_587' title='bbox 2644 3141 2776 3202; x_wconf 78' lang='lat' dir='ltr'><strong>haec</strong></span> <span class='ocrx_word' id='word_1_588' title='bbox 2796 3139 3103 3202; x_wconf 87' lang='lat' dir='ltr'><strong>sententia</strong></span> <span class='ocrx_word' id='word_1_589' title='bbox 3121 3136 3377 3217; x_wconf 80' lang='lat' dir='ltr'><strong>probari</strong></span> <span class='ocrx_word' id='word_1_590' title='bbox 3399 3140 3553 3196; x_wconf 85' lang='lat' dir='ltr'><strong>certe</strong></span> <span class='ocrx_word' id='word_1_591' title='bbox 3578 3151 3685 3193; x_wconf 87' lang='lat' dir='ltr'><strong>non</strong></span> 
     </span>
     <span class='ocr_line' id='line_1_88' title="bbox 2154 3225 3687 3314; baseline -0.008 -17"><span class='ocrx_word' id='word_1_592' title='bbox 2154 3240 2377 3314; x_wconf 87' lang='lat' dir='ltr'><strong>potest,</strong></span> <span class='ocrx_word' id='word_1_593' title='bbox 2406 3251 2557 3296; x_wconf 91' lang='lat' dir='ltr'><strong>nam</strong></span> <span class='ocrx_word' id='word_1_594' title='bbox 2577 3234 2921 3313; x_wconf 86' lang='lat' dir='ltr'><strong>judaismus</strong></span> <span class='ocrx_word' id='word_1_595' title='bbox 2948 3233 3197 3312; x_wconf 86' lang='lat' dir='ltr'><strong>proprie</strong></span> <span class='ocrx_word' id='word_1_596' title='bbox 3223 3229 3499 3291; x_wconf 85' lang='lat' dir='ltr'><strong>consistit</strong></span> <span class='ocrx_word' id='word_1_597' title='bbox 3523 3227 3583 3286; x_wconf 91' lang='lat' dir='ltr'><strong>in</strong></span> <span class='ocrx_word' id='word_1_598' title='bbox 3606 3225 3687 3284; x_wconf 89' lang='lat' dir='ltr'><strong>in-</strong></span> 
     </span>
     <span class='ocr_line' id='line_1_89' title="bbox 2154 3319 3687 3402; baseline -0.007 -14"><span class='ocrx_word' id='word_1_599' title='bbox 2154 3325 2448 3388; x_wconf 89' lang='lat' dir='ltr'><strong>fidelitate</strong></span> <span class='ocrx_word' id='word_1_600' title='bbox 2462 3326 2756 3387; x_wconf 78' lang='lat' dir='ltr'><strong>adversus</strong></span> <span class='ocrx_word' id='word_1_601' title='bbox 2775 3325 3107 3399; x_wconf 85' lang='lat' dir='ltr'><strong>Christum,</strong></span> <span class='ocrx_word' id='word_1_602' title='bbox 3122 3323 3237 3402; x_wconf 90' lang='lat' dir='ltr'><strong>qui</strong></span> <span class='ocrx_word' id='word_1_603' title='bbox 3253 3323 3385 3402; x_wconf 86' lang='lat' dir='ltr'><strong>jam</strong></span> <span class='ocrx_word' id='word_1_604' title='bbox 3404 3319 3585 3394; x_wconf 82' lang='lat' dir='ltr'><strong>venit,</strong></span> <span class='ocrx_word' id='word_1_605' title='bbox 3598 3335 3687 3377; x_wconf 83' lang='lat' dir='ltr'><strong>ex·</strong></span> 
     </span>
     <span class='ocr_line' id='line_1_90' title="bbox 2153 3415 3687 3498; baseline -0.007 -18"><span class='ocrx_word' id='word_1_606' title='bbox 2153 3419 2455 3498; x_wconf 87' lang='lat' dir='ltr'><strong>pectando</strong></span> <span class='ocrx_word' id='word_1_607' title='bbox 2478 3417 2759 3478; x_wconf 78' lang='lat' dir='ltr'><strong>futurum</strong></span> <span class='ocrx_word' id='word_1_608' title='bbox 2771 3433 2793 3494; x_wconf 91' lang='lat'>;</span> <span class='ocrx_word' id='word_1_609' title='bbox 2818 3417 2969 3478; x_wconf 88' lang='lat' dir='ltr'><strong>item</strong></span> <span class='ocrx_word' id='word_1_610' title='bbox 2996 3417 3147 3496; x_wconf 84' lang='lat' dir='ltr'><strong>quia</strong></span> <span class='ocrx_word' id='word_1_611' title='bbox 3172 3415 3209 3476; x_wconf 85' lang='lat' dir='ltr'>J</span> <span class='ocrx_word' id='word_1_612' title='bbox 3214 3415 3379 3476; x_wconf 78' lang='lat' dir='ltr'><strong>udaei</strong></span> <span class='ocrx_word' id='word_1_613' title='bbox 3397 3430 3557 3474; x_wconf 87' lang='lat' dir='ltr'><strong>nunc</strong></span> <span class='ocrx_word' id='word_1_614' title='bbox 3579 3426 3687 3470; x_wconf 87' lang='lat' dir='ltr'><strong>non</strong></span> 
     </span>
     <span class='ocr_line' id='line_1_91' title="bbox 2154 3504 3685 3592; baseline -0.006 -20"><span class='ocrx_word' id='word_1_615' title='bbox 2154 3517 2299 3572; x_wconf 89' lang='lat' dir='ltr'><strong>sunt</strong></span> <span class='ocrx_word' id='word_1_616' title='bbox 2322 3510 2600 3572; x_wconf 86' lang='lat' dir='ltr'><strong>infideles</strong></span> <span class='ocrx_word' id='word_1_617' title='bbox 2640 3511 2890 3592; x_wconf 88' lang='lat' dir='ltr'><strong>propria</strong></span> <span class='ocrx_word' id='word_1_618' title='bbox 2936 3516 3000 3572; x_wconf 89' lang='lat' dir='ltr'><strong>et</strong></span> <span class='ocrx_word' id='word_1_619' title='bbox 3036 3508 3291 3588; x_wconf 84' lang='lat' dir='ltr'><strong>speciali</strong></span> <span class='ocrx_word' id='word_1_620' title='bbox 3328 3504 3685 3576; x_wconf 83' lang='lat' dir='ltr'><strong>infidelitate,</strong></span> 
     </span>
     <span class='ocr_line' id='line_1_92' title="bbox 2154 3594 3690 3684; baseline -0.008 -19"><span class='ocrx_word' id='word_1_621' title='bbox 2154 3606 2303 3684; x_wconf 79' lang='lat' dir='ltr'><strong>quia</strong></span> <span class='ocrx_word' id='word_1_622' title='bbox 2328 3605 2625 3664; x_wconf 82' lang='lat' dir='ltr'><strong>resistunt</strong></span> <span class='ocrx_word' id='word_1_623' title='bbox 2656 3603 2775 3682; x_wconf 88' lang='lat' dir='ltr'><strong>legi</strong></span> <span class='ocrx_word' id='word_1_624' title='bbox 2801 3602 3028 3680; x_wconf 82' lang='lat' dir='ltr'><strong>Moysis</strong></span> <span class='ocrx_word' id='word_1_625' title='bbox 3056 3603 3122 3662; x_wconf 89' lang='lat' dir='ltr'><strong>iu</strong></span> <span class='ocrx_word' id='word_1_626' title='bbox 3150 3602 3355 3679; x_wconf 85' lang='lat' dir='ltr'><strong>seipsa</strong></span> <span class='ocrx_word' id='word_1_627' title='bbox 3394 3601 3485 3676; x_wconf 87' lang='lat' dir='ltr'><strong>(ut</strong></span> <span class='ocrx_word' id='word_1_628' title='bbox 3506 3597 3587 3657; x_wconf 90' lang='lat' dir='ltr'><strong>sic</strong></span> <span class='ocrx_word' id='word_1_629' title='bbox 3608 3594 3690 3654; x_wconf 88' lang='lat' dir='ltr'><strong>di·</strong></span> 
     </span>
     <span class='ocr_line' id='line_1_93' title="bbox 2156 3690 3687 3776; baseline -0.007 -16"><span class='ocrx_word' id='word_1_630' title='bbox 2156 3699 2349 3776; x_wconf 85' lang='lat' dir='ltr'><strong>cam),</strong></span> <span class='ocrx_word' id='word_1_631' title='bbox 2393 3697 2501 3758; x_wconf 90' lang='lat' dir='ltr'><strong>sed</strong></span> <span class='ocrx_word' id='word_1_632' title='bbox 2558 3697 2705 3776; x_wconf 84' lang='lat' dir='ltr'><strong>quia</strong></span> <span class='ocrx_word' id='word_1_633' title='bbox 2756 3697 3051 3758; x_wconf 89' lang='lat' dir='ltr'><strong>resistunt</strong></span> <span class='ocrx_word' id='word_1_634' title='bbox 3092 3693 3355 3754; x_wconf 82' lang='lat' dir='ltr'><strong>veritati</strong></span> <span class='ocrx_word' id='word_1_635' title='bbox 3408 3690 3687 3760; x_wconf 67' lang='lat' dir='ltr'><strong>revelate,</strong></span> 
     </span>
     <span class='ocr_line' id='line_1_94' title="bbox 2155 3781 3691 3870; baseline -0.008 -20"><span class='ocrx_word' id='word_1_636' title='bbox 2155 3808 2297 3870; x_wconf 72' lang='lat' dir='ltr'><strong>quse</strong></span> <span class='ocrx_word' id='word_1_637' title='bbox 2344 3791 2411 3850; x_wconf 89' lang='lat' dir='ltr'><strong>in</strong></span> <span class='ocrx_word' id='word_1_638' title='bbox 2465 3790 2604 3867; x_wconf 91' lang='lat' dir='ltr'><strong>lege</strong></span> <span class='ocrx_word' id='word_1_639' title='bbox 2656 3789 2881 3868; x_wconf 81' lang='lat' dir='ltr'><strong>Moysis</strong></span> <span class='ocrx_word' id='word_1_640' title='bbox 2924 3788 3187 3866; x_wconf 84' lang='lat' dir='ltr'><strong>figurate</strong></span> <span class='ocrx_word' id='word_1_641' title='bbox 3248 3793 3315 3847; x_wconf 88' lang='lat' dir='ltr'><strong>et</strong></span> <span class='ocrx_word' id='word_1_642' title='bbox 3368 3781 3691 3864; x_wconf 85' lang='lat' dir='ltr'><strong>prophetice</strong></span> 
     </span>
     <span class='ocr_line' id='line_1_95' title="bbox 2156 3873 3691 3962; baseline -0.007 -17"><span class='ocrx_word' id='word_1_643' title='bbox 2156 3883 2611 3958; x_wconf 86' lang='lat' dir='ltr'><strong>continebatur,</strong></span> <span class='ocrx_word' id='word_1_644' title='bbox 2660 3882 2767 3962; x_wconf 89' lang='lat' dir='ltr'><strong>qui</strong></span> <span class='ocrx_word' id='word_1_645' title='bbox 2796 3881 3019 3942; x_wconf 89' lang='lat' dir='ltr'><strong>modus</strong></span> <span class='ocrx_word' id='word_1_646' title='bbox 3044 3878 3433 3940; x_wconf 83' lang='lat' dir='ltr'><strong>infidelitatis</strong></span> <span class='ocrx_word' id='word_1_647' title='bbox 3456 3893 3575 3936; x_wconf 89' lang='lat' dir='ltr'><strong>non</strong></span> <span class='ocrx_word' id='word_1_648' title='bbox 3610 3873 3691 3934; x_wconf 89' lang='lat' dir='ltr'><strong>in-</strong></span> 
     </span>
     <span class='ocr_line' id='line_1_96' title="bbox 2153 3969 3692 4046; baseline -0.008 -8"><span class='ocrx_word' id='word_1_649' title='bbox 2153 3977 2519 4038; x_wconf 79' lang='lat' dir='ltr'><strong>veniebatur</strong></span> <span class='ocrx_word' id='word_1_650' title='bbox 2572 3976 2640 4037; x_wconf 89' lang='lat' dir='ltr'><strong>in</strong></span> <span class='ocrx_word' id='word_1_651' title='bbox 2690 3975 2905 4036; x_wconf 81' lang='lat' dir='ltr'><strong>Judseo</strong></span> <span class='ocrx_word' id='word_1_652' title='bbox 2964 3971 3294 4034; x_wconf 86' lang='lat' dir='ltr'><strong>deficiente</strong></span> <span class='ocrx_word' id='word_1_653' title='bbox 3340 3972 3408 4032; x_wconf 90' lang='lat' dir='ltr'><strong>in</strong></span> <span class='ocrx_word' id='word_1_654' title='bbox 3458 3969 3692 4046; x_wconf 77' lang='lat' dir='ltr'><strong>ipsamet</strong></span> 
     </span>
     <span class='ocr_line' id='line_1_97' title="bbox 2152 4058 3693 4149; baseline -0.009 -18"><span class='ocrx_word' id='word_1_655' title='bbox 2152 4069 2289 4149; x_wconf 87' lang='lat' dir='ltr'><strong>lege</strong></span> <span class='ocrx_word' id='word_1_656' title='bbox 2316 4070 2565 4148; x_wconf 81' lang='lat' dir='ltr'><strong>Moysis.</strong></span> <span class='ocrx_word' id='word_1_657' title='bbox 2626 4069 2898 4147; x_wconf 85' lang='lat' dir='ltr'><strong>Denique</strong></span> <span class='ocrx_word' id='word_1_658' title='bbox 2948 4066 3057 4127; x_wconf 88' lang='lat' dir='ltr'><strong>illa</strong></span> <span class='ocrx_word' id='word_1_659' title='bbox 3102 4064 3413 4128; x_wconf 85' lang='lat' dir='ltr'><strong>sententia</strong></span> <span class='ocrx_word' id='word_1_660' title='bbox 3454 4067 3513 4123; x_wconf 84' lang='lat' dir='ltr'><strong>et</strong></span> <span class='ocrx_word' id='word_1_661' title='bbox 3555 4058 3693 4120; x_wconf 85' lang='lat' dir='ltr'><strong>ratio</strong></span> 
     </span>
     <span class='ocr_line' id='line_1_98' title="bbox 2155 4156 3693 4241; baseline -0.008 -18"><span class='ocrx_word' id='word_1_662' title='bbox 2155 4165 2291 4241; x_wconf 89' lang='lat' dir='ltr'><strong>ejus</strong></span> <span class='ocrx_word' id='word_1_663' title='bbox 2308 4181 2384 4223; x_wconf 86' lang='lat' dir='ltr'><strong>ex</strong></span> <span class='ocrx_word' id='word_1_664' title='bbox 2402 4162 2672 4240; x_wconf 84' lang='lat' dir='ltr'><strong>quadam</strong></span> <span class='ocrx_word' id='word_1_665' title='bbox 2692 4160 3179 4240; x_wconf 69' lang='lat' dir='ltr'><strong>aequivocatione</strong></span> <span class='ocrx_word' id='word_1_666' title='bbox 3198 4156 3501 4237; x_wconf 74' lang='lat' dir='ltr'><strong>procedit,</strong></span> <span class='ocrx_word' id='word_1_667' title='bbox 3528 4169 3693 4231; x_wconf 83' lang='lat' dir='ltr'><strong>quam</strong></span> 
     </span>
     <span class='ocr_line' id='line_1_99' title="bbox 2154 4247 3693 4334; baseline -0.007 -19"><span class='ocrx_word' id='word_1_668' title='bbox 2154 4255 2351 4316; x_wconf 79' lang='lat' dir='ltr'><strong>vitare</strong></span> <span class='ocrx_word' id='word_1_669' title='bbox 2373 4261 2635 4334; x_wconf 87' lang='lat' dir='ltr'><strong>oportet.</strong></span> <span class='ocrx_word' id='word_1_670' title='bbox 2662 4253 2943 4314; x_wconf 84' lang='lat' dir='ltr'><strong>Diximus</strong></span> <span class='ocrx_word' id='word_1_671' title='bbox 2968 4252 3141 4314; x_wconf 90' lang='lat' dir='ltr'><strong>enim</strong></span> <span class='ocrx_word' id='word_1_672' title='bbox 3168 4268 3363 4330; x_wconf 88' lang='lat' dir='ltr'><strong>supra</strong></span> <span class='ocrx_word' id='word_1_673' title='bbox 3396 4247 3571 4310; x_wconf 83' lang='lat' dir='ltr'><strong>fidem</strong></span> <span class='ocrx_word' id='word_1_674' title='bbox 3590 4247 3693 4304; x_wconf 89' lang='lat' dir='ltr'><strong>im-</strong></span> 
     </span>
     <span class='ocr_line' id='line_1_100' title="bbox 2154 4339 3688 4426; baseline -0.008 -18"><span class='ocrx_word' id='word_1_675' title='bbox 2154 4348 2429 4426; x_wconf 85' lang='lat' dir='ltr'><strong>plicitam</strong></span> <span class='ocrx_word' id='word_1_676' title='bbox 2454 4364 2582 4408; x_wconf 88' lang='lat' dir='ltr'><strong>non</strong></span> <span class='ocrx_word' id='word_1_677' title='bbox 2609 4346 2880 4407; x_wconf 84' lang='lat' dir='ltr'><strong>inveniri</strong></span> <span class='ocrx_word' id='word_1_678' title='bbox 2916 4346 3037 4406; x_wconf 88' lang='lat' dir='ltr'><strong>nisi</strong></span> <span class='ocrx_word' id='word_1_679' title='bbox 3068 4345 3137 4406; x_wconf 89' lang='lat' dir='ltr'><strong>in</strong></span> <span class='ocrx_word' id='word_1_680' title='bbox 3164 4343 3377 4422; x_wconf 87' lang='lat' dir='ltr'><strong>aliqua</strong></span> <span class='ocrx_word' id='word_1_681' title='bbox 3404 4339 3688 4420; x_wconf 82' lang='lat' dir='ltr'><strong>explicita.</strong></span> 
     </span>
     <span class='ocr_line' id='line_1_101' title="bbox 2155 4435 3693 4518; baseline -0.006 -17"><span class='ocrx_word' id='word_1_682' title='bbox 2155 4439 2331 4501; x_wconf 88' lang='lat' dir='ltr'><strong>Unde</strong></span> <span class='ocrx_word' id='word_1_683' title='bbox 2359 4440 2507 4500; x_wconf 86' lang='lat' dir='ltr'><strong>tides</strong></span> <span class='ocrx_word' id='word_1_684' title='bbox 2532 4457 2671 4518; x_wconf 78' lang='lat' dir='ltr'><strong>quae</strong></span> <span class='ocrx_word' id='word_1_685' title='bbox 2698 4445 2835 4500; x_wconf 89' lang='lat' dir='ltr'><strong>erat</strong></span> <span class='ocrx_word' id='word_1_686' title='bbox 2864 4439 2981 4498; x_wconf 89' lang='lat' dir='ltr'><strong>sub</strong></span> <span class='ocrx_word' id='word_1_687' title='bbox 3008 4437 3145 4515; x_wconf 85' lang='lat' dir='ltr'><strong>lege</strong></span> <span class='ocrx_word' id='word_1_688' title='bbox 3172 4435 3425 4514; x_wconf 85' lang='lat' dir='ltr'><strong>Moysis,</strong></span> <span class='ocrx_word' id='word_1_689' title='bbox 3452 4435 3591 4494; x_wconf 86' lang='lat' dir='ltr'><strong>licet</strong></span> <span class='ocrx_word' id='word_1_690' title='bbox 3610 4447 3693 4491; x_wconf 82' lang='lat' dir='ltr'><strong>es-</strong></span> 
     </span>
     <span class='ocr_line' id='line_1_102' title="bbox 2153 4525 3693 4610; baseline -0.006 -17"><span class='ocrx_word' id='word_1_691' title='bbox 2153 4540 2247 4593; x_wconf 88' lang='lat' dir='ltr'><strong>set</strong></span> <span class='ocrx_word' id='word_1_692' title='bbox 2290 4532 2615 4610; x_wconf 87' lang='lat' dir='ltr'><strong>implicita,</strong></span> <span class='ocrx_word' id='word_1_693' title='bbox 2647 4537 2708 4592; x_wconf 91' lang='lat' dir='ltr'><strong>et</strong></span> <span class='ocrx_word' id='word_1_694' title='bbox 2733 4532 2801 4592; x_wconf 91' lang='lat' dir='ltr'><strong>in</strong></span> <span class='ocrx_word' id='word_1_695' title='bbox 2840 4531 3047 4609; x_wconf 86' lang='lat' dir='ltr'><strong>figura</strong></span> <span class='ocrx_word' id='word_1_696' title='bbox 3090 4535 3372 4609; x_wconf 87' lang='lat' dir='ltr'><strong>respectu</strong></span> <span class='ocrx_word' id='word_1_697' title='bbox 3401 4525 3693 4606; x_wconf 86' lang='lat' dir='ltr'><strong>mysterio-</strong></span> 
     </span>
     <span class='ocr_line' id='line_1_103' title="bbox 2152 4621 3693 4702; baseline -0.003 -18"><span class='ocrx_word' id='word_1_698' title='bbox 2152 4642 2294 4684; x_wconf 89' lang='lat' dir='ltr'><strong>rum</strong></span> <span class='ocrx_word' id='word_1_699' title='bbox 2323 4625 2477 4702; x_wconf 87' lang='lat' dir='ltr'><strong>legis</strong></span> <span class='ocrx_word' id='word_1_700' title='bbox 2498 4641 2701 4698; x_wconf 83' lang='lat' dir='ltr'><strong>novae,</strong></span> <span class='ocrx_word' id='word_1_701' title='bbox 2732 4629 2943 4686; x_wconf 86' lang='lat' dir='ltr'><strong>tamen</strong></span> <span class='ocrx_word' id='word_1_702' title='bbox 2966 4630 3099 4686; x_wconf 89' lang='lat' dir='ltr'><strong>erat</strong></span> <span class='ocrx_word' id='word_1_703' title='bbox 3120 4621 3415 4702; x_wconf 82' lang='lat' dir='ltr'><strong>explicita</strong></span> <span class='ocrx_word' id='word_1_704' title='bbox 3440 4621 3693 4698; x_wconf 75' lang='lat' dir='ltr'><strong>respectu</strong></span> 
     </span>
     <span class='ocr_line' id='line_1_104' title="bbox 2154 4715 3694 4796; baseline -0.004 -20"><span class='ocrx_word' id='word_1_705' title='bbox 2154 4719 2489 4778; x_wconf 84' lang='lat' dir='ltr'><strong>veritatum</strong></span> <span class='ocrx_word' id='word_1_706' title='bbox 2507 4735 2647 4796; x_wconf 79' lang='lat' dir='ltr'><strong>quae</strong></span> <span class='ocrx_word' id='word_1_707' title='bbox 2666 4730 2814 4778; x_wconf 89' lang='lat' dir='ltr'><strong>tunc</strong></span> <span class='ocrx_word' id='word_1_708' title='bbox 2839 4734 3126 4796; x_wconf 82' lang='lat' dir='ltr'><strong>expresse</strong></span> <span class='ocrx_word' id='word_1_709' title='bbox 3152 4715 3473 4776; x_wconf 77' lang='lat' dir='ltr'><strong>credendae</strong></span> <span class='ocrx_word' id='word_1_710' title='bbox 3500 4725 3694 4791; x_wconf 83' lang='lat' dir='ltr'><strong>propo-</strong></span> 
     </span>
     <span class='ocr_line' id='line_1_105' title="bbox 2156 4801 3693 4889; baseline -0.005 -19"><span class='ocrx_word' id='word_1_711' title='bbox 2156 4811 2492 4884; x_wconf 86' lang='lat' dir='ltr'><strong>nebantur;</strong></span> <span class='ocrx_word' id='word_1_712' title='bbox 2528 4817 2593 4870; x_wconf 87' lang='lat' dir='ltr'><strong>et</strong></span> <span class='ocrx_word' id='word_1_713' title='bbox 2616 4810 2757 4870; x_wconf 87' lang='lat' dir='ltr'><strong>ideo</strong></span> <span class='ocrx_word' id='word_1_714' title='bbox 2802 4810 2912 4889; x_wconf 90' lang='lat' dir='ltr'><strong>qui</strong></span> <span class='ocrx_word' id='word_1_715' title='bbox 2944 4817 3095 4870; x_wconf 90' lang='lat' dir='ltr'><strong>tunc</strong></span> <span class='ocrx_word' id='word_1_716' title='bbox 3138 4807 3467 4870; x_wconf 87' lang='lat' dir='ltr'><strong>deficiebat</strong></span> <span class='ocrx_word' id='word_1_717' title='bbox 3494 4807 3555 4866; x_wconf 87' lang='lat' dir='ltr'><strong>in</strong></span> <span class='ocrx_word' id='word_1_718' title='bbox 3597 4801 3693 4862; x_wconf 83' lang='lat' dir='ltr'><strong>ali-</strong></span> 
     </span>
     <span class='ocr_line' id='line_1_106' title="bbox 2156 4893 3694 4982; baseline -0.006 -20"><span class='ocrx_word' id='word_1_719' title='bbox 2156 4923 2281 4982; x_wconf 86' lang='lat' dir='ltr'><strong>qua</strong></span> <span class='ocrx_word' id='word_1_720' title='bbox 2330 4903 2582 4963; x_wconf 89' lang='lat' dir='ltr'><strong>illarum</strong></span> <span class='ocrx_word' id='word_1_721' title='bbox 2631 4904 2989 4978; x_wconf 74' lang='lat' dir='ltr'><strong>veritatum,</strong></span> <span class='ocrx_word' id='word_1_722' title='bbox 3034 4921 3163 4964; x_wconf 88' lang='lat' dir='ltr'><strong>non</strong></span> <span class='ocrx_word' id='word_1_723' title='bbox 3204 4899 3522 4962; x_wconf 84' lang='lat' dir='ltr'><strong>resistebat</strong></span> <span class='ocrx_word' id='word_1_724' title='bbox 3566 4893 3694 4956; x_wconf 84' lang='lat' dir='ltr'><strong>fidei</strong></span> 
     </span>
     <span class='ocr_line' id='line_1_107' title="bbox 2156 4987 3693 5075; baseline -0.007 -20"><span class='ocrx_word' id='word_1_725' title='bbox 2156 4996 2498 5075; x_wconf 77' lang='lat' dir='ltr'><strong>implicitae,</strong></span> <span class='ocrx_word' id='word_1_726' title='bbox 2518 4996 2626 5056; x_wconf 91' lang='lat' dir='ltr'><strong>sed</strong></span> <span class='ocrx_word' id='word_1_727' title='bbox 2646 4996 2949 5074; x_wconf 63' lang='lat' dir='ltr'><strong>explicitae</strong></span> <span class='ocrx_word' id='word_1_728' title='bbox 2971 4996 3139 5056; x_wconf 89' lang='lat' dir='ltr'><strong>illius</strong></span> <span class='ocrx_word' id='word_1_729' title='bbox 3164 4991 3481 5072; x_wconf 86' lang='lat' dir='ltr'><strong>temporis,</strong></span> <span class='ocrx_word' id='word_1_730' title='bbox 3498 5003 3557 5051; x_wconf 85' lang='lat' dir='ltr'><strong>et</strong></span> <span class='ocrx_word' id='word_1_731' title='bbox 3572 4987 3693 5048; x_wconf 82' lang='lat' dir='ltr'><strong>ideo</strong></span> 
     </span>
     <span class='ocr_line' id='line_1_108' title="bbox 2154 5071 3693 5164; baseline -0.005 -17"><span class='ocrx_word' id='word_1_732' title='bbox 2154 5088 2221 5148; x_wconf 92' lang='lat' dir='ltr'><strong>in</strong></span> <span class='ocrx_word' id='word_1_733' title='bbox 2246 5107 2453 5149; x_wconf 86' lang='lat' dir='ltr'><strong>veram</strong></span> <span class='ocrx_word' id='word_1_734' title='bbox 2470 5089 2756 5148; x_wconf 81' lang='lat' dir='ltr'><strong>haeresim</strong></span> <span class='ocrx_word' id='word_1_735' title='bbox 2775 5089 3085 5149; x_wconf 85' lang='lat' dir='ltr'><strong>incidebat</strong></span> <span class='ocrx_word' id='word_1_736' title='bbox 3105 5103 3126 5164; x_wconf 90' lang='lat'>;</span> <span class='ocrx_word' id='word_1_737' title='bbox 3156 5103 3303 5148; x_wconf 87' lang='lat' dir='ltr'><strong>nam</strong></span> <span class='ocrx_word' id='word_1_738' title='bbox 3324 5071 3388 5146; x_wconf 78' lang='lat' dir='ltr'><strong>si&#39;</strong></span> <span class='ocrx_word' id='word_1_739' title='bbox 3399 5083 3533 5164; x_wconf 87' lang='lat' dir='ltr'><strong>quis</strong></span> <span class='ocrx_word' id='word_1_740' title='bbox 3550 5085 3693 5142; x_wconf 87' lang='lat' dir='ltr'><strong>recte</strong></span> 
     </span>
     <span class='ocr_line' id='line_1_109' title="bbox 2154 5173 3693 5261; baseline -0.008 -19"><span class='ocrx_word' id='word_1_741' title='bbox 2154 5183 2532 5257; x_wconf 85' lang='lat' dir='ltr'><strong>consideret,</strong></span> <span class='ocrx_word' id='word_1_742' title='bbox 2587 5183 2871 5242; x_wconf 86' lang='lat' dir='ltr'><strong>eamdem</strong></span> <span class='ocrx_word' id='word_1_743' title='bbox 2918 5182 3387 5261; x_wconf 86' lang='lat' dir='ltr'><strong>proportionem</strong></span> <span class='ocrx_word' id='word_1_744' title='bbox 3436 5173 3693 5238; x_wconf 76' lang='lat' dir='ltr'><strong>servabat</strong></span> 
     </span>
     <span class='ocr_line' id='line_1_110' title="bbox 2154 5271 3694 5354; baseline -0.003 -20"><span class='ocrx_word' id='word_1_745' title='bbox 2154 5274 2263 5336; x_wconf 88' lang='lat' dir='ltr'><strong>illa</strong></span> <span class='ocrx_word' id='word_1_746' title='bbox 2306 5274 2638 5336; x_wconf 79' lang='lat' dir='ltr'><strong>infidelitas</strong></span> <span class='ocrx_word' id='word_1_747' title='bbox 2684 5275 2764 5336; x_wconf 90' lang='lat' dir='ltr'><strong>ad</strong></span> <span class='ocrx_word' id='word_1_748' title='bbox 2816 5276 3301 5354; x_wconf 85' lang='lat' dir='ltr'><strong>propositionem</strong></span> <span class='ocrx_word' id='word_1_749' title='bbox 3348 5271 3492 5332; x_wconf 79' lang='lat' dir='ltr'><strong>fidei</strong></span> <span class='ocrx_word' id='word_1_750' title='bbox 3516 5313 3533 5342; x_wconf 94' lang='lat'><strong>,</strong></span> <span class='ocrx_word' id='word_1_751' title='bbox 3570 5281 3694 5345; x_wconf 72' lang='lat' dir='ltr'><strong>quae</strong></span> 
     </span>
     <span class='ocr_line' id='line_1_111' title="bbox 2156 5356 3691 5448; baseline -0.007 -22"><span class='ocrx_word' id='word_1_752' title='bbox 2156 5373 2307 5428; x_wconf 89' lang='lat' dir='ltr'><strong>tuuc</strong></span> <span class='ocrx_word' id='word_1_753' title='bbox 2335 5375 2488 5444; x_wconf 90' lang='lat' dir='ltr'><strong>erat,</strong></span> <span class='ocrx_word' id='word_1_754' title='bbox 2509 5386 2703 5448; x_wconf 84' lang='lat' dir='ltr'><strong>quam</strong></span> <span class='ocrx_word' id='word_1_755' title='bbox 2726 5375 2931 5430; x_wconf 85' lang='lat' dir='ltr'><strong>servat</strong></span> <span class='ocrx_word' id='word_1_756' title='bbox 2960 5385 3130 5428; x_wconf 89' lang='lat' dir='ltr'><strong>nunc</strong></span> <span class='ocrx_word' id='word_1_757' title='bbox 3162 5363 3492 5428; x_wconf 78' lang='lat' dir='ltr'><strong>infidelitas</strong></span> <span class='ocrx_word' id='word_1_758' title='bbox 3510 5356 3691 5420; x_wconf 84' lang='lat' dir='ltr'><strong>homi·-</strong></span> 
     </span>
     <span class='ocr_line' id='line_1_112' title="bbox 2156 5451 3692 5524; baseline -0.007 -4"><span class='ocrx_word' id='word_1_759' title='bbox 2156 5461 2254 5522; x_wconf 89' lang='lat' dir='ltr'><strong>nis</strong></span> <span class='ocrx_word' id='word_1_760' title='bbox 2296 5461 2619 5522; x_wconf 82' lang='lat' dir='ltr'><strong>christiani</strong></span> <span class='ocrx_word' id='word_1_761' title='bbox 2664 5459 2781 5520; x_wconf 89' lang='lat' dir='ltr'><strong>sub</strong></span> <span class='ocrx_word' id='word_1_762' title='bbox 2840 5459 2947 5522; x_wconf 90' lang='lat' dir='ltr'><strong>illo</strong></span> <span class='ocrx_word' id='word_1_763' title='bbox 2998 5462 3253 5524; x_wconf 86' lang='lat' dir='ltr'><strong>nomine</strong></span> <span class='ocrx_word' id='word_1_764' title='bbox 3290 5451 3617 5522; x_wconf 80' lang='lat' dir='ltr'><strong>deficientis</strong></span> <span class='ocrx_word' id='word_1_765' title='bbox 3659 5466 3692 5510; x_wconf 82' lang='lat' dir='ltr'><strong>a</strong></span> 
     </span>
    </p>
   </div>
  </div>
 </body>
</html>
