<?xml version="1.0" encoding="UTF-8"?>
<!DOCTYPE html PUBLIC "-//W3C//DTD XHTML 1.0 Transitional//EN"
    "http://www.w3.org/TR/xhtml1/DTD/xhtml1-transitional.dtd">
<html xmlns="http://www.w3.org/1999/xhtml" xml:lang="en" lang="en">
 <head>
  <title>
</title>
<meta http-equiv="Content-Type" content="text/html;charset=utf-8" />
  <meta name='ocr-system' content='tesseract 3.04.00' />
  <meta name='ocr-capabilities' content='ocr_page ocr_carea ocr_par ocr_line ocrx_word'/>
</head>
<body>
  <div class='ocr_page' id='page_1' title='image "./rpfranciscisuar00duvagoog_0657.png"; bbox 0 0 3900 6217; ppageno 0'>
   <div class='ocr_carea' id='block_1_1' title="bbox 722 382 2793 447">
    <p class='ocr_par' dir='ltr' id='par_1_1' title="bbox 722 382 2793 447">
     <span class='ocr_line' id='line_1_1' title="bbox 722 382 2793 447; baseline 0 -12"><span class='ocrx_word' id='word_1_1' title='bbox 722 382 892 435; x_wconf 84' lang='lat' dir='ltr'>SECT.</span> <span class='ocrx_word' id='word_1_2' title='bbox 928 384 1011 435; x_wconf 90' lang='lat' dir='ltr'><strong>lll.</strong></span> <span class='ocrx_word' id='word_1_3' title='bbox 1046 384 1173 445; x_wconf 76' lang='lat' dir='ltr'><strong>QUA</strong></span> <span class='ocrx_word' id='word_1_4' title='bbox 1204 383 1475 435; x_wconf 78' lang='lat' dir='ltr'><strong>RATIONE</strong></span> <span class='ocrx_word' id='word_1_5' title='bbox 1509 382 1819 436; x_wconf 72' lang='lat' dir='ltr'>PROXIMUS</span> <span class='ocrx_word' id='word_1_6' title='bbox 1850 384 1933 435; x_wconf 79' lang='lat' dir='ltr'><strong>Ex</strong></span> <span class='ocrx_word' id='word_1_7' title='bbox 1969 382 2320 436; x_wconf 68' lang='lat' dir='ltr'>CHARITATE</span> <span class='ocrx_word' id='word_1_8' title='bbox 2354 384 2622 447; x_wconf 69' lang='lat' dir='ltr'><strong>AMETUR,</strong></span> <span class='ocrx_word' id='word_1_9' title='bbox 2659 383 2793 435; x_wconf 84' lang='lat' dir='ltr'><strong>ETC.</strong></span> 
     </span>
    </p>
   </div>
   <div class='ocr_carea' id='block_1_2' title="bbox 156 484 1731 5618">
    <p class='ocr_par' dir='ltr' id='par_1_2' title="bbox 156 484 1721 1773">
     <span class='ocr_line' id='line_1_2' title="bbox 157 484 1716 569; baseline -0.006 -16"><span class='ocrx_word' id='word_1_10' title='bbox 157 493 333 569; x_wconf 79' lang='lat' dir='ltr'><strong>infra,</strong></span> <span class='ocrx_word' id='word_1_11' title='bbox 364 488 527 566; x_wconf 77' lang='lat' dir='ltr'><strong>disp.</strong></span> <span class='ocrx_word' id='word_1_12' title='bbox 555 488 613 559; x_wconf 71' lang='lat'><strong>2,</strong></span> <span class='ocrx_word' id='word_1_13' title='bbox 650 485 849 548; x_wconf 65' lang='lat' dir='ltr'><strong>initio.</strong></span> <span class='ocrx_word' id='word_1_14' title='bbox 889 518 968 529; x_wconf 92' lang='lat'>—</span> <span class='ocrx_word' id='word_1_15' title='bbox 1002 484 1148 545; x_wconf 86' lang='lat' dir='ltr'>Dico</span> <span class='ocrx_word' id='word_1_16' title='bbox 1175 484 1373 562; x_wconf 88' lang='lat' dir='ltr'><strong>primo</strong></span> <span class='ocrx_word' id='word_1_17' title='bbox 1400 502 1416 545; x_wconf 78' lang='lat' dir='ltr'><strong>t</strong></span> <span class='ocrx_word' id='word_1_18' title='bbox 1446 485 1580 564; x_wconf 81' lang='lat' dir='ltr'><strong>ipsa</strong></span> <span class='ocrx_word' id='word_1_19' title='bbox 1605 486 1716 544; x_wconf 84' lang='lat' dir='ltr'><strong>bo-</strong></span> 
     </span>
     <span class='ocr_line' id='line_1_3' title="bbox 158 578 1717 657; baseline -0.004 -13"><span class='ocrx_word' id='word_1_20' title='bbox 158 586 305 645; x_wconf 83' lang='lat' dir='ltr'><strong>nitas</strong></span> <span class='ocrx_word' id='word_1_21' title='bbox 346 582 645 653; x_wconf 87' lang='lat' dir='ltr'><strong>increata,</strong></span> <span class='ocrx_word' id='word_1_22' title='bbox 696 597 832 657; x_wconf 84' lang='lat' dir='ltr'><strong>qnae</strong></span> <span class='ocrx_word' id='word_1_23' title='bbox 870 579 937 638; x_wconf 91' lang='lat' dir='ltr'><strong>in</strong></span> <span class='ocrx_word' id='word_1_24' title='bbox 975 578 1095 638; x_wconf 91' lang='lat' dir='ltr'><strong>Deo</strong></span> <span class='ocrx_word' id='word_1_25' title='bbox 1126 584 1237 653; x_wconf 85' lang='lat' dir='ltr'><strong>est,</strong></span> <span class='ocrx_word' id='word_1_26' title='bbox 1279 584 1370 638; x_wconf 90' lang='lat' dir='ltr'><strong>est</strong></span> <span class='ocrx_word' id='word_1_27' title='bbox 1412 580 1717 639; x_wconf 84' lang='lat' dir='ltr'><strong>sufficiens</strong></span> 
     </span>
     <span class='ocr_line' id='line_1_4' title="bbox 158 672 1715 754; baseline -0.004 -15"><span class='ocrx_word' id='word_1_28' title='bbox 158 680 301 740; x_wconf 87' lang='lat' dir='ltr'><strong>ratio</strong></span> <span class='ocrx_word' id='word_1_29' title='bbox 344 682 413 735; x_wconf 88' lang='grc' dir='ltr'><strong>ιιι</strong></span> <span class='ocrx_word' id='word_1_30' title='bbox 454 681 705 754; x_wconf 88' lang='lat' dir='ltr'><strong>propter</strong></span> <span class='ocrx_word' id='word_1_31' title='bbox 754 690 887 733; x_wconf 87' lang='lat' dir='ltr'><strong>eam</strong></span> <span class='ocrx_word' id='word_1_32' title='bbox 936 672 1215 751; x_wconf 83' lang='lat' dir='ltr'>proxime</span> <span class='ocrx_word' id='word_1_33' title='bbox 1256 677 1318 732; x_wconf 90' lang='lat' dir='ltr'><strong>et</strong></span> <span class='ocrx_word' id='word_1_34' title='bbox 1356 673 1715 733; x_wconf 83' lang='lat' dir='ltr'><strong>immediate</strong></span> 
     </span>
     <span class='ocr_line' id='line_1_5' title="bbox 158 765 1711 849; baseline -0.001 -19"><span class='ocrx_word' id='word_1_35' title='bbox 158 771 438 849; x_wconf 80' lang='lat' dir='ltr'><strong>diligatur</strong></span> <span class='ocrx_word' id='word_1_36' title='bbox 470 768 807 847; x_wconf 57' lang='lat' dir='ltr'><strong>proximus</strong></span> <span class='ocrx_word' id='word_1_37' title='bbox 841 766 917 825; x_wconf 90' lang='lat' dir='ltr'><strong>Et</strong></span> <span class='ocrx_word' id='word_1_38' title='bbox 941 766 1085 825; x_wconf 88' lang='lat' dir='ltr'><strong>licet</strong></span> <span class='ocrx_word' id='word_1_39' title='bbox 1114 765 1416 844; x_wconf 86' lang='lat' dir='ltr'><strong>particula</strong></span> <span class='ocrx_word' id='word_1_40' title='bbox 1442 772 1711 846; x_wconf 75' lang='lat' dir='ltr'><strong>propter,</strong></span> 
     </span>
     <span class='ocr_line' id='line_1_6' title="bbox 158 860 1717 938; baseline -0.003 -14"><span class='ocrx_word' id='word_1_41' title='bbox 158 866 315 924; x_wconf 88' lang='lat' dir='ltr'><strong>varia</strong></span> <span class='ocrx_word' id='word_1_42' title='bbox 355 860 687 937; x_wconf 87' lang='lat' dir='ltr'><strong>significet,</strong></span> <span class='ocrx_word' id='word_1_43' title='bbox 720 866 928 920; x_wconf 91' lang='lat' dir='ltr'><strong>tamen</strong></span> <span class='ocrx_word' id='word_1_44' title='bbox 960 860 1027 919; x_wconf 89' lang='lat' dir='ltr'><strong>in</strong></span> <span class='ocrx_word' id='word_1_45' title='bbox 1070 861 1379 938; x_wconf 87' lang='lat' dir='ltr'><strong>proposito</strong></span> <span class='ocrx_word' id='word_1_46' title='bbox 1410 860 1717 937; x_wconf 86' lang='lat' dir='ltr'><strong>significat</strong></span> 
     </span>
     <span class='ocr_line' id='line_1_7' title="bbox 156 954 1712 1043; baseline -0.003 -25"><span class='ocrx_word' id='word_1_47' title='bbox 156 963 495 1043; x_wconf 81' lang='lat' dir='ltr'>proximam</span> <span class='ocrx_word' id='word_1_48' title='bbox 537 956 840 1017; x_wconf 85' lang='lat' dir='ltr'><strong>rationem</strong></span> <span class='ocrx_word' id='word_1_49' title='bbox 880 954 1228 1027; x_wconf 71' lang='lat' dir='ltr'><strong>formalem,</strong></span> <span class='ocrx_word' id='word_1_50' title='bbox 1275 958 1336 1014; x_wconf 88' lang='lat' dir='ltr'><strong>et</strong></span> <span class='ocrx_word' id='word_1_51' title='bbox 1365 955 1669 1015; x_wconf 85' lang='lat' dir='ltr'><strong>motivum</strong></span> <span class='ocrx_word' id='word_1_52' title='bbox 1692 970 1712 1031; x_wconf 89' lang='lat'>;</span> 
     </span>
     <span class='ocr_line' id='line_1_8' title="bbox 158 1046 1718 1127; baseline -0.004 -14"><span class='ocrx_word' id='word_1_53' title='bbox 158 1072 292 1114; x_wconf 90' lang='lat' dir='ltr'><strong>nam</strong></span> <span class='ocrx_word' id='word_1_54' title='bbox 320 1050 450 1112; x_wconf 84' lang='lat' dir='ltr'><strong>sola</strong></span> <span class='ocrx_word' id='word_1_55' title='bbox 482 1049 745 1119; x_wconf 64' lang='lat' dir='ltr'><strong>bonnae,</strong></span> <span class='ocrx_word' id='word_1_56' title='bbox 777 1066 915 1127; x_wconf 81' lang='lat' dir='ltr'><strong>quoe</strong></span> <span class='ocrx_word' id='word_1_57' title='bbox 945 1048 1010 1107; x_wconf 88' lang='lat' dir='ltr'><strong>in</strong></span> <span class='ocrx_word' id='word_1_58' title='bbox 1040 1046 1167 1107; x_wconf 90' lang='lat' dir='ltr'><strong>Deo</strong></span> <span class='ocrx_word' id='word_1_59' title='bbox 1196 1054 1312 1121; x_wconf 89' lang='lat' dir='ltr'><strong>est,</strong></span> <span class='ocrx_word' id='word_1_60' title='bbox 1344 1046 1718 1107; x_wconf 86' lang='lat' dir='ltr'><strong>sufficienter</strong></span> 
     </span>
     <span class='ocr_line' id='line_1_9' title="bbox 158 1140 1718 1220; baseline -0.005 -13"><span class='ocrx_word' id='word_1_61' title='bbox 158 1155 352 1208; x_wconf 82' lang='lat' dir='ltr'><strong>movet</strong></span> <span class='ocrx_word' id='word_1_62' title='bbox 383 1144 464 1205; x_wconf 87' lang='lat' dir='ltr'><strong>ad</strong></span> <span class='ocrx_word' id='word_1_63' title='bbox 503 1142 843 1203; x_wconf 88' lang='lat' dir='ltr'><strong>amandum</strong></span> <span class='ocrx_word' id='word_1_64' title='bbox 874 1140 1254 1220; x_wconf 81' lang='lat' dir='ltr'><strong>proximum,</strong></span> <span class='ocrx_word' id='word_1_65' title='bbox 1285 1158 1411 1201; x_wconf 93' lang='lat' dir='ltr'><strong>non</strong></span> <span class='ocrx_word' id='word_1_66' title='bbox 1440 1141 1718 1201; x_wconf 86' lang='lat' dir='ltr'><strong>conside-</strong></span> 
     </span>
     <span class='ocr_line' id='line_1_10' title="bbox 158 1233 1716 1313; baseline -0.006 -11"><span class='ocrx_word' id='word_1_67' title='bbox 158 1248 276 1303; x_wconf 86' lang='lat' dir='ltr'><strong>rata</strong></span> <span class='ocrx_word' id='word_1_68' title='bbox 300 1238 639 1299; x_wconf 85' lang='lat' dir='ltr'><strong>intrinseca</strong></span> <span class='ocrx_word' id='word_1_69' title='bbox 684 1236 959 1296; x_wconf 85' lang='lat' dir='ltr'><strong>bonitate</strong></span> <span class='ocrx_word' id='word_1_70' title='bbox 994 1233 1302 1313; x_wconf 82' lang='lat' dir='ltr'><strong>proximi3</strong></span> <span class='ocrx_word' id='word_1_71' title='bbox 1352 1234 1509 1295; x_wconf 87' lang='lat' dir='ltr'><strong>sicut</strong></span> <span class='ocrx_word' id='word_1_72' title='bbox 1546 1234 1716 1294; x_wconf 87' lang='lat' dir='ltr'><strong>enim</strong></span> 
     </span>
     <span class='ocr_line' id='line_1_11' title="bbox 164 1326 1719 1409; baseline -0.006 -15"><span class='ocrx_word' id='word_1_73' title='bbox 164 1332 535 1406; x_wconf 80' lang='lat' dir='ltr'><strong>excellentia,</strong></span> <span class='ocrx_word' id='word_1_74' title='bbox 581 1348 718 1409; x_wconf 84' lang='lat' dir='ltr'><strong>quae</strong></span> <span class='ocrx_word' id='word_1_75' title='bbox 748 1328 935 1389; x_wconf 85' lang='lat' dir='ltr'><strong>estin</strong></span> <span class='ocrx_word' id='word_1_76' title='bbox 978 1326 1239 1401; x_wconf 84' lang='lat' dir='ltr'><strong>Christo,</strong></span> <span class='ocrx_word' id='word_1_77' title='bbox 1286 1334 1377 1388; x_wconf 88' lang='lat' dir='ltr'><strong>est</strong></span> <span class='ocrx_word' id='word_1_78' title='bbox 1406 1328 1719 1388; x_wconf 85' lang='lat' dir='ltr'><strong>sufficiens</strong></span> 
     </span>
     <span class='ocr_line' id='line_1_12' title="bbox 166 1420 1720 1499; baseline -0.005 -12"><span class='ocrx_word' id='word_1_79' title='bbox 166 1444 331 1488; x_wconf 89' lang='lat' dir='ltr'><strong>causa</strong></span> <span class='ocrx_word' id='word_1_80' title='bbox 361 1422 702 1484; x_wconf 78' lang='lat' dir='ltr'><strong>venerandi</strong></span> <span class='ocrx_word' id='word_1_81' title='bbox 741 1420 1079 1499; x_wconf 83' lang='lat' dir='ltr'>imaginem</span> <span class='ocrx_word' id='word_1_82' title='bbox 1111 1420 1245 1498; x_wconf 83' lang='lat' dir='ltr'><strong>ejus</strong></span> <span class='ocrx_word' id='word_1_83' title='bbox 1266 1467 1283 1496; x_wconf 91' lang='lat'><strong>,</strong></span> <span class='ocrx_word' id='word_1_84' title='bbox 1321 1421 1407 1480; x_wconf 88' lang='lat' dir='ltr'><strong>ita</strong></span> <span class='ocrx_word' id='word_1_85' title='bbox 1436 1420 1720 1499; x_wconf 86' lang='lat' dir='ltr'><strong>quamvis</strong></span> 
     </span>
     <span class='ocr_line' id='line_1_13' title="bbox 162 1514 1717 1597; baseline -0.003 -17"><span class='ocrx_word' id='word_1_86' title='bbox 162 1520 319 1581; x_wconf 87' lang='lat' dir='ltr'><strong>nulla</strong></span> <span class='ocrx_word' id='word_1_87' title='bbox 372 1516 862 1597; x_wconf 84' lang='lat' dir='ltr'><strong>supernaturalis</strong></span> <span class='ocrx_word' id='word_1_88' title='bbox 902 1514 1145 1574; x_wconf 89' lang='lat' dir='ltr'><strong>bonitas</strong></span> <span class='ocrx_word' id='word_1_89' title='bbox 1180 1516 1258 1574; x_wconf 91' lang='lat' dir='ltr'><strong>sit</strong></span> <span class='ocrx_word' id='word_1_90' title='bbox 1301 1514 1363 1574; x_wconf 89' lang='lat' dir='ltr'><strong>in</strong></span> <span class='ocrx_word' id='word_1_91' title='bbox 1412 1516 1717 1594; x_wconf 77' lang='lat' dir='ltr'><strong>proxitnO,</strong></span> 
     </span>
     <span class='ocr_line' id='line_1_14' title="bbox 165 1608 1721 1683; baseline -0.003 -9"><span class='ocrx_word' id='word_1_92' title='bbox 165 1616 277 1675; x_wconf 89' lang='lat' dir='ltr'><strong>imo</strong></span> <span class='ocrx_word' id='word_1_93' title='bbox 306 1628 553 1671; x_wconf 89' lang='lat' dir='ltr'><strong>summa</strong></span> <span class='ocrx_word' id='word_1_94' title='bbox 578 1610 842 1683; x_wconf 87' lang='lat' dir='ltr'><strong>malitia,</strong></span> <span class='ocrx_word' id='word_1_95' title='bbox 892 1608 1157 1668; x_wconf 89' lang='lat' dir='ltr'><strong>charitas</strong></span> <span class='ocrx_word' id='word_1_96' title='bbox 1199 1608 1263 1667; x_wconf 89' lang='lat' dir='ltr'><strong>in</strong></span> <span class='ocrx_word' id='word_1_97' title='bbox 1306 1608 1583 1669; x_wconf 87' lang='lat' dir='ltr'><strong>bonitate</strong></span> <span class='ocrx_word' id='word_1_98' title='bbox 1615 1609 1721 1669; x_wconf 86' lang='lat' dir='ltr'><strong>Dei</strong></span> 
     </span>
     <span class='ocr_line' id='line_1_15' title="bbox 166 1702 1673 1773; baseline -0.004 -4"><span class='ocrx_word' id='word_1_99' title='bbox 166 1708 389 1769; x_wconf 84' lang='lat' dir='ltr'><strong>invenit</strong></span> <span class='ocrx_word' id='word_1_100' title='bbox 420 1704 828 1765; x_wconf 85' lang='lat' dir='ltr'><strong>sufficientem</strong></span> <span class='ocrx_word' id='word_1_101' title='bbox 858 1703 1164 1764; x_wconf 78' lang='lat' dir='ltr'><strong>rationem</strong></span> <span class='ocrx_word' id='word_1_102' title='bbox 1179 1703 1439 1773; x_wconf 78' lang='lat' dir='ltr'><strong>amandi</strong></span> <span class='ocrx_word' id='word_1_103' title='bbox 1470 1702 1673 1763; x_wconf 92' lang='lat' dir='ltr'><strong>illum.</strong></span> 
     </span>
    </p>

    <p class='ocr_par' dir='ltr' id='par_1_3' title="bbox 165 1795 1726 4024">
     <span class='ocr_line' id='line_1_16' title="bbox 238 1795 1714 1879; baseline -0.004 -18"><span class='ocrx_word' id='word_1_104' title='bbox 238 1804 293 1861; x_wconf 73' lang='lat'><strong>2.</strong></span> <span class='ocrx_word' id='word_1_105' title='bbox 341 1795 1164 1879; x_wconf 76' lang='lat' dir='ltr'><strong>Objecti0.—-Responsio.—</strong></span> <span class='ocrx_word' id='word_1_106' title='bbox 1196 1795 1371 1856; x_wconf 83' lang='lat' dir='ltr'><strong>Dices</strong></span> <span class='ocrx_word' id='word_1_107' title='bbox 1403 1817 1416 1854; x_wconf 76' lang='grc' dir='ltr'><strong><em>ε</em></strong></span> <span class='ocrx_word' id='word_1_108' title='bbox 1450 1795 1714 1871; x_wconf 76' lang='lat' dir='ltr'><strong>bonitaS,</strong></span> 
     </span>
     <span class='ocr_line' id='line_1_17' title="bbox 170 1889 1712 1976; baseline -0.004 -21"><span class='ocrx_word' id='word_1_109' title='bbox 170 1914 291 1976; x_wconf 75' lang='lat' dir='ltr'><strong>quse</strong></span> <span class='ocrx_word' id='word_1_110' title='bbox 318 1895 383 1953; x_wconf 90' lang='lat' dir='ltr'><strong>in</strong></span> <span class='ocrx_word' id='word_1_111' title='bbox 415 1896 540 1953; x_wconf 91' lang='lat' dir='ltr'><strong>Deo</strong></span> <span class='ocrx_word' id='word_1_112' title='bbox 570 1898 682 1964; x_wconf 90' lang='lat' dir='ltr'><strong>est,</strong></span> <span class='ocrx_word' id='word_1_113' title='bbox 726 1910 851 1952; x_wconf 86' lang='lat' dir='ltr'><strong>non</strong></span> <span class='ocrx_word' id='word_1_114' title='bbox 880 1892 1026 1951; x_wconf 84' lang='lat' dir='ltr'><strong>facit</strong></span> <span class='ocrx_word' id='word_1_115' title='bbox 1052 1889 1283 1950; x_wconf 90' lang='lat' dir='ltr'><strong>bonum</strong></span> <span class='ocrx_word' id='word_1_116' title='bbox 1314 1891 1667 1969; x_wconf 81' lang='lat' dir='ltr'><strong>proximum</strong></span> <span class='ocrx_word' id='word_1_117' title='bbox 1698 1909 1712 1963; x_wconf 88' lang='grc'>;</span> 
     </span>
     <span class='ocr_line' id='line_1_18' title="bbox 166 1983 1715 2069; baseline -0.003 -21"><span class='ocrx_word' id='word_1_118' title='bbox 166 1986 457 2069; x_wconf 88' lang='lat' dir='ltr'><strong>quomodo</strong></span> <span class='ocrx_word' id='word_1_119' title='bbox 480 2004 628 2063; x_wconf 84' lang='lat' dir='ltr'><strong>ergo</strong></span> <span class='ocrx_word' id='word_1_120' title='bbox 652 1991 850 2065; x_wconf 86' lang='lat' dir='ltr'><strong>potest</strong></span> <span class='ocrx_word' id='word_1_121' title='bbox 870 2002 999 2045; x_wconf 87' lang='lat' dir='ltr'><strong>esse</strong></span> <span class='ocrx_word' id='word_1_122' title='bbox 1019 1984 1178 2043; x_wconf 87' lang='lat' dir='ltr'><strong>ratio</strong></span> <span class='ocrx_word' id='word_1_123' title='bbox 1199 1984 1496 2061; x_wconf 86' lang='lat' dir='ltr'><strong>diligendi</strong></span> <span class='ocrx_word' id='word_1_124' title='bbox 1516 1983 1715 2058; x_wconf 89' lang='lat' dir='ltr'><strong>illum,</strong></span> 
     </span>
     <span class='ocr_line' id='line_1_19' title="bbox 165 2076 1718 2157; baseline -0.004 -14"><span class='ocrx_word' id='word_1_125' title='bbox 165 2100 290 2143; x_wconf 87' lang='lat' dir='ltr'><strong>cum</strong></span> <span class='ocrx_word' id='word_1_126' title='bbox 314 2079 470 2141; x_wconf 86' lang='lat' dir='ltr'><strong>nihil</strong></span> <span class='ocrx_word' id='word_1_127' title='bbox 495 2079 814 2157; x_wconf 83' lang='lat' dir='ltr'>diligatur,</span> <span class='ocrx_word' id='word_1_128' title='bbox 846 2078 965 2138; x_wconf 88' lang='lat' dir='ltr'><strong>nisi</strong></span> <span class='ocrx_word' id='word_1_129' title='bbox 992 2078 1269 2138; x_wconf 79' lang='lat' dir='ltr'><strong>bonum?</strong></span> <span class='ocrx_word' id='word_1_130' title='bbox 1290 2076 1718 2156; x_wconf 87' lang='lat' dir='ltr'><strong>Respondetnr</strong></span> 
     </span>
     <span class='ocr_line' id='line_1_20' title="bbox 166 2170 1718 2249; baseline -0.003 -14"><span class='ocrx_word' id='word_1_131' title='bbox 166 2178 343 2236; x_wconf 90' lang='lat' dir='ltr'><strong>Deum</strong></span> <span class='ocrx_word' id='word_1_132' title='bbox 382 2180 535 2233; x_wconf 89' lang='lat' dir='ltr'><strong>tune</strong></span> <span class='ocrx_word' id='word_1_133' title='bbox 574 2191 699 2233; x_wconf 88' lang='lat' dir='ltr'><strong>esse</strong></span> <span class='ocrx_word' id='word_1_134' title='bbox 737 2174 1041 2233; x_wconf 88' lang='lat' dir='ltr'><strong>rationem</strong></span> <span class='ocrx_word' id='word_1_135' title='bbox 1089 2170 1417 2249; x_wconf 85' lang='lat' dir='ltr'><strong>diligendi,</strong></span> <span class='ocrx_word' id='word_1_136' title='bbox 1456 2170 1534 2231; x_wconf 90' lang='lat' dir='ltr'><strong>ad</strong></span> <span class='ocrx_word' id='word_1_137' title='bbox 1573 2189 1718 2231; x_wconf 89' lang='lat' dir='ltr'><strong>eum</strong></span> 
     </span>
     <span class='ocr_line' id='line_1_21' title="bbox 168 2263 1718 2345; baseline -0.003 -17"><span class='ocrx_word' id='word_1_138' title='bbox 168 2268 399 2328; x_wconf 91' lang='lat' dir='ltr'><strong>modum</strong></span> <span class='ocrx_word' id='word_1_139' title='bbox 423 2284 547 2345; x_wconf 85' lang='lat' dir='ltr'><strong>quo</strong></span> <span class='ocrx_word' id='word_1_140' title='bbox 564 2266 703 2327; x_wconf 86' lang='lat' dir='ltr'><strong>finis</strong></span> <span class='ocrx_word' id='word_1_141' title='bbox 724 2272 815 2325; x_wconf 83' lang='lat' dir='ltr'><strong>est</strong></span> <span class='ocrx_word' id='word_1_142' title='bbox 839 2268 997 2325; x_wconf 89' lang='lat' dir='ltr'><strong>ratio</strong></span> <span class='ocrx_word' id='word_1_143' title='bbox 1014 2264 1311 2343; x_wconf 89' lang='lat' dir='ltr'><strong>diligendi</strong></span> <span class='ocrx_word' id='word_1_144' title='bbox 1334 2263 1557 2324; x_wconf 88' lang='lat' dir='ltr'><strong>media.</strong></span> <span class='ocrx_word' id='word_1_145' title='bbox 1583 2264 1718 2324; x_wconf 86' lang='lat' dir='ltr'><strong>Non</strong></span> 
     </span>
     <span class='ocr_line' id='line_1_22' title="bbox 170 2356 1714 2441; baseline -0.001 -22"><span class='ocrx_word' id='word_1_146' title='bbox 170 2360 313 2441; x_wconf 88' lang='lat' dir='ltr'><strong>quod</strong></span> <span class='ocrx_word' id='word_1_147' title='bbox 336 2361 660 2439; x_wconf 84' lang='lat' dir='ltr'><strong>proximus</strong></span> <span class='ocrx_word' id='word_1_148' title='bbox 682 2364 927 2419; x_wconf 86' lang='lat' dir='ltr'><strong>ametur</strong></span> <span class='ocrx_word' id='word_1_149' title='bbox 949 2357 1064 2417; x_wconf 89' lang='lat' dir='ltr'><strong>isto</strong></span> <span class='ocrx_word' id='word_1_150' title='bbox 1088 2356 1273 2417; x_wconf 91' lang='lat' dir='ltr'><strong>modo</strong></span> <span class='ocrx_word' id='word_1_151' title='bbox 1298 2376 1369 2416; x_wconf 87' lang='lat' dir='ltr'><strong>ex</strong></span> <span class='ocrx_word' id='word_1_152' title='bbox 1394 2357 1714 2432; x_wconf 78' lang='lat' dir='ltr'><strong>charitate,</strong></span> 
     </span>
     <span class='ocr_line' id='line_1_23' title="bbox 170 2448 1725 2530; baseline -0.001 -17"><span class='ocrx_word' id='word_1_153' title='bbox 170 2460 229 2513; x_wconf 88' lang='lat' dir='ltr'><strong>ut</strong></span> <span class='ocrx_word' id='word_1_154' title='bbox 256 2454 527 2513; x_wconf 89' lang='lat' dir='ltr'><strong>medium</strong></span> <span class='ocrx_word' id='word_1_155' title='bbox 571 2452 649 2512; x_wconf 88' lang='lat' dir='ltr'><strong>ad</strong></span> <span class='ocrx_word' id='word_1_156' title='bbox 692 2448 1195 2530; x_wconf 90' lang='lat' dir='ltr'><strong>consequendum</strong></span> <span class='ocrx_word' id='word_1_157' title='bbox 1240 2450 1434 2511; x_wconf 90' lang='lat' dir='ltr'><strong>Deum</strong></span> <span class='ocrx_word' id='word_1_158' title='bbox 1456 2466 1476 2527; x_wconf 82' lang='lat'>3</span> <span class='ocrx_word' id='word_1_159' title='bbox 1520 2450 1725 2511; x_wconf 86' lang='lat' dir='ltr'><strong>sedin</strong></span> 
     </span>
     <span class='ocr_line' id='line_1_24' title="bbox 173 2545 1724 2625; baseline -0.001 -19"><span class='ocrx_word' id='word_1_160' title='bbox 173 2547 351 2625; x_wconf 87' lang='lat' dir='ltr'><strong>seipso</strong></span> <span class='ocrx_word' id='word_1_161' title='bbox 382 2552 655 2621; x_wconf 86' lang='lat' dir='ltr'><strong>amatur,</strong></span> <span class='ocrx_word' id='word_1_162' title='bbox 686 2551 758 2605; x_wconf 89' lang='grc' dir='ltr'><strong>ιιι</strong></span> <span class='ocrx_word' id='word_1_163' title='bbox 781 2546 912 2623; x_wconf 89' lang='lat' dir='ltr'><strong>ipse</strong></span> <span class='ocrx_word' id='word_1_164' title='bbox 934 2546 1333 2622; x_wconf 81' lang='lat' dir='ltr'><strong>consequitur</strong></span> <span class='ocrx_word' id='word_1_165' title='bbox 1362 2545 1593 2615; x_wconf 87' lang='lat' dir='ltr'><strong>Deum;</strong></span> <span class='ocrx_word' id='word_1_166' title='bbox 1630 2562 1724 2604; x_wconf 91' lang='lat' dir='ltr'><strong>so-</strong></span> 
     </span>
     <span class='ocr_line' id='line_1_25' title="bbox 170 2638 1725 2719; baseline -0.001 -20"><span class='ocrx_word' id='word_1_167' title='bbox 170 2638 286 2699; x_wconf 90' lang='lat' dir='ltr'><strong>lum</strong></span> <span class='ocrx_word' id='word_1_168' title='bbox 311 2657 457 2719; x_wconf 89' lang='lat' dir='ltr'><strong>ergo</strong></span> <span class='ocrx_word' id='word_1_169' title='bbox 484 2644 659 2701; x_wconf 85' lang='lat' dir='ltr'><strong>tenet</strong></span> <span class='ocrx_word' id='word_1_170' title='bbox 685 2638 1003 2718; x_wconf 73' lang='lat' dir='ltr'>proportio</span> <span class='ocrx_word' id='word_1_171' title='bbox 1025 2638 1093 2697; x_wconf 90' lang='lat' dir='ltr'><strong>in</strong></span> <span class='ocrx_word' id='word_1_172' title='bbox 1118 2638 1261 2711; x_wconf 91' lang='lat' dir='ltr'><strong>hoc,</strong></span> <span class='ocrx_word' id='word_1_173' title='bbox 1292 2638 1458 2716; x_wconf 91' lang='lat' dir='ltr'><strong>quod</strong></span> <span class='ocrx_word' id='word_1_174' title='bbox 1490 2638 1725 2698; x_wconf 87' lang='lat' dir='ltr'><strong>utrobi-</strong></span> 
     </span>
     <span class='ocr_line' id='line_1_26' title="bbox 172 2731 1719 2813; baseline 0.001 -23"><span class='ocrx_word' id='word_1_175' title='bbox 172 2752 275 2813; x_wconf 85' lang='lat' dir='ltr'><strong>que</strong></span> <span class='ocrx_word' id='word_1_176' title='bbox 316 2735 473 2793; x_wconf 89' lang='lat' dir='ltr'><strong>ratio</strong></span> <span class='ocrx_word' id='word_1_177' title='bbox 522 2731 824 2811; x_wconf 87' lang='lat' dir='ltr'><strong>diligendi</strong></span> <span class='ocrx_word' id='word_1_178' title='bbox 873 2737 965 2792; x_wconf 88' lang='lat' dir='ltr'><strong>est</strong></span> <span class='ocrx_word' id='word_1_179' title='bbox 1013 2731 1377 2807; x_wconf 80' lang='lat' dir='ltr'><strong>extrinseca,</strong></span> <span class='ocrx_word' id='word_1_180' title='bbox 1433 2736 1494 2792; x_wconf 89' lang='lat' dir='ltr'><strong>et</strong></span> <span class='ocrx_word' id='word_1_181' title='bbox 1537 2738 1609 2792; x_wconf 88' lang='grc' dir='ltr'><strong>ιιι</strong></span> <span class='ocrx_word' id='word_1_182' title='bbox 1640 2731 1719 2792; x_wconf 88' lang='lat' dir='ltr'><strong>sit</strong></span> 
     </span>
     <span class='ocr_line' id='line_1_27' title="bbox 173 2824 1713 2904; baseline 0 -19"><span class='ocrx_word' id='word_1_183' title='bbox 173 2826 457 2901; x_wconf 76' lang='lat' dir='ltr'><strong>amabiliS‚</strong></span> <span class='ocrx_word' id='word_1_184' title='bbox 496 2844 626 2886; x_wconf 90' lang='lat' dir='ltr'><strong>non</strong></span> <span class='ocrx_word' id='word_1_185' title='bbox 656 2830 905 2904; x_wconf 87' lang='lat' dir='ltr'><strong>propter</strong></span> <span class='ocrx_word' id='word_1_186' title='bbox 927 2824 1268 2885; x_wconf 88' lang='lat' dir='ltr'><strong>bonitatem</strong></span> <span class='ocrx_word' id='word_1_187' title='bbox 1294 2824 1713 2898; x_wconf 80' lang='lat' dir='ltr'><strong>intrinsecam,</strong></span> 
     </span>
     <span class='ocr_line' id='line_1_28' title="bbox 174 2918 1718 2999; baseline 0.001 -20"><span class='ocrx_word' id='word_1_188' title='bbox 174 2920 262 2979; x_wconf 89' lang='lat' dir='ltr'><strong>sed</strong></span> <span class='ocrx_word' id='word_1_189' title='bbox 287 2926 539 2999; x_wconf 89' lang='lat' dir='ltr'><strong>propter</strong></span> <span class='ocrx_word' id='word_1_190' title='bbox 566 2918 1030 2993; x_wconf 83' lang='lat' dir='ltr'><strong>habitudinem3</strong></span> <span class='ocrx_word' id='word_1_191' title='bbox 1064 2925 1281 2979; x_wconf 82' lang='lat' dir='ltr'><strong>tamen</strong></span> <span class='ocrx_word' id='word_1_192' title='bbox 1308 2918 1441 2979; x_wconf 85' lang='lat' dir='ltr'><strong>haec</strong></span> <span class='ocrx_word' id='word_1_193' title='bbox 1473 2918 1718 2980; x_wconf 86' lang='lat' dir='ltr'><strong>habitu-</strong></span> 
     </span>
     <span class='ocr_line' id='line_1_29' title="bbox 174 3011 1719 3091; baseline 0.001 -20"><span class='ocrx_word' id='word_1_194' title='bbox 174 3012 239 3071; x_wconf 90' lang='lat' dir='ltr'><strong>do</strong></span> <span class='ocrx_word' id='word_1_195' title='bbox 264 3012 327 3071; x_wconf 89' lang='lat' dir='ltr'><strong>in</strong></span> <span class='ocrx_word' id='word_1_196' title='bbox 350 3012 637 3091; x_wconf 81' lang='lat' dir='ltr'><strong>exemplo</strong></span> <span class='ocrx_word' id='word_1_197' title='bbox 669 3012 868 3091; x_wconf 89' lang='lat' dir='ltr'><strong>posito</strong></span> <span class='ocrx_word' id='word_1_198' title='bbox 900 3013 1167 3091; x_wconf 81' lang='lat' dir='ltr'><strong>pertinet</strong></span> <span class='ocrx_word' id='word_1_199' title='bbox 1188 3012 1266 3072; x_wconf 88' lang='lat' dir='ltr'><strong>ad</strong></span> <span class='ocrx_word' id='word_1_200' title='bbox 1288 3030 1538 3073; x_wconf 86' lang='lat' dir='ltr'><strong>causam</strong></span> <span class='ocrx_word' id='word_1_201' title='bbox 1565 3011 1719 3073; x_wconf 86' lang='lat' dir='ltr'><strong>fina-</strong></span> 
     </span>
     <span class='ocr_line' id='line_1_30' title="bbox 172 3104 1725 3185; baseline 0.001 -21"><span class='ocrx_word' id='word_1_202' title='bbox 172 3104 303 3179; x_wconf 87' lang='lat' dir='ltr'><strong>lem,</strong></span> <span class='ocrx_word' id='word_1_203' title='bbox 330 3106 715 3166; x_wconf 84' lang='lat' dir='ltr'><strong>extrinsecus</strong></span> <span class='ocrx_word' id='word_1_204' title='bbox 738 3105 1107 3185; x_wconf 71' lang='lat' dir='ltr'><strong>applicatam</strong></span> <span class='ocrx_word' id='word_1_205' title='bbox 1133 3122 1245 3185; x_wconf 89' lang='lat' dir='ltr'><strong>per</strong></span> <span class='ocrx_word' id='word_1_206' title='bbox 1264 3105 1597 3185; x_wconf 86' lang='lat' dir='ltr'><strong>quamdam</strong></span> <span class='ocrx_word' id='word_1_207' title='bbox 1615 3106 1725 3167; x_wconf 87' lang='lat' dir='ltr'><strong>ha-</strong></span> 
     </span>
     <span class='ocr_line' id='line_1_31' title="bbox 170 3196 1723 3277; baseline 0.003 -22"><span class='ocrx_word' id='word_1_208' title='bbox 170 3196 501 3260; x_wconf 86' lang='lat' dir='ltr'><strong>bitudinem</strong></span> <span class='ocrx_word' id='word_1_209' title='bbox 552 3214 569 3257; x_wconf 75' lang='lat'>2</span> <span class='ocrx_word' id='word_1_210' title='bbox 618 3204 764 3258; x_wconf 89' lang='lat' dir='ltr'><strong>sunt</strong></span> <span class='ocrx_word' id='word_1_211' title='bbox 825 3198 991 3259; x_wconf 91' lang='lat' dir='ltr'><strong>enim</strong></span> <span class='ocrx_word' id='word_1_212' title='bbox 1044 3199 1162 3258; x_wconf 88' lang='lat' dir='ltr'><strong>isto</strong></span> <span class='ocrx_word' id='word_1_213' title='bbox 1220 3200 1403 3258; x_wconf 88' lang='lat' dir='ltr'><strong>modo</strong></span> <span class='ocrx_word' id='word_1_214' title='bbox 1452 3199 1723 3277; x_wconf 85' lang='lat' dir='ltr'><strong>proximi</strong></span> 
     </span>
     <span class='ocr_line' id='line_1_32' title="bbox 172 3290 1726 3373; baseline 0.003 -24"><span class='ocrx_word' id='word_1_215' title='bbox 172 3291 447 3353; x_wconf 85' lang='lat' dir='ltr'><strong>amabiles</strong></span> <span class='ocrx_word' id='word_1_216' title='bbox 466 3297 723 3373; x_wconf 87' lang='lat' dir='ltr'><strong>propter</strong></span> <span class='ocrx_word' id='word_1_217' title='bbox 740 3291 850 3352; x_wconf 89' lang='lat' dir='ltr'><strong>Dei</strong></span> <span class='ocrx_word' id='word_1_218' title='bbox 870 3290 1233 3367; x_wconf 90' lang='lat' dir='ltr'><strong>bonitatem,</strong></span> <span class='ocrx_word' id='word_1_219' title='bbox 1253 3296 1557 3371; x_wconf 86' lang='lat' dir='ltr'><strong>quatenus</strong></span> <span class='ocrx_word' id='word_1_220' title='bbox 1580 3299 1726 3353; x_wconf 89' lang='lat' dir='ltr'><strong>sunt</strong></span> 
     </span>
     <span class='ocr_line' id='line_1_33' title="bbox 172 3383 1719 3463; baseline 0.002 -20"><span class='ocrx_word' id='word_1_221' title='bbox 172 3402 399 3463; x_wconf 79' lang='lat' dir='ltr'><strong>capaces</strong></span> <span class='ocrx_word' id='word_1_222' title='bbox 433 3386 613 3445; x_wconf 88' lang='lat' dir='ltr'><strong>istius</strong></span> <span class='ocrx_word' id='word_1_223' title='bbox 646 3383 961 3445; x_wconf 74' lang='lat' dir='ltr'><strong>bonitatis·</strong></span> <span class='ocrx_word' id='word_1_224' title='bbox 998 3386 1169 3446; x_wconf 86' lang='lat' dir='ltr'><strong>Dices</strong></span> <span class='ocrx_word' id='word_1_225' title='bbox 1203 3402 1218 3445; x_wconf 75' lang='grc' dir='ltr'>ε</span> <span class='ocrx_word' id='word_1_226' title='bbox 1262 3402 1409 3463; x_wconf 81' lang='lat' dir='ltr'><strong>ergo</strong></span> <span class='ocrx_word' id='word_1_227' title='bbox 1440 3384 1559 3445; x_wconf 90' lang='lat' dir='ltr'><strong>hoc</strong></span> <span class='ocrx_word' id='word_1_228' title='bbox 1586 3402 1719 3446; x_wconf 90' lang='lat' dir='ltr'><strong>mo-</strong></span> 
     </span>
     <span class='ocr_line' id='line_1_34' title="bbox 171 3477 1720 3557; baseline 0.001 -21"><span class='ocrx_word' id='word_1_229' title='bbox 171 3477 238 3536; x_wconf 91' lang='lat' dir='ltr'><strong>do</strong></span> <span class='ocrx_word' id='word_1_230' title='bbox 268 3496 385 3537; x_wconf 90' lang='lat' dir='ltr'><strong>non</strong></span> <span class='ocrx_word' id='word_1_231' title='bbox 414 3479 698 3557; x_wconf 85' lang='lat' dir='ltr'><strong>diligitur</strong></span> <span class='ocrx_word' id='word_1_232' title='bbox 730 3479 1049 3557; x_wconf 86' lang='lat' dir='ltr'><strong>proximus</strong></span> <span class='ocrx_word' id='word_1_233' title='bbox 1086 3484 1157 3538; x_wconf 88' lang='lat' dir='ltr'><strong>ut</strong></span> <span class='ocrx_word' id='word_1_234' title='bbox 1187 3478 1453 3553; x_wconf 79' lang='lat' dir='ltr'><strong>amicus3</strong></span> <span class='ocrx_word' id='word_1_235' title='bbox 1499 3494 1645 3538; x_wconf 88' lang='lat' dir='ltr'><strong>nam</strong></span> <span class='ocrx_word' id='word_1_236' title='bbox 1670 3478 1720 3539; x_wconf 87' lang='lat' dir='ltr'><strong>si</strong></span> 
     </span>
     <span class='ocr_line' id='line_1_35' title="bbox 173 3568 1718 3650; baseline 0.002 -22"><span class='ocrx_word' id='word_1_237' title='bbox 173 3568 248 3629; x_wconf 85' lang='lat' dir='ltr'><strong>ita</strong></span> <span class='ocrx_word' id='word_1_238' title='bbox 274 3571 592 3649; x_wconf 84' lang='lat' dir='ltr'><strong>diligerem</strong></span> <span class='ocrx_word' id='word_1_239' title='bbox 632 3589 878 3632; x_wconf 81' lang='lat' dir='ltr'><strong>servum</strong></span> <span class='ocrx_word' id='word_1_240' title='bbox 922 3570 1106 3632; x_wconf 71' lang='lat' dir='ltr'><strong>mici</strong></span> <span class='ocrx_word' id='word_1_241' title='bbox 1146 3577 1396 3650; x_wconf 87' lang='lat' dir='ltr'><strong>propter</strong></span> <span class='ocrx_word' id='word_1_242' title='bbox 1423 3572 1718 3645; x_wconf 85' lang='lat' dir='ltr'><strong>amicum,</strong></span> 
     </span>
     <span class='ocr_line' id='line_1_36' title="bbox 174 3664 1723 3743; baseline 0.001 -21"><span class='ocrx_word' id='word_1_243' title='bbox 174 3680 285 3723; x_wconf 89' lang='lat' dir='ltr'><strong>non</strong></span> <span class='ocrx_word' id='word_1_244' title='bbox 320 3680 593 3725; x_wconf 88' lang='lat' dir='ltr'><strong>amarem</strong></span> <span class='ocrx_word' id='word_1_245' title='bbox 639 3664 815 3724; x_wconf 91' lang='lat' dir='ltr'><strong>illum</strong></span> <span class='ocrx_word' id='word_1_246' title='bbox 849 3670 921 3723; x_wconf 90' lang='grc' dir='ltr'><strong>ιιι</strong></span> <span class='ocrx_word' id='word_1_247' title='bbox 962 3664 1255 3725; x_wconf 88' lang='lat' dir='ltr'><strong>amicum.</strong></span> <span class='ocrx_word' id='word_1_248' title='bbox 1302 3665 1419 3725; x_wconf 90' lang='lat' dir='ltr'><strong>Sed</strong></span> <span class='ocrx_word' id='word_1_249' title='bbox 1458 3670 1723 3743; x_wconf 84' lang='lat' dir='ltr'><strong>negatur</strong></span> 
     </span>
     <span class='ocr_line' id='line_1_37' title="bbox 176 3757 1725 3836; baseline 0.001 -22"><span class='ocrx_word' id='word_1_250' title='bbox 176 3758 633 3836; x_wconf 84' lang='lat' dir='ltr'><strong>consequentia3</strong></span> <span class='ocrx_word' id='word_1_251' title='bbox 676 3776 821 3817; x_wconf 88' lang='lat' dir='ltr'><strong>nam</strong></span> <span class='ocrx_word' id='word_1_252' title='bbox 851 3757 994 3817; x_wconf 89' lang='lat' dir='ltr'><strong>licet</strong></span> <span class='ocrx_word' id='word_1_253' title='bbox 1040 3776 1163 3818; x_wconf 89' lang='lat' dir='ltr'><strong>non</strong></span> <span class='ocrx_word' id='word_1_254' title='bbox 1194 3757 1491 3835; x_wconf 82' lang='lat' dir='ltr'><strong>diligatur</strong></span> <span class='ocrx_word' id='word_1_255' title='bbox 1520 3758 1725 3836; x_wconf 82' lang='lat' dir='ltr'><strong>proxi·</strong></span> 
     </span>
     <span class='ocr_line' id='line_1_38' title="bbox 176 3850 1726 3931; baseline 0 -22"><span class='ocrx_word' id='word_1_256' title='bbox 176 3866 301 3909; x_wconf 80' lang='lat' dir='ltr'><strong>mus</strong></span> <span class='ocrx_word' id='word_1_257' title='bbox 330 3857 400 3911; x_wconf 91' lang='lat' dir='ltr'><strong>ut</strong></span> <span class='ocrx_word' id='word_1_258' title='bbox 424 3850 785 3931; x_wconf 87' lang='lat' dir='ltr'><strong>principalis</strong></span> <span class='ocrx_word' id='word_1_259' title='bbox 808 3852 1065 3926; x_wconf 88' lang='lat' dir='ltr'><strong>amicus,</strong></span> <span class='ocrx_word' id='word_1_260' title='bbox 1105 3850 1389 3929; x_wconf 86' lang='lat' dir='ltr'><strong>diligitur</strong></span> <span class='ocrx_word' id='word_1_261' title='bbox 1414 3857 1623 3928; x_wconf 86' lang='lat' dir='ltr'><strong>tamen</strong></span> <span class='ocrx_word' id='word_1_262' title='bbox 1655 3855 1726 3909; x_wconf 87' lang='lat' dir='ltr'><strong>ut</strong></span> 
     </span>
     <span class='ocr_line' id='line_1_39' title="bbox 180 3943 1653 4024; baseline 0.001 -23"><span class='ocrx_word' id='word_1_263' title='bbox 180 3944 587 4020; x_wconf 78' lang='lat' dir='ltr'><strong>secundariuS,</strong></span> <span class='ocrx_word' id='word_1_264' title='bbox 624 3951 687 4006; x_wconf 91' lang='lat' dir='ltr'><strong>et</strong></span> <span class='ocrx_word' id='word_1_265' title='bbox 712 3962 903 4024; x_wconf 84' lang='lat' dir='ltr'><strong>capax</strong></span> <span class='ocrx_word' id='word_1_266' title='bbox 937 3943 1293 4005; x_wconf 86' lang='lat' dir='ltr'><strong>eorumdem</strong></span> <span class='ocrx_word' id='word_1_267' title='bbox 1325 3944 1653 4004; x_wconf 91' lang='lat' dir='ltr'><strong>bonorum.</strong></span> 
     </span>
    </p>

    <p class='ocr_par' dir='ltr' id='par_1_4' title="bbox 178 4036 1731 5618">
     <span class='ocr_line' id='line_1_40' title="bbox 248 4036 1717 4102; baseline -0.002 -5"><span class='ocrx_word' id='word_1_268' title='bbox 248 4040 299 4098; x_wconf 82' lang='lat'><strong>3.</strong></span> <span class='ocrx_word' id='word_1_269' title='bbox 350 4036 633 4102; x_wconf 78' lang='lat' dir='ltr'><strong>Secunda</strong></span> <span class='ocrx_word' id='word_1_270' title='bbox 681 4038 1006 4101; x_wconf 76' lang='lat' dir='ltr'><strong>conclusio,</strong></span> <span class='ocrx_word' id='word_1_271' title='bbox 1064 4068 1147 4083; x_wconf 93' lang='lat'><strong>--</strong></span> <span class='ocrx_word' id='word_1_272' title='bbox 1204 4036 1351 4097; x_wconf 89' lang='lat' dir='ltr'><strong>Dico</strong></span> <span class='ocrx_word' id='word_1_273' title='bbox 1404 4037 1671 4098; x_wconf 87' lang='lat' dir='ltr'><strong>secundo</strong></span> <span class='ocrx_word' id='word_1_274' title='bbox 1701 4056 1717 4094; x_wconf 78' lang='grc' dir='ltr'><strong><em>ε</em></strong></span> 
     </span>
     <span class='ocr_line' id='line_1_41' title="bbox 180 4130 1725 4211; baseline -0.001 -21"><span class='ocrx_word' id='word_1_275' title='bbox 180 4132 473 4209; x_wconf 85' lang='lat' dir='ltr'><strong>proximus</strong></span> <span class='ocrx_word' id='word_1_276' title='bbox 499 4178 521 4208; x_wconf 90' lang='lat'><strong>,</strong></span> <span class='ocrx_word' id='word_1_277' title='bbox 576 4133 683 4211; x_wconf 92' lang='lat' dir='ltr'><strong>qui</strong></span> <span class='ocrx_word' id='word_1_278' title='bbox 726 4132 1055 4193; x_wconf 86' lang='lat' dir='ltr'><strong>intrinsece</strong></span> <span class='ocrx_word' id='word_1_279' title='bbox 1104 4132 1308 4209; x_wconf 87' lang='lat' dir='ltr'><strong>justus</strong></span> <span class='ocrx_word' id='word_1_280' title='bbox 1352 4137 1443 4191; x_wconf 90' lang='lat' dir='ltr'><strong>est</strong></span> <span class='ocrx_word' id='word_1_281' title='bbox 1484 4130 1725 4208; x_wconf 88' lang='lat' dir='ltr'><strong>justitia</strong></span> 
     </span>
     <span class='ocr_line' id='line_1_42' title="bbox 179 4224 1727 4305; baseline 0 -22"><span class='ocrx_word' id='word_1_282' title='bbox 179 4231 361 4287; x_wconf 89' lang='lat' dir='ltr'><strong>creata</strong></span> <span class='ocrx_word' id='word_1_283' title='bbox 401 4233 463 4288; x_wconf 90' lang='lat' dir='ltr'><strong>et</strong></span> <span class='ocrx_word' id='word_1_284' title='bbox 512 4224 972 4305; x_wconf 87' lang='lat' dir='ltr'><strong>supernaturali</strong></span> <span class='ocrx_word' id='word_1_285' title='bbox 1021 4224 1139 4285; x_wconf 83' lang='lat' dir='ltr'><strong>sibi</strong></span> <span class='ocrx_word' id='word_1_286' title='bbox 1190 4225 1535 4285; x_wconf 82' lang='lat' dir='ltr'><strong>inhaerente</strong></span> <span class='ocrx_word' id='word_1_287' title='bbox 1558 4270 1580 4300; x_wconf 92' lang='lat'><strong>,</strong></span> <span class='ocrx_word' id='word_1_288' title='bbox 1633 4228 1727 4283; x_wconf 89' lang='lat' dir='ltr'><strong>est</strong></span> 
     </span>
     <span class='ocr_line' id='line_1_43' title="bbox 180 4315 1725 4398; baseline 0 -23"><span class='ocrx_word' id='word_1_289' title='bbox 180 4319 349 4379; x_wconf 86' lang='lat' dir='ltr'><strong>etiam</strong></span> <span class='ocrx_word' id='word_1_290' title='bbox 414 4319 726 4398; x_wconf 89' lang='lat' dir='ltr'><strong>objectum</strong></span> <span class='ocrx_word' id='word_1_291' title='bbox 796 4318 1065 4379; x_wconf 87' lang='lat' dir='ltr'><strong>amabile</strong></span> <span class='ocrx_word' id='word_1_292' title='bbox 1128 4316 1583 4396; x_wconf 81' lang='lat' dir='ltr'><strong>supernaturali</strong></span> <span class='ocrx_word' id='word_1_293' title='bbox 1632 4315 1725 4375; x_wconf 88' lang='lat' dir='ltr'><strong>di-</strong></span> 
     </span>
     <span class='ocr_line' id='line_1_44' title="bbox 180 4408 1725 4491; baseline 0.001 -23"><span class='ocrx_word' id='word_1_294' title='bbox 180 4408 441 4489; x_wconf 86' lang='lat' dir='ltr'><strong>lectione,</strong></span> <span class='ocrx_word' id='word_1_295' title='bbox 488 4431 566 4473; x_wconf 88' lang='lat' dir='ltr'><strong>cu</strong></span> <span class='ocrx_word' id='word_1_296' title='bbox 567 4414 670 4491; x_wconf 89' lang='lat' dir='ltr'><strong>jus</strong></span> <span class='ocrx_word' id='word_1_297' title='bbox 708 4411 933 4491; x_wconf 87' lang='lat' dir='ltr'><strong>objecti</strong></span> <span class='ocrx_word' id='word_1_298' title='bbox 966 4411 1247 4491; x_wconf 85' lang='lat' dir='ltr'><strong>proxima</strong></span> <span class='ocrx_word' id='word_1_299' title='bbox 1275 4410 1435 4471; x_wconf 87' lang='lat' dir='ltr'><strong>ratio</strong></span> <span class='ocrx_word' id='word_1_300' title='bbox 1470 4427 1597 4470; x_wconf 91' lang='lat' dir='ltr'><strong>non</strong></span> <span class='ocrx_word' id='word_1_301' title='bbox 1632 4413 1725 4470; x_wconf 83' lang='lat' dir='ltr'><strong>est</strong></span> 
     </span>
     <span class='ocr_line' id='line_1_45' title="bbox 178 4502 1725 4584; baseline 0.001 -22"><span class='ocrx_word' id='word_1_302' title='bbox 178 4502 403 4566; x_wconf 86' lang='lat' dir='ltr'><strong>bonitas</strong></span> <span class='ocrx_word' id='word_1_303' title='bbox 438 4508 549 4567; x_wconf 89' lang='lat' dir='ltr'><strong>Dei</strong></span> <span class='ocrx_word' id='word_1_304' title='bbox 591 4506 886 4580; x_wconf 88' lang='lat' dir='ltr'><strong>increata,</strong></span> <span class='ocrx_word' id='word_1_305' title='bbox 926 4505 1034 4565; x_wconf 89' lang='lat' dir='ltr'><strong>sed</strong></span> <span class='ocrx_word' id='word_1_306' title='bbox 1080 4509 1305 4578; x_wconf 86' lang='lat' dir='ltr'><strong>creata,</strong></span> <span class='ocrx_word' id='word_1_307' title='bbox 1350 4521 1489 4584; x_wconf 83' lang='lat' dir='ltr'><strong>quae</strong></span> <span class='ocrx_word' id='word_1_308' title='bbox 1532 4502 1725 4563; x_wconf 83' lang='lat' dir='ltr'><strong>inhae-</strong></span> 
     </span>
     <span class='ocr_line' id='line_1_46' title="bbox 179 4596 1724 4677; baseline 0.001 -22"><span class='ocrx_word' id='word_1_309' title='bbox 179 4604 263 4656; x_wconf 90' lang='lat' dir='ltr'><strong>ret</strong></span> <span class='ocrx_word' id='word_1_310' title='bbox 297 4601 592 4677; x_wconf 76' lang='lat' dir='ltr'><strong>proximo,</strong></span> <span class='ocrx_word' id='word_1_311' title='bbox 654 4598 952 4661; x_wconf 85' lang='lat' dir='ltr'><strong>Probatur</strong></span> <span class='ocrx_word' id='word_1_312' title='bbox 991 4614 1008 4657; x_wconf 74' lang='grc' dir='ltr'><strong>ε</strong></span> <span class='ocrx_word' id='word_1_313' title='bbox 1052 4616 1200 4659; x_wconf 89' lang='lat' dir='ltr'><strong>nam</strong></span> <span class='ocrx_word' id='word_1_314' title='bbox 1250 4596 1368 4657; x_wconf 88' lang='lat' dir='ltr'><strong>hoc</strong></span> <span class='ocrx_word' id='word_1_315' title='bbox 1414 4596 1724 4675; x_wconf 89' lang='lat' dir='ltr'><strong>objectum</strong></span> 
     </span>
     <span class='ocr_line' id='line_1_47' title="bbox 180 4690 1726 4772; baseline -0.001 -23"><span class='ocrx_word' id='word_1_316' title='bbox 180 4692 399 4753; x_wconf 88' lang='lat' dir='ltr'><strong>ratione</strong></span> <span class='ocrx_word' id='word_1_317' title='bbox 442 4694 631 4772; x_wconf 81' lang='lat' dir='ltr'><strong>huJ’us</strong></span> <span class='ocrx_word' id='word_1_318' title='bbox 668 4691 963 4753; x_wconf 88' lang='lat' dir='ltr'><strong>bonitatis</strong></span> <span class='ocrx_word' id='word_1_319' title='bbox 1008 4698 1101 4751; x_wconf 87' lang='lat' dir='ltr'><strong>est</strong></span> <span class='ocrx_word' id='word_1_320' title='bbox 1142 4690 1406 4751; x_wconf 85' lang='lat' dir='ltr'><strong>amabile</strong></span> <span class='ocrx_word' id='word_1_321' title='bbox 1438 4711 1456 4765; x_wconf 91' lang='lat'>;</span> <span class='ocrx_word' id='word_1_322' title='bbox 1513 4706 1726 4750; x_wconf 88' lang='lat' dir='ltr'><strong>rursus</strong></span> 
     </span>
     <span class='ocr_line' id='line_1_48' title="bbox 181 4782 1724 4866; baseline 0.001 -26"><span class='ocrx_word' id='word_1_323' title='bbox 181 4782 275 4844; x_wconf 88' lang='lat' dir='ltr'><strong>illa</strong></span> <span class='ocrx_word' id='word_1_324' title='bbox 322 4788 605 4866; x_wconf 82' lang='lat' dir='ltr'><strong>proxima</strong></span> <span class='ocrx_word' id='word_1_325' title='bbox 655 4788 813 4847; x_wconf 89' lang='lat' dir='ltr'><strong>ratio</strong></span> <span class='ocrx_word' id='word_1_326' title='bbox 865 4784 1117 4846; x_wconf 90' lang='lat' dir='ltr'><strong>amandi</strong></span> <span class='ocrx_word' id='word_1_327' title='bbox 1159 4788 1248 4844; x_wconf 86' lang='lat' dir='ltr'><strong>est</strong></span> <span class='ocrx_word' id='word_1_328' title='bbox 1293 4788 1724 4862; x_wconf 84' lang='lat' dir='ltr'><strong>supernatura-</strong></span> 
     </span>
     <span class='ocr_line' id='line_1_49' title="bbox 181 4876 1727 4960; baseline 0.001 -25"><span class='ocrx_word' id='word_1_329' title='bbox 181 4876 279 4956; x_wconf 88' lang='lat' dir='ltr'><strong>lis;</strong></span> <span class='ocrx_word' id='word_1_330' title='bbox 321 4899 467 4960; x_wconf 89' lang='lat' dir='ltr'><strong>ergo</strong></span> <span class='ocrx_word' id='word_1_331' title='bbox 499 4899 675 4943; x_wconf 87' lang='lat' dir='ltr'><strong>amor</strong></span> <span class='ocrx_word' id='word_1_332' title='bbox 696 4881 817 4955; x_wconf 17' lang='lat' dir='ltr'><strong>‘ille</strong></span> <span class='ocrx_word' id='word_1_333' title='bbox 862 4879 1357 4959; x_wconf 74' lang='lat' dir='ltr'><strong>proportionatae</strong></span> <span class='ocrx_word' id='word_1_334' title='bbox 1397 4884 1489 4938; x_wconf 88' lang='lat' dir='ltr'><strong>est</strong></span> <span class='ocrx_word' id='word_1_335' title='bbox 1536 4878 1727 4938; x_wconf 87' lang='lat' dir='ltr'><strong>etiam</strong></span> 
     </span>
     <span class='ocr_line' id='line_1_50' title="bbox 183 4971 1727 5051; baseline -0.001 -21"><span class='ocrx_word' id='word_1_336' title='bbox 183 4975 671 5051; x_wconf 83' lang='lat' dir='ltr'><strong>supernaturalis,</strong></span> <span class='ocrx_word' id='word_1_337' title='bbox 698 4974 999 5049; x_wconf 85' lang='lat' dir='ltr'><strong>Secund0,</strong></span> <span class='ocrx_word' id='word_1_338' title='bbox 1028 4973 1363 5051; x_wconf 76' lang='lat' dir='ltr'><strong>proximuS,</strong></span> <span class='ocrx_word' id='word_1_339' title='bbox 1390 4971 1727 5033; x_wconf 84' lang='lat' dir='ltr'><strong>secundum</strong></span> 
     </span>
     <span class='ocr_line' id='line_1_51' title="bbox 182 5064 1729 5145; baseline 0 -22"><span class='ocrx_word' id='word_1_340' title='bbox 182 5072 401 5129; x_wconf 84' lang='lat' dir='ltr'><strong>naturae</strong></span> <span class='ocrx_word' id='word_1_341' title='bbox 428 5070 708 5131; x_wconf 87' lang='lat' dir='ltr'><strong>ordinem</strong></span> <span class='ocrx_word' id='word_1_342' title='bbox 726 5114 747 5145; x_wconf 91' lang='lat'><strong>,</strong></span> <span class='ocrx_word' id='word_1_343' title='bbox 794 5074 887 5129; x_wconf 89' lang='grc' dir='ltr'><strong>εει</strong></span> <span class='ocrx_word' id='word_1_344' title='bbox 911 5067 1195 5129; x_wconf 88' lang='lat' dir='ltr'><strong>amabilis</strong></span> <span class='ocrx_word' id='word_1_345' title='bbox 1222 5082 1350 5125; x_wconf 91' lang='lat' dir='ltr'><strong>non</strong></span> <span class='ocrx_word' id='word_1_346' title='bbox 1376 5064 1579 5124; x_wconf 87' lang='lat' dir='ltr'><strong>solum</strong></span> <span class='ocrx_word' id='word_1_347' title='bbox 1612 5064 1729 5124; x_wconf 90' lang='lat' dir='ltr'><strong>im·</strong></span> 
     </span>
     <span class='ocr_line' id='line_1_52' title="bbox 183 5156 1729 5242; baseline 0 -26"><span class='ocrx_word' id='word_1_348' title='bbox 183 5160 428 5223; x_wconf 84' lang='lat' dir='ltr'><strong>mediate</strong></span> <span class='ocrx_word' id='word_1_349' title='bbox 466 5170 715 5242; x_wconf 89' lang='lat' dir='ltr'><strong>propter</strong></span> <span class='ocrx_word' id='word_1_350' title='bbox 744 5162 936 5222; x_wconf 90' lang='lat' dir='ltr'><strong>Deum</strong></span> <span class='ocrx_word' id='word_1_351' title='bbox 960 5209 976 5235; x_wconf 93' lang='lat'><strong>,</strong></span> <span class='ocrx_word' id='word_1_352' title='bbox 1022 5160 1128 5222; x_wconf 86' lang='lat' dir='ltr'><strong>sed</strong></span> <span class='ocrx_word' id='word_1_353' title='bbox 1156 5160 1343 5219; x_wconf 90' lang='lat' dir='ltr'><strong>etiam</strong></span> <span class='ocrx_word' id='word_1_354' title='bbox 1374 5156 1729 5217; x_wconf 82' lang='lat' dir='ltr'><strong>immediate</strong></span> 
     </span>
     <span class='ocr_line' id='line_1_53' title="bbox 184 5254 1730 5332; baseline 0 -21"><span class='ocrx_word' id='word_1_355' title='bbox 184 5261 417 5332; x_wconf 85' lang='lat' dir='ltr'><strong>propter</strong></span> <span class='ocrx_word' id='word_1_356' title='bbox 449 5263 707 5317; x_wconf 75' lang='lat' dir='ltr'><strong>virtutes</strong></span> <span class='ocrx_word' id='word_1_357' title='bbox 742 5256 1006 5317; x_wconf 83' lang='lat' dir='ltr'><strong>morales</strong></span> <span class='ocrx_word' id='word_1_358' title='bbox 1032 5254 1421 5327; x_wconf 88' lang='lat' dir='ltr'><strong>intrinsecas,</strong></span> <span class='ocrx_word' id='word_1_359' title='bbox 1457 5257 1565 5311; x_wconf 88' lang='lat' dir='ltr'><strong>aut</strong></span> <span class='ocrx_word' id='word_1_360' title='bbox 1597 5268 1730 5331; x_wconf 89' lang='lat' dir='ltr'><strong>pro-</strong></span> 
     </span>
     <span class='ocr_line' id='line_1_54' title="bbox 185 5345 1731 5431; baseline 0 -27"><span class='ocrx_word' id='word_1_361' title='bbox 185 5352 307 5423; x_wconf 86' lang='lat' dir='ltr'><strong>pter</strong></span> <span class='ocrx_word' id='word_1_362' title='bbox 334 5351 513 5411; x_wconf 89' lang='lat' dir='ltr'><strong>aliam</strong></span> <span class='ocrx_word' id='word_1_363' title='bbox 557 5351 995 5431; x_wconf 79' lang='lat' dir='ltr'><strong>perfectionem</strong></span> <span class='ocrx_word' id='word_1_364' title='bbox 1029 5349 1378 5411; x_wconf 85' lang='lat' dir='ltr'><strong>naturalem</strong></span> <span class='ocrx_word' id='word_1_365' title='bbox 1416 5346 1508 5406; x_wconf 90' lang='lat' dir='ltr'><strong>illi</strong></span> <span class='ocrx_word' id='word_1_366' title='bbox 1536 5345 1731 5405; x_wconf 72' lang='lat' dir='ltr'><strong>inhae-</strong></span> 
     </span>
     <span class='ocr_line' id='line_1_55' title="bbox 185 5441 1731 5525; baseline 0.002 -26"><span class='ocrx_word' id='word_1_367' title='bbox 185 5450 402 5505; x_wconf 88' lang='lat' dir='ltr'><strong>rentem</strong></span> <span class='ocrx_word' id='word_1_368' title='bbox 424 5464 443 5524; x_wconf 86' lang='lat'>3</span> <span class='ocrx_word' id='word_1_369' title='bbox 482 5465 635 5525; x_wconf 86' lang='lat' dir='ltr'><strong>ergo</strong></span> <span class='ocrx_word' id='word_1_370' title='bbox 660 5447 849 5507; x_wconf 88' lang='lat' dir='ltr'><strong>simili</strong></span> <span class='ocrx_word' id='word_1_371' title='bbox 892 5446 1078 5508; x_wconf 90' lang='lat' dir='ltr'><strong>modo</strong></span> <span class='ocrx_word' id='word_1_372' title='bbox 1106 5451 1197 5508; x_wconf 87' lang='lat' dir='ltr'><strong>est</strong></span> <span class='ocrx_word' id='word_1_373' title='bbox 1226 5441 1509 5506; x_wconf 88' lang='lat' dir='ltr'><strong>amabilis</strong></span> <span class='ocrx_word' id='word_1_374' title='bbox 1536 5442 1604 5503; x_wconf 89' lang='lat' dir='ltr'><strong>in</strong></span> <span class='ocrx_word' id='word_1_375' title='bbox 1632 5460 1731 5503; x_wconf 91' lang='lat' dir='ltr'><strong>or-</strong></span> 
     </span>
     <span class='ocr_line' id='line_1_56' title="bbox 188 5532 578 5618; baseline 0.028 -27"><span class='ocrx_word' id='word_1_376' title='bbox 188 5532 314 5597; x_wconf 85' lang='lat' dir='ltr'><strong>dine</strong></span> <span class='ocrx_word' id='word_1_377' title='bbox 345 5542 578 5618; x_wconf 85' lang='lat' dir='ltr'><strong>gratiae.</strong></span> 
     </span>
    </p>
   </div>
   <div class='ocr_carea' id='block_1_3' title="bbox 3243 376 3365 440">
    <p class='ocr_par' dir='ltr' id='par_1_5' title="bbox 3243 376 3365 440">
     <span class='ocr_line' id='line_1_57' title="bbox 3243 376 3365 440; baseline 0.025 -3"><span class='ocrx_word' id='word_1_378' title='bbox 3243 376 3365 440; x_wconf 80' lang='lat'><strong>639</strong></span> 
     </span>
    </p>
   </div>
   <div class='ocr_carea' id='block_1_4' title="bbox 1792 484 3418 4683">
    <p class='ocr_par' dir='ltr' id='par_1_6' title="bbox 1798 484 3367 1483">
     <span class='ocr_line' id='line_1_58' title="bbox 1880 484 3366 563; baseline 0.001 -18"><span class='ocrx_word' id='word_1_379' title='bbox 1880 487 1939 545; x_wconf 77' lang='grc'><strong>4.</strong></span> <span class='ocrx_word' id='word_1_380' title='bbox 1988 485 2196 547; x_wconf 72' lang='lat' dir='ltr'><strong>Tertia</strong></span> <span class='ocrx_word' id='word_1_381' title='bbox 2227 484 2776 548; x_wconf 57' lang='lat' dir='ltr'><strong>conclusio—Dico</strong></span> <span class='ocrx_word' id='word_1_382' title='bbox 2801 484 3020 546; x_wconf 83' lang='lat' dir='ltr'><strong>tertio:</strong></span> <span class='ocrx_word' id='word_1_383' title='bbox 3049 486 3366 563; x_wconf 85' lang='lat' dir='ltr'><strong>proximus</strong></span> 
     </span>
     <span class='ocr_line' id='line_1_59' title="bbox 1800 577 3366 640; baseline 0 0"><span class='ocrx_word' id='word_1_384' title='bbox 1800 578 1988 640; x_wconf 87' lang='lat' dir='ltr'><strong>etiam</strong></span> <span class='ocrx_word' id='word_1_385' title='bbox 2051 580 2292 639; x_wconf 85' lang='lat' dir='ltr'><strong>ratione</strong></span> <span class='ocrx_word' id='word_1_386' title='bbox 2337 578 2632 638; x_wconf 88' lang='lat' dir='ltr'><strong>bonitatis</strong></span> <span class='ocrx_word' id='word_1_387' title='bbox 2681 577 2980 638; x_wconf 88' lang='lat' dir='ltr'><strong>naturalis</strong></span> <span class='ocrx_word' id='word_1_388' title='bbox 3033 578 3090 637; x_wconf 79' lang='lat' dir='ltr'><strong>ei</strong></span> <span class='ocrx_word' id='word_1_389' title='bbox 3143 578 3366 640; x_wconf 82' lang='lat' dir='ltr'><strong>intrin-</strong></span> 
     </span>
     <span class='ocr_line' id='line_1_60' title="bbox 1798 671 3367 751; baseline 0 -19"><span class='ocrx_word' id='word_1_390' title='bbox 1798 690 1972 748; x_wconf 82' lang='lat' dir='ltr'><strong>secae,</strong></span> <span class='ocrx_word' id='word_1_391' title='bbox 2017 673 2200 732; x_wconf 91' lang='lat' dir='ltr'><strong>modo</strong></span> <span class='ocrx_word' id='word_1_392' title='bbox 2231 673 2543 751; x_wconf 90' lang='lat' dir='ltr'><strong>reguletur</strong></span> <span class='ocrx_word' id='word_1_393' title='bbox 2573 691 2681 751; x_wconf 83' lang='lat' dir='ltr'><strong>per</strong></span> <span class='ocrx_word' id='word_1_394' title='bbox 2712 671 3242 750; x_wconf 80' lang='lat' dir='ltr'><strong>supernaturalem</strong></span> <span class='ocrx_word' id='word_1_395' title='bbox 3271 690 3367 732; x_wconf 90' lang='lat' dir='ltr'><strong>re-</strong></span> 
     </span>
     <span class='ocr_line' id='line_1_61' title="bbox 1800 764 3365 845; baseline 0 -19"><span class='ocrx_word' id='word_1_396' title='bbox 1800 766 2037 844; x_wconf 90' lang='lat' dir='ltr'><strong>gulam,</strong></span> <span class='ocrx_word' id='word_1_397' title='bbox 2072 774 2164 827; x_wconf 88' lang='lat' dir='ltr'><strong>est</strong></span> <span class='ocrx_word' id='word_1_398' title='bbox 2188 767 2374 827; x_wconf 87' lang='lat' dir='ltr'><strong>etiam</strong></span> <span class='ocrx_word' id='word_1_399' title='bbox 2401 766 2714 845; x_wconf 86' lang='lat' dir='ltr'><strong>objectum</strong></span> <span class='ocrx_word' id='word_1_400' title='bbox 2745 764 3008 825; x_wconf 83' lang='lat' dir='ltr'><strong>amabile</strong></span> <span class='ocrx_word' id='word_1_401' title='bbox 3030 783 3242 826; x_wconf 88' lang='lat' dir='ltr'><strong>amore</strong></span> <span class='ocrx_word' id='word_1_402' title='bbox 3269 785 3365 826; x_wconf 89' lang='lat' dir='ltr'><strong>su-</strong></span> 
     </span>
     <span class='ocr_line' id='line_1_62' title="bbox 1798 859 3365 939; baseline 0.002 -20"><span class='ocrx_word' id='word_1_403' title='bbox 1798 859 2211 939; x_wconf 78' lang='lat' dir='ltr'><strong>pernaturali.</strong></span> <span class='ocrx_word' id='word_1_404' title='bbox 2259 860 2560 921; x_wconf 88' lang='lat' dir='ltr'><strong>Probatur</strong></span> <span class='ocrx_word' id='word_1_405' title='bbox 2589 880 2665 920; x_wconf 87' lang='lat' dir='ltr'><strong>ex</strong></span> <span class='ocrx_word' id='word_1_406' title='bbox 2693 860 2869 921; x_wconf 88' lang='lat' dir='ltr'><strong>dictis</strong></span> <span class='ocrx_word' id='word_1_407' title='bbox 2894 860 2960 919; x_wconf 91' lang='lat' dir='ltr'><strong>in</strong></span> <span class='ocrx_word' id='word_1_408' title='bbox 2987 860 3110 920; x_wconf 87' lang='lat' dir='ltr'><strong>fine</strong></span> <span class='ocrx_word' id='word_1_409' title='bbox 3139 880 3365 939; x_wconf 85' lang='lat' dir='ltr'><strong>praece-</strong></span> 
     </span>
     <span class='ocr_line' id='line_1_63' title="bbox 1802 954 3367 1034; baseline 0.001 -21"><span class='ocrx_word' id='word_1_410' title='bbox 1802 954 2004 1013; x_wconf 89' lang='lat' dir='ltr'><strong>dentis</strong></span> <span class='ocrx_word' id='word_1_411' title='bbox 2041 955 2348 1015; x_wconf 79' lang='lat' dir='ltr'><strong>sectionis,</strong></span> <span class='ocrx_word' id='word_1_412' title='bbox 2385 956 2530 1015; x_wconf 86' lang='lat' dir='ltr'><strong>Item</strong></span> <span class='ocrx_word' id='word_1_413' title='bbox 2559 960 2995 1031; x_wconf 83' lang='lat' dir='ltr'><strong>argumentum</strong></span> <span class='ocrx_word' id='word_1_414' title='bbox 3029 958 3367 1034; x_wconf 86' lang='lat' dir='ltr'><strong>proportio-</strong></span> 
     </span>
     <span class='ocr_line' id='line_1_64' title="bbox 1800 1047 3365 1127; baseline 0.001 -20"><span class='ocrx_word' id='word_1_415' title='bbox 1800 1047 1939 1109; x_wconf 87' lang='lat' dir='ltr'><strong>nale</strong></span> <span class='ocrx_word' id='word_1_416' title='bbox 1976 1055 2294 1127; x_wconf 86' lang='lat' dir='ltr'><strong>sumptum</strong></span> <span class='ocrx_word' id='word_1_417' title='bbox 2334 1066 2409 1107; x_wconf 82' lang='lat' dir='ltr'><strong>ex</strong></span> <span class='ocrx_word' id='word_1_418' title='bbox 2445 1047 2778 1107; x_wconf 88' lang='lat' dir='ltr'><strong>virtutibus</strong></span> <span class='ocrx_word' id='word_1_419' title='bbox 2807 1047 3025 1107; x_wconf 81' lang='lat' dir='ltr'><strong>infusis</strong></span> <span class='ocrx_word' id='word_1_420' title='bbox 3051 1048 3150 1109; x_wconf 88' lang='lat' dir='ltr'><strong>hic</strong></span> <span class='ocrx_word' id='word_1_421' title='bbox 3177 1050 3365 1109; x_wconf 89' lang='lat' dir='ltr'><strong>etiam</strong></span> 
     </span>
     <span class='ocr_line' id='line_1_65' title="bbox 1800 1142 3367 1221; baseline 0.001 -20"><span class='ocrx_word' id='word_1_422' title='bbox 1800 1142 2097 1221; x_wconf 83' lang='lat' dir='ltr'><strong>procedit,</strong></span> <span class='ocrx_word' id='word_1_423' title='bbox 2147 1147 2208 1202; x_wconf 86' lang='lat' dir='ltr'><strong>et</strong></span> <span class='ocrx_word' id='word_1_424' title='bbox 2254 1142 2411 1201; x_wconf 86' lang='lat' dir='ltr'><strong>ratio</strong></span> <span class='ocrx_word' id='word_1_425' title='bbox 2459 1143 2807 1203; x_wconf 86' lang='lat' dir='ltr'><strong>communis</strong></span> <span class='ocrx_word' id='word_1_426' title='bbox 2847 1147 2960 1214; x_wconf 85' lang='lat' dir='ltr'><strong>est,</strong></span> <span class='ocrx_word' id='word_1_427' title='bbox 3009 1142 3174 1219; x_wconf 89' lang='lat' dir='ltr'><strong>quia,</strong></span> <span class='ocrx_word' id='word_1_428' title='bbox 3226 1142 3367 1203; x_wconf 88' lang='lat' dir='ltr'><strong>licct</strong></span> 
     </span>
     <span class='ocr_line' id='line_1_66' title="bbox 1800 1235 3366 1314; baseline 0.002 -20"><span class='ocrx_word' id='word_1_429' title='bbox 1800 1252 1895 1294; x_wconf 92' lang='lat' dir='ltr'><strong>res</strong></span> <span class='ocrx_word' id='word_1_430' title='bbox 1920 1254 2058 1314; x_wconf 80' lang='lat' dir='ltr'><strong>quae</strong></span> <span class='ocrx_word' id='word_1_431' title='bbox 2085 1235 2365 1312; x_wconf 85' lang='lat' dir='ltr'><strong>diligitur</strong></span> <span class='ocrx_word' id='word_1_432' title='bbox 2393 1235 2689 1294; x_wconf 79' lang='lat' dir='ltr'><strong>naturalis</strong></span> <span class='ocrx_word' id='word_1_433' title='bbox 2719 1236 2818 1308; x_wconf 87' lang='lat' dir='ltr'><strong>sit,</strong></span> <span class='ocrx_word' id='word_1_434' title='bbox 2851 1238 3061 1294; x_wconf 89' lang='lat' dir='ltr'><strong>tamen</strong></span> <span class='ocrx_word' id='word_1_435' title='bbox 3086 1235 3366 1313; x_wconf 81' lang='lat' dir='ltr'><strong>diligitur</strong></span> 
     </span>
     <span class='ocr_line' id='line_1_67' title="bbox 1801 1328 3365 1409; baseline 0.003 -22"><span class='ocrx_word' id='word_1_436' title='bbox 1801 1328 1916 1387; x_wconf 88' lang='lat' dir='ltr'><strong>sub</strong></span> <span class='ocrx_word' id='word_1_437' title='bbox 1948 1329 2183 1389; x_wconf 84' lang='lat' dir='ltr'><strong>motivo</strong></span> <span class='ocrx_word' id='word_1_438' title='bbox 2217 1335 2276 1389; x_wconf 89' lang='lat' dir='ltr'><strong>et</strong></span> <span class='ocrx_word' id='word_1_439' title='bbox 2307 1329 2628 1389; x_wconf 87' lang='lat' dir='ltr'><strong>honestate</strong></span> <span class='ocrx_word' id='word_1_440' title='bbox 2661 1328 3137 1407; x_wconf 85' lang='lat' dir='ltr'><strong>supernaturali,</strong></span> <span class='ocrx_word' id='word_1_441' title='bbox 3177 1348 3214 1389; x_wconf 89' lang='lat' dir='ltr'><strong>a</strong></span> <span class='ocrx_word' id='word_1_442' title='bbox 3241 1348 3365 1409; x_wconf 85' lang='lat' dir='ltr'><strong>quo</strong></span> 
     </span>
     <span class='ocr_line' id='line_1_68' title="bbox 1802 1423 3004 1483; baseline -0.001 0"><span class='ocrx_word' id='word_1_443' title='bbox 1802 1423 2036 1483; x_wconf 75' lang='lat' dir='ltr'><strong>mot1vo</strong></span> <span class='ocrx_word' id='word_1_444' title='bbox 2065 1424 2255 1483; x_wconf 87' lang='lat' dir='ltr'><strong>sumit</strong></span> <span class='ocrx_word' id='word_1_445' title='bbox 2283 1432 2451 1483; x_wconf 86' lang='lat' dir='ltr'><strong>actus</strong></span> <span class='ocrx_word' id='word_1_446' title='bbox 2485 1440 2660 1482; x_wconf 88' lang='lat' dir='ltr'><strong>suam</strong></span> <span class='ocrx_word' id='word_1_447' title='bbox 2692 1429 3004 1483; x_wconf 88' lang='lat' dir='ltr'><strong>naturam.</strong></span> 
     </span>
    </p>

    <p class='ocr_par' dir='ltr' id='par_1_7' title="bbox 1792 1515 3418 4683">
     <span class='ocr_line' id='line_1_69' title="bbox 1886 1515 3366 1599; baseline 0.001 -19"><span class='ocrx_word' id='word_1_448' title='bbox 1886 1520 1945 1580; x_wconf 80' lang='lat'><strong>5.</strong></span> <span class='ocrx_word' id='word_1_449' title='bbox 1995 1515 2258 1597; x_wconf 77' lang='lat' dir='ltr'><strong>objectio</strong></span> <span class='ocrx_word' id='word_1_450' title='bbox 2277 1517 2509 1598; x_wconf 79' lang='lat' dir='ltr'><strong>prima.</strong></span> <span class='ocrx_word' id='word_1_451' title='bbox 2527 1550 2607 1561; x_wconf 97' lang='lat'><strong>—</strong></span> <span class='ocrx_word' id='word_1_452' title='bbox 2629 1516 3015 1580; x_wconf 70' lang='lat' dir='ltr'><strong>Secunda.-</strong></span> <span class='ocrx_word' id='word_1_453' title='bbox 3033 1518 3366 1599; x_wconf 73' lang='lat' dir='ltr'><strong>Responsio</strong></span> 
     </span>
     <span class='ocr_line' id='line_1_70' title="bbox 1792 1610 3366 1694; baseline -0.001 -21"><span class='ocrx_word' id='word_1_454' title='bbox 1792 1610 2151 1694; x_wconf 73' lang='lat' dir='ltr'><strong>proba&#39;ilis.</strong></span> <span class='ocrx_word' id='word_1_455' title='bbox 2181 1642 2263 1656; x_wconf 91' lang='lat'><em>-</em></span> <span class='ocrx_word' id='word_1_456' title='bbox 2296 1611 2465 1671; x_wconf 88' lang='lat' dir='ltr'><strong>Dices</strong></span> <span class='ocrx_word' id='word_1_457' title='bbox 2493 1632 2507 1670; x_wconf 90' lang='lat'>:</span> <span class='ocrx_word' id='word_1_458' title='bbox 2541 1611 2816 1688; x_wconf 84' lang='lat' dir='ltr'><strong>sequitur</strong></span> <span class='ocrx_word' id='word_1_459' title='bbox 2843 1628 2990 1689; x_wconf 87' lang='lat' dir='ltr'><strong>ergo</strong></span> <span class='ocrx_word' id='word_1_460' title='bbox 3020 1612 3366 1690; x_wconf 76' lang='lat' dir='ltr'><strong>proximam</strong></span> 
     </span>
     <span class='ocr_line' id='line_1_71' title="bbox 1804 1703 3366 1779; baseline -0.003 -12"><span class='ocrx_word' id='word_1_461' title='bbox 1804 1707 2106 1767; x_wconf 89' lang='lat' dir='ltr'><strong>rationem</strong></span> <span class='ocrx_word' id='word_1_462' title='bbox 2133 1704 2385 1765; x_wconf 87' lang='lat' dir='ltr'><strong>amandi</strong></span> <span class='ocrx_word' id='word_1_463' title='bbox 2415 1705 2478 1763; x_wconf 91' lang='lat' dir='ltr'><strong>in</strong></span> <span class='ocrx_word' id='word_1_464' title='bbox 2507 1703 2807 1764; x_wconf 77' lang='lat' dir='ltr'><strong>charitate</strong></span> <span class='ocrx_word' id='word_1_465' title='bbox 2825 1750 2844 1779; x_wconf 94' lang='lat'><strong>,</strong></span> <span class='ocrx_word' id='word_1_466' title='bbox 2880 1722 3002 1764; x_wconf 84' lang='lat' dir='ltr'><strong>non</strong></span> <span class='ocrx_word' id='word_1_467' title='bbox 3025 1721 3152 1763; x_wconf 86' lang='lat' dir='ltr'><strong>esse</strong></span> <span class='ocrx_word' id='word_1_468' title='bbox 3173 1704 3366 1763; x_wconf 90' lang='lat' dir='ltr'><strong>solam</strong></span> 
     </span>
     <span class='ocr_line' id='line_1_72' title="bbox 1803 1798 3365 1875; baseline -0.002 -16"><span class='ocrx_word' id='word_1_469' title='bbox 1803 1799 2144 1859; x_wconf 87' lang='lat' dir='ltr'><strong>bonitatem</strong></span> <span class='ocrx_word' id='word_1_470' title='bbox 2178 1800 2281 1859; x_wconf 86' lang='lat' dir='ltr'><strong>Dei</strong></span> <span class='ocrx_word' id='word_1_471' title='bbox 2317 1798 2652 1857; x_wconf 87' lang='lat' dir='ltr'><strong>increatam</strong></span> <span class='ocrx_word' id='word_1_472' title='bbox 2681 1812 2701 1874; x_wconf 83' lang='lat'>3</span> <span class='ocrx_word' id='word_1_473' title='bbox 2745 1814 3121 1875; x_wconf 82' lang='lat' dir='ltr'><strong>consequens</strong></span> <span class='ocrx_word' id='word_1_474' title='bbox 3157 1803 3365 1857; x_wconf 88' lang='lat' dir='ltr'><strong>autem</strong></span> 
     </span>
     <span class='ocr_line' id='line_1_73' title="bbox 1800 1890 3368 1972; baseline -0.001 -19"><span class='ocrx_word' id='word_1_475' title='bbox 1800 1892 2028 1953; x_wconf 88' lang='lat' dir='ltr'><strong>falsum</strong></span> <span class='ocrx_word' id='word_1_476' title='bbox 2069 1903 2162 1953; x_wconf 88' lang='lat' dir='ltr'><strong>est</strong></span> <span class='ocrx_word' id='word_1_477' title='bbox 2184 1908 2203 1970; x_wconf 92' lang='lat'>;</span> <span class='ocrx_word' id='word_1_478' title='bbox 2249 1892 2452 1972; x_wconf 89' lang='lat' dir='ltr'><strong>primo</strong></span> <span class='ocrx_word' id='word_1_479' title='bbox 2482 1938 2499 1965; x_wconf 93' lang='lat'><strong>,</strong></span> <span class='ocrx_word' id='word_1_480' title='bbox 2543 1890 2689 1969; x_wconf 86' lang='lat' dir='ltr'><strong>quia</strong></span> <span class='ocrx_word' id='word_1_481' title='bbox 2727 1892 2802 1951; x_wconf 90' lang='lat' dir='ltr'><strong>de</strong></span> <span class='ocrx_word' id='word_1_482' title='bbox 2841 1894 3080 1951; x_wconf 84' lang='lat' dir='ltr'><strong>ratione</strong></span> <span class='ocrx_word' id='word_1_483' title='bbox 3121 1892 3368 1951; x_wconf 86' lang='lat' dir='ltr'><strong>virtutis</strong></span> 
     </span>
     <span class='ocr_line' id='line_1_74' title="bbox 1802 1983 3366 2065; baseline -0.003 -18"><span class='ocrx_word' id='word_1_484' title='bbox 1802 1986 2192 2065; x_wconf 83' lang='lat' dir='ltr'><strong>Theologicae</strong></span> <span class='ocrx_word' id='word_1_485' title='bbox 2229 1992 2339 2059; x_wconf 87' lang='lat' dir='ltr'><strong>est,</strong></span> <span class='ocrx_word' id='word_1_486' title='bbox 2381 1991 2453 2045; x_wconf 90' lang='lat' dir='ltr'><strong>ut</strong></span> <span class='ocrx_word' id='word_1_487' title='bbox 2485 1985 2878 2063; x_wconf 83' lang='lat' dir='ltr'><strong>adaequatum</strong></span> <span class='ocrx_word' id='word_1_488' title='bbox 2907 1984 3214 2061; x_wconf 88' lang='lat' dir='ltr'><strong>objectum</strong></span> <span class='ocrx_word' id='word_1_489' title='bbox 3243 1983 3366 2044; x_wconf 79' lang='lat' dir='ltr'><strong>ior·</strong></span> 
     </span>
     <span class='ocr_line' id='line_1_75' title="bbox 1802 2077 3365 2160; baseline -0.003 -19"><span class='ocrx_word' id='word_1_490' title='bbox 1802 2081 1967 2142; x_wconf 88' lang='lat' dir='ltr'><strong>male</strong></span> <span class='ocrx_word' id='word_1_491' title='bbox 1996 2079 2126 2160; x_wconf 88' lang='lat' dir='ltr'><strong>ejus</strong></span> <span class='ocrx_word' id='word_1_492' title='bbox 2151 2080 2231 2140; x_wconf 89' lang='lat' dir='ltr'><strong>sit</strong></span> <span class='ocrx_word' id='word_1_493' title='bbox 2257 2080 2624 2139; x_wconf 88' lang='lat' dir='ltr'><strong>increatum.</strong></span> <span class='ocrx_word' id='word_1_494' title='bbox 2671 2078 2842 2138; x_wconf 90' lang='lat' dir='ltr'><strong>Unde</strong></span> <span class='ocrx_word' id='word_1_495' title='bbox 2871 2080 2935 2137; x_wconf 87' lang='lat' dir='ltr'><strong>in</strong></span> <span class='ocrx_word' id='word_1_496' title='bbox 2963 2077 3098 2137; x_wconf 89' lang='lat' dir='ltr'><strong>aliis</strong></span> <span class='ocrx_word' id='word_1_497' title='bbox 3127 2077 3365 2137; x_wconf 88' lang='lat' dir='ltr'><strong>duabus</strong></span> 
     </span>
     <span class='ocr_line' id='line_1_76' title="bbox 1800 2169 3366 2253; baseline -0.001 -20"><span class='ocrx_word' id='word_1_498' title='bbox 1800 2174 2157 2249; x_wconf 78' lang='lat' dir='ltr'><strong>virtutibuS,</strong></span> <span class='ocrx_word' id='word_1_499' title='bbox 2190 2190 2328 2252; x_wconf 85' lang='lat' dir='ltr'><strong>qnae</strong></span> <span class='ocrx_word' id='word_1_500' title='bbox 2360 2173 2560 2231; x_wconf 86' lang='lat' dir='ltr'><strong>minus</strong></span> <span class='ocrx_word' id='word_1_501' title='bbox 2587 2169 2867 2253; x_wconf 86' lang='lat' dir='ltr'><strong>perfectae</strong></span> <span class='ocrx_word' id='word_1_502' title='bbox 2893 2179 3061 2246; x_wconf 87' lang='lat' dir='ltr'><strong>sunt,</strong></span> <span class='ocrx_word' id='word_1_503' title='bbox 3088 2171 3176 2231; x_wconf 88' lang='lat' dir='ltr'><strong>ita</strong></span> <span class='ocrx_word' id='word_1_504' title='bbox 3194 2188 3366 2249; x_wconf 86' lang='lat' dir='ltr'><strong>repe-</strong></span> 
     </span>
     <span class='ocr_line' id='line_1_77' title="bbox 1799 2264 3367 2344; baseline -0.003 -17"><span class='ocrx_word' id='word_1_505' title='bbox 1799 2268 1980 2328; x_wconf 89' lang='lat' dir='ltr'><strong>ritur.</strong></span> <span class='ocrx_word' id='word_1_506' title='bbox 2033 2266 2336 2335; x_wconf 84' lang='lat' dir='ltr'><strong>Secunde,</strong></span> <span class='ocrx_word' id='word_1_507' title='bbox 2367 2266 2514 2344; x_wconf 89' lang='lat' dir='ltr'><strong>quia</strong></span> <span class='ocrx_word' id='word_1_508' title='bbox 2548 2265 2727 2324; x_wconf 90' lang='lat' dir='ltr'><strong>unius</strong></span> <span class='ocrx_word' id='word_1_509' title='bbox 2758 2264 3005 2324; x_wconf 82' lang='lat' dir='ltr'><strong>virtutis</strong></span> <span class='ocrx_word' id='word_1_510' title='bbox 3031 2282 3156 2323; x_wconf 88' lang='lat' dir='ltr'><strong>una</strong></span> <span class='ocrx_word' id='word_1_511' title='bbox 3185 2264 3367 2324; x_wconf 87' lang='lat' dir='ltr'><strong>debet</strong></span> 
     </span>
     <span class='ocr_line' id='line_1_78' title="bbox 1805 2357 3366 2437; baseline -0.003 -16"><span class='ocrx_word' id='word_1_512' title='bbox 1805 2378 1935 2421; x_wconf 91' lang='lat' dir='ltr'><strong>esse</strong></span> <span class='ocrx_word' id='word_1_513' title='bbox 1986 2359 2143 2420; x_wconf 88' lang='lat' dir='ltr'><strong>ratio</strong></span> <span class='ocrx_word' id='word_1_514' title='bbox 2197 2359 2472 2420; x_wconf 86' lang='lat' dir='ltr'><strong>formalis</strong></span> <span class='ocrx_word' id='word_1_515' title='bbox 2527 2357 2851 2437; x_wconf 75' lang='lat' dir='ltr'><strong>adaequata</strong></span> <span class='ocrx_word' id='word_1_516' title='bbox 2881 2373 2902 2434; x_wconf 86' lang='lat'><em>3</em></span> <span class='ocrx_word' id='word_1_517' title='bbox 2960 2357 3064 2418; x_wconf 87' lang='lat' dir='ltr'><strong>sed</strong></span> <span class='ocrx_word' id='word_1_518' title='bbox 3125 2357 3366 2416; x_wconf 89' lang='lat' dir='ltr'><strong>bonitas</strong></span> 
     </span>
     <span class='ocr_line' id='line_1_79' title="bbox 1806 2450 3368 2531; baseline -0.001 -20"><span class='ocrx_word' id='word_1_519' title='bbox 1806 2458 2010 2511; x_wconf 86' lang='lat' dir='ltr'><strong>creata</strong></span> <span class='ocrx_word' id='word_1_520' title='bbox 2047 2458 2110 2513; x_wconf 89' lang='lat' dir='ltr'><strong>et</strong></span> <span class='ocrx_word' id='word_1_521' title='bbox 2140 2452 2436 2527; x_wconf 85' lang='lat' dir='ltr'><strong>increata,</strong></span> <span class='ocrx_word' id='word_1_522' title='bbox 2469 2470 2610 2512; x_wconf 90' lang='lat' dir='ltr'><strong>cum</strong></span> <span class='ocrx_word' id='word_1_523' title='bbox 2640 2451 2967 2531; x_wconf 87' lang='lat' dir='ltr'><strong>plusquam</strong></span> <span class='ocrx_word' id='word_1_524' title='bbox 2996 2466 3220 2527; x_wconf 86' lang='lat' dir='ltr'><strong>genere</strong></span> <span class='ocrx_word' id='word_1_525' title='bbox 3250 2450 3368 2510; x_wconf 87' lang='lat' dir='ltr'><strong>dif-</strong></span> 
     </span>
     <span class='ocr_line' id='line_1_80' title="bbox 1803 2544 3368 2626; baseline -0.001 -21"><span class='ocrx_word' id='word_1_526' title='bbox 1803 2544 2031 2621; x_wconf 83' lang='lat' dir='ltr'><strong>ferant,</strong></span> <span class='ocrx_word' id='word_1_527' title='bbox 2066 2563 2194 2606; x_wconf 89' lang='lat' dir='ltr'><strong>non</strong></span> <span class='ocrx_word' id='word_1_528' title='bbox 2218 2551 2473 2626; x_wconf 86' lang='lat' dir='ltr'><strong>possunt</strong></span> <span class='ocrx_word' id='word_1_529' title='bbox 2501 2547 2568 2605; x_wconf 89' lang='lat' dir='ltr'><strong>in</strong></span> <span class='ocrx_word' id='word_1_530' title='bbox 2596 2564 2787 2607; x_wconf 90' lang='lat' dir='ltr'><strong>unam</strong></span> <span class='ocrx_word' id='word_1_531' title='bbox 2816 2544 3154 2623; x_wconf 84' lang='lat' dir='ltr'><strong>simplicem</strong></span> <span class='ocrx_word' id='word_1_532' title='bbox 3183 2546 3368 2605; x_wconf 89' lang='lat' dir='ltr'><strong>ratio-</strong></span> 
     </span>
     <span class='ocr_line' id='line_1_81' title="bbox 1805 2637 3366 2721; baseline -0.002 -21"><span class='ocrx_word' id='word_1_533' title='bbox 1805 2656 1951 2721; x_wconf 88' lang='lat' dir='ltr'><strong>nem</strong></span> <span class='ocrx_word' id='word_1_534' title='bbox 1995 2637 2216 2719; x_wconf 88' lang='lat' dir='ltr'><strong>objecti</strong></span> <span class='ocrx_word' id='word_1_535' title='bbox 2258 2639 2580 2701; x_wconf 87' lang='lat' dir='ltr'><strong>formalem</strong></span> <span class='ocrx_word' id='word_1_536' title='bbox 2637 2640 2987 2700; x_wconf 85' lang='lat' dir='ltr'><strong>convenire.</strong></span> <span class='ocrx_word' id='word_1_537' title='bbox 3035 2639 3179 2699; x_wconf 77' lang='lat' dir='ltr'><strong>Haec</strong></span> <span class='ocrx_word' id='word_1_538' title='bbox 3217 2656 3366 2698; x_wconf 83' lang='lat' dir='ltr'><strong>vero</strong></span> 
     </span>
     <span class='ocr_line' id='line_1_82' title="bbox 1798 2730 3363 2812; baseline -0.003 -19"><span class='ocrx_word' id='word_1_539' title='bbox 1798 2752 1925 2793; x_wconf 86' lang='lat' dir='ltr'><strong>non</strong></span> <span class='ocrx_word' id='word_1_540' title='bbox 1990 2739 2121 2793; x_wconf 88' lang='lat' dir='ltr'><strong>tam</strong></span> <span class='ocrx_word' id='word_1_541' title='bbox 2187 2732 2542 2812; x_wconf 88' lang='lat' dir='ltr'><strong>improbant</strong></span> <span class='ocrx_word' id='word_1_542' title='bbox 2607 2732 3026 2794; x_wconf 90' lang='lat' dir='ltr'><strong>conclusiones</strong></span> <span class='ocrx_word' id='word_1_543' title='bbox 3087 2730 3312 2810; x_wconf 86' lang='lat' dir='ltr'><strong>positas</strong></span> <span class='ocrx_word' id='word_1_544' title='bbox 3342 2774 3363 2805; x_wconf 93' lang='lat'><strong>,</strong></span> 
     </span>
     <span class='ocr_line' id='line_1_83' title="bbox 1800 2824 3368 2905; baseline -0.001 -19"><span class='ocrx_word' id='word_1_545' title='bbox 1800 2844 1990 2905; x_wconf 86' lang='lat' dir='ltr'><strong>quam</strong></span> <span class='ocrx_word' id='word_1_546' title='bbox 2020 2844 2096 2887; x_wconf 84' lang='lat' dir='ltr'><strong>ex</strong></span> <span class='ocrx_word' id='word_1_547' title='bbox 2118 2826 2206 2888; x_wconf 90' lang='lat' dir='ltr'><strong>eis</strong></span> <span class='ocrx_word' id='word_1_548' title='bbox 2240 2825 2536 2902; x_wconf 80' lang='lat' dir='ltr'><strong>inferunt,</strong></span> <span class='ocrx_word' id='word_1_549' title='bbox 2572 2843 2874 2901; x_wconf 88' lang='lat' dir='ltr'><strong>amorem,</strong></span> <span class='ocrx_word' id='word_1_550' title='bbox 2903 2824 2980 2884; x_wconf 90' lang='lat' dir='ltr'><strong>de</strong></span> <span class='ocrx_word' id='word_1_551' title='bbox 3013 2842 3136 2903; x_wconf 86' lang='lat' dir='ltr'><strong>quo</strong></span> <span class='ocrx_word' id='word_1_552' title='bbox 3167 2824 3368 2903; x_wconf 86' lang='lat' dir='ltr'><strong>prima</strong></span> 
     </span>
     <span class='ocr_line' id='line_1_84' title="bbox 1800 2918 3367 2999; baseline -0.003 -18"><span class='ocrx_word' id='word_1_553' title='bbox 1800 2926 1861 2981; x_wconf 91' lang='lat' dir='ltr'><strong>et</strong></span> <span class='ocrx_word' id='word_1_554' title='bbox 1898 2920 2164 2981; x_wconf 85' lang='lat' dir='ltr'><strong>secunda</strong></span> <span class='ocrx_word' id='word_1_555' title='bbox 2207 2920 2516 2981; x_wconf 87' lang='lat' dir='ltr'><strong>conclusio</strong></span> <span class='ocrx_word' id='word_1_556' title='bbox 2554 2919 2849 2999; x_wconf 89' lang='lat' dir='ltr'><strong>loquitur,</strong></span> <span class='ocrx_word' id='word_1_557' title='bbox 2895 2936 3021 2978; x_wconf 90' lang='lat' dir='ltr'><strong>non</strong></span> <span class='ocrx_word' id='word_1_558' title='bbox 3059 2918 3367 2997; x_wconf 86' lang='lat' dir='ltr'><strong>pertinere</strong></span> 
     </span>
     <span class='ocr_line' id='line_1_85' title="bbox 1804 3009 3366 3089; baseline -0.003 -16"><span class='ocrx_word' id='word_1_559' title='bbox 1804 3014 1881 3073; x_wconf 88' lang='lat' dir='ltr'><strong>ad</strong></span> <span class='ocrx_word' id='word_1_560' title='bbox 1928 3030 2122 3074; x_wconf 89' lang='lat' dir='ltr'><strong>unam</strong></span> <span class='ocrx_word' id='word_1_561' title='bbox 2177 3020 2240 3073; x_wconf 91' lang='grc' dir='ltr'><strong>ει</strong></span> <span class='ocrx_word' id='word_1_562' title='bbox 2287 3014 2570 3075; x_wconf 87' lang='lat' dir='ltr'><strong>eamdem</strong></span> <span class='ocrx_word' id='word_1_563' title='bbox 2615 3013 2933 3085; x_wconf 84' lang='lat' dir='ltr'><strong>virtutem,</strong></span> <span class='ocrx_word' id='word_1_564' title='bbox 2985 3016 3048 3071; x_wconf 89' lang='lat' dir='ltr'><strong>et</strong></span> <span class='ocrx_word' id='word_1_565' title='bbox 3092 3009 3366 3089; x_wconf 89' lang='lat' dir='ltr'><strong>primum</strong></span> 
     </span>
     <span class='ocr_line' id='line_1_86' title="bbox 1804 3102 3367 3183; baseline -0.004 -15"><span class='ocrx_word' id='word_1_566' title='bbox 1804 3125 2082 3168; x_wconf 88' lang='lat' dir='ltr'><strong>amorem</strong></span> <span class='ocrx_word' id='word_1_567' title='bbox 2113 3124 2242 3168; x_wconf 89' lang='lat' dir='ltr'><strong>esse</strong></span> <span class='ocrx_word' id='word_1_568' title='bbox 2273 3106 2607 3180; x_wconf 87' lang='lat' dir='ltr'><strong>charitatis,</strong></span> <span class='ocrx_word' id='word_1_569' title='bbox 2639 3124 2765 3165; x_wconf 91' lang='lat' dir='ltr'><strong>non</strong></span> <span class='ocrx_word' id='word_1_570' title='bbox 2789 3105 3018 3179; x_wconf 84' lang='lat' dir='ltr'><strong>alium3</strong></span> <span class='ocrx_word' id='word_1_571' title='bbox 3047 3102 3211 3183; x_wconf 89' lang='lat' dir='ltr'><strong>quod</strong></span> <span class='ocrx_word' id='word_1_572' title='bbox 3239 3118 3367 3163; x_wconf 89' lang='lat' dir='ltr'><strong>non</strong></span> 
     </span>
     <span class='ocr_line' id='line_1_87' title="bbox 1802 3196 3368 3280; baseline -0.004 -18"><span class='ocrx_word' id='word_1_573' title='bbox 1802 3199 2294 3280; x_wconf 87' lang='lat' dir='ltr'><strong>improbabiliter</strong></span> <span class='ocrx_word' id='word_1_574' title='bbox 2332 3206 2533 3279; x_wconf 86' lang='lat' dir='ltr'><strong>posset</strong></span> <span class='ocrx_word' id='word_1_575' title='bbox 2569 3198 2817 3260; x_wconf 84' lang='lat' dir='ltr'><strong>defendi</strong></span> <span class='ocrx_word' id='word_1_576' title='bbox 2845 3204 2908 3259; x_wconf 89' lang='lat' dir='ltr'><strong>et</strong></span> <span class='ocrx_word' id='word_1_577' title='bbox 2935 3196 3232 3276; x_wconf 83' lang='lat' dir='ltr'><strong>explicari</strong></span> <span class='ocrx_word' id='word_1_578' title='bbox 3260 3213 3368 3255; x_wconf 82' lang='lat' dir='ltr'><strong>va·</strong></span> 
     </span>
     <span class='ocr_line' id='line_1_88' title="bbox 1804 3288 3368 3373; baseline -0.004 -19"><span class='ocrx_word' id='word_1_579' title='bbox 1804 3295 1913 3355; x_wconf 89' lang='lat' dir='ltr'><strong>riis</strong></span> <span class='ocrx_word' id='word_1_580' title='bbox 1949 3292 2265 3373; x_wconf 83' lang='lat' dir='ltr'><strong>exemplis.</strong></span> <span class='ocrx_word' id='word_1_581' title='bbox 2315 3293 2541 3369; x_wconf 86' lang='lat' dir='ltr'><strong>Prim0,</strong></span> <span class='ocrx_word' id='word_1_582' title='bbox 2585 3296 2652 3353; x_wconf 86' lang='lat' dir='ltr'><strong>in</strong></span> <span class='ocrx_word' id='word_1_583' title='bbox 2696 3309 2906 3353; x_wconf 89' lang='lat' dir='ltr'><strong>amore</strong></span> <span class='ocrx_word' id='word_1_584' title='bbox 2952 3288 3220 3350; x_wconf 82' lang='lat' dir='ltr'><strong>naturali</strong></span> <span class='ocrx_word' id='word_1_585' title='bbox 3262 3288 3368 3348; x_wconf 91' lang='lat' dir='ltr'><strong>Dei</strong></span> 
     </span>
     <span class='ocr_line' id='line_1_89' title="bbox 1800 3384 3368 3467; baseline -0.004 -19"><span class='ocrx_word' id='word_1_586' title='bbox 1800 3392 1861 3448; x_wconf 89' lang='lat' dir='ltr'><strong>et</strong></span> <span class='ocrx_word' id='word_1_587' title='bbox 1906 3386 2198 3467; x_wconf 84' lang='lat' dir='ltr'><strong>proximi,</strong></span> <span class='ocrx_word' id='word_1_588' title='bbox 2249 3392 2484 3447; x_wconf 83' lang='lat' dir='ltr'><strong>certum</strong></span> <span class='ocrx_word' id='word_1_589' title='bbox 2521 3385 2789 3459; x_wconf 82' lang='lat' dir='ltr'><strong>videtur,</strong></span> <span class='ocrx_word' id='word_1_590' title='bbox 2835 3384 2886 3445; x_wconf 90' lang='lat' dir='ltr'><strong>si</strong></span> <span class='ocrx_word' id='word_1_591' title='bbox 2929 3388 3173 3444; x_wconf 87' lang='lat' dir='ltr'><strong>ametur</strong></span> <span class='ocrx_word' id='word_1_592' title='bbox 3211 3384 3368 3442; x_wconf 87' lang='lat' dir='ltr'><strong>Deus</strong></span> 
     </span>
     <span class='ocr_line' id='line_1_90' title="bbox 1798 3480 3370 3561; baseline -0.004 -20"><span class='ocrx_word' id='word_1_593' title='bbox 1798 3487 2054 3561; x_wconf 89' lang='lat' dir='ltr'><strong>propter</strong></span> <span class='ocrx_word' id='word_1_594' title='bbox 2086 3498 2173 3556; x_wconf 90' lang='lat' dir='ltr'><strong>se,</strong></span> <span class='ocrx_word' id='word_1_595' title='bbox 2221 3486 2284 3540; x_wconf 92' lang='lat' dir='ltr'><strong>et</strong></span> <span class='ocrx_word' id='word_1_596' title='bbox 2319 3480 2638 3560; x_wconf 79' lang='lat' dir='ltr'><strong>proximus</strong></span> <span class='ocrx_word' id='word_1_597' title='bbox 2669 3480 2855 3539; x_wconf 87' lang='lat' dir='ltr'><strong>etiam</strong></span> <span class='ocrx_word' id='word_1_598' title='bbox 2898 3484 3148 3558; x_wconf 89' lang='lat' dir='ltr'><strong>propter</strong></span> <span class='ocrx_word' id='word_1_599' title='bbox 3191 3492 3370 3536; x_wconf 88' lang='lat' dir='ltr'><strong>suam</strong></span> 
     </span>
     <span class='ocr_line' id='line_1_91' title="bbox 1800 3570 3370 3651; baseline -0.005 -15"><span class='ocrx_word' id='word_1_600' title='bbox 1800 3574 2121 3649; x_wconf 76' lang='lat' dir='ltr'><strong>virtutem,</strong></span> <span class='ocrx_word' id='word_1_601' title='bbox 2175 3574 2313 3635; x_wconf 84' lang='lat' dir='ltr'><strong>illos</strong></span> <span class='ocrx_word' id='word_1_602' title='bbox 2349 3590 2589 3633; x_wconf 89' lang='lat' dir='ltr'><strong>amores</strong></span> <span class='ocrx_word' id='word_1_603' title='bbox 2627 3572 2938 3651; x_wconf 85' lang='lat' dir='ltr'><strong>pertinere</strong></span> <span class='ocrx_word' id='word_1_604' title='bbox 2977 3571 3052 3630; x_wconf 89' lang='lat' dir='ltr'><strong>ad</strong></span> <span class='ocrx_word' id='word_1_605' title='bbox 3099 3570 3370 3630; x_wconf 83' lang='lat' dir='ltr'><strong>diversas</strong></span> 
     </span>
     <span class='ocr_line' id='line_1_92' title="bbox 1800 3665 3372 3748; baseline -0.003 -18"><span class='ocrx_word' id='word_1_606' title='bbox 1800 3669 2089 3744; x_wconf 77' lang='lat' dir='ltr'><strong>virtuteS,</strong></span> <span class='ocrx_word' id='word_1_607' title='bbox 2135 3668 2418 3748; x_wconf 82' lang='lat' dir='ltr'><strong>quamvis</strong></span> <span class='ocrx_word' id='word_1_608' title='bbox 2445 3666 2682 3728; x_wconf 89' lang='lat' dir='ltr'><strong>illamet</strong></span> <span class='ocrx_word' id='word_1_609' title='bbox 2715 3665 2926 3727; x_wconf 90' lang='lat' dir='ltr'><strong>eadem</strong></span> <span class='ocrx_word' id='word_1_610' title='bbox 2956 3665 3204 3739; x_wconf 83' lang='lat' dir='ltr'><strong>virtute,</strong></span> <span class='ocrx_word' id='word_1_611' title='bbox 3249 3680 3372 3743; x_wconf 85' lang='lat' dir='ltr'><strong>qua</strong></span> 
     </span>
     <span class='ocr_line' id='line_1_93' title="bbox 1804 3756 3372 3840; baseline -0.005 -17"><span class='ocrx_word' id='word_1_612' title='bbox 1804 3769 2050 3823; x_wconf 86' lang='lat' dir='ltr'><strong>amatur</strong></span> <span class='ocrx_word' id='word_1_613' title='bbox 2095 3763 2254 3822; x_wconf 89' lang='lat' dir='ltr'><strong>Deus</strong></span> <span class='ocrx_word' id='word_1_614' title='bbox 2294 3767 2544 3840; x_wconf 89' lang='lat' dir='ltr'><strong>propter</strong></span> <span class='ocrx_word' id='word_1_615' title='bbox 2577 3777 2678 3834; x_wconf 87' lang='lat' dir='ltr'><strong>se,</strong></span> <span class='ocrx_word' id='word_1_616' title='bbox 2718 3757 2911 3837; x_wconf 85' lang='lat' dir='ltr'><strong>possit</strong></span> <span class='ocrx_word' id='word_1_617' title='bbox 2945 3759 3133 3818; x_wconf 87' lang='lat' dir='ltr'><strong>etiam</strong></span> <span class='ocrx_word' id='word_1_618' title='bbox 3173 3756 3372 3816; x_wconf 87' lang='lat' dir='ltr'><strong>amari</strong></span> 
     </span>
     <span class='ocr_line' id='line_1_94' title="bbox 1804 3848 3372 3935; baseline -0.004 -19"><span class='ocrx_word' id='word_1_619' title='bbox 1804 3854 2124 3935; x_wconf 83' lang='lat' dir='ltr'><strong>proximus</strong></span> <span class='ocrx_word' id='word_1_620' title='bbox 2149 3860 2402 3935; x_wconf 83' lang='lat' dir='ltr'><strong>propter</strong></span> <span class='ocrx_word' id='word_1_621' title='bbox 2429 3854 2645 3913; x_wconf 89' lang='lat' dir='ltr'><strong>Deum.</strong></span> <span class='ocrx_word' id='word_1_622' title='bbox 2691 3852 2922 3913; x_wconf 89' lang='lat' dir='ltr'><strong>Deinde</strong></span> <span class='ocrx_word' id='word_1_623' title='bbox 2950 3855 3149 3930; x_wconf 84' lang='lat' dir='ltr'><strong>potest</strong></span> <span class='ocrx_word' id='word_1_624' title='bbox 3180 3848 3372 3909; x_wconf 89' lang='lat' dir='ltr'><strong>hono-</strong></span> 
     </span>
     <span class='ocr_line' id='line_1_95' title="bbox 1804 3942 3418 4029; baseline -0.004 -20"><span class='ocrx_word' id='word_1_625' title='bbox 1804 3948 1930 4009; x_wconf 86' lang='lat' dir='ltr'><strong>rari</strong></span> <span class='ocrx_word' id='word_1_626' title='bbox 1955 3954 2232 4008; x_wconf 69' lang='lat' dir='ltr'><strong>creatura</strong></span> <span class='ocrx_word' id='word_1_627' title='bbox 2257 3946 2357 4007; x_wconf 82' lang='lat' dir='ltr'><strong>vel</strong></span> <span class='ocrx_word' id='word_1_628' title='bbox 2381 3952 2633 4025; x_wconf 87' lang='lat' dir='ltr'><strong>propter</strong></span> <span class='ocrx_word' id='word_1_629' title='bbox 2652 3945 3052 4005; x_wconf 87' lang='lat' dir='ltr'><strong>intrinsecam</strong></span> <span class='ocrx_word' id='word_1_630' title='bbox 3075 3942 3373 4005; x_wconf 82' lang='lat' dir='ltr'><strong>excellen-</strong></span> <span class='ocrx_word' id='word_1_631' title='bbox 3409 4022 3418 4029; x_wconf 33' lang='grc'><em>·</em></span> 
     </span>
     <span class='ocr_line' id='line_1_96' title="bbox 1802 4036 3375 4117; baseline -0.004 -16"><span class='ocrx_word' id='word_1_632' title='bbox 1802 4042 1959 4102; x_wconf 88' lang='lat' dir='ltr'><strong>tiam</strong></span> <span class='ocrx_word' id='word_1_633' title='bbox 1989 4047 2283 4116; x_wconf 84' lang='lat' dir='ltr'><strong>creatam,</strong></span> <span class='ocrx_word' id='word_1_634' title='bbox 2315 4046 2386 4100; x_wconf 87' lang='lat' dir='ltr'><strong>ut</strong></span> <span class='ocrx_word' id='word_1_635' title='bbox 2411 4040 2596 4100; x_wconf 87' lang='lat' dir='ltr'><strong>Beata</strong></span> <span class='ocrx_word' id='word_1_636' title='bbox 2619 4039 2848 4117; x_wconf 86' lang='lat' dir='ltr'><strong>Virgo;</strong></span> <span class='ocrx_word' id='word_1_637' title='bbox 2881 4037 2981 4098; x_wconf 85' lang='lat' dir='ltr'><strong>vel</strong></span> <span class='ocrx_word' id='word_1_638' title='bbox 3007 4036 3285 4115; x_wconf 81' lang='lat' dir='ltr'><strong>proxime</strong></span> <span class='ocrx_word' id='word_1_639' title='bbox 3313 4039 3375 4095; x_wconf 89' lang='lat' dir='ltr'><strong>et</strong></span> 
     </span>
     <span class='ocr_line' id='line_1_97' title="bbox 1806 4132 3370 4213; baseline -0.005 -17"><span class='ocrx_word' id='word_1_640' title='bbox 1806 4136 2167 4196; x_wconf 89' lang='lat' dir='ltr'><strong>immediate</strong></span> <span class='ocrx_word' id='word_1_641' title='bbox 2213 4140 2464 4213; x_wconf 86' lang='lat' dir='ltr'><strong>propter</strong></span> <span class='ocrx_word' id='word_1_642' title='bbox 2511 4132 2942 4193; x_wconf 81' lang='lat' dir='ltr'><strong>excellentiam</strong></span> <span class='ocrx_word' id='word_1_643' title='bbox 2992 4132 3370 4203; x_wconf 88' lang='lat' dir='ltr'><strong>increatam,</strong></span> 
     </span>
     <span class='ocr_line' id='line_1_98' title="bbox 1804 4224 3376 4309; baseline -0.004 -20"><span class='ocrx_word' id='word_1_644' title='bbox 1804 4230 1881 4289; x_wconf 89' lang='lat' dir='ltr'><strong>ad</strong></span> <span class='ocrx_word' id='word_1_645' title='bbox 1924 4246 2114 4309; x_wconf 86' lang='lat' dir='ltr'><strong>quam</strong></span> <span class='ocrx_word' id='word_1_646' title='bbox 2161 4228 2435 4288; x_wconf 87' lang='lat' dir='ltr'><strong>continet</strong></span> <span class='ocrx_word' id='word_1_647' title='bbox 2479 4225 2913 4289; x_wconf 86' lang='lat' dir='ltr'><strong>habitudinem</strong></span> <span class='ocrx_word' id='word_1_648' title='bbox 2951 4242 2967 4295; x_wconf 93' lang='lat'><strong>;</strong></span> <span class='ocrx_word' id='word_1_649' title='bbox 3017 4224 3125 4303; x_wconf 89' lang='lat' dir='ltr'><strong>qui</strong></span> <span class='ocrx_word' id='word_1_650' title='bbox 3163 4236 3376 4283; x_wconf 87' lang='lat' dir='ltr'><strong>tamen</strong></span> 
     </span>
     <span class='ocr_line' id='line_1_99' title="bbox 1804 4316 3374 4401; baseline -0.005 -18"><span class='ocrx_word' id='word_1_651' title='bbox 1804 4327 1977 4383; x_wconf 88' lang='lat' dir='ltr'><strong>actus</strong></span> <span class='ocrx_word' id='word_1_652' title='bbox 2011 4321 2325 4401; x_wconf 85' lang='lat' dir='ltr'><strong>pertinent</strong></span> <span class='ocrx_word' id='word_1_653' title='bbox 2361 4320 2440 4381; x_wconf 91' lang='lat' dir='ltr'><strong>ad</strong></span> <span class='ocrx_word' id='word_1_654' title='bbox 2477 4320 2754 4380; x_wconf 85' lang='lat' dir='ltr'><strong>diversas</strong></span> <span class='ocrx_word' id='word_1_655' title='bbox 2795 4319 3054 4379; x_wconf 83' lang='lat' dir='ltr'><strong>virtutes</strong></span> <span class='ocrx_word' id='word_1_656' title='bbox 3085 4316 3283 4377; x_wconf 83' lang='lat' dir='ltr'><strong>latriae</strong></span> <span class='ocrx_word' id='word_1_657' title='bbox 3311 4320 3374 4375; x_wconf 89' lang='lat' dir='ltr'><strong>et</strong></span> 
     </span>
     <span class='ocr_line' id='line_1_100' title="bbox 1803 4409 3374 4491; baseline -0.004 -16"><span class='ocrx_word' id='word_1_658' title='bbox 1803 4415 2010 4476; x_wconf 79' lang='lat' dir='ltr'><strong>dulioe.</strong></span> <span class='ocrx_word' id='word_1_659' title='bbox 2061 4414 2291 4489; x_wconf 89' lang='lat' dir='ltr'><strong>Tertio,</strong></span> <span class='ocrx_word' id='word_1_660' title='bbox 2337 4414 2616 4474; x_wconf 88' lang='lat' dir='ltr'><strong>medium</strong></span> <span class='ocrx_word' id='word_1_661' title='bbox 2662 4410 2836 4490; x_wconf 85' lang='lat' dir='ltr'><strong>diligi</strong></span> <span class='ocrx_word' id='word_1_662' title='bbox 2879 4416 3080 4491; x_wconf 80' lang='lat' dir='ltr'><strong>potest</strong></span> <span class='ocrx_word' id='word_1_663' title='bbox 3108 4409 3205 4470; x_wconf 82' lang='lat' dir='ltr'><strong>vel</strong></span> <span class='ocrx_word' id='word_1_664' title='bbox 3232 4426 3374 4488; x_wconf 82' lang='lat' dir='ltr'><strong>pro·</strong></span> 
     </span>
     <span class='ocr_line' id='line_1_101' title="bbox 1802 4504 3375 4589; baseline -0.005 -20"><span class='ocrx_word' id='word_1_665' title='bbox 1802 4514 1941 4589; x_wconf 89' lang='lat' dir='ltr'><strong>pter</strong></span> <span class='ocrx_word' id='word_1_666' title='bbox 1961 4507 2360 4568; x_wconf 89' lang='lat' dir='ltr'><strong>intrinsecam</strong></span> <span class='ocrx_word' id='word_1_667' title='bbox 2382 4505 2744 4569; x_wconf 86' lang='lat' dir='ltr'><strong>bonitatem.</strong></span> <span class='ocrx_word' id='word_1_668' title='bbox 2773 4504 2946 4565; x_wconf 82' lang='lat' dir='ltr'><strong>verbi</strong></span> <span class='ocrx_word' id='word_1_669' title='bbox 2969 4504 3192 4583; x_wconf 84' lang='lat' dir='ltr'><strong>gratia,</strong></span> <span class='ocrx_word' id='word_1_670' title='bbox 3220 4510 3375 4563; x_wconf 87' lang='lat' dir='ltr'><strong>tem-</strong></span> 
     </span>
     <span class='ocr_line' id='line_1_102' title="bbox 1806 4597 3372 4683; baseline -0.004 -20"><span class='ocrx_word' id='word_1_671' title='bbox 1806 4602 2126 4683; x_wconf 80' lang='lat' dir='ltr'><strong>perantiae‚</strong></span> <span class='ocrx_word' id='word_1_672' title='bbox 2169 4601 2266 4662; x_wconf 83' lang='lat' dir='ltr'><strong>vel</strong></span> <span class='ocrx_word' id='word_1_673' title='bbox 2307 4606 2556 4681; x_wconf 86' lang='lat' dir='ltr'><strong>propter</strong></span> <span class='ocrx_word' id='word_1_674' title='bbox 2589 4600 2996 4661; x_wconf 82' lang='lat' dir='ltr'><strong>extrinsecam</strong></span> <span class='ocrx_word' id='word_1_675' title='bbox 3035 4597 3372 4657; x_wconf 84' lang='lat' dir='ltr'><strong>bonitatem</strong></span> 
     </span>
    </p>
   </div>
   <div class='ocr_carea' id='block_1_5' title="bbox 1794 4690 3374 4775">
    <p class='ocr_par' dir='ltr' id='par_1_8' title="bbox 1794 4690 3374 4775">
     <span class='ocr_line' id='line_1_103' title="bbox 1794 4690 3374 4775; baseline -0.005 -16"><span class='ocrx_word' id='word_1_676' title='bbox 1794 4692 1970 4773; x_wconf 77' lang='lat' dir='ltr'><strong>finis,</strong></span> <span class='ocrx_word' id='word_1_677' title='bbox 2010 4696 2184 4759; x_wconf 87' lang='lat' dir='ltr'><strong>verbi</strong></span> <span class='ocrx_word' id='word_1_678' title='bbox 2233 4696 2456 4775; x_wconf 90' lang='lat' dir='ltr'><strong>gratia,</strong></span> <span class='ocrx_word' id='word_1_679' title='bbox 2499 4694 2906 4775; x_wconf 81' lang='lat' dir='ltr'><strong>poenitentioe,</strong></span> <span class='ocrx_word' id='word_1_680' title='bbox 2952 4698 3014 4753; x_wconf 89' lang='lat' dir='ltr'><strong>et</strong></span> <span class='ocrx_word' id='word_1_681' title='bbox 3069 4698 3242 4754; x_wconf 87' lang='lat' dir='ltr'><strong>actus</strong></span> <span class='ocrx_word' id='word_1_682' title='bbox 3281 4690 3374 4751; x_wconf 86' lang='lat' dir='ltr'><strong>illi</strong></span> 
     </span>
    </p>
   </div>
   <div class='ocr_carea' id='block_1_6' title="bbox 1806 4788 3378 5618">
    <p class='ocr_par' dir='ltr' id='par_1_9' title="bbox 1808 4788 3378 5414">
     <span class='ocr_line' id='line_1_104' title="bbox 1809 4788 3376 4872; baseline -0.004 -21"><span class='ocrx_word' id='word_1_683' title='bbox 1809 4792 2123 4872; x_wconf 86' lang='lat' dir='ltr'><strong>pertinent</strong></span> <span class='ocrx_word' id='word_1_684' title='bbox 2149 4791 2228 4852; x_wconf 92' lang='lat' dir='ltr'><strong>ad</strong></span> <span class='ocrx_word' id='word_1_685' title='bbox 2253 4788 2524 4851; x_wconf 82' lang='lat' dir='ltr'><strong>diversas</strong></span> <span class='ocrx_word' id='word_1_686' title='bbox 2553 4792 2832 4849; x_wconf 80' lang='lat' dir='ltr'><strong>virtuteS.</strong></span> <span class='ocrx_word' id='word_1_687' title='bbox 2860 4790 3090 4861; x_wconf 89' lang='lat' dir='ltr'><strong>Quarto</strong></span> <span class='ocrx_word' id='word_1_688' title='bbox 3111 4832 3132 4863; x_wconf 90' lang='lat'><strong>,</strong></span> <span class='ocrx_word' id='word_1_689' title='bbox 3169 4802 3376 4846; x_wconf 88' lang='lat' dir='ltr'><strong>assen-</strong></span> 
     </span>
     <span class='ocr_line' id='line_1_105' title="bbox 1808 4878 3377 4963; baseline -0.005 -17"><span class='ocrx_word' id='word_1_690' title='bbox 1808 4903 1911 4946; x_wconf 87' lang='lat' dir='ltr'><strong>sus</strong></span> <span class='ocrx_word' id='word_1_691' title='bbox 1945 4884 2353 4945; x_wconf 87' lang='lat' dir='ltr'><strong>conclusionis</strong></span> <span class='ocrx_word' id='word_1_692' title='bbox 2393 4890 2456 4945; x_wconf 87' lang='grc' dir='ltr'><strong>ει</strong></span> <span class='ocrx_word' id='word_1_693' title='bbox 2497 4882 2780 4963; x_wconf 88' lang='lat' dir='ltr'><strong>principii</strong></span> <span class='ocrx_word' id='word_1_694' title='bbox 2819 4881 3136 4961; x_wconf 88' lang='lat' dir='ltr'><strong>pertinent</strong></span> <span class='ocrx_word' id='word_1_695' title='bbox 3167 4881 3245 4940; x_wconf 88' lang='lat' dir='ltr'><strong>ad</strong></span> <span class='ocrx_word' id='word_1_696' title='bbox 3282 4878 3377 4939; x_wconf 88' lang='lat' dir='ltr'><strong>di-</strong></span> 
     </span>
     <span class='ocr_line' id='line_1_106' title="bbox 1811 4972 3377 5054; baseline -0.004 -17"><span class='ocrx_word' id='word_1_697' title='bbox 1811 4994 2016 5039; x_wconf 86' lang='lat' dir='ltr'><strong>versos</strong></span> <span class='ocrx_word' id='word_1_698' title='bbox 2043 4976 2315 5050; x_wconf 89' lang='lat' dir='ltr'><strong>habitus,</strong></span> <span class='ocrx_word' id='word_1_699' title='bbox 2360 4976 2559 5036; x_wconf 87' lang='lat' dir='ltr'><strong>solum</strong></span> <span class='ocrx_word' id='word_1_700' title='bbox 2589 4974 2734 5054; x_wconf 90' lang='lat' dir='ltr'><strong>quia</strong></span> <span class='ocrx_word' id='word_1_701' title='bbox 2765 4974 2830 5035; x_wconf 90' lang='lat' dir='ltr'><strong>in</strong></span> <span class='ocrx_word' id='word_1_702' title='bbox 2860 4972 3252 5034; x_wconf 87' lang='lat' dir='ltr'><strong>conclusione</strong></span> <span class='ocrx_word' id='word_1_703' title='bbox 3285 4978 3377 5031; x_wconf 85' lang='lat' dir='ltr'><strong>est</strong></span> 
     </span>
     <span class='ocr_line' id='line_1_107' title="bbox 1808 5066 3378 5144; baseline -0.004 -12"><span class='ocrx_word' id='word_1_704' title='bbox 1808 5070 2035 5132; x_wconf 82' lang='lat' dir='ltr'><strong>veritas</strong></span> <span class='ocrx_word' id='word_1_705' title='bbox 2072 5070 2405 5130; x_wconf 88' lang='lat' dir='ltr'><strong>intrinseca</strong></span> <span class='ocrx_word' id='word_1_706' title='bbox 2447 5069 2738 5129; x_wconf 87' lang='lat' dir='ltr'><strong>distincta</strong></span> <span class='ocrx_word' id='word_1_707' title='bbox 2775 5086 2813 5129; x_wconf 86' lang='lat' dir='ltr'><strong>a</strong></span> <span class='ocrx_word' id='word_1_708' title='bbox 2848 5066 3110 5127; x_wconf 81' lang='lat' dir='ltr'><strong>veritate</strong></span> <span class='ocrx_word' id='word_1_709' title='bbox 3153 5066 3378 5144; x_wconf 87' lang='lat' dir='ltr'><strong>princi—</strong></span> 
     </span>
     <span class='ocr_line' id='line_1_108' title="bbox 1810 5160 3374 5245; baseline -0.004 -20"><span class='ocrx_word' id='word_1_710' title='bbox 1810 5166 1916 5245; x_wconf 88' lang='lat' dir='ltr'><strong>pii,</strong></span> <span class='ocrx_word' id='word_1_711' title='bbox 1965 5171 2035 5224; x_wconf 89' lang='lat' dir='ltr'><strong>ut</strong></span> <span class='ocrx_word' id='word_1_712' title='bbox 2066 5163 2144 5224; x_wconf 88' lang='lat' dir='ltr'><strong>ad</strong></span> <span class='ocrx_word' id='word_1_713' title='bbox 2171 5163 2290 5224; x_wconf 92' lang='lat' dir='ltr'><strong>hoc</strong></span> <span class='ocrx_word' id='word_1_714' title='bbox 2327 5162 2708 5243; x_wconf 80' lang='lat' dir='ltr'><strong>propositum</strong></span> <span class='ocrx_word' id='word_1_715' title='bbox 2752 5162 3076 5240; x_wconf 87' lang='lat' dir='ltr'><strong>Cajetanus</strong></span> <span class='ocrx_word' id='word_1_716' title='bbox 3111 5160 3374 5237; x_wconf 87' lang='lat' dir='ltr'><strong>notavit,</strong></span> 
     </span>
     <span class='ocr_line' id='line_1_109' title="bbox 1811 5254 3374 5336; baseline -0.004 -17"><span class='ocrx_word' id='word_1_717' title='bbox 1811 5257 2079 5319; x_wconf 85' lang='lat' dir='ltr'><strong>secunda</strong></span> <span class='ocrx_word' id='word_1_718' title='bbox 2125 5257 2430 5332; x_wconf 68' lang='lat' dir='ltr'><strong>secundae,</strong></span> <span class='ocrx_word' id='word_1_719' title='bbox 2479 5262 2695 5336; x_wconf 81' lang='lat' dir='ltr'><strong>quaest.</strong></span> <span class='ocrx_word' id='word_1_720' title='bbox 2741 5258 2844 5331; x_wconf 77' lang='lat'><strong>47,</strong></span> <span class='ocrx_word' id='word_1_721' title='bbox 2887 5260 3006 5314; x_wconf 89' lang='lat' dir='ltr'><strong>art.</strong></span> <span class='ocrx_word' id='word_1_722' title='bbox 3059 5254 3122 5327; x_wconf 88' lang='lat'><strong>6,</strong></span> <span class='ocrx_word' id='word_1_723' title='bbox 3169 5260 3231 5315; x_wconf 90' lang='grc' dir='ltr'><strong>ει</strong></span> <span class='ocrx_word' id='word_1_724' title='bbox 3272 5254 3374 5329; x_wconf 70' lang='lat'><strong>54,</strong></span> 
     </span>
     <span class='ocr_line' id='line_1_110' title="bbox 1812 5352 2022 5414; baseline -0.014 0"><span class='ocrx_word' id='word_1_725' title='bbox 1812 5356 1930 5414; x_wconf 85' lang='lat' dir='ltr'><strong>art.</strong></span> <span class='ocrx_word' id='word_1_726' title='bbox 1961 5352 2022 5411; x_wconf 70' lang='lat'><strong>4.</strong></span> 
     </span>
    </p>

    <p class='ocr_par' dir='ltr' id='par_1_10' title="bbox 1806 5438 3376 5618">
     <span class='ocr_line' id='line_1_111' title="bbox 1889 5438 3376 5522; baseline -0.001 -19"><span class='ocrx_word' id='word_1_727' title='bbox 1889 5444 1947 5505; x_wconf 86' lang='lat'><strong>6.</strong></span> <span class='ocrx_word' id='word_1_728' title='bbox 1999 5443 2263 5507; x_wconf 74' lang='lat' dir='ltr'><strong>Tandem</strong></span> <span class='ocrx_word' id='word_1_729' title='bbox 2305 5442 2669 5522; x_wconf 67' lang='lat' dir='ltr'><strong>amplientur.</strong></span> <span class='ocrx_word' id='word_1_730' title='bbox 2711 5472 2791 5486; x_wconf 91' lang='lat'><strong>—</strong></span> <span class='ocrx_word' id='word_1_731' title='bbox 2839 5438 3182 5505; x_wconf 72' lang='lat' dir='ltr'><strong>observatio</strong></span> <span class='ocrx_word' id='word_1_732' title='bbox 3207 5440 3376 5503; x_wconf 77' lang='lat' dir='ltr'><strong>circa</strong></span> 
     </span>
     <span class='ocr_line' id='line_1_112' title="bbox 1806 5532 3374 5618; baseline -0.004 -19"><span class='ocrx_word' id='word_1_733' title='bbox 1806 5538 2166 5618; x_wconf 72' lang='lat' dir='ltr'><strong>proedictam</strong></span> <span class='ocrx_word' id='word_1_734' title='bbox 2205 5532 2643 5616; x_wconf 75' lang='lat' dir='ltr'><strong>responsionem</strong></span> <span class='ocrx_word' id='word_1_735' title='bbox 2675 5533 3060 5615; x_wconf 75' lang='lat' dir='ltr'><strong>probabilem.</strong></span> <span class='ocrx_word' id='word_1_736' title='bbox 3083 5564 3166 5579; x_wconf 88' lang='lat'><strong>--</strong></span> <span class='ocrx_word' id='word_1_737' title='bbox 3191 5534 3374 5595; x_wconf 85' lang='lat' dir='ltr'><strong>Deni-</strong></span> 
     </span>
    </p>
   </div>
  </div>
 </body>
</html>
