3900 6217
619 340 792 395 SECT.
827 342 888 395 11.
924 342 1008 395 AN
1039 340 1334 395 Eccmsm
1364 342 1568 395 RECTE
1599 340 1949 394 pneumam·
1978 342 2431 396 nfflmlconuu
2468 343 2701 407 LIBROS,
2736 344 2871 397 mc,

171 462 340 527 grave
367 460 590 504 munus
614 450 957 521 exercente,
1015 449 1078 506 et
1101 448 1399 523 praeterea
1435 445 1706 507 maxime

173 537 452 618 impedire
475 542 676 616 potest
705 536 1138 617 disputationis
1169 536 1464 614 fructum,
1503 544 1574 599 ut
1597 556 1706 616 op-

169 632 302 692 time
327 629 530 689 docuit
551 628 1041 708 Chrysostomns,
1081 630 1248 691 dicta
1276 629 1494 691 homil.
1543 632 1606 705 6,
1637 630 1704 691 in

172 728 204 784 Ξ
233 723 304 782 ad
341 722 634 795 Timoth.,
689 724 859 801 quia,
913 730 986 783 ut
1033 723 1294 785 verbum
1349 723 1702 798 fructificet,

168 821 388 896 oportet
401 822 468 877 ut
487 816 647 877 alter
673 822 846 894 grate
871 816 1120 893 audiat3
1148 823 1322 897 μηδι
1343 822 1540 880 autem
1564 818 1710 895 affi-

170 911 235 983 α’,
251 908 446 987 inquit
475 908 968 989 Chrysostomus„
995 928 1124 971 mm
1156 914 1262 991 qui
1289 908 1544 990 injuriis
1573 912 1710 990 affi-

170 1007 336 1077 citur,
364 1005 472 1065 viz
513 1005 856 1084 contin-mre
889 1009 1109 1084 potest.
1145 1005 1378 1080 Tertio,
1403 1007 1492 1065 ita
1518 1022 1708 1082 agen-

169 1098 428 1171 domest,
456 1102 526 1156 nt
551 1114 680 1157 uon
716 1104 931 1157 contra
961 1114 1314 1175 personam,
1346 1097 1450 1157 sed
1491 1103 1712 1157 contra

167 1206 440 1264 errorem,
469 1208 583 1251 nec
598 1190 678 1251 ad
707 1188 1213 1251 confundendum
1238 1188 1706 1269 disputatorem,

169 1284 258 1345 sed
285 1282 356 1343 ad
385 1283 706 1343 veritatem
752 1283 844 1344 illi
892 1281 1338 1345 ostendendam
1376 1284 1476 1361 agi
1499 1282 1709 1343 videa·

166 1385 273 1452 tur,
311 1382 381 1436 ιιι
406 1383 572 1437 necte
595 1376 756 1437 dixit
801 1377 1051 1438 Hieron.
1073 1377 1186 1437 lib.
1219 1379 1250 1438 1
1281 1383 1494 1437 contra
1539 1376 1710 1437 Pela-

169 1472 342 1549 giam,
364 1470 526 1531 circa
541 1470 848 1531 medium:
881 1469 1028 1535 Non
1052 1472 1121 1533 do
1144 1470 1490 1533 adversario
1515 1473 1708 1533 victo-

166 1564 328 1637 riam,
359 1566 466 1626 sed
489 1570 698 1627 eontra
727 1562 1096 1627 mendacium
1115 1582 1463 1645 quoeramus
1481 1566 1708 1625 verita-

168 1664 282 1719 ίεηι.
327 1658 601 1736 Denique
627 1660 716 1717 ait
766 1658 1199 1732 Nazianzenus,
1225 1657 1388 1717 dicta
1427 1656 1708 1719 oratione

167 1751 252 1822 26,
275 1768 343 1809 ea
377 1750 802 1811 moderatione
824 1749 1136 1829 agendum
1167 1768 1298 1811 esse
1330 1792 1346 1821 ,
1379 1753 1452 1811 ut
1475 1767 1579 1812 neo
1611 1749 1700 1811 πί·

167 1845 274 1905 mia
309 1844 622 1917 tarditate,
677 1862 786 1907 neo
837 1842 1024 1907 nimio
1073 1848 1305 1922 fervore
1357 1846 1602 1925 aqum,
1633 1860 1710 1904 σω

167 1943 404 2017 umque,
447 1936 683 2015 inquit,
727 1944 990 2000 extrem
1033 1936 1314 1999 amando
1363 1936 1522 2015 quod
1555 1936 1710 1998 utile

166 2036 258 2103 est,
301 2048 372 2092 σω
389 2030 596 2110 priori
621 2032 1168 2102 mansuetudinem
1219 2034 1280 2091 et
1333 2046 1408 2091 σω
1453 2030 1708 2091 secundo

167 2122 346 2185 mam.

239 2218 322 2277 16.
363 2214 642 2279 Assertio
665 2216 850 2279 tertia
875 2214 1266 2279 trimembris.
1279 2215 1464 2275 -Ex
1488 2214 1710 2293 quibus

169 2309 428 2369 omnibus
473 2309 868 2369 concluditur
895 2310 1202 2369 actionem
1231 2309 1393 2369 hanc
1417 2315 1480 2369 et
1525 2309 1602 2369 de
1637 2326 1702 2371 se

170 2401 374 2461 licitam
402 2418 564 2477 esse,
623 2408 688 2461 et
713 2400 1048 2479 aliquando
1089 2418 1264 2480 posse
1311 2398 1426 2460 sub
1473 2400 1709 2480 obliga-

171 2493 370 2553 tionem
395 2493 644 2568 cadere,
673 2494 958 2572 quamvis
985 2512 1144 2572 soepe
1191 2494 1378 2553 etiam
1405 2494 1595 2571 possit
1637 2493 1708 2552 in

172 2604 232 2646 ea
261 2592 572 2665 peccatum
611 2588 938 2647 committi.
982 2586 1189 2647 Prima
1227 2604 1365 2665 pars
1409 2588 1558 2647 satis
1601 2603 1706 2646 ex-

173 2679 360 2757 plicata
380 2687 506 2757 est;
537 2680 810 2741 secunda
846 2686 1038 2759 patet,
1070 2680 1218 2759 quia
1243 2680 1556 2739 interdum
1595 2696 1706 2759 po-

173 2778 268 2833 test
287 2772 416 2833 talis
445 2774 620 2833 actio
663 2790 794 2834 esse
823 2774 1165 2833 necessaria
1187 2770 1266 2833 ad
1293 2772 1526 2832 bonum
1558 2772 1704 2833 fidei

177 2872 225 2925 et
263 2866 504 2927 salutem
543 2870 900 2927 animarum
931 2882 949 2925 ε
999 2871 1148 2926 tnnc
1173 2882 1324 2944 ergo
1373 2866 1492 2925 erit
1534 2864 1704 2925 debi-

177 2966 248 3029 ta,
265 2959 350 3019 vel
391 2976 468 3019 ex
501 2960 770 3037 justitia,
812 2964 1088 3037 respectu
1137 2964 1453 3037 pastorum
1501 2958 1704 3019 Eccle-

178 3053 280 3123 εἰει,
309 3052 400 3112 vel
425 3069 500 3112 ex
537 3052 870 3126 charitate,
903 3058 1182 3131 respectu
1206 3068 1420 3113 eorum
1445 3052 1552 3130 qui
1580 3051 1706 3112 suf·

173 3144 406 3205 ficientes
427 3144 674 3205 fuerint
715 3144 794 3205 ad
849 3142 1038 3205 talem
1063 3144 1400 3219 actionem3
1445 3162 1594 3205 nam
1639 3150 1708 3203 ut

173 3239 302 3298 dixit
343 3240 481 3314 leo,
527 3238 776 3319 epistol.
829 3240 930 3314 93,
959 3240 1156 3317 capite
1199 3240 1315 3300 15:
1353 3238 1468 3313 Qua*
1517 3238 1708 3320 alium

174 3332 228 3393 ab
243 3349 422 3395 mm
443 3350 569 3395 non
595 3336 856 3407 revocat,
889 3350 954 3395 se
969 3331 1172 3413 ipsum
1199 3350 1410 3395 errare
1431 3334 1706 3394 mons·

173 3431 310 3497 tran
349 3433 410 3487 et
446 3425 836 3501 Ambrosius,
895 3432 922 3493 ,1
969 3424 1168 3499 Offio„
1217 3442 1356 3505 cap.
1389 3426 1461 3485 3:
1525 3424 1708 3489 Siwt

167 3536 260 3599 pro
281 3524 452 3583 otioso
497 3518 700 3593 verbo,
743 3519 838 3581 ita
874 3535 986 3598 pro
1025 3518 1214 3581 otioso
1263 3518 1505 3581 cilentio
1544 3517 1706 3581 ratio

173 3619 246 3674 est
283 3614 566 3675 reddenda
589 3637 616 3685 ;
672 3618 736 3672 et
784 3610 1011 3672 similia
1033 3610 1221 3671 habet
1271 3610 1624 3690 Gregorius,
1664 3612 1704 3672 Ξ

175 3713 300 3784 part.
331 3705 676 3781 Pastoralis,
711 3722 846 3784 cap.
883 3706 946 3765 4.
975 3705 1182 3765 Tertia
1216 3722 1360 3784 pars
1395 3712 1488 3767 est
1513 3707 1704 3767 etiam

175 3798 308 3857 clara
331 3817 404 3859 ex
419 3800 628 3873 dictis,
647 3798 794 3877 quia
819 3805 950 3858 tam
974 3798 1172 3857 multa
1195 3804 1342 3858 sunt
1361 3801 1704 3861 necessaria

176 3891 236 3950 ad
261 3891 608 3971 hujusmodi
663 3893 922 3953 actionis
970 3891 1380 3967 honestatem,
1405 3898 1477 3953 ut
1521 3894 1701 3955 facile

177 3982 240 4042 sit
259 3984 318 4043 in
338 3984 666 4064 caaliquid
693 4002 970 4064 peccare,
999 3984 1150 4064 quia
1177 3983 1414 4045 malum
1445 4003 1524 4047 ex
1549 4001 1702 4064 quo·

182 4092 404 4155 cumque
452 4077 720 4139 defectu.
759 4076 1060 4139 Existimo
1095 4082 1330 4151 tamen,
1364 4079 1415 4137 si
1467 4078 1700 4139 morale

185 4171 478 4247 pericnlum
516 4171 728 4251 gravis
757 4171 1116 4232 nocumenti
1137 4170 1410 4250 proximi
1447 4190 1576 4233 non
1603 4173 1697 4231 in-

183 4263 428 4339 tercedat,
461 4266 712 4345 culpam
761 4282 891 4325 esse
937 4270 1182 4325 tantum
1241 4263 1570 4325 venialem.
1619 4265 1698 4325 Et

183 4372 270 4432 per
287 4356 406 4418 haec
429 4374 797 4438 responsum
825 4362 918 4418 est
963 4356 1044 4418 ad
1076 4356 1349 4418 rationes
1371 4357 1697 4417 dubitandi

182 4449 328 4510 initio
351 4455 597 4531 poffl'tas,
625 4470 776 4513 nam
813 4452 1014 4523 ‚verba
1042 4450 1215 4512 Pauli
1265 4450 1464 4513 obiter
1511 4469 1699 4531 expo-

183 4544 408 4618 suimus3
435 4548 646 4607 Patres
671 4552 884 4606 autem
911 4546 1018 4623 qui
1065 4545 1225 4605 hanc
1271 4545 1574 4605 actionem
1605 4546 1700 4604 in-

183 4636 386 4697 terdum
413 4638 764 4718 improbare
790 4638 1103 4711 videntur,
1131 4636 1472 4717 loquuntur
1501 4638 1578 4697 dc
1605 4637 1698 4697 di·

185 4730 488 4803 sputatione
513 4732 788 4810 publica,
839 4746 980 4809 quoe
1007 4730 1142 4791 sine
1179 4729 1418 4791 delectu
1443 4729 1700 4791 audien·

183 4818 312 4881 tium
327 4827 552 4885 temere
573 4824 928 4903 suscipitur.

709 5046 728 5063 .
751 4996 968 5050 sacrm
999 4997 1063 5049 u.

196 5114 382 5183 Utrum
422 5121 698 5187 Ecclesia
735 5124 886 5202 jure
921 5122 1236 5205 prehibeat
1283 5118 1696 5185 lucretiam-um

480 5215 688 5291 libros,
717 5221 776 5278 ot
802 5216 910 5278 sub
938 5234 1060 5297 qua
1085 5232 1358 5279 censura.

251 5378 306 5436 1.
341 5376 636 5462 Amusicus·
672 5379 870 5465 primo
899 5397 1022 5461 ‚pro
1055 5356 1244 5460 'parts
1287 5376 1585 5461 myctica.
1616 5408 1698 5425 -

195 5464 498 5533 Secundum
543 5475 816 5537 medium
855 5492 980 5554 quo
1015 5472 1282 5535 Ecclesia
1319 5472 1554 5546 utitur,
1605 5471 1700 5533 vel

3228 343 3351 403 ⁴99

1785 444 1864 505 ad
1903 446 2402 525 comprimendos
2436 446 2779 522 haereticos,
2820 446 2920 509 vel
2960 445 3039 507 ad
3080 448 3349 509 tuendos

1787 542 1848 597 et
1879 538 2333 599 conservandos
2380 539 2739 613 catholicos,
2786 545 2901 615 est,
2946 557 3027 601 ne
3066 539 3351 602 doctrina

1785 629 2077 692 haeretica
2126 630 2512 693 diffundatur
2542 648 2563 709 ;
2614 632 2953 711 quoerimus
3002 640 3209 695 autem
3263 652 3345 695 an

1783 724 1928 802 jure
1962 731 2025 783 et
2050 726 2492 786 convenienter
2516 725 2659 787 talis
2686 724 3019 805 prohibitio
3047 726 3349 787 librorum

1787 816 2215 877 haereticorum
2246 816 2401 878 fiat?
2434 818 2510 879 Et
2536 819 2697 880 ratio
2720 817 3045 879 dubitandi
3069 837 3197 880 esse
3238 838 3349 899 po-

1786 914 1928 983 test,
1972 910 2140 988 quia,
2177 909 2321 971 lieet
2352 912 2419 970 in
2457 911 2552 973 his
2586 910 2761 971 libris
2798 911 2923 972 sint
2964 911 3159 973 multa
3192 913 3349 974 salsa

1787 1007 1850 1063 et
1875 1020 2155 1075 erronea,
2190 1009 2397 1063 tamen
2442 1002 2629 1065 etiam
2667 1009 2811 1065 sum
2852 1002 3048 1065 multa
3080 1022 3249 1082 vera,
3284 1013 3347 1068 et

1789 1095 2105 1156 interdum
2128 1095 2309 1157 docta
2335 1102 2399 1155 et
2422 1095 2665 1157 erudita
2700 1117 2717 1171 ;
2777 1115 2927 1175 ergo
2949 1115 3076 1159 non
3104 1098 3352 1178 expedit

1787 1186 2145 1266 hujusmodi
2182 1188 2371 1249 libros
2401 1189 2659 1251 omnino
2692 1188 3042 1269 prohibere,
3088 1190 3187 1253 vel
3217 1193 3351 1270 igni

1789 1280 2049 1343 tradere.
2098 1281 2397 1344 Probatur
2432 1284 2896 1362 consequentia,
2936 1285 3160 1363 prime,
3200 1286 3353 1365 quia

1787 1390 1914 1433 non
1937 1381 2085 1435 sunt
2108 1374 2477 1436 eradIcanda
2496 1376 2751 1452 zizania,
2772 1376 3143 1437 eradicando
3164 1379 3351 1440 simul

1788 1472 1852 1529 et
1879 1468 2189 1528 triticum.
2230 1468 2535 1543 Secundo,
2570 1469 2717 1548 quia
2741 1469 3065 1529 consilium
3094 1470 3288 1545 Pauli,
3320 1482 3346 1532 1

1787 1559 1867 1620 ad
1899 1560 2177 1622 Thessal.
2204 1563 2263 1637 5,
2290 1566 2419 1621 est:
2446 1561 2661 1625 Omnia
2673 1562 2943 1644 probato,
2968 1563 3130 1643 qued
3140 1564 3355 1627 bonum

1789 1657 1886 1716 est
1915 1657 2105 1715 tenete
2128 1676 2155 1723 ,·
2195 1672 2345 1731 ergo
2374 1653 2493 1715 hoc
2516 1656 2721 1734 potius
2749 1654 2814 1716 in
2842 1656 2939 1715 his
2966 1655 3139 1715 libris
3158 1674 3352 1734 agen-

1789 1745 1938 1805 dum
1968 1752 2145 1807 esset.
2192 1746 2423 1821 Tertio,
2450 1749 2597 1826 quia
2622 1747 2699 1809 ad
2722 1748 3133 1809 confutandos
3156 1748 3357 1811 haere-

1787 1838 1961 1911 ticos,
1990 1840 2403 1901 necessarium
2430 1848 2523 1901 est
2554 1858 2923 1920 cognoscere
2950 1860 3165 1905 eorum
3190 1861 3355 1903 erro·

1789 1948 1922 2004 res,
1968 1936 2031 1992 et
2060 1932 2291 2011 quihus
2316 1932 2739 1995 fundamentis
2766 1933 3093 2009 nitantur,·
3118 1942 3189 1994 ut
3214 1935 3355 1997 des-

1787 2024 1916 2083 trui
1941 2027 2185 2104 possint
2208 2072 2227 2101 ,
2276 2032 2338 2087 et
2366 2026 2593 2107 quibus
2616 2028 3003 2105 argumentis
3032 2028 3355 2091 veritatem

1791 2116 2159 2181 catholicam
2198 2120 2593 2198 impugnent,
2636 2126 2707 2179 ut
2742 2122 2833 2181 eis
2872 2123 3064 2199 possit
3104 2139 3359 2201 respon·

1787 2209 1920 2271 deri
1945 2232 1965 2285 ;
2002 2212 2133 2273 haec
2164 2218 2374 2273 antem
2404 2214 2751 2293 comparari
2786 2231 2913 2275 non
2950 2222 3205 2293 possunt
3230 2216 3355 2277 nisi

1789 2320 2007 2363 eorum
2034 2302 2225 2367 libros
2260 2304 2547 2384 legendo.
2592 2305 2847 2367 Accedit
2874 2308 3041 2387 quod
3072 2308 3353 2371 docendo

1786 2414 1928 2455 suos
1949 2414 2190 2458 errores
2214 2396 2411 2459 multa
2433 2398 2689 2459 tradunt
2714 2417 2854 2479 quae
2878 2400 2957 2461 ad
2982 2400 3355 2463 confirman-

1785 2488 1932 2550 dam
1974 2492 2301 2553 veritatem
2334 2498 2481 2553 sunt
2506 2492 2685 2559 utilia
2714 2537 2735 2568 ,
2778 2498 2841 2554 et
2860 2494 2941 2553 ad
2966 2511 3071 2555 eos
3096 2496 3353 2557 convin-

1786 2584 2037 2658 cendos,
2089 2584 2189 2645 vel
2226 2585 2578 2663 arguendos
2604 2603 2683 2645 ex
2711 2588 3035 2662 concessis,
3076 2588 3172 2649 vel
3201 2606 3351 2651 con·

1783 2678 2217 2741 tradictionem
2238 2688 2349 2741 aut
2376 2680 2823 2743 absurditatem
2846 2684 2913 2743 in
2932 2683 3111 2745 dictis
3128 2702 3351 2745 eorum

1785 2771 2185 2848 ostendendo,
2229 2774 2499 2836 multum
2538 2777 2815 2836 coni'erre
2858 2790 3154 2854 possunt;
3196 2795 3349 2857 ergo

1785 2882 1913 2924 non
1956 2872 2099 2925 sunt
2123 2865 2488 2944 simpliciter
2514 2867 2905 2948 prohibendi.

1865 2958 1926 3017 2.
1956 2954 2265 3040 Arguitur
2284 2960 2949 3035 secunda—Secundo,
2980 2959 3349 3023 confirmare

1785 3047 1902 3109 hoc
1944 3068 2270 3128 possumus
2310 3052 2607 3132 exemplis
2650 3062 3005 3115 sanctorum
3048 3055 3345 3129 Pati-um3

1787 3160 1935 3203 nam
1981 3144 2159 3203 divus
2204 3144 2619 3225 Hieronymus
2667 3144 2859 3207 libros
2910 3148 3349 3209 baereticorum

1786 3235 1995 3314 legere
2036 3238 2255 3298 solitus
2298 3245 2453 3314 erat,
2500 3245 2571 3298 ut
2612 3239 2743 3318 ipse
2769 3238 2999 3303 fatetur
3026 3240 3103 3301 ad
3148 3242 3348 3302 Mine·

1785 3330 1948 3389 rium
1980 3336 2042 3389 et
2068 3330 2369 3391 Alexand.
2400 3334 2577 3408 epist.
2612 3333 2727 3393 152
2744 3376 2764 3407 ,
2800 3337 2865 3393 et
2888 3350 2967 3393 ex
3014 3333 3159 3412 ipsis
3194 3352 3347 3413 ope·

1787 3421 1961 3481 ribus
1978 3441 2111 3502 ejus
2134 3430 2523 3503 compertum
2548 3431 2639 3485 est
2660 3441 2681 3501 ;
2712 3430 2775 3486 et
2802 3426 2967 3487 idem
2992 3434 3203 3505 aperte
3226 3427 3349 3487 col·

1784 3514 2001 3590 ligitur
2054 3515 2133 3576 de
2176 3517 2550 3595 Augustino,
2603 3535 2680 3578 ex
2725 3516 2898 3578 libris
2948 3518 3106 3596 ejus,
3158 3526 3221 3580 et
3268 3519 3345 3580 de

1785 3607 2151 3687 Theophilo,
2198 3610 2457 3689 antiquo
2500 3610 2779 3685 Doctore,
2826 3610 2995 3671 idem
3022 3611 3209 3672 refert
3236 3613 3347 3673 So-

1784 3706 1963 3776 crat.,
2005 3700 2116 3761 lib.
2162 3702 2205 3762 6
2246 3702 2497 3775 Hister„
2536 3720 2673 3781 cap.
2720 3702 2821 3777 1³,
2856 3702 3025 3763 etde
3052 3703 3344 3783 Dionysio

1783 3793 2115 3869 Alexand„
2164 3793 2353 3857 refert
2402 3793 2723 3869 Eusebius,
2777 3794 2919 3856 libr.
2976 3797 3011 3856 7
3062 3796 3289 3857 Hister.
3318 3842 3343 3873 ,

1782 3904 1916 3966 cap.
1943 3889 2006 3960 6,
2050 3887 2299 3949 solitum
2326 3886 2511 3949 tuisse
2540 3886 2897 3967 frequenter
2922 3889 3127 3967 legere
3154 3890 3341 3951 libros

1782 3979 2209 4042 haereticorum
2225 4024 2247 4055 ,
2288 3999 2360 4041 ae
2386 3979 2463 4041 de
2490 3998 2558 4041 re
2586 3980 2695 4041 illa
2719 3998 2757 4041 a
2783 3981 3054 4060 quodam
3080 3982 3343 4043 diacono

1778 4073 2245 4151 reprehensum,
2292 4072 2724 4152 abstinereque
2771 4072 3105 4150 volentem,
3152 4093 3231 4135 ne
3273 4074 3339 4135 id

1777 4166 2026 4241 faceret,
2060 4166 2273 4226 divina
2296 4164 2673 4227 revelatione
2702 4164 2889 4227 fuisse
2920 4167 3338 4229 admonitum.

1777 4261 2053 4339 Denique
2071 4260 2142 4319 in.
2160 4258 2433 4339 Concilip
2454 4256 2925 4336 Carthaginensi
2945 4260 3046 4335 IV,
3070 4276 3205 4340 cap.
3236 4261 3337 4337 16,

1779 4352 2139 4433 praecipitur
2186 4350 2501 4431 Episcopis
2547 4359 2619 4412 ut
2665 4350 2853 4411 libros
2902 4350 3335 4417 haereticorum

1777 4446 2011 4524 legant,
2042 4462 2151 4523 pro
2180 4446 2539 4507 necessitate
2568 4450 2629 4506 et
2657 4450 2955 4523 tempore.

1861 4541 1920 4600 3.
1964 4538 2273 4620 Arquitm·
2296 4536 2499 4601 tertio.
2551 4570 2632 4583 --
2671 4538 2877 4597 Tertio
2910 4541 3337 4615 argumentari

1779 4648 2125 4711 possumus,
2172 4630 2318 4711 quia
2360 4635 2413 4690 si
2456 4629 2723 4691 Ecclesia
2768 4636 2970 4709 posset
3010 4631 3337 4709 prohibere

1779 4724 1969 4785 libros
1997 4723 2387 4785 nascentium
2413 4722 2850 4783 haereticorum
2865 4766 2887 4797 ,
2917 4729 3122 4802 posset
3146 4725 3337 4785 etiam

1779 4824 2067 4896 antiquos
2120 4816 2429 4889 Doctores,
2485 4816 2594 4894 qui
2636 4815 2889 4877 tandem
2940 4816 3009 4875 in
3052 4814 3337 4879 haeresim

1777 4910 1932 4989 lapsi
1965 4915 2135 4983 sunt,
2164 4906 2345 4969 nobis
2372 4907 2721 4987 prohibere,
2758 4914 2832 4969 ut
2854 4908 3331 4985 Tertullianum,

1777 5004 2127 5081 origenem,
2156 4999 2489 5063 Eusebium
2512 5001 2765 5076 Caesar„
2795 5006 2859 5063 et
2878 5001 3109 5063 similes
3131 5018 3153 5079 3
3184 5020 3335 5063 con-

1775 5113 2041 5176 sequens
2060 5102 2153 5155 est
2170 5100 2385 5155 contra
2402 5092 2901 5173 antiquissimum
2929 5112 3109 5157 usum
3134 5096 3337 5157 Eccle-

1776 5190 1909 5266 sioe,
1954 5196 2025 5251 ut
2050 5194 2323 5264 constat3
2363 5188 2460 5250 vel
2488 5208 2521 5249 e
2546 5188 2854 5249 contrario
2880 5188 3167 5267 colligere
3198 5208 3333 5268 pos·

1777 5299 2011 5355 sumum
2043 5298 2191 5343 nam
2220 5281 2273 5341 si
2300 5280 2569 5343 Ecclesia
2596 5282 2707 5341 hos
2732 5297 2861 5341 non
2888 5281 3197 5360 prohibet,
3222 5301 3335 5343 cur

1777 5381 1944 5437 vetat
1978 5375 2135 5437 alios
2174 5375 2500 5435 noviores?
2548 5390 2695 5435 nam
2723 5378 2887 5433 ratio·
2919 5373 3173 5453 periculi
3202 5392 3334 5436 non

1778 5469 1987 5531 minus
2028 5468 2098 5529 in
2142 5468 2261 5529 illis
2300 5467 2752 5546 antiquioribus
2796 5484 3019 5545 urgere
3062 5466 3331 5544 videtur,
