3900 6217
635 425 795 480 SECT.
831 425 892 476 V.
928 423 1013 476 AN
1044 418 1442 484 REQmRATUR
1472 418 1720 472 REGULA
1757 419 1920 472 FIDE!
1954 420 2234 472 ANmATA
2267 419 2346 472 ET
2381 419 2609 479 vnum.
2645 419 2781 474 Ere.

150 565 208 619 ι,
229 537 330 603 {aas
357 549 481 594 vero
504 529 724 592 ratione
753 527 1056 608 praecipue
1085 526 1397 606 agendum
1433 532 1545 592 est.
1578 527 1655 588 Et

155 625 438 722 ,znprimis
475 620 750 704 applicari
783 619 890 681 hic
938 627 1198 700 possunt
1223 619 1494 682 rationes
1517 618 1654 699 qui-

197 723 426 796 nascet-
461 720 514 792 l,
545 712 912 776 ostendimus
949 713 1358 775 necessariam
1382 731 1512 774 esse
1539 713 1652 776 ali-

149 817 340 915 ,ἀζήμιοι
357 807 696 874 infallibilem
715 805 998 885 regulam
1018 805 1163 868 fidei
1181 805 1562 882 sensibilem,
1591 810 1655 868 et

164 981 166 984 y
337 905 568 967 humano
607 900 788 962 modo
837 899 1076 962 consuli
1119 900 1352 980 possit3
1401 915 1550 962 nam
1601 899 1654 960 si

150 943 182 1010 ἒξ
157 924 310 1078 Ἐ
343 993 640 1060 necessitati
677 991 988 1054 addantur
1013 1010 1110 1064 ea,
1154 1011 1295 1072 quae
1339 992 1405 1054 in
1453 993 1490 1054 3
1527 997 1591 1054 ει
1614 994 1654 1052 4

151 1093 310 1253 ,ζμ
347 1091 480 1151 dicta
515 1092 670 1161 sunt,
725 1085 1046 1148 evidenter
1091 1084 1481 1150 concluditur
1525 1101 1652 1146 non

150 1252 152 1256 ,
280 1202 406 1248 ere
426 1179 680 1260 regulam
709 1185 1020 1242 mortuam
1049 1179 1182 1242 sine
1213 1181 1378 1244 viva.
1423 1179 1652 1242 Proba·

150 1262 200 1294 ’
289 1279 389 1338 hoc
419 1274 613 1346 illatio,
659 1272 806 1351 quia
842 1273 910 1333 in
950 1275 988 1335 3
1013 1280 1161 1336 sect.
1204 1281 1518 1338 ostensum
1557 1283 1652 1340 est

149 1354 290 1455 ΪΞ
306 1378 490 1432 turam
509 1384 632 1430 esse
651 1365 978 1428 obscuram
1008 1375 1072 1428 et
1095 1367 1414 1430 intellectu
1433 1369 1653 1432 diffici-

150 1451 212 1542 ff
250 1484 267 1537 j
317 1461 768 1526 etobscuriorem
795 1467 858 1522 et
870 1461 1068 1541 magis
1087 1461 1340 1524 dubiam
1368 1463 1650 1539 reddi,ob

159 1547 213 1592 ·.:.:
241 1545 244 1548 ’
275 1561 303 1593 ‘1
344 1563 467 1618 tem
483 1555 830 1633 linguarum
851 1559 914 1615 et
929 1553 1430 1632 translationum,
1453 1575 1526 1618 ac
1547 1556 1653 1620 dc-

175 1647 196 1730 v'
256 1650 319 1705 ’,μ
351 1651 412 1712 de
439 1649 742 1730 ipsiusmet
769 1643 1102 1727 Scripturas
1123 1649 1492 1711 auctoritate
1519 1650 1650 1712 am'·

258 1745 460 1826 ‘poss-e,
479 1759 554 1802 an
575 1741 876 1802 canonica
905 1742 1008 1814 sit,
1041 1749 1104 1804 et
1129 1741 1362 1802 similes
1382 1741 1648 1804 difficul-

151 1833 193 1874 ⁷³⁷
335 1853 614 1896 occurrere
642 1841 902 1914 possunt
946 1835 1106 1896 circa
1147 1835 1532 1912 traditiones,
1580 1842 1652 1897 ut

208 1947 214 1956 ¹·
233 1929 255 1971 '-
274 1960 281 1983 ι
297 1935 474 1990 ..nanu
497 1928 972 1990 sectionevisum
997 1934 1122 2006 εει,
1141 1947 1292 2007 ergo
1313 1929 1651 1991 necessaria

150 2025 199 2068 ’ἲ
255 2023 444 2102 ‚regula
472 2023 620 2092 vivs,
653 2041 798 2102 quse
849 2023 930 2084 sit
968 2023 1158 2101 judex
1193 2023 1358 2085 circa
1397 2041 1649 2086 sensum

150 766 206 817 '213

150 2117 201 2162 s:
262 2119 455 2198 ptum,
487 2121 544 2176 et
565 2114 688 2176 alia
717 2115 914 2178 dubia
953 2117 1334 2194 emergentia
1349 2139 1368 2191 3
1391 2134 1518 2178 non
1541 2135 1649 2196 po-
1682 2140 1689 2147 ·

150 2200 198 2277 ‘³⁴³5
256 2242 259 2249 ·
283 2217 443 2272 autem
459 2210 681 2290 privata
705 2227 973 2289 persona
991 2227 1120 2270 esse
1140 2211 1282 2272 talis
1301 2210 1526 2289 judex3
1553 2228 1651 2272 er-

149 2297 195 2352 ii‘:
253 2302 772 2382 debetessepublica
799 2303 1018 2382 regula
1039 2321 1078 2363 a
1095 2303 1486 2364 Deostatuta.
1505 2303 1650 2364 Haec

159 2391 186 2434 ³-
230 2394 241 2413 ²
251 2397 272 2412 Α·
311 2397 462 2458 habet
473 2413 758 2468 magnum
765 2395 1248 2458 fundamentum
1263 2396 1330 2458 i'n
1342 2396 1648 2471 Patribus,

149 2503 196 2543 ιε’
310 2516 355 2543 s..
372 2489 512 2549 ·rtim
527 2488 716 2549 videri
738 2495 946 2568 potest
961 2488 1266 2562 Clemens,
1287 2490 1350 2550 in
1379 2489 1559 2570 epist.
1585 2494 1613 2551 1
1629 2536 1646 2564 ,

256 2584 464 2643 acriter
505 2581 820 2642 invehitur
873 2582 941 2642 in
967 2599 1091 2658 eos,
1142 2583 1252 2660 qui
1297 2588 1648 2644 controver-

153 2693 190 2732 ω,-
254 2708 269 2727 =.
291 2675 398 2736 fidei
417 2675 612 2735 volunt
634 2675 890 2753 proprio
911 2673 1452 2754 judicio-definire,
1479 2673 1644 2752 quod

150 2785 190 2846 >2:-
268 2796 276 2819 ι
317 2770 478 2828 entius
502 2767 746 2828 tradunt
759 2765 972 2828 Patres
995 2766 1646 2844 cireaiutelligentiam

175 2885 180 2892 ·
246 2860 578 2935 ἰιιιει-ιιιιι
623 2861 692 2920 in
739 2877 870 2940 quo
921 2860 1118 2921 videri
1165 2865 1365 2939 potest
1415 2861 1648 2968 optime

314 2953 524 3029 dlianus,
552 2953 627 3015 (1ε
653 2954 1002 3033 Proescript.
1025 2959 1191 3014 cont.
1209 2954 1460 3029 Hoeret„
1491 2961 1554 3014 et
1579 2954 1646 3014 in

250 3045 346 3104 de
373 3046 806 3107 Raeunectione
849 3047 1074 3121 «arnis,
1105 3046 1215 3107 ubi
1243 3047 1474 3125 optime
1497 3047 1649 3108 dicit

149 3166 178 3204 ς
252 3180 259 3187 1
294 3162 344 3189 κ·
393 3157 648 3200 essenon
679 3156 882 3216 posse,
907 3140 959 3199 si
987 3157 1114 3200 non
1155 3140 1344 3200 etiam
1379 3139 1651 3218 Scriptu-

151 3257 190 3284 ιι
267 3230 385 3290 male
419 3230 660 3310 intelligi
709 3237 1001 3310 possent,
1035 3237 1098 3293 et
1136 3231 1538 3310 Augustinus»,
1569 3230 1648 3298 de

238 3323 386 3384 tate
405 3324 696 3400 credendi,
719 3343 858 3404 cap.
894 3329 983 3388 7·
1021 3325 1142 3400 st,
1177 3323 1406 3403 inquit,
1444 3325 1511 3384 in
1551 3342 1647 3386 eos

149 3377 186 3486 3⁷.
259 3443 303 3469 1v
345 3419 430 3496 qui
473 3420 681 3492 sanati,
731 3424 792 3481 et
843 3420 1184 3480 divinorum
1219 3419 1646 3496 mysteriorum

150 3541 174 3570 .·
248 3546 261 3557 ι
286 3511 446 3587 ἀει,
467 3515 708 3590 &prope
733 3511 932 3574 totius
969 3512 1222 3573 humani
1248 3511 1487 3590 acueris
1511 3531 1646 3574 con-

159 3645 166 3658 .
281 3602 374 3664 'ose
394 3605 806 3683 diffamantur,
829 3604 958 3666 sine
997 3605 1144 3668 duce
1181 3604 1404 3681 irruis,
1425 3609 1481 3666 et
1517 3606 1648 3666 sine

150 3729 175 3765 z
270 3730 271 3733 ¹
326 3701 447 3758 tore
469 3699 638 3760 audes
664 3700 953 3776 proferro
979 3698 1358 3760 sententiam.

149 3848 164 3862 ,
269 3833 282 3846 .
317 3789 579 3853 Probatur
646 3792 926 3854 secundo.
956 3822 1040 3836 -
1062 3789 1294 3852 Deinde
1347 3789 1646 3870 probatur

150 3917 174 3950 ρ
237 3879 420 3945 ‘uenter
459 3883 753 3946 discursus
802 3884 1025 3946 factus.
1063 3885 1216 3946 Nam
1263 3884 1646 3964 experientia

260 3974 376 4034 adit
405 3977 540 4037 oriri
564 3977 722 4038 cirea
771 3977 1073 4056 mysteria
1101 3975 1247 4038 fidei
1275 3977 1478 4038 varias
1500 3995 1645 4039 con-

150 4109 160 4144 ‚.
240 4094 243 4117 ι
266 4068 496 4130 ersiasin
507 4069 793 4148 Ecclesia,
809 4075 1063 4150 propter
1077 4069 1510 4132 haereticorum
1531 4070 1648 4130 im-

160 4206 167 4217 2
281 4161 549 4238 unitatem,
571 4169 634 4225 et
660 4163 823 4243 ipsos
849 4161 1172 4226 haereticos
1187 4161 1354 4223 inter
1369 4181 1434 4224 se
1457 4165 1645 4224 etiam

256 4252 653 4317 dimideutes·
636 4301 656 4333 ,
705 4273 878 4334 ergo,
923 4256 1043 4316 nisi
1075 4257 1156 4318 sit
1193 4255 1404 4334 aliqua
1429 4255 1650 4335 regula

270 4343 496 4406 habens
521 4349 942 4410 auctoritatem
967 4348 1280 4411 statuendi
1323 4347 1473 4427 quid
1516 4365 1647 4410 cre-

202 4434 386 4498 dum
417 4439 506 4516 sit,
531 4441 910 4521 impossibile
937 4447 1029 4502 est
1057 4441 1407 4503 conservari
1443 4440 1644 4502 Eccle-

220 4545 310 4592 «ιιι
333 4550 452 4594 cum
489 4534 604 4595 fide
647 4553 840 4614 quam
886 4535 1201 4598 Christus
1183 4554 1251 4596 ιιι
1280 4553 1354 4596 ea
1376 4554 1508 4596 esse
1538 4553 1644 4598 vo-

230 4619 280 4681 st.
305 4623 559 4688 Probatur
585 4628 1045 4707 consequentia,
1090 4629 1318 4709 primo,
1359 4629 1530 4707 quia,
1573 4635 1644 4688 ut

177 4785 180 4790 ¹
222 4733 421 4778 cusum
445 4726 546 4796 εει,
585 4721 714 4784 sola
757 4723 1074 4803 Scriptura
1116 4729 1182 4786 et
1220 4723 1468 4785 traditio
1513 4741 1642 4784 non

218 4805 451 4888 fficinnt3
492 4813 628 4890 quia
671 4821 734 4876 et
773 4815 852 4876 de
911 4833 1120 4890 sensu,
1169 4821 1232 4876 et
1267 4815 1342 4876 de
1387 4816 1643 4878 certitu-

150 4895 304 4974 mlius,
327 4909 378 4961 et
398 4905 668 4981 qualitate
689 4906 940 4968 illarum
967 4914 1114 4969 sunt
1141 4907 1292 4987 poti
1273 4908 1474 4970 simae
1495 4927 1642 4970 eon-

150 4993 436 5056 troversiae.
463 4997 678 5062 Deinde
705 5019 832 5062 nou
857 5000 1172 5062 sufficiunt
1211 5001 1452 5080 privata
1472 5001 1639 5080 judi-

189 5083 256 5141 cia
273 5086 700 5154 dissentientium
741 5094 906 5154 iuter
944 5111 1030 5168 se,
1061 5094 1208 5172 quia
1235 5093 1336 5154 vel
1361 5101 1508 5154 sunt-
1531 5112 1639 5174 pa-

189 5175 268 5250 ria,
295 5179 372 5240 vel
391 5183 434 5242 si
455 5183 632 5247 altera
654 5204 794 5294 pars
825 5186 1120 5248 excedat
1105 5205 1172 5248 ιιι
1199 5187 1502 5265 sapientia
1525 5185 1641 5246 hu·

191 5285 340 5346 mana,
365 5277 444 5336 vel
469 5279 638 5340 etiam
678 5281 742 5340 in
781 5279 1078 5353 moribus,
1107 5280 1208 5345 vel
1231 5280 1372 5340 aliis
1399 5280 1640 5358 conjec

190 5363 319 5438 turis,
349 5385 454 5429 non
476 5374 838 5434 transcendit
866 5378 1066 5434 totum
1099 5373 1214 5436 boc
1236 5372 1639 5454 probabilita-

191 5453 281 5514 tein
311 5457 619 5540 humanam,
671 5473 734 5526 et
767 5466 854 5528 ita
897 5472 1098 5528 totum
1127 5465 1273 5528 fidei
1317 5466 1640 5546 negotium

193 5543 246 5604 ad
279 5546 554 5618 humanam
599 5559 944 5638 opinionem
991 5558 1328 5622 reducitur.
1364 5558 1641 5640 Denique

3176 412 3296 478 ¹53

1733 530 1957 584 neutra
1985 541 2129 603 pars
2150 522 2420 603 allegare
2446 528 2648 604 potest
2664 521 2958 604 spiritum
2978 521 3295 603 privatum

1733 616 2143 678 infallibiliter
2190 616 2602 696 dirigentem3
2649 622 2785 677 tum
2826 615 2973 694 quia
3004 615 3295 696 quaslibet

1733 718 1933 791 potest
1959 711 2078 774 hoc
2107 713 2309 776 dicere
2332 728 2354 790 3
2381 719 2445 774 ct
2469 730 2613 774 cum
2639 729 2798 790 soepe
2826 711 3297 774 contradictoria

1733 806 1964 879 dicant,
1997 825 2123 868 non
2152 812 2351 888 potest
2386 812 2647 885 utraque
2696 823 2823 868 esse
2853 823 2890 865 a
2924 803 3090 865 bono
3110 806 3294 886 spiri-

1733 906 1826 974 tu,
1856 918 2061 980 neque
2102 906 2195 962 est
2240 900 2439 980 major
2486 899 2644 960 ratio
2680 916 2792 959 cur
2824 898 2939 960 uni
2982 897 3289 974 credatur,

1735 1011 1922 1072 quam
1954 993 2156 1069 alteri,
2183 993 2329 1073 quia
2355 997 2576 1054 neutra
2608 991 2859 1054 exhibet
2884 991 3133 1071 aliquod
3163 1010 3292 1053 cer-

1733 1091 1867 1147 tum
1903 1087 2154 1166 signum
2198 1086 2361 1167 quod
2407 1104 2445 1146 a
2487 1084 2652 1146 bono
2679 1085 2899 1166 spiritu
2946 1089 3290 1160 moveatur,

1732 1185 2097 1242 cumtamen
2120 1178 2492 1259 generaliter
2528 1179 2836 1239 incertum
2866 1179 2945 1238 sit
2972 1175 3171 1256 qualis
3214 1176 3295 1237 sit

1731 1272 1870 1334 talis
1885 1273 2158 1353 spiritus,
2183 1272 2302 1334 nisi
2330 1289 2440 1352 per
2451 1272 2639 1334 aliam
2668 1271 2991 1333 certiorem
3010 1269 3289 1346 regulam

1731 1365 2140 1442 discernatur,
2181 1365 2509 1445 siquidem,
2532 1365 2802 1445 Anqelus
2820 1363 3077 1428 Satanae
3094 1369 3270 1424 trans

1730 1461 1967 1539 fiyurat
2010 1478 2070 1523 ss
2108 1460 2176 1520 in
2215 1459 2513 1538 Ampelum
2554 1458 2729 1521 lucis.
2776 1457 2851 1517 Et
2891 1455 3294 1517 confirmatur

1731 1551 2011 1628 tandem,
2063 1570 2211 1616 nam
2262 1552 2373 1631 qui
2408 1550 2783 1615 credendum
2836 1555 3015 1630 putat
3042 1555 3294 1628 propter

1729 1644 2087 1724 hujusmodi
2117 1645 2428 1724 privatum
2454 1643 2764 1722 spiritum,
2796 1661 2863 1704 re
2893 1641 3027 1722 ipsa
3055 1658 3293 1702 asseve-

1729 1743 1827 1800 rat
1855 1756 1919 1799 se
1964 1737 2194 1800 habere
2228 1737 2325 1800 vel
2368 1736 2643 1798 divinam
2686 1735 3147 1810 revelationem,
3190 1733 3292 1794 vel

1731 1832 2121 1896 infallibilem
2176 1831 2587 1894 assistentiam
2643 1830 2907 1911 Spiritus
2954 1828 3183 1890 Sancti.
3214 1829 3293 1890 0-

1729 1932 1930 2008 portet
1956 1943 2105 2005 ergo
2132 1932 2204 1985 ut
2244 1925 2529 1986 ostendat
2570 1923 2671 1984 vel
2714 1922 2987 2002 aliquam
3031 1923 3292 2002 promis·

1731 2021 1971 2082 sionem
1998 2020 2157 2098 ejuS,
2185 2018 2287 2080 vel
2297 2017 2553 2096 aliquod
2567 2016 2891 2090 indicium,
2916 2033 3025 2078 seu
3040 2017 3290 2094 signum

1731 2113 1922 2188 illius,
1956 2113 2174 2174 saltem
2206 2110 2523 2174 moraliter
2562 2115 2823 2172 certum.
2856 2110 3049 2170 Nemo
3078 2115 3290 2170 autem

1731 2207 1863 2268 sine
1886 2223 2117 2282 magna
2144 2205 2457 2266 dementia
2484 2203 2733 2268 credere
2758 2208 2956 2283 potest
2984 2220 3049 2264 se
3094 2201 3284 2264 babe-

1730 2317 1800 2361 re
1829 2298 2239 2362 assistentiam
2286 2297 2549 2377 Spiritus
2578 2297 2812 2374 Sancti,
2868 2300 2940 2357 ut
2983 2295 3193 2358 credat
3216 2314 3291 2358 ea

1733 2411 1870 2472 quae
1896 2398 2042 2454 sunt
2069 2393 2377 2454 contraria
2408 2390 2543 2450 aliis
2578 2389 2812 2468 regulis
2838 2389 3008 2467 fidei,
3042 2389 3141 2451 vel
3181 2389 3293 2452 ali-

1729 2486 1830 2547 cui
1857 2485 2091 2564 regulas
2120 2484 2220 2545 cui
2260 2483 2559 2563 promissa
2603 2489 2699 2545 est
2746 2483 2879 2546 baec
2918 2484 3290 2560 assistentia,

1729 2584 1803 2640 ut
1829 2578 2195 2640 videbimus.

1807 2674 1868 2737 5.
1912 2673 2359 2736 Han-eticorum
2382 2673 2687 2754 responsio
2716 2672 2797 2736 ad
2821 2673 3155 2752 superiores
3186 2689 3291 2736 ra-

1727 2768 1938 2830 tiones.
1968 2801 2048 2811 —
2073 2766 2487 2844 Impuqnatur
2522 2766 2747 2845 primo.
2771 2799 2851 2810 —
2893 2764 3183 2828 Secundo.
3208 2797 3291 2812 -·-

1734 2860 1961 2923 Teo-uo.
1988 2891 2072 2906 -
2098 2859 2246 2933 Quae
2280 2860 2553 2920 rationes
2583 2865 2644 2920 et
2674 2857 2811 2920 alise
2836 2857 3065 2920 similes
3111 2875 3292 2937 coge-

1728 2959 1877 3016 runt
1906 2952 2147 3031 aliquos
2178 2953 2504 3014 haereticos
2528 2950 2715 3030 hujus
2740 2950 3056 3031 temporis,
3086 2957 3157 3012 ut
3196 2951 3291 3012 di-

1727 3055 1934 3108 cerent
1964 3046 2076 3108 has
2103 3046 2547 3108 controversias
2571 3063 2699 3106 non
2726 3061 2903 3124 posse
2924 3063 3037 3124 per
3057 3051 3287 3106 certam

1727 3139 2009 3218 regulam
2038 3139 2310 3216 definiri,
2354 3157 2429 3201 ac
2477 3137 2741 3201 subinde
2784 3156 3290 3217 unumquemque

1729 3233 1956 3294 salvari
2000 3250 2171 3312 posse
2215 3231 2519 3294 credendo
2564 3251 2637 3294 ea
2672 3250 2813 3311 quae
2858 3230 2977 3291 sibi
3024 3231 3292 3310 Spiritus

1730 3324 1992 3387 Sanctus
2017 3325 2275 3387 interius
2300 3326 2525 3402 dictat3
2556 3323 2665 3386 sed
2696 3325 2815 3386 hoc
2852 3323 3159 3405 imprimis
3196 3341 3289 3386 re-

1725 3423 1967 3496 pugnat
2013 3418 2187 3480 omui
2236 3425 2418 3479 rectoe
2466 3419 2731 3495 rationi;
2771 3436 2919 3479 nam
2965 3416 3073 3478 illo
3105 3417 3290 3478 modo

1723 3510 1910 3572 datur
1954 3509 2153 3572 libera
2217 3509 2473 3573 licentia
2500 3521 2505 3528 ’
2532 3511 2825 3573 omnibus
2873 3509 3175 3572 haereticis
3229 3516 3292 3572 et

1725 3601 2153 3678 schismaticis,
2179 3613 2243 3664 et
2269 3603 2527 3666 infinitis
2557 3603 3060 3679 dissensionibus,
3092 3608 3155 3664 et
3182 3621 3290 3664 ne·

1727 3699 1989 3758 cessario
2006 3695 2245 3758 tollitur
2266 3697 2571 3758 certitudo
2596 3697 2663 3758 in
2688 3698 2978 3759 omnibus
2996 3715 3137 3777 quae
3162 3715 3293 3758 crc-

1726 3791 1963 3852 duntur
1973 3805 1994 3868 3
2026 3808 2199 3868 nam,
2236 3790 2379 3852 licet
2404 3791 2657 3854 fortasse
2692 3793 2759 3853 in
2780 3791 3095 3872 aliquibus
3123 3809 3289 3853 nunc

1725 3885 2099 3946 conveniant
2124 3903 2343 3948 omnes
2369 3884 2665 3947 Catholici
2708 3891 2771 3947 et
2799 3885 3095 3959 haeretici,
3131 3884 3289 3945 illud

1727 3982 1819 4040 est
1866 3976 2351 4040 accidentarium
2368 4000 2386 4053 ;
2430 3997 2565 4039 cras
2610 3979 2777 4041 enim
2835 3984 3123 4058 poterunt
3176 3977 3291 4038 ali·

1727 4070 1833 4149 qui
1865 4069 2213 4146 dissentire,
2242 4077 2306 4132 et
2332 4071 2651 4150 proprium
2683 4070 2970 4150 spiritum
2994 4070 3281 4148 allegare,

1727 4163 1886 4224 sicut
1911 4163 2189 4224 haeretici
2214 4164 2321 4242 qui
2352 4181 2519 4226 nunc
2546 4169 2719 4239 sunt,
2746 4169 2893 4224 ante
2920 4180 3149 4242 paucos
3176 4181 3291 4223 an-

1729 4273 1842 4316 nos
1865 4255 2165 4316 fecerunt.
2203 4256 2437 4318 Deinde
2479 4261 2788 4336 repugnat
2823 4255 3157 4334 Scripturis
3196 4253 3289 4316 di?-

1727 4346 2009 4409 centibus
2028 4347 2161 4410 sine
2182 4367 2331 4410 vera
2359 4347 2480 4410 fide
2522 4348 2837 4410 neminem
2871 4366 3049 4428 posse
3090 4348 3286 4410 salva-

1725 4441 1779 4502 ri
1801 4456 1820 4518 3
1850 4439 2003 4502 fides
2030 4447 2239 4504 autem
2263 4441 2587 4504 contrariae
2616 4460 2743 4503 non
2768 4447 3027 4521 possunt
3048 4459 3175 4504 esse
3210 4441 3291 4502 si-

1724 4534 1857 4596 mul
1906 4553 2109 4610 verae3
2177 4553 2324 4614 ergo
2368 4541 2593 4597 neutra
2635 4543 2839 4616 posset
2876 4534 3157 4598 sufficere
3206 4534 3287 4596 ad

1723 4628 2011 4704 salutem,
2065 4629 2230 4708 quod
2276 4631 2463 4690 etiam
2510 4628 2845 4708 Scripturis
2894 4634 2956 4691 et
3007 4626 3289 4691 Patribus

1723 4723 1995 4783 maxime
2028 4728 2358 4802 repugnat.
2391 4722 2681 4802 Sequitur
2720 4723 2910 4784 etiam
2950 4729 3128 4784 extra
3174 4722 3289 4782 Ec-

1725 4815 1977 4877 clesiam
2011 4833 2143 4876 esse
2170 4814 2461 4893 salutem,
2494 4816 2641 4895 quia
2677 4815 2783 4876 ubi
2806 4834 2952 4877 vera
2978 4815 3133 4876 fides
3160 4832 3287 4876 non

1725 4915 1840 4984 est,
1875 4927 2077 4988 neque
2118 4909 2305 4970 etiam
2340 4915 2435 4970 est
2459 4909 2746 4972 Ecclesia.
2778 4910 3055 4990 Denique
3086 4907 3287 4989 sequi·

1721 5007 1826 5064 tur
1849 5002 1984 5064 sine
2010 5001 2245 5064 auxilio
2274 5002 2538 5080 Spiritus
2561 5003 2770 5064 Sancti
2794 5021 2973 5084 posse
3012 5002 3286 5081 aliquem

1721 5095 1970 5156 credere
2014 5094 2176 5156 sicut
2222 5101 2463 5176 oportet
2478 5112 2499 5172 3
2540 5097 2688 5174 quia
2734 5096 2997 5175 Spiritus
3026 5095 3289 5158 Sanctus

1721 5205 1848 5248 non
1876 5187 2119 5267 praebet
2144 5189 2449 5250 auxilium
2488 5189 2567 5249 ad
2612 5188 2837 5250 falsum
2882 5185 3283 5250 credendum.

1720 5280 1997 5342 Tandem
2037 5287 2345 5362 repugnat
2382 5283 2651 5344 maxime
2696 5281 2801 5342 ille
2840 5299 3014 5344 error
3054 5280 3285 5341 divinae

1719 5373 2161 5454 providentiae3
2183 5393 2329 5437 uam
2358 5376 2517 5436 Deus
2534 5373 2830 5455 praecepit
2852 5375 2919 5434 in
2944 5390 3059 5434 sua
3080 5371 3286 5434 Eccle-

1721 5465 1814 5528 sia
1835 5485 1967 5530 esse
1992 5485 2175 5530 unam
2202 5468 2406 5544 fide-m,
2448 5467 2669 5546 Ephes.
2705 5467 2767 5542 4,
2819 5475 2883 5528 et
2928 5465 3099 5527 illam
3154 5481 3286 5526 esse

1720 5567 1948 5624 certam
1956 5606 1976 5639 ,
2002 5559 2311 5640 simulque
2336 5560 2531 5622 voluit
2566 5559 2727 5622 hauc
2774 5557 3107 5622 Ecclesiam
3156 5575 3286 5624 csse
