3900 6217
565 276 690 337 278

563 382 741 443 nium
787 398 946 442 verae
989 379 1284 441 doctrinm
1325 379 1636 459 praecipue
1682 376 1841 455 dari,
1877 397 2015 459 quae
2040 385 2132 439 ta-

567 493 714 537 men
733 475 897 535 dona
925 474 988 535 in
1017 473 1136 535 hac
1163 472 1292 535 sola
1337 473 1602 535 Ecclesia
1633 492 1775 535 vere
1800 481 1863 534 et
1886 474 2132 552 proprie

565 568 848 647 reperiri,
879 567 986 627 illa
1018 566 1174 645 disp.
1203 568 1244 627 4
1284 567 1358 629 de
1389 567 1794 628 credibilitate
1831 568 1997 641 fidei,
2038 585 2131 627 os-

565 661 902 723 tendimus
929 660 1134 721 Utitur
1163 678 1308 721 vero
1341 659 1457 719 hoc
1500 667 1868 739 argumento
1895 660 2132 739 Augus·

570 757 760 830 tinus,
790 756 976 815 citato
1021 773 1156 834 cap.
1189 755 1230 814 ὁ
1257 760 1472 819 contra
1511 753 1848 834 Epistolam
1893 755 2133 817 Funda-

569 851 790 913 menti.
1437 904 1442 909 .

650 944 749 1004 10.
774 940 1004 1007 Octava
1027 959 1102 1005 ex
1124 942 1352 1023 optima
1368 942 1790 1025 puber-notione
1803 944 2125 1007 Ecclesioe.

566 1070 649 1085 -—
679 1038 1106 1117 Confirmat-ur.
1141 1068 1222 1083 -
1253 1038 1480 1101 Octava
1523 1037 1681 1098 ratio
1723 1038 1885 1099 sumi
1929 1042 2129 1115 potest

570 1150 648 1195 ex
670 1131 907 1211 optimo
947 1131 1163 1193 ordine
1210 1137 1271 1191 et
1313 1130 1760 1209 gubernatione
1806 1129 2089 1193 Ecclesioe
2106 1146 2127 1208 ;

567 1223 898 1305 probatum
927 1224 1100 1285 enim
1125 1242 1310 1304 supra
1340 1231 1454 1299 est,
1517 1224 1584 1283 in
1611 1230 1756 1285 sect.
1804 1226 1865 1301 5,
1923 1242 2132 1285 veram

570 1316 794 1383 Christi
853 1316 1186 1381 Ecclesiam
1237 1336 1366 1379 esse
1395 1334 1618 1396 corpus
1663 1317 2026 1394 organicum
2068 1321 2131 1377 et

571 1411 802 1489 optime
843 1410 1272 1490 compositum,
1317 1410 1736 1489 membrisque
1769 1409 2131 1472 distinctum

519 1525 524 1529 ·
573 1512 635 1567 et
689 1505 1078 1580 ordinatum,
1132 1524 1268 1584 quoe
1321 1505 1573 1585 quidem
1618 1504 1831 1565 omnia
1875 1504 1942 1565 in
1990 1503 2126 1580 hac,

572 1615 762 1679 quam
787 1597 1248 1672 confirmamus,
1277 1597 1545 1659 Ecclesia
1564 1599 1958 1677 reperiuntur
1982 1616 1999 1671 ;
2026 1596 2135 1657 alii

572 1706 846 1770 namque
883 1692 948 1751 iu
977 1709 1050 1755 ea
1073 1697 1217 1753 sunt
1257 1690 1542 1770 Episcopi
1581 1696 1642 1751 et
1687 1696 1996 1769 pastores,
2028 1688 2135 1749 alii

574 1787 784 1845 autem
808 1798 981 1861 oves3
1016 1783 1272 1861 quidam
1297 1790 1441 1843 sunt
1470 1782 1846 1855 SacerdoteS,
1875 1782 2132 1861 quidam

570 1894 718 1937 vcro
742 1875 882 1937 laici
905 1892 926 1951 3
973 1875 1096 1937 alia
1122 1881 1215 1937 est
1241 1875 1644 1937 ecclesiastica
1693 1882 1981 1955 potestaS,
2009 1874 2133 1935 alia

572 1968 808 2031 civilis:
839 1968 1000 2031 varii
1028 1968 1299 2048 denique
1325 1976 1469 2029 sunt
1498 1968 1726 2047 gradus
1751 1976 1814 2029 et
1849 1968 2129 2047 ordines;

573 2080 787 2125 omnes
813 2082 992 2143 porro
1013 2082 1208 2123 unum
1227 2068 1574 2143 agnoscunt
1601 2068 1851 2143 caput,a
1873 2081 1997 2141 quo
2030 2080 2133 2141 ge-

571 2156 848 2241 neralem
880 2154 1268 2217 influentiam
1301 2157 1612 2236 recipiunt
1660 2172 1676 2215 z
1719 2163 1862 2215 sunt
1911 2163 2131 2236 praete·

570 2266 678 2313 rea
703 2252 766 2311 in
792 2249 909 2311 hac
935 2250 1068 2329 ipsa
1109 2248 1378 2311 Ecclesia
1409 2247 1632 2309 diversi
1671 2248 1763 2309 illi
1803 2249 2132 2311 hominum

573 2350 784 2415 status,
817 2360 968 2421 quos
996 2343 1174 2403 divus
1211 2343 1539 2424 Dionysius
1566 2349 1628 2403 et
1671 2345 1882 2405 Patres
1919 2343 2027 2404 alii
2064 2344 2133 2403 in

573 2453 724 2498 vera
771 2435 992 2497 Christi
1058 2434 1328 2497 Ecclesia
1372 2435 1812 2496 distinxerunt.
1866 2436 2131 2512 Quidam

571 2529 742 2589 enim
793 2530 1113 2590 communi
1168 2529 1268 2588 via
1314 2529 1749 2589 mandatorum
1809 2528 2129 2599 incedunt,

571 2622 824 2701 quidam
854 2621 1246 2701 perfectiouis
1269 2622 1434 2681 viam
1471 2620 1858 2701 piofitentur,
1878 2621 2131 2701 quidam

577 2716 842 2797 denique
871 2716 938 2777 in
968 2719 1376 2795 perlectorum
1413 2724 1575 2777 statu
1609 2723 1753 2777 suut
1785 2717 2133 2791 constituti,

573 2816 879 2873 eteorum
913 2828 1172 2871 munera
1200 2818 1508 2871 exercent.
1541 2811 1606 2871 ln
1637 2828 1778 2871 vera
1809 2810 1995 2870 etiam
2028 2810 2134 2869 Ec·

573 2902 754 2965 clesia
795 2903 1062 2966 inveniri
1107 2902 1335 2981 debent
1362 2904 1618 2983 templa,
1649 2902 1971 2980 sacrificia,
2002 2921 2139 2963 ora-

569 2998 770 3057 tiones
796 2995 1059 3076 publicae
1094 3003 1154 3055 et
1185 2999 1470 3075 privatae,
1503 3013 1644 3076 quae
1671 2996 1884 3057 omnia
1913 2997 1980 3055 in
2023 2996 2141 3056 Ro·

571 3107 762 3161 mana
815 3088 1083 3157 Ecclesia
1137 3089 1562 3151 decentissime
1627 3090 1962 3149 constituta
2010 3105 2137 3149 esse

571 3189 811 3243 constat
826 3181 1172 3243 manifeste.
1205 3182 1438 3257 Quibus
1459 3183 1749 3245 omnibus
1771 3182 1989 3243 orbata
2008 3199 2137 3243 esse

571 3273 1009 3355 haereticorum
1062 3275 1522 3343 conventicula.
1573 3275 1963 3355 manifestius
2018 3282 2133 3351 est,

573 3385 762 3449 quam
793 3375 862 3429 ut
889 3368 951 3429 id
979 3368 1179 3429 verbis
1202 3370 1280 3429 sit
1308 3368 1825 3449 prosequendum.
1861 3368 2012 3429 Illud
2045 3375 2137 3431 ta·

571 3478 720 3535 men
759 3462 1064 3541 praecipue
1101 3461 1558 3523 observandum
1607 3468 1722 3535 est,
1765 3460 1932 3540 quod
1983 3462 2138 3523 Tur-

573 3553 766 3629 rian.,
799 3554 865 3615 in
885 3572 995 3613 suo
1021 3553 1178 3615 libro
1202 3552 1278 3615 de
1301 3555 1594 3627 Ecclesia,
1613 3554 1906 3618 latissime
1922 3560 2138 3613 contra

571 3644 890 3721 haereticos
921 3653 1125 3725 urget,
1153 3648 1493 3709 necessario
1521 3647 1840 3709 fatendum
1867 3646 1987 3707 illis
2008 3665 2137 3707 esse

574 3756 782 3811 carere
809 3756 874 3799 se
897 3740 1058 3799 veris
1086 3739 1398 3819 Episcopis
1421 3748 1484 3799 et
1511 3738 1881 3819 pastoribus,
1903 3747 1967 3799 et
1994 3757 2137 3799 con·

574 3838 903 3913 sequenter
949 3850 1096 3893 vera
1142 3831 1435 3905 Ecclesia,
1483 3850 1622 3911 quae
1663 3831 1799 3893 sine
1837 3831 2137 3910 Episcopo

573 3943 705 3987 esse
727 3925 902 3986 nullo
928 3926 1108 3987 modo
1135 3931 1356 4005 potest,
1388 3932 1459 3985 ut
1483 3927 1850 4007 CyprianuS,
1882 3924 2040 3985 libro
2072 3928 2133 3999 4,

570 4018 830 4101 epistola
860 4022 898 4081 4
924 4063 941 4091 ‚
967 4024 1028 4079 et
1055 4020 1473 4099 Hieronymus
1517 4026 1737 4079 contra
1762 4017 2133 4081 Luciferian.

569 4118 739 4189 recte
765 4110 1134 4187 confirmat3
1173 4130 1320 4173 nam
1349 4130 1501 4189 grex
1531 4117 1774 4192 pastore
1810 4110 2139 4171 destitutus

571 4205 737 4267 illico
768 4204 951 4284 perit,
977 4204 1155 4267 Joau.
1197 4206 1273 4265 ⁴0
1296 4212 1358 4265 et
1399 4207 1586 4265 Marc.
1625 4208 1726 4278 14,
1767 4222 1844 4264 ex
1881 4204 2135 4264 Zacliar.

573 4298 672 4375 13.
725 4297 1006 4377 Episcopi
1054 4303 1263 4357 autem
1311 4304 1458 4357 sunt
1511 4297 1792 4358 Ecclesiae
1842 4304 2138 4377 pastores,

569 4390 827 4454 Joannis
855 4389 1106 4464 ultimo,
1148 4392 1443 4451 Actorum
1473 4392 1575 4465 20,
1603 4396 1664 4449 et
1695 4391 1768 4451 ad
1808 4390 2031 4469 EpheS.
2074 4393 2135 4451 4.

570 4484 711 4549 Jam
741 4483 902 4561 quod
943 4482 1108 4543 inter
1141 4482 1482 4559 haereticOS,
1509 4484 1816 4563 praecipue
1841 4502 1880 4542 a
1919 4483 2140 4545 Luthe·

570 4594 664 4651 το,
693 4593 763 4635 ac
792 4574 1098 4655 deinceps,
1131 4575 1290 4637 nulli
1317 4577 1442 4637 sint
1476 4576 1607 4637 veri
1645 4577 1924 4657 Episcopi
1961 4576 2139 4655 liqui·

572 4668 653 4729 do
687 4674 929 4729 constat
969 4674 1014 4740 ¹,
1045 4668 1194 4747 quia
1220 4667 1430 4729 nullus
1460 4675 1550 4730 est
1574 4686 1755 4729 verus
1785 4669 2137 4749 Episcopus,

572 4759 695 4821 nisi
719 4760 830 4839 qui
857 4760 1189 4840 Apostolis,
1221 4763 1460 4823 ratione
1500 4764 1837 4840 potestatiS,
1877 4762 2135 4837 ordiniS,

573 4869 682 4913 seu
725 4854 1226 4928 consecrationiS,
1282 4854 1380 4914 vel
1431 4856 1619 4915 etiam
1665 4853 2137 4933 jurisdictioniS,

571 4944 839 5005 succedit
867 4961 888 5022 3
951 4952 1215 5024 utroque
1280 4951 1488 5006 autem
1551 4946 1738 5007 modo
1793 4946 2141 5007 succeditur

572 5037 879 5119 Apostolis
906 5038 973 5099 in
995 5038 1261 5101 Ecclesia
1289 5040 1570 5101 Romana
1586 5056 1607 5118 ;
1639 5058 1764 5101 non
1795 5040 1949 5103 item
1977 5042 2141 5102 inter

661 5226 1080 5291 ¹Consulatur
1125 5234 1340 5289 auctor
1399 5228 1476 5291 de
1521 5230 1771 5305 Posuit„
1821 5228 1981 5309 disp.
2031 5230 2133 5305 ⁴6,

572 5327 718 5383 sect.
770 5323 831 5395 3,
877 5340 943 5381 n.
983 5321 1084 5394 30,
1113 5327 1177 5381 et
1203 5320 1266 5381 d.
1299 5324 1378 5383 25
1412 5344 1427 5393 3
1460 5320 1536 5383 de
1567 5323 1848 5398 Censur.,
1878 5323 2035 5402 disp.
2072 5328 2135 5397 1,

572 5421 720 5479 sect.
754 5414 792 5475 2
807 5429 830 5491 ς
860 5414 926 5475 in
953 5412 1194 5475 Defens.
1223 5410 1390 5490 fidei,
1419 5412 1529 5476 lib.
1569 5416 1630 5492 3,
1666 5434 1706 5477 a
1727 5434 1782 5479 c.
1813 5421 1872 5480 6.

1761 279 1997 331 DlSPUT.
2033 280 2117 331 IX.
2154 280 2235 331 DE
2268 280 2578 335 Ecctsssu.

2212 378 2323 441 hos
2348 380 2703 459 haereticos;
2738 380 2969 443 etenim
2993 381 3341 461 Episcopus,
3376 386 3555 463 quoad
3592 408 3707 451 con-

2212 475 2615 535 secrationem
2642 480 2705 537 et
2734 474 3020 535 ordinem
3060 474 3367 554 Apostolis
3388 482 3523 539 tuuc
3540 498 3707 541 succe-

2213 568 2326 642 dit,
2352 586 2493 629 cum
2516 567 2617 627 vel
2649 567 2729 628 ab
2754 567 2927 647 ipsis,
2962 566 3059 627 vel
3088 566 3169 627 ab
3196 568 3269 629 iis
3302 586 3442 647 quos
3478 572 3579 650 ipsi
3597 592 3709 635 con-

2212 667 2553 735 sec-rerunt,
2578 665 2691 720 aut
2716 659 2996 739 proxime
3024 666 3085 721 et
3106 659 3469 734 immediate,
3493 670 3588 723 aut
3610 684 3711 727 me-

2212 754 2400 829 diate,
2423 760 2485 814 et
2504 772 2613 834 per
2630 753 3163 815 consecrationum
3180 755 3619 833 successionem,
3636 778 3715 821 or-

2212 847 2459 909 dinatus
2502 852 2613 907 est.
2646 846 2927 908 Christus
2960 846 3129 909 enim
3176 847 3493 925 Apostolis,
3538 856 3593 911 et
3630 854 3715 931 qui
3795 868 3796 921 l

2211 939 2335 1002 illis
2358 940 2778 1013 succederent,
2804 939 3203 1001 consecrandi
3230 940 3471 1003 tradidit
3500 950 3715 1022 potesta·
3795 936 3796 941 ’

2210 1043 2337 1097 tem
2360 1041 2430 1095 ut
2456 1034 2561 1112 huj
2570 1032 2815 1095 usmodi
2830 1032 3168 1093 traditione
3190 1038 3251 1093 et
3270 1036 3616 1097 successione
3639 1056 3716 1099 ve-

2210 1147 2347 1191 rum
2394 1126 2679 1189 Ecclesiae
2718 1127 2997 1206 regimen
3036 1132 3439 1205 permaneret.
3481 1128 3633 1191 Unde
3672 1140 3717 1193 et

2214 1221 2438 1283 Paulus
2465 1222 2619 1301 ipse,
2655 1220 2763 1299 qui
2796 1219 3154 1281 immediate
3182 1238 3221 1279 a
3250 1219 3480 1281 Christo
3514 1231 3719 1285 vocatus

2214 1320 2327 1389 est,
2360 1333 2469 1393 per
2508 1332 2686 1375 veros
2714 1312 3125 1375 nihilominus
3152 1312 3423 1377 Ecclesiae
3458 1315 3721 1379 ministros

2214 1415 2277 1471 et
2315 1409 2701 1488 Baptismum
2740 1413 2803 1467 et
2849 1405 3141 1469 Ordinem
3174 1408 3457 1487 suscepit,
3498 1416 3562 1469 ut
3587 1418 3723 1488 patet

2214 1506 2507 1564 Actorum
2530 1503 2571 1563 9
2598 1507 2661 1561 et
2692 1502 2788 1574 13,
2814 1506 2876 1561 et
2906 1500 2983 1561 ad
3012 1497 3147 1561 Gal.
3184 1504 3239 1561 1.
3258 1500 3539 1563 Similiter
3560 1502 3627 1563 de
3644 1522 3724 1583 po-

2214 1600 2431 1657 testate
2452 1592 2901 1675 jurisdictionis
2940 1591 3319 1655 censendum
3348 1600 3437 1654 est
3490 1612 3506 1656 z
3556 1599 3723 1657 omnis

2217 1690 2386 1749 enim
2416 1686 2753 1766 spiritualis
2794 1692 2856 1747 et
2884 1685 3289 1747 ecclesiastiea
3328 1686 3649 1765 jurisdictio
3674 1690 3721 1751 in

2216 1780 2521 1861 Apostolis
2551 1780 2842 1853 fuit,sivc
2876 1798 3092 1843 omnes
3121 1780 3213 1840 illi
3254 1798 3391 1843 eam
3416 1781 3726 1845 immediate

2214 1895 2251 1937 a
2280 1876 2519 1939 Christo
2548 1875 2903 1949 habuerint,
2948 1875 3079 1935 sive
3114 1874 3279 1935 solus
3310 1876 3531 1941 Petrus.
3560 1882 3614 1937 et
3640 1878 3723 1939 alii

2213 1988 2323 2049 per
2361 1970 2564 2049 ipsum
2595 1970 2758 2049 quod
2791 1969 2941 2031 alibi
2968 1969 3409 2049 disputandum
3442 1978 3525 2029 est
3558 1976 3597 2029 ¹.
3619 1972 3725 2033 Jam

2211 2064 2407 2143 igitur
2462 2064 2635 2124 nulla
2692 2082 2822 2123 esse
2896 2070 3099 2142 potest
3154 2063 3508 2142 episcopalis
3562 2064 3726 2141 digni-

2215 2164 2309 2219 tas
2338 2164 2401 2219 et
2438 2156 2633 2234 sedes,
2664 2157 2785 2217 nisi
2826 2174 2963 2235 quae
3000 2156 3101 2217 vel
3147 2156 3229 2217 ab
3264 2154 3551 2234 Apostolis
3587 2158 3722 2235 ipsis,

2216 2251 2315 2312 vel
2342 2252 2421 2311 ab
2446 2249 2714 2312 habente
2740 2249 3157 2329 Apostolicam
3200 2255 3568 2328 potestatem,
3590 2251 3727 2311 insti·

2213 2352 2351 2407 tuta
2377 2353 2491 2421 cst,
2522 2353 2583 2407 et
2606 2344 2685 2405 ab
2714 2346 2801 2405 eis
2828 2338 3509 2423 legitima'successione
3528 2345 3728 2405 descen-

2214 2442 2343 2516 dit;
2376 2440 2731 2517 hujusmodi
2776 2445 2985 2499 autem
3014 2455 3147 2499 esse
3186 2455 3289 2498 eos
3318 2438 3617 2516 Epist-opos
3644 2438 3727 2516 qui

2214 2535 2279 2594 in
2310 2532 2577 2595 Ecclesia
2608 2534 2895 2595 Romana
2923 2536 3091 2605 sunt,
3117 2538 3182 2591 et
3204 2549 3314 2609 per
3339 2548 3403 2589 se
3426 2531 3579 2604 satis,
3604 2537 3727 2591 etex

2212 2624 2631 2705 superioribus
2654 2627 2843 2687 etiam
2868 2624 3094 2703 liquet3
3132 2624 3299 2685 inter
3328 2622 3623 2683 haereticos
3643 2642 3726 2683 au·

2216 2724 2343 2779 tem
2376 2735 2497 2777 non
2532 2718 2725 2777 creari
2752 2735 2930 2777 veros
2972 2717 3306 2795 Episcopus
3346 2722 3567 2777 constat
3578 2732 3596 2791 ;
3626 2722 3727 2777 tum

2219 2811 2363 2889 quia
2392 2818 2563 2871 anta
2591 2811 2751 2871 veris
2789 2810 3107 2889 Epist-opis
3152 2828 3281 2869 non
3326 2820 3725 2882 emmeramni,

2220 2911 2328 2963 aut
2356 2920 2565 2963 veram
2617 2904 2921 2965 rationem
2972 2901 3335 2981 hujusmodi
3384 2903 3727 2963 consecratio·

2219 2997 2315 3055 nis
2337 3014 2459 3055 non
2488 3003 2775 3070 servaut3
2813 3002 2947 3055 tum
2986 2997 3133 3073 quia
3172 3012 3367 3055 novas
3406 2993 3514 3073 ipsi
3540 2996 3723 3072 episco-

2218 3087 2385 3169 pales
2410 3090 2581 3149 sedes
2608 3088 2725 3148 sibi
2752 3094 3109 3159 erexerunt,
3140 3105 3285 3165 quae
3336 3105 3601 3166 nuuqum
3634 3105 3717 3147 an-

2216 3190 2320 3241 tea
2360 3180 2439 3240 ad
2482 3198 2615 3242 eam
2649 3182 3019 3260 dignitatem
3054 3180 3308 3241 fuerant
3342 3187 3569 3241 erectae.
3604 3180 3725 3253 Lege

2216 3273 2510 3335 Turriau.
2538 3292 2748 3353 supra,
2780 3279 2843 3335 et
2868 3275 3117 3333 Petrum
3138 3273 3271 3335 Sot.
3304 3271 3371 3332 in
3396 3272 3729 3333 Confessioue

2219 3366 2569 3441 catholica„
2604 3385 2657 3427 c.
2710 3368 2788 3427 62
2814 3382 2835 3444 3
2892 3366 3180 3441 Lindan.,
3232 3370 3299 3429 in
3350 3366 3639 3446 panoplia,
3678 3364 3733 3423 li·

2218 3460 2329 3521 bro
2354 3462 2415 3535 4,
2446 3480 2503 3521 c.
2526 3462 2625 3522 81.
2663 3462 2752 3521 Ad
2780 3461 2939 3521 hanc
2962 3462 3297 3536 rationem,
3328 3480 3461 3541 quae
3484 3460 3733 3521 nimirum

2219 3571 2296 3614 ex
2342 3554 2577 3633 optimo
2628 3554 2847 3614 ordine
2896 3560 2959 3614 et
3002 3553 3453 3631 gubernatione
3498 3552 3737 3618 Ecclesiae

2218 3649 2509 3722 sumitur,
2568 3647 3087 3721 confirmandam,
3140 3648 3355 3709 valent
3403 3663 3473 3709 ea
3510 3663 3632 3725 quae
3678 3643 3738 3705 de

2217 3740 2599 3818 temporibus
2658 3739 2893 3801 Juliani
2939 3740 3251 3819 Apostatae
3298 3739 3563 3801 historice
3612 3735 3739 3797 refe·

2216 3839 2385 3905 runt,
2418 3833 2548 3911 qui,
2581 3838 2650 3892 ut
2676 3831 2983 3893 idolorum
3014 3832 3257 3893 cultum
3280 3839 3343 3895 et
3378 3831 3587 3893 falsam
3610 3846 3732 3908 gea-

2217 3925 2377 3985 tium
2404 3930 2630 3985 sectam
2655 3925 3071 4004 persuaderet,
3096 3931 3429 3985 sectatores
3455 3941 3585 3985 suos
3604 3920 3738 3981 ordi-

2218 4036 2362 4079 nem
2406 4023 2469 4079 et
2516 4020 2798 4097 regimen
2847 4019 3132 4079 Ecclesiae
3186 4016 3500 4099 catholicae
3544 4012 3741 4075 imitari

2218 4111 2645 4193 persuadebat.
2680 4112 2834 4173 Vide
2862 4112 3143 4193 Niceph.‚
3176 4111 3341 4173 libro
3382 4111 3629 4184 decim0,
3662 4125 3740 4167 ca-

2221 4206 2347 4285 pite
2374 4205 2675 4283 vigesimo
2694 4206 2919 4284 primo.

2305 4303 2401 4359 Η.
2420 4298 2604 4362 Nona
2623 4300 2902 4379 procacio
2920 4318 2994 4363 ex
3006 4299 3277 4382 leqitimo
3306 4317 3425 4363 usu
3440 4311 3741 4361 sacramen-

2220 4392 2733 4456 torum—Noua
2764 4393 2922 4453 ratio
2963 4394 3099 4454 erui
3138 4399 3341 4471 potest
3380 4410 3457 4453 ex
3500 4391 3741 4467 legitimo

2222 4504 2337 4547 usu
2392 4495 2915 4547 sacramentorum
2943 4508 2960 4562 3
3003 4488 3291 4565 quamvis
3330 4486 3496 4547 enim
3526 4481 3743 4562 quibus·

2220 4578 2365 4639 dam
2396 4578 2721 4639 Catholicis
2762 4579 3045 4641 videatur
3069 4580 3233 4641 hanc
3262 4585 3471 4641 notam
3514 4592 3629 4635 nou
3656 4589 3739 4631 re·

2220 4672 2385 4751 quiri
2406 4672 2469 4731 in
2489 4690 2635 4733 vera
2664 4672 2967 4747 Ecclesia3
2990 4691 3137 4733 nam
3171 4680 3447 4751 tempore
3458 4664 3743 4749 Cypriani,

2220 4750 2360 4843 qu'ae
2383 4764 2448 4825 in
2477 4764 2685 4826 Africa
2704 4772 2861 4839 erat,
2880 4772 3264 4827 sacramento
3290 4764 3578 4843 Baptismi
3610 4759 3739 4819 abu·

2220 4855 2491 4933 tebatur,
2524 4856 2989 4936 rebaptizando,
3028 4858 3289 4933 scilicet,
3336 4856 3655 4935 baptizatos
3678 4848 3741 4909 ab

2220 4948 2541 5024 haerctifl‘s²
2568 4967 2713 5011 cum
2762 4956 2973 5011 tamen
3014 4950 3105 5011 ibi
3155 4969 3303 5013 vera
3342 4950 3621 5011 existeret
3650 4944 3745 5005 Ec·

2219 5041 2427 5117 clesia,
2458 5049 2529 5102 ut
2570 5042 2949 5122 Augustinus
2977 5044 3087 5117 ait,
3120 5042 3281 5105 libro
3308 5048 3477 5105 sexto
3510 5040 3582 5101 de
3608 5038 3743 5113 Bap-

2219 5134 2426 5209 tism0,
2470 5135 2670 5215 capite
2714 5137 2981 5215 septimo
2992 5150 3015 5212 ;
3058 5136 3493 5215 Hieronymus,
3554 5134 3741 5191 contra

2218 5414 2271 5477 A
2330 5324 2347 5359 ¹
2380 5319 2745 5475 Colnsulatur
2824 5320 3011 5385 etiam
3062 5320 3441 5397 salmes-on„
3496 5318 3563 5379 iu
3612 5314 3742 5377 Acta

2270 5426 2449 5497 posto
2476 5458 2493 5475 .
