3900 6217
566 368 683 429 {58
1040 373 1282 427 msPUT.
1314 374 1372 427 V.
1408 374 1489 427 nt:
1522 374 1782 429 REGUUS
1813 370 2035 437 Qtissus
2067 374 2230 429 mum
2263 376 2573 429 omi-:crunt
2607 372 3116 443 mutuaturum,
3147 376 3283 430 ETC.

562 473 695 535 lent
716 482 924 535 autem
944 474 1063 535 tria
1089 490 1316 553 genera
1338 474 1752 537 conciliorum
1778 474 2078 555 distingui
2103 493 2120 538 ι

565 565 850 646 quaedam
880 568 1049 629 enim
1076 567 1197 629 dici
1225 574 1483 647 possunt
1512 568 1969 649 specialissima,
2012 588 2122 630 seu

562 659 934 735 dioecesana,
984 667 1048 722 et
1102 667 1247 722 sunt
1272 660 1509 741 Synodi
1556 680 1695 741 quae
1738 663 1803 723 in
1857 662 2122 741 singulis

564 752 1027 833 Episcopatibus
1073 762 1550 834 congregantur,
1582 756 1650 817 in
1684 756 1907 834 quibus
1957 774 2121 817 unus

561 852 809 907 tantum
858 848 1191 927 Episcopus
1232 854 1452 927 praeest
1494 853 1556 909 et
1604 848 1929 910 inferiores
1985 850 2126 910 Pas·

562 944 725 1001 tores
758 958 900 1001 cum
934 938 1039 1000 illo
1068 940 1469 1016 conveniunt,
1506 941 1585 1003 de
1608 940 1835 1021 quibus
1861 942 2125 1021 loquun-

564 1040 669 1096 tur
697 1036 895 1115 aliqui
926 1054 1192 1121 canones
1222 1035 1289 1097 in
1318 1038 1592 1112 Decret0,
1629 1037 1900 1099 distinct.
1936 1038 2037 1111 18,
2063 1042 2125 1098 et

562 1126 902 1189 Concilium
916 1128 1377 1205 Tridentinum‚
1404 1148 1549 1191 sess.
1586 1132 1688 1207 24,
1706 1148 1839 1210 cap.
1865 1132 1928 1206 t,
1964 1134 2026 1190 et
2045 1130 2126 1191 22

562 1218 639 1281 de
666 1220 1150 1283 Reformatione.
1166 1223 1242 1284 Et
1264 1222 1340 1283 de
1360 1222 1457 1283 his
1473 1222 1630 1284 nihil
1654 1230 1744 1283 est
1768 1222 2122 1298 dicendum,

559 1314 707 1393 quia
740 1332 1067 1394 uunquam
1096 1321 1554 1394 congregantur
1582 1317 1658 1377 ad
1681 1314 1873 1379 fidem
1901 1317 2126 1377 docen-

560 1404 728 1480 dam,
760 1406 865 1467 sed
889 1412 1140 1487 propter
1168 1409 1470 1488 regimen.
1506 1410 1574 1469 In
1606 1409 1872 1471 secundo
1906 1408 2125 1472 ordine

558 1506 715 1561 sunt
762 1498 1053 1577 concilia,
1086 1520 1223 1582 quas
1261 1502 1383 1563 dici
1414 1509 1671 1583 possunt
1700 1503 2121 1583 particularia,

557 1591 635 1653 de
690 1592 915 1671 quibus
958 1593 1235 1674 loquitur
1282 1596 1491 1657 Canon
1535 1597 1614 1659 38
1665 1596 2122 1675 Apostolorum,

558 1691 619 1746 et
672 1686 778 1746 alii
816 1687 885 1747 in
934 1686 1097 1748 dicta
1148 1688 1538 1751 distinctione
1590 1691 1699 1765 183
1758 1696 1821 1751 et
1863 1690 2115 1768 Euseb.,

557 1775 698 1839 libr.
735 1781 775 1840 5
802 1778 1236 1858 Historiarum,
1256 1799 1392 1861 cap.
1419 1783 1523 1855 22,
1554 1782 1705 1843 alias
1731 1784 1810 1845 23
1825 1806 1844 1858 ;
1875 1789 1937 1844 et
1966 1783 2120 1845 talia

556 1876 704 1930 sunt
722 1872 955 1947 omnia,
1004 1890 1141 1953 quae
1172 1893 1297 1935 non
1349 1879 1494 1936 sunt
1518 1875 1893 1939 universalia
1929 1877 2118 1938 totius

553 1963 864 2042 Ecclesiae,
916 1965 1057 2028 licet
1099 1968 1225 2029 siut
1278 1968 1553 2049 plurium
1594 1971 2112 2051 Episcopatuum3

555 2064 617 2118 et
646 2058 779 2119 haec
828 2060 894 2120 in
948 2060 1071 2121 duo
1110 2063 1389 2122 membra
1417 2064 1601 2124 tacite
1628 2063 1958 2143 distinguit
1987 2066 2116 2127 Au-

557 2153 872 2230 gustinus,
903 2152 1013 2213 lib.
1048 2157 1087 2215 2
1127 2154 1203 2217 de
1232 2154 1567 2235 Baptismo,
1594 2176 1730 2237 cap.
1776 2156 1836 2233 3,
1865 2158 1932 2219 in
1959 2158 2115 2219 Con-

556 2242 701 2305 cilia
722 2246 1181 2327 provinciarum
1208 2254 1271 2309 et
1300 2249 1627 2326 regionum
1665 2250 1908 2329 :priora
1946 2270 2113 2311 com·

558 2338 829 2399 maniter
880 2346 1182 2402 vocantur
1230 2341 1660 2420 provincialia,
1699 2360 1809 2403 seu
1862 2342 2110 2419 localia,

555 2431 721 2491 utin
768 2432 805 2493 *1
845 2431 1105 2511 synodo,
1167 2434 1407 2495 Action.
1458 2438 1517 2511 3,
1562 2441 1626 2497 et
1660 2444 1807 2497 sunt
1864 2442 2114 2500 tantum

554 2525 741 2584 unius
790 2524 1383 2609 Archiepiscopatus,
1415 2530 1569 2589 etin
1599 2529 1687 2589 eis
1734 2538 1955 2610 praeest
2001 2533 2114 2593 Ar·

424 2662 452 2683 ,
554 2615 975 2697 chiepiscopus
1003 2620 1129 2680 suis
1158 2619 1585 2701 suffraganeis.
1605 2623 1939 2703 Episcopi&
1973 2624 2113 2685 Pos-

554 2710 781 2769 teriora
824 2712 1027 2771 vocari
1076 2710 1274 2774 solent
1323 2715 1683 2791 nationalia,
1722 2716 1870 2797 quia
1917 2716 2116 2779 solent

556 2818 686 2863 csse
720 2802 907 2865 unius
956 2806 1248 2882 nationiS,
1290 2807 1355 2867 in
1396 2826 1521 2887 qua
1564 2814 1708 2869 sunt
1760 2809 1970 2889 plures
2002 2811 2116 2872 Ar-

560 2892 1044 2977 chiepiscopatus
1086 2898 1201 2959 sub
1252 2918 1379 2961 uno
1427 2901 1803 2977 Patriarcha,
1840 2902 1938 2963 vel
1987 2904 2117 2965 Pri·

557 2994 742 3064 mate,
769 2992 877 3068 qui
900 3000 1143 3071 praeest,
1170 2998 1232 3055 et
1253 2994 1586 3073 aliquando
1611 3001 1912 3056 vocantur
1930 3013 2115 3073 geue·

556 3080 729 3154 ralia,
763 3089 832 3142 ut
854 3084 917 3143 in
955 3084 1224 3146 Concilio
1251 3086 1545 3148 Toletano
1575 3088 1653 3148 lv
1682 3086 1745 3148 in
1773 3087 2074 3168 principio
2091 3110 2109 3162 3

555 3173 651 3234 vel
702 3176 1098 3252 universalia,
1132 3184 1201 3240 ut
1244 3179 1313 3241 in
1365 3180 1635 3241 Concilio
1666 3181 1964 3243 Toletano
2007 3181 2110 3258 Ill,

552 3284 687 3345 cap.
724 3270 827 3343 18,
877 3276 941 3330 et
970 3274 1037 3331 in
1067 3271 1535 3351 Carthaginensi
1575 3272 1651 3334 Ν
1682 3274 1747 3334 in
1776 3274 2108 3354 principi03

553 3360 926 3440 intelligitur
978 3371 1186 3425 autem
1233 3366 1571 3427 secundum
1624 3366 1795 3447 quid,
1849 3367 1949 3427 vel
2003 3386 2114 3447 per

552 3457 1078 3535 comparationem
1108 3458 1186 3519 ad
1217 3458 1445 3541 priora,
1475 3459 1571 3520 vel
1620 3479 1731 3541 per
1764 3468 2109 3540 respectum

553 3546 631 3607 ad
659 3555 908 3625 gentem
946 3568 1053 3611 seu
1082 3552 1397 3613 nationem
1426 3552 1494 3613 in
1544 3571 1667 3631 qua
1694 3552 2104 3615 celebrantur.

636 3642 699 3701 3.
744 3640 880 3704 Duo
907 3645 1223 3723 superiora
1249 3661 1465 3723 ymera
1488 3644 1889 3709 conciliorum
1904 3664 2111 3710 errare

550 3742 803 3814 poestmt
830 3738 897 3799 in
922 3738 1062 3815 fide.
1084 3772 1160 3783 -
1186 3738 1317 3801 Om-
1345 3755 1550 3801 errare
1593 3741 1846 3818 possint.
1868 3772 1952 3786 —
1973 3740 2110 3803 Ha-

552 3828 684 3892 bent
727 3834 926 3892 tamen
971 3847 1257 3909 maynam
1292 3833 1735 3907 auctoritatem,
1770 3839 1825 3895 et
1850 3832 2108 3913 qualem.

560 3922 727 3984 -De
755 3928 887 3983 toto
911 3928 1122 3985 autem
1140 3922 1258 3984 hoc
1283 3941 1509 4003 genere
1538 3924 1950 3986 conciliorum
1975 3942 2112 4003 quae

566 4014 963 4093 particularia
987 4034 1301 4093 vocamus,
1329 4016 1545 4079 eadem
1570 4024 1662 4079 est
1687 4018 1845 4078 ratio
1870 4022 1934 4078 et
1971 4016 2112 4079 doc-

550 4106 737 4183 trina,
767 4114 1069 4188 quantum
1096 4109 1173 4170 ad
1188 4128 1455 4190 praesens
1474 4110 1829 4171 institutum
1853 4116 2106 4191 spectat:

554 4199 802 4262 nullum
832 4204 999 4263 enim
1030 4202 1299 4279 illorum,
1314 4222 1427 4285 per
1444 4222 1505 4267 so
1529 4209 1879 4283 spectatum,
1896 4202 2113 4282 regula

556 4299 649 4353 est
710 4292 1053 4356 infallibilis
1094 4295 1282 4373 fidei3
1326 4301 1526 4376 potest
1564 4296 1732 4356 enim
1780 4312 2009 4372 errare,
2039 4301 2110 4356 ut

554 4385 633 4447 de
659 4384 820 4449 facto
843 4390 1072 4449 erravit
1088 4394 1365 4468 tempore
1381 4388 1693 4471 Cypriani,
1723 4395 1786 4449 et
1812 4388 1927 4449 sub
1954 4388 2061 4449 illo
2085 4404 2105 4465 3

549 4486 613 4540 et
636 4481 1008 4565 generaliter
1032 4482 1299 4543 traditur
1324 4483 1390 4542 in
1420 4483 1657 4563 synodo
1686 4482 1968 4543 Romana
1993 4481 2109 4542 sub

552 4574 947 4653 Symmacho.
982 4576 1058 4636 Et
1087 4578 1249 4637 ratio
1279 4584 1397 4652 est,
1437 4576 1585 4657 quia
1625 4577 1743 4639 tale
1768 4574 2107 4637 Concilium

550 4684 681 4728 non
736 4673 827 4729 est
894 4668 1261 4730 universalis
1326 4669 1624 4745 Ecclesia,
1684 4686 1889 4749 neque
1934 4667 2108 4729 illam

555 4768 953 4840 repraesentat
972 4810 990 4837 ,
1050 4781 1253 4843 neque
1324 4764 1511 4825 etiam
1596 4762 1769 4825 illam
1832 4762 2109 4841 obligare.

548 4858 751 4932 potest
790 4854 874 4915 ad
918 4854 1295 4917 credendum
1342 4856 1508 4935 quod
1554 4855 1755 4933 docet,
1794 4855 1943 4935 quia
1980 4872 2108 4917 non

547 4944 736 5007 hahet
795 4946 1292 5026 jurisdictionem
1347 4948 1415 5009 in
1482 4948 1839 5011 universam
1903 4948 2108 5011 Eccle-

548 5038 728 5101 siam.
786 5038 1003 5120 Neque
1052 5040 1319 5121 denique
1357 5042 1708 5104 invenimus
1758 5039 2108 5120 promissio-

548 5148 693 5193 nem
719 5130 813 5193 ‚illi
857 5132 1203 5215 specialiter
1240 5134 1490 5197 factam.
1544 5133 1685 5195 Dixi
1730 5139 1941 5195 autem
1999 5151 2110 5213 per

550 5242 623 5285 se.
636 5229 987 5303 spectatum,
1019 5227 1171 5306 quia
1207 5228 1263 5287 si
1302 5225 1551 5301 accedat
1598 5225 1695 5287 illi
1720 5226 2107 5287 confirmatio

553 5314 890 5393 PontificiS,
911 5318 1044 5396 jam
1083 5320 1202 5381 erit
1248 5318 1593 5380 infallibilis
1620 5318 1870 5397 regula3
1894 5326 2106 5379 tamea

548 5406 723 5473 issam
766 5411 1207 5473 auctoritatem
1238 5412 1425 5475 habet
1458 5429 1498 5473 a
1550 5410 1869 5487 Pontifice,
1906 5428 2040 5473 non
2064 5429 2103 5473 a

548 5522 633 5579 se,
664 5512 725 5565 et
776 5504 914 5567 ideo
956 5504 1234 5585 probatio
1284 5505 1468 5585 liujus
1524 5505 1712 5584 partis
1753 5504 1980 5583 pendet
2025 5521 2101 5565 ex

2203 476 2480 539 dicendis
2512 478 2778 540 sectione
2803 477 3103 557 sequenti.
3125 477 3299 551 Quod
3328 476 3380 537 si
3397 475 3537 557 quis
3574 475 3766 535 inler-

2203 577 2378 649 roget
2426 574 2726 650 quantam
2763 570 3198 632 auctoritatem
3223 568 3448 631 babeat
3473 570 3591 629 hoc
3609 568 3766 629 Con-

2201 662 2414 724 cilium
2471 670 2615 725 ante
2655 664 3216 738 confirmationem,
3243 662 3586 745 respondeo
3619 660 3768 721 bre·

2206 756 2365 817 viter
2393 778 2409 817 :
2438 758 2490 818 si
2527 764 2770 819 tantum
2796 762 3098 839 proponat
3142 763 3205 817 et
3230 756 3444 818 doceat
3475 754 3585 815 illa
3625 772 3768 835 quoe

2199 851 2332 930 jam
2379 856 2525 912 sunt
2571 850 2848 926 definita,
2878 850 2977 912 vel
3021 868 3158 930 quoe
3185 856 3333 911 sunt
3357 868 3467 930 per
3518 867 3584 909 se
3617 848 3770 909 satis

2207 944 2372 1005 clare
2407 950 2470 1005 et
2496 960 2775 1025 expresse
2815 944 2892 1006 de
2933 942 3079 1019 fide,
3113 943 3302 1005 habet
3331 944 3772 1005 auctoritatem

2203 1036 2283 1098 ad
2312 1038 2658 1117 cogendum
2683 1038 2958 1099 subditos
2992 1044 3062 1098 ut
3095 1037 3371 1113 credant,
3415 1042 3478 1099 et
3525 1036 3604 1097 ad
3665 1054 3774 1097 ex-

2205 1131 2792 1192 communicandum
2813 1150 2918 1191 eos
2930 1130 3038 1211 qui
3057 1129 3562 1210 repugnaverint,
3581 1130 3774 1207 juxta

2204 1230 2389 1305 caput
2433 1224 2539 1287 Aa
2579 1224 2947 1297 abolendam,
2987 1223 3066 1285 de
3093 1223 3448 1300 Haireticis3
3479 1222 3630 1301 quia
3661 1218 3770 1281 ille

2203 1324 2378 1379 actus
2407 1316 2603 1397 magis
2639 1322 2734 1378 est
2779 1316 3243 1396 jurisdictionis,
3295 1322 3357 1377 et
3385 1314 3773 1379 sufficienter

2204 1412 2604 1491 proponentis
2633 1410 2798 1489 quod
2853 1408 3184 1470 definitum
3211 1416 3326 1483 est,
3369 1425 3558 1489 quam
3617 1406 3775 1467 defi·

2206 1503 2468 1580 nientis3
2506 1504 2558 1564 si
2587 1516 2796 1565 autem
2821 1500 3054 1581 aliquid
3084 1502 3160 1563 de
3181 1519 3342 1562 novo
3370 1500 3572 1563 tradat
3597 1498 3774 1581 quod

2203 1614 2333 1658 non
2351 1602 2660 1677 repugnet
2681 1596 2954 1675 antiquae
2981 1594 3302 1670 doctrinm,
3329 1596 3434 1657 sed
3459 1612 3537 1657 ex
3555 1613 3627 1655 ea
3659 1612 3776 1675 po-

2203 1689 2331 1749 tius
2387 1690 2689 1764 eliciatur,
2743 1688 2932 1750 habet
2977 1706 3269 1768 maguam
3329 1690 3774 1749 auctoritatem

2199 1780 2568 1859 humanam,
2613 1782 2714 1843 cui
2760 1780 3180 1843 contradicere
3225 1780 3532 1844 ordinarie
3569 1788 3778 1841 teme-

2197 1873 2434 1935 rarium
2481 1875 2620 1950 erit,
2663 1883 2734 1935 ut
2777 1872 2944 1935 Cano
2985 1878 3046 1937 et
3073 1873 3486 1935 Bellarminus
3527 1874 3600 1934 in
3649 1872 3778 1933 hac

2196 1969 2460 2029 materia
2485 1966 2865 2044 docuerunt;
2890 1972 3090 2047 potest
3134 1972 3344 2027 autem
3383 1966 3450 2027 in
3480 1966 3598 2027 hoc
3635 1983 3774 2027 ma·

2195 2059 2290 2137 gis
2315 2060 2414 2121 vel
2451 2062 2657 2121 minus
2685 2061 2982 2135 inveniri,
3008 2060 3190 2139 juxta
3214 2059 3576 2139 qualitatem
3597 2059 3772 2121 Con-

2195 2153 2320 2215 cilii
2352 2153 2418 2214 in
2447 2154 2856 2235 amplitudine
2891 2154 2990 2214 vel
3019 2154 3412 2233 antiquitate,
3437 2153 3536 2215 vel
3559 2154 3772 2213 maxi-

2195 2247 2383 2308 mein
2411 2248 2595 2308 modo
2621 2246 2834 2327 quoin
2861 2244 3128 2308 Ecclesia
3150 2252 3462 2325 receptum
3497 2246 3604 2307 sit.

2276 2343 2338 2401 «t.
2387 2340 2662 2403 Tertium
2691 2358 2878 2418 ‚oenus
2909 2337 3336 2403 Consiliorum.
3355 2373 3432 2385 --
3453 2337 3774 2403 Condicio·

2192 2451 2297 2497 nes
2325 2431 2587 2513 leyitimi
2630 2430 3178 2497 concilia-Sim
3205 2432 3386 2495 dictis
3407 2430 3774 2493 conditioni>

2196 2526 2304 2589 bus
2329 2543 2535 2588 errare
2555 2531 2770 2605 potest.
2787 2555 2872 2572 --
2892 2524 3169 2585 Tertium
3197 2542 3396 2603 genus
3421 2529 3513 2585 est
3541 2524 3777 2585 Conci-

2191 2619 2420 2681 liorum
2475 2618 2882 2697 generalium,
2935 2636 3044 2679 seu
3093 2617 3566 2692 universalium,
3619 2635 3774 2697 quae

2199 2712 2602 2791 AugustinuS,
2635 2728 2844 2791 supra,
2867 2710 3152 2791 plenaria
3196 2715 3398 2785 vocat,
3429 2710 3507 2772 de
3533 2710 3778 2789 quibus

2195 2806 2480 2869 Conciliis
2520 2806 2776 2866 tractari
2813 2810 3033 2884 potest,
3065 2822 3218 2883 quas
3251 2802 3638 2865 conditiones
3669 2822 3777 2865 re-

2195 2900 2476 2979 quirant,
2527 2904 2589 2959 et
2631 2903 2884 2978 propter
2931 2915 3085 2977 quas
3129 2914 3344 2958 causas
3389 2896 3776 2975 congregari

2197 2992 2430 3072 possint
2480 2996 2586 3052 aut
2629 2990 2917 3064 debeant,
2949 2994 3012 3050 et
3050 2988 3216 3050 unde
3255 2987 3525 3050 habeant
3568 2988 3776 3067 origi·

2195 3102 2363 3159 nem,
2388 3084 2638 3159 scilicet,
2669 3102 2750 3144 an
2783 3100 2857 3145 ex
2887 3082 3100 3143 divino
3128 3082 3271 3162 jure
3309 3081 3410 3143 vel
3437 3100 3515 3143 ex
3540 3080 3778 3143 Eccle-

2193 3179 2299 3239 siae
2346 3176 2770 3253 institutione3
2824 3174 2930 3237 sed
2982 3174 3058 3235 de
3107 3174 3204 3235 his
3254 3173 3449 3235 videri
3497 3181 3778 3253 possunt

2193 3271 2623 3345 Bellatminus,
2655 3269 2796 3331 libr.
2831 3272 2860 3330 i
2897 3266 3312 3343 deConciliis3
3333 3266 3776 3341 Turrecrem.,

2190 3363 2331 3426 libr.
2369 3367 2395 3425 1
2432 3365 2700 3438 Summ.,
2731 3368 2794 3423 et
2828 3360 3131 3437 Jacobat„
3163 3361 3229 3420 in
3268 3378 3454 3439 opere
3477 3360 3554 3421 de
3599 3362 3779 3421 Con-

2191 3457 2369 3533 ciliis,
2407 3460 2570 3537 quod
2609 3473 2752 3517 cum
2780 3455 2920 3517 aliis
2947 3454 3224 3535 ejusdem
3263 3453 3619 3532 argumenti
3647 3452 3780 3515 ha.-

2189 3549 2371 3611 betur
2395 3550 2582 3611 etiam
2611 3549 2680 3610 in
2699 3556 2866 3610 tomo
2885 3548 3124 3609 decimo
3152 3546 3332 3607 tertio
3349 3551 3776 3621 tractatuum,

2189 3648 2363 3722 parte
2385 3643 2589 3722 prima
2615 3640 2904 3702 editionis
2925 3640 3178 3702 Venetae
3201 3638 3354 3701 anni
3377 3638 3552 3701 1584.
3579 3639 3786 3700 Nunc.

2190 3742 2436 3798 tantum
2475 3734 2746 3797 breviter
2791 3733 3217 3813 supponimus.
3261 3737 3333 3792 ut
3378 3730 3495 3793 boc
3539 3730 3786 3793 conei-

2189 3828 2346 3891 lium
2381 3831 2460 3889 sit
2485 3826 2858 3907 legitimum,
2889 3824 3114 3887 debere
3153 3842 3282 3887 esse
3307 3830 3786 3903 congregatum

2192 3920 2560 3984 auctoritate
2601 3918 2936 3993 pontificis,
2963 3916 3073 3997 qui
3111 3918 3300 3979 etiam
3342 3912 3525 3977 debet
3569 3916 3642 3975 in
3689 3934 3786 3977 eo

2191 4014 2540 4095 praesidere,
2581 4011 2682 4075 vel
2723 4030 2835 4093 per
2871 4030 2960 4086 se,
3004 4009 3105 4071 vel
3147 4027 3258 4089 per
3298 4008 3531 4087 legatos
3569 4026 3782 4084 suos;

2191 4109 2342 4169 item
2365 4152 2387 4183 ,
2446 4105 2671 4167 debere
2725 4104 3056 4185 procedere
3109 4101 3226 4163 sub
3279 4100 3634 4162 obedientia
3703 4108 3792 4162 et

2190 4201 2422 4261 unione
2467 4198 2742 4279 ejusdem
2769 4196 3106 4272 Pontificis,
3138 4210 3278 4274 quae
3305 4195 3520 4255 omnia
3555 4194 3626 4254 in
3665 4194 3792 4273 ip-

2192 4295 2404 4355 sismet
2453 4292 2739 4354 Conciliis
2785 4291 3140 4370 frequenter
3186 4288 3526 4362 docentur,
3577 4292 3644 4349 et
3697 4286 3788 4348 in

2189 4386 2477 4469 Epistolis
2521 4384 2926 4447 decretalibus
2978 4380 3346 4445 Pontificum
3365 4425 3386 4457 ,
3435 4385 3500 4440 et
3539 4378 3668 4457 aliq
3679 4396 3789 4441 ua

2189 4480 2498 4541 habentur
2538 4478 2605 4539 in
2635 4478 2910 4551 Decret0,
2947 4474 3217 4537 distinct.
3249 4474 3324 4535 16
3351 4476 3414 4535 et
3444 4473 3540 4532 17.
3569 4472 3786 4533 Ratio

2191 4592 2338 4634 vero
2366 4576 2484 4648 est,
2529 4570 2678 4651 quia
2723 4569 3004 4632 Pontifex
3033 4573 3126 4629 cst
3161 4582 3518 4647 supremum
3561 4570 3786 4644 caput

2187 4667 2266 4728 ad
2309 4664 2474 4746 quod
2526 4668 2761 4745 spectat
2811 4660 3176 4723 universalis
3229 4658 3600 4740 gubernatio
3623 4702 3642 4731 ,
3699 4664 3788 4719 et

2187 4761 2398 4823 omnia
2441 4776 2581 4840 quse
2625 4758 2705 4821 ad
2734 4756 2904 4819 illam
2955 4756 3284 4835 pertinent,
3316 4760 3379 4815 et
3408 4752 3786 4833 praesertim

2187 4872 2328 4933 quae
2354 4853 2644 4933 graviora
2671 4857 2842 4926 sunt,
2868 4855 2940 4912 ut
2969 4848 3233 4911 babetur
3271 4846 3337 4907 in
3367 4865 3502 4925 cap.
3543 4846 3790 4925 Majo—

2186 4965 2307 5024 τοι,
2331 4947 2408 5009 de
2434 4947 2766 5027 Baptismo,
2799 4950 2863 5007 et
2885 4944 3004 5005 hoc
3029 4941 3263 5023 patebit
3296 4940 3494 5019 magis
3519 4957 3600 4999 ex
3627 4957 3786 5001 see-

2189 5041 2358 5102 tione
2395 5039 2697 5119 sequenti.
2731 5038 2813 5099 Ut
2839 5042 3052 5099 autem
3094 5034 3244 5095 talia
3289 5030 3559 5097 Concilia
3603 5031 3788 5091 uni-

2187 5132 2450 5195 versalia
2473 5134 2622 5210 sint,
2655 5129 2978 5193 sufficitut
2999 5126 3361 5190 convocatio
3390 5124 3468 5185 sit
3500 5124 3786 5185 univer-

2187 5225 2350 5297 salis,
2374 5231 2675 5304 quantum
2701 5220 3016 5284 moraliter
3034 5220 3169 5280 fieri
3195 5218 3408 5298 possit,
3433 5222 3493 5279 et
3516 5222 3590 5280 ut
3610 5214 3790 5277 nul—

2184 5317 2282 5378 lus
2321 5318 2658 5397 Episcopus
2699 5312 3050 5379 catholicus
3088 5330 3198 5392 per
3237 5330 3300 5373 se
3341 5308 3720 5377 excludatur
3735 5328 3772 5388 3

2182 5410 2436 5489 reliqum
2475 5426 2621 5471 vero
2659 5406 3141 5471 circumstantiae
3190 5402 3420 5467 relictae
3458 5414 3632 5477 sunt,
3677 5408 3784 5465 ut

2184 5503 2489 5578 existima,
2520 5500 2774 5563 arbitrio
2811 5496 3136 5561 Pontificis.
3182 5499 3270 5557 Ex
3312 5515 3433 5577 qua
3461 5496 3778 5560 doctriua
