3900 6217
556 348 676 411 456
1057 354 1296 411 DISPUT.
1329 357 1502 411 xvnl.
1539 358 1619 413 DE
1652 358 1859 413 munus
1890 357 2113 420 QUIBUS
2146 358 2248 409 UT!
2282 358 2461 411 uem·
2494 359 2579 411 An
2612 354 3115 419 couvlsnTENDOS,
3146 353 3281 407 E'rc.

565 464 730 519 terea
784 476 860 518 ex
905 476 1022 519 usu
1074 457 1485 521 humanarum
1537 458 1748 539 legum
1794 459 2120 521 manifeste

563 550 945 611 convincitur
972 550 1103 613 haec
1129 558 1416 631 potestas,
1452 554 1689 615 namin
1717 554 1761 614 1.
1799 553 2031 626 ultim.,
2060 572 2117 613 c.

559 645 630 705 de
679 642 914 705 Judoeis
935 688 950 717 ,
997 645 1384 706 Justinianus
1433 646 1752 725 prohibuit
1791 664 1869 707 ne
1921 646 2124 707 Judaei

558 736 760 797 officia
817 736 1060 815 publica
1119 744 1407 817 gererent
1465 745 1740 821 respectu
1799 738 2116 816 fidelium3

557 830 724 891 idem
758 830 1146 891 Innocentius
1175 831 1276 907 ΙΙΙ,
1320 832 1386 891 in
1415 850 1550 911 cap.
1599 830 1750 895 Cum
1785 833 1868 896 sit
1907 832 2115 904 nimis,

559 928 638 989 de
663 924 916 996 Judaeis,
944 923 1052 984 ubi
1081 924 1271 986 etiam
1311 942 1560 1003 poenam
1601 925 1868 1004 imponit
1891 924 2122 987 Judaeis

561 1018 1020 1099 acceptantibus
1042 1018 1142 1079 vel
1177 1017 1535 1097 gerentibus
1571 1019 1716 1081 talia
1747 1036 2031 1096 munera,
2058 1023 2122 1081 et

560 1113 632 1175 fit
658 1112 933 1173 extensio
961 1111 1038 1171 ad
1065 1127 1359 1191 paganos,
1385 1112 1450 1173 id
1477 1118 1588 1186 est,
1620 1112 2009 1183 Sarracenos,
2052 1117 2122 1172 ut

560 1206 930 1284 intelligitur
947 1224 1024 1265 ex
1043 1206 1242 1284 capite
1270 1203 1610 1284 penultimo
1633 1205 1908 1283 ejusdem
1932 1203 2119 1277 tituli,

560 1300 628 1361 in
659 1318 780 1377 quo
804 1299 990 1377 hujus
1014 1298 1166 1376 legis
1188 1297 1576 1359 observantia
1605 1298 1973 1359 nominatim
2005 1298 2124 1359 Lu-

561 1394 800 1453 sitaniae
847 1393 1349 1469 commendatur3
1395 1398 1456 1452 et
1495 1391 1763 1465 additur,
1791 1398 1862 1451 ut
1889 1390 2125 1452 tributa

565 1506 680 1546 sua·
713 1484 811 1547 vel
849 1486 1082 1564 regalia
1125 1504 1252 1545 nou
1293 1486 1522 1546 vendat
1557 1484 1809 1559 Judaeis,
1853 1484 1973 1545 nisi
2011 1484 2125 1545 ad-

557 1580 776 1659 juncto
827 1580 1034 1659 aliquo
1081 1578 1272 1649 fideli,
1318 1579 1424 1657 qui
1475 1596 1688 1639 euram
1736 1578 1997 1653 habeat,
2044 1594 2124 1637 ne

565 1673 847 1735 fidelibus
872 1674 1102 1752 injuria
1127 1672 1256 1733 fiat.
1281 1672 1557 1735 Habetur
1584 1672 1770 1733 etiam
1799 1671 2003 1731 simile
2022 1670 2125 1749 jus

565 1772 633 1831 in
671 1754 940 1831 Concilio
979 1767 1274 1829 Toletano
1303 1768 1402 1841 111,
1431 1786 1560 1846 cap.
1600 1769 1698 1835 14,
1733 1783 1866 1845 cap.
1895 1764 2119 1840 Nulla,

563 1862 830 1923 distinct.
863 1864 942 1922 24
961 1876 978 1936 ;
1011 1868 1074 1921 et
1105 1861 1170 1921 in
1209 1860 1477 1921 Concilio
1516 1860 1810 1921 Toletano
1852 1860 1952 1935 IV,
1986 1877 2120 1938 cap.

567 1956 670 2027 64,
701 1972 832 2031 cap.
884 1953 1232 2028 Constituit,
1273 1956 1366 2026 17,
1407 1960 1623 2033 quaest.
1656 1955 1718 2027 4,
1745 1951 1855 2012 ubi
1881 1970 2127 2013 excom-

563 2046 961 2107 municantur
987 2047 1092 2125 qui
1119 2046 1254 2107 haec
1291 2064 1545 2107 munera
1577 2046 1804 2107 Judaeis
1842 2046 2125 2106 commit-

565 2147 708 2201 tunt
725 2156 744 2217 3
785 2144 845 2201 et
885 2140 1041 2201 ratio
1069 2139 1370 2213 redditur,
1411 2140 1554 2219 quia
1583 2138 1696 2199 sub
1723 2139 1840 2201 hac
1865 2140 2126 2201 occasio-

565 2252 646 2295 ne
694 2232 976 2293 fidelibus
1023 2233 1282 2312 injurias
1325 2233 1582 2294 faciunt.
1635 2234 1908 2311 Denique
1960 2233 2126 2295 idem

565 2328 830 2393 habetur
855 2328 922 2387 in
963 2327 1232 2388 Concilio
1267 2327 1582 2389 Matiscon.
1613 2328 1660 2402 I,
1692 2347 1747 2389 c.
1780 2330 1878 2389 13.

655 2426 748 2483 n.
788 2421 1013 2495 &cinca
1042 2422 1296 2483 assertio
1321 2444 1339 2481 .·
1361 2421 1561 2495 ficales
1585 2438 1704 2483 non
1720 2428 1978 2499 possmus
2005 2442 2126 2487 osse

568 2513 728 2579 servi
752 2514 1090 2591 infidelium
1117 2514 1222 2594 qui
1257 2516 1482 2577 subditi
1509 2520 1651 2578 sunt
1685 2516 2005 2589 Ecclesia»,
2036 2516 2127 2579 vol

556 2610 832 2692 principi
855 2609 1043 2684 fideli.
1067 2639 1148 2654 —
1167 2608 1468 2683 Secunde,
1500 2608 1576 2670 de
1599 2610 1892 2669 servitute
1917 2608 2125 2669 dicen-

565 2704 716 2763 dum
755 2708 871 2777 est,
912 2700 1122 2761 fideles
1141 2720 1266 2761 non
1297 2720 1470 2781 posse
1503 2720 1634 2763 esse
1658 2719 1865 2763 servos
1899 2702 2125 2763 horum

566 2794 950 2869 infidelium,
1011 2812 1084 2854 ac
1150 2795 1410 2874 proinde
1461 2796 1728 2874 potuisse
1795 2794 2126 2856 Ecclesiam

565 2889 812 2969 privare
861 2887 1141 2949 infideles
1181 2888 1300 2949 sibi
1345 2890 1620 2949 subditos
1671 2895 1971 2967 potestate
2010 2888 2126 2950 hoc

568 2982 754 3043 modo
798 2999 983 3061 super
1031 2981 1261 3044 fideleS.
1299 2983 1386 3043 lta
1433 2984 1621 3044 etiam
1675 2983 1892 3043 statuit
1933 2984 2124 3046 Justi·

571 3075 798 3137 nianus
844 3076 1180 3155 imperator
1229 3077 1294 3137 in
1337 3076 1472 3155 lege
1512 3076 1719 3152 unica,
1767 3076 1975 3137 codice
2027 3074 2127 3141 No

573 3168 986 3233 Christianum
1017 3169 1406 3251 mancipium,
1447 3176 1562 3231 etc.
1597 3171 1672 3229 Et
1704 3170 1868 3232 idem
1911 3169 2128 3231 statui-

567 3267 675 3323 tur
718 3263 786 3322 in
837 3280 968 3341 cap.
1016 3263 1241 3340 deoei,
1300 3263 1377 3325 de
1419 3263 1668 3325 Judaeis.
1716 3265 1882 3326 Idem
1913 3264 2128 3324 statuit

566 3355 920 3435 Gregorius,
950 3356 1058 3416 lib.
1091 3357 1386 3432 secundo,
1429 3358 1604 3437 epist.
1655 3360 1756 3433 37,
1799 3358 1950 3419 alias
1986 3375 2117 3438 cap.

566 3451 668 3525 76,
693 3460 754 3511 et
779 3468 917 3530 cap.
945 3449 1288 3533 Manoipia,
1309 3458 1372 3513 et
1397 3470 1530 3532 cap.
1548 3451 1771 3528 Nulla,
1794 3470 1936 3514 cum
1962 3454 2118 3530 aliis,

565 3544 706 3605 dist.
732 3546 829 3607 34.
865 3544 1041 3606 Ratio
1065 3546 1344 3625 specialis
1365 3548 1524 3607 sumi
1552 3552 1749 3627 potest
1775 3566 1853 3607 ex
1885 3548 2125 3626 pericu-

565 3637 628 3698 lo
649 3638 920 3718 ipsorum
945 3638 1249 3715 fidelium,
1273 3638 1326 3701 si
1347 3640 1461 3700 sub
1480 3640 1756 3701 dominio
1774 3640 2123 3701 infidelium

567 3748 697 3792 esse
747 3732 1209 3811 permittantur.
1267 3733 1418 3793 Item
1469 3732 1618 3813 q'uia
1667 3733 1810 3793 iude
1865 3739 2125 3813 possunt

563 3825 718 3887 oriri
763 3826 1114 3887 occasiones
1166 3826 1632 3906 blasphemandi
1655 3874 1678 3905 ,
1730 3835 1792 3891 et
1848 3836 2125 3891 contem-

566 3919 754 3980 nendi
778 3919 986 3995 fidem,
1007 3927 1068 3983 et
1084 3921 1349 3983 faciendi
1369 3923 1629 4003 injurias
1642 3922 1948 3985 fidelibus.
1978 3923 2125 3998 Quae

565 4016 838 4076 rationes
863 4014 941 4075 ad
975 4014 1336 4077 indirectam
1373 4022 1732 4093 potestatem
1756 4018 1957 4097 magis
1985 4036 2124 4097 per-

568 4110 804 4185 tinent3
835 4109 993 4170 addo
1015 4126 1161 4171 vero
1201 4110 1391 4171 etiam
1415 4111 1535 4173 hoc
1573 4112 1884 4191 pertinere
1911 4112 1987 4172 ad
2014 4130 2127 4191 po-

567 4208 852 4264 testatem
893 4203 1189 4265 directam
1224 4206 1574 4285 principum
1617 4206 2119 4267 christianorum.

570 4296 800 4372 Prim0‚
827 4300 973 4377 quia
1003 4302 1200 4377 potest
1223 4318 1332 4360 rex
1360 4300 1726 4361 christianus
1751 4300 2125 4379 generaliter

571 4400 838 4457 statuere
861 4394 928 4453 in
969 4411 1080 4453 suo
1123 4410 1341 4472 regne,
1377 4399 1443 4453 ut
1489 4394 1808 4455 christiani
1851 4412 1980 4455 non
2006 4395 2130 4456 sint

571 4488 729 4549 servi
760 4487 945 4547 etiam
974 4486 1234 4547 aliorum
1280 4487 1781 4564 christianorum,
1823 4492 1892 4547 ut
1933 4488 2129 4549 multa

569 4598 763 4659 regna
791 4598 956 4641 nuuc
979 4581 1168 4640 etiam
1193 4580 1541 4657 observant,
1585 4581 1734 4661 quia
1758 4579 1906 4643 licet
1931 4587 2129 4661 potes-

574 4682 668 4735 tas
693 4672 890 4735 civilis
926 4691 1054 4734 non
1095 4674 1174 4735 sit
1213 4691 1291 4734 ex
1325 4673 1470 4747 fide,
1499 4680 1712 4735 tamen
1744 4674 1994 4753 quando
2036 4673 2129 4735 illi

575 4774 668 4830 est
686 4768 1038 4847 conjuncta,
1067 4768 1148 4828 ab
1168 4766 1276 4829 illa
1295 4768 1606 4847 dirigitur,
1631 4774 1694 4829 et
1723 4768 1900 4849 quasi
1929 4768 2131 4831 eleva-

577 4868 702 4939 tur,
730 4862 894 4922 utin
920 4860 1136 4923 ordine
1159 4862 1240 4923 ad
1275 4860 1508 4923 bonum
1547 4860 1694 4923 fidei
1719 4861 1916 4922 multa
1941 4862 2132 4941 possit

577 4962 878 5031 statuere3
903 4974 1050 5035 ergo
1069 4953 1268 5015 multo
1290 4955 1486 5034 magis
1513 4956 1712 5035 potest
1736 4955 1902 5015 illam
1927 4955 2131 5033 legem

581 5048 743 5109 ferre
771 5056 1044 5127 respectu
1071 5047 1436 5110 infidelium.
1487 5049 1790 5127 Secundo,
1837 5050 1983 5130 quia
2030 5066 2136 5129 po·

583 5146 700 5201 test
727 5158 832 5201 rex
856 5141 1174 5219 imponere
1206 5142 1440 5203 tributa
1462 5150 1524 5205 et
1556 5162 1743 5203 onera
1773 5144 1898 5204 suis
1925 5142 2133 5203 subdi-

579 5234 659 5294 tis
680 5278 702 5308 ,
760 5250 898 5313 quse
947 5232 1027 5293 ad
1083 5234 1320 5297 bonam
1355 5236 1868 5315 gubernationem
1905 5235 2139 5315 judicet

581 5344 714 5389 esse
755 5328 1096 5389 necessaria
1123 5346 1312 5408 ;ergo
1337 5330 1526 5391 ctiam
1547 5384 1552 5387 .
1572 5336 1771 5411 potest
1817 5330 2138 5409 imponere

583 5420 701 5482 hoc
741 5438 896 5482 onus
936 5420 1286 5482 infidelibus
1321 5423 1603 5499 subditis,
1635 5430 1706 5485 ut
1731 5442 1861 5484 non
1891 5424 2014 5483 sint
2041 5442 2139 5485 ca·

582 5532 762 5595 paces
781 5513 1042 5576 dominii
1067 5514 1132 5575 in
1156 5514 1556 5578 Christianos.
1597 5518 1796 5597 Atque
1823 5516 1910 5577 ita
1933 5522 2135 5577 statu-

2199 466 2334 521 tum
2364 464 2477 535 est,
2500 462 2568 518 ut
2586 458 2637 519 si
2656 456 2943 532 infidelis,
2960 473 3171 517 servus
3194 453 3446 515 alterius
3462 452 3713 530 infidelis,
3810 482 3812 497 ἢ

2200 558 2595 615 convertatur
2622 552 2697 613 ad
2734 551 2943 625 fidem,
2976 567 3051 635 eo
3078 549 3209 628 ipso
3246 547 3411 609 liber
3434 546 3559 623 fiat,
3580 555 3633 611 et
3654 551 3717 611 si·
3810 542 3812 575 ³

2202 644 2432 707 militer
2456 646 2510 707 si
2538 644 2734 705 fidelis
2763 644 2844 706 ab
2864 642 3101 705 infideli
3130 648 3378 703 ematur
3405 641 3471 703 in
3506 660 3719 705 servum

2202 741 2281 801 ad
2324 740 2707 812 servitutem,
2738 755 2813 798 eo
2854 736 2989 817 ipso
3026 734 3184 796 liber
3224 733 3361 808 fiat,
3402 738 3465 795 et
3514 742 3721 814 emptor

2202 834 2471 916 pretium
2500 832 2781 908 amittat3
2808 830 2862 891 si
2900 846 3045 891 vero
3074 832 3319 891 ematur
3348 826 3429 887 ad
3456 836 3719 891 mercatu·

2200 947 2360 1003 ram,
2389 928 2557 989 intra
2592 932 2714 986 tres
2756 941 2999 985 menses
3024 920 3335 983 vendatur
3376 918 3559 993 fideli,
3599 922 3723 985 alio·

2200 1022 2357 1103 quin
2404 1020 2749 1081 libertatem
2792 1021 3222 1095 consequatur.
3260 1015 3357 1075 Ita
3396 1012 3639 1075 habetur
3670 1018 3725 1077 in

2202 1116 2339 1193 lege
2366 1114 2611 1188 ultima,
2662 1112 2869 1173 codice
2908 1110 2985 1173 de
3024 1108 3274 1184 .ludaeis‚
3308 1107 3469 1168 etin
3495 1106 3619 1184 lege
3650 1107 3725 1167 ul-
3811 1154 3812 1157 η

2202 1212 2379 1285 tima,
2406 1209 2443 1289 ἓ
2473 1207 2717 1277 ultimo,
2748 1204 2955 1267 codice
3002 1204 3079 1265 de
3124 1200 3443 1282 Episcopis
3480 1206 3541 1261 et
3568 1200 3725 1263 cleri·
3811 1280 3812 1289 ἵ

2204 1304 2309 1365 cia.
2361 1302 2709 1365 Advertunt
2746 1305 2955 1361 autem
2993 1298 3159 1358 circa
3211 1296 3335 1357 hoc
3392 1294 3723 1369 canonistoe,

2206 1416 2341 1477 cap.
2398 1396 2781 1468 Multorum,
2838 1392 2915 1455 de
2952 1391 3183 1453 Judaeis
3210 1434 3231 1464 ,
3286 1406 3399 1469 per
3448 1386 3578 1447 hmo
3624 1404 3727 1447 non
3811 1400 3812 1441 ὲ

2206 1490 2516 1571 prohiberi
2568 1488 2721 1568 quin
2784 1485 2983 1547 fidelis
3029 1485 3219 1563 possit
3268 1500 3405 1543 esse
3460 1479 3687 1541 colonus
3706 1525 3721 1552 ‚
3811 1486 3812 1517 ³

2206 1586 2331 1645 sive
2348 1584 2747 1654 adventium,
2774 1581 2901 1641 sive
2928 1578 3331 1659 originarius,
3362 1576 3428 1637 in
3458 1574 3621 1635 terris
3646 1575 3725 1635 vel
3811 1602 3812 1643 3

2208 1678 2450 1757 praediis
2477 1675 2747 1737 hominis
2772 1672 3076 1751 infidelis3
3108 1677 3241 1733 tum
3274 1670 3429 1749 quia
3452 1668 3565 1729 hoc
3584 1667 3725 1729 colli·
3811 1742 3812 1745 Ἴ

2206 1772 2376 1849 gitur
2394 1790 2469 1831 ex
2498 1771 2659 1831 dieto
2690 1769 2888 1848 capite
2911 1790 2928 1843 3
2962 1774 3095 1827 tum
3136 1765 3327 1827 etiam
3352 1762 3497 1842 quia
3522 1780 3633 1823 non
3656 1768 3726 1823 est

2204 1865 2486 1940 servituS,
2525 1870 2587 1925 et
2615 1864 2701 1923 ita
2726 1880 2853 1923 non
2879 1858 3430 1939 comprehenditur
3454 1854 3565 1915 sub
3608 1872 3725 1931 prae·
3811 1914 3812 1947 ἰ

2204 1958 2367 2020 dicta
2391 1957 2843 2037 prohibitione3
2876 1961 3009 2016 tum
3038 1954 3307 2031 denique
3332 1950 3481 2030 quia
3512 1948 3573 2008 in
3598 1947 3724 2009 colo-
3811 1950 3812 2019 ξ

2204 2053 2301 2113 nis
2327 2070 2449 2113 non
2480 2058 2571 2111 est
2592 2050 2809 2111 eadem
2840 2050 2997 2109 ratio
3032 2043 3293 2126 periculi
3339 2042 3440 2104 vel
3466 2040 3721 2115 scandali,
3811 2038 3812 2115 3

2204 2164 2345 2207 cum
2377 2164 2503 2206 non
2534 2146 2613 2205 sit
2650 2142 3045 2216 cohabitatio,
3099 2157 3305 2219 neque
3352 2137 3624 2216 frequens
3658 2135 3725 2195 fa·
3811 2148 3812 2223 J

2207 2240 2527 2301 miliaritas
2566 2239 2731 2299 iuter
2770 2236 3017 2298 fidelem
3058 2239 3121 2295 et
3162 2232 3477 2294 infidelem
3528 2230 3725 2289 ratione
3811 2236 3812 2311 Q

2207 2333 2373 2394 illius
2398 2333 2703 2416 maneria.
3811 2334 3812 2341 ’

2285 2431 2383 2488 15.
2408 2458 2491 2473 --
2532 2425 2727 2489 Βατία
2750 2424 3007 2488 assertio
3034 2448 3059 2483 .·
3118 2420 3407 2485 Ecclesia
3430 2420 3621 2499 jwbers
3647 2435 3727 2497 po-
3811 2476 3812 2479 ,

2204 2525 2321 2583 test
2344 2538 2417 2582 ne
2432 2519 2638 2599 fideles
2660 2516 2993 2599 infidelibus
3014 2517 3132 2579 sibi
3162 2513 3431 2579 subditis
3460 2512 3722 2590 samuleu-
3811 2542 3812 2547 κ

2206 2621 2333 2688 tur,
2350 2618 2407 2676 et
2434 2615 2503 2676 do
2527 2618 2687 2693 facto
2697 2608 3319 2693 jubet—‘Pertimffde
3346 2606 3631 2668 famulatu
3654 2606 3728 2665 di·
3811 2646 3812 2649 ,

2204 2708 2469 2767 cendum
2510 2713 2600 2767 est
2638 2705 2921 2767 eamdem
2968 2722 3097 2764 esse
3139 2706 3507 2781 potestatem
3546 2699 3605 2761 in
3646 2699 3726 2759 Ec·
3811 2704 3812 2757 ξ

2204 2799 2389 2861 clesia
2414 2798 2778 2879 prohibendi
2812 2816 2890 2859 ne
2926 2795 3137 2857 fideles
3169 2794 3517 2855 inserviant
3550 2791 3725 2851 infide·
3811 2790 3812 2793 ’

2203 2892 2389 2966 libus„
2428 2892 2669 2953 etiamsi
2713 2889 2891 2951 liberi
2938 2889 3085 2949 sint.
3131 2889 3260 2949 Hoc
3308 2886 3491 2948 facile
3520 2882 3726 2964 probari
3811 2904 3812 2907 ¹

2206 2991 2405 3066 potest
2420 2984 2788 3064 applicando
2808 2984 3081 3045 rationes
3113 2981 3335 3055 factas,
3370 2979 3532 3059 quod
3558 2983 3637 3037 est
3656 2976 3726 3037 fa·
3811 2992 3812 2995 ’

2206 3080 2339 3152 cile,
2368 3085 2431 3140 et
2448 3079 2587 3163 ideo
2608 3078 2744 3139 illas
2764 3077 3003 3139 omitto.
3037 3076 3205 3137 Idem
3222 3075 3423 3137 etiam
3450 3071 3725 3135 confirmat
3811 3128 3812 3141 ,

2206 3192 2351 3235 usus
2364 3190 2384 3252 3
2430 3190 2577 3233 nam
2606 3172 2675 3232 iu
2702 3170 2865 3231 dicto
2891 3170 2928 3250 ἓ
2959 3169 3200 3243 ultimo,
3232 3167 3451 3229 codice
3479 3165 3553 3226 de
3585 3165 3723 3243 Epis·
3811 3214 3812 3245 f

2206 3267 2376 3347 copis
2404 3272 2465 3327 et
2494 3263 2753 3338 clericiS,
2788 3266 2877 3326 ita
2916 3263 3209 3324 statuitur
3246 3268 3315 3323 et
3365 3261 3443 3321 ad
3493 3272 3721 3339 paganos
3811 3278 3812 3341 ἦ

2202 3361 2581 3434 extenditur,
2622 3360 2689 3419 in
2718 3358 2901 3436 capit.
2946 3354 3049 3420 Aa
3088 3357 3233 3430 hoeo,
3264 3356 3347 3415 de
3384 3353 3617 3424 Judaeis,
3642 3350 3723 3409 ubi
3811 3394 3812 3441 1

2205 3455 2641 3534 exprimuntur
2680 3452 3020 3515 Sarrae-eni.
3050 3450 3333 3529 Denique
3361 3448 3523 3529 quod
3548 3446 3727 3507 attinet
3811 3448 3812 3529 ζ

2204 3549 2295 3621 ad⁸
2313 3550 2575 3627 patriam
2600 3552 2987 3628 potestatem,
3034 3550 3271 3605 certum
3304 3549 3402 3605 est
3428 3540 3613 3601 filium
3644 3538 3726 3597 in·

2202 3642 2423 3717 fidelis,
2470 3642 2520 3703 si
2568 3641 2758 3703 semel
2804 3640 3171 3720 baptizetur,
3218 3657 3295 3699 eo
3328 3637 3459 3716 ipso
3501 3634 3725 3695 liberan-
3811 3674 3812 3707 3

2204 3738 2355 3797 dum
2378 3754 2509 3798 esse
2546 3754 2583 3795 a
2612 3740 2910 3815 potestate
2950 3733 3141 3811 patris
3183 3729 3493 3803 infidelis,
3517 3730 3725 3806 propter

2205 3831 2595 3893 securitatem
2644 3829 2835 3904 fidei,
2892 3833 2955 3889 et
2994 3827 3143 3906 quia
3185 3826 3431 3887 ratione
3478 3814 3727 3899 baptismi

2160 3934 2167 3937 “
2198 3924 2328 4003 jam
2359 3925 2629 4003 pertinet
2670 3922 2749 3983 ad
2778 3922 2883 3999 jus
2932 3918 3233 3993 Eonlesiae,
3264 3924 3333 3979 et
3364 3918 3451 3977 ita
3494 3912 3728 3976 declara-

2205 4024 2339 4078 tum
2366 4024 2460 4077 est
2486 4016 2553 4076 iu
2582 4014 2867 4077 conciliis
2896 4011 3206 4075 Toletanis
3228 4030 3417 4093 supra
3444 4006 3647 4079 citatis,
3679 4008 3727 4063 et

2205 4110 2499 4190 probatur
2528 4110 2591 4169 in
2620 4109 2804 4188 capit.
2844 4107 3145 4187 MaJores,
3182 4105 3259 4166 de
3286 4102 3609 4184 Baptismo.
3648 4098 3725 4159 An

2204 4221 2350 4264 vero
2376 4203 2491 4263 filii
2528 4201 2795 4263 infantes
2838 4201 3061 4261 horum
3112 4198 3459 4259 infidelium
3492 4192 3727 4257 subdito-

2208 4318 2347 4359 rum
2377 4298 2673 4378 baptizari
2701 4296 2935 4377 possint
2968 4295 3115 4375 ipsis
3140 4293 3379 4368 invitiS,
3408 4298 3471 4352 et
3497 4290 3567 4351 ad
3592 4288 3727 4349 hunc

2207 4392 2395 4453 finem
2426 4391 2506 4451 ab
2546 4391 2670 4451 illis
2724 4388 3019 4464 abstrahi,
3070 4388 3333 4467 quaestio
3386 4390 3479 4447 est
3524 4386 3729 4443 contro-

2208 4503 2405 4562 versa,
2462 4502 2649 4563 quam
2710 4482 2779 4544 in
2832 4489 3003 4543 tomo
3059 4480 3241 4542 tertio
3300 4480 3495 4541 tex-tim
3547 4472 3723 4555 partis,

2208 4580 2367 4660 disp.
2414 4582 2515 4654 25,
2570 4584 2717 4640 sect.
2766 4582 2828 4654 4,
2860 4579 2899 4639 5
2941 4583 3005 4638 et
3032 4576 3072 4637 6
3099 4574 3381 4646 tractavi,
3420 4571 3522 4633 ubi
3561 4563 3727 4627 videri

2208 4680 2429 4753 potest.

2826 4874 3042 4928 sacrm
3074 4874 3159 4927 vl.

2224 5045 2445 5109 Utrum
2502 5043 2695 5107 omnis
2738 5042 2866 5106 alia
2922 5040 3379 5106 communicatio
3430 5032 3723 5117 infidelium

2297 5157 2429 5201 oum
2479 5138 2759 5219 fidelibus
2803 5135 3110 5215 prohibita
3162 5136 3268 5210 sit,
3327 5135 3417 5199 ool
3462 5120 3727 5214 prohiberi

2292 5231 2511 5311 possit.

2298 5426 2356 5485 1.
2388 5422 2643 5505 Triplex
2660 5420 3117 5487 ommunicatio
3131 5422 3329 5503 fidelis
3362 5436 3487 5485 oum
3504 5407 3716 5497 infideli-

2214 5548 2297 5563 -
2323 5516 2573 5597 Triplex
2616 5516 3090 5579 communicatio
3137 5510 3556 5593 distinguenda
3600 5508 3715 5565 est:
