3900 6217
530 376 648 441 770

1903 373 2095 432 INDEX
2126 374 2357 430 RERUM.

531 489 610 538 34.
646 483 772 536 Belli
796 480 1008 534 damnis
1026 481 1118 546 qui
1147 486 1466 534 censeamur
1487 472 1700 532 obnoxii
1720 489 1782 530 ex
1801 483 1950 543 parte
1967 476 2089 529 bos·
2170 480 2218 528 4.
2252 479 2397 530 Bona
2420 477 2511 530 illa
2532 491 2601 530 an
2629 477 2937 543 auferenda,
2970 479 3107 532 nibil
3142 477 3287 534 omni
3304 492 3377 533 uo
3404 475 3625 540 dando,
3660 482 3765 535 vel-

592 559 686 620 tili,
716 557 865 620 ibid„
887 570 920 609 a
943 571 1090 610 num.
1119 561 1198 608 10.

584 634 712 686 Vide
741 647 1054 685 tunocwrsss.

531 715 608 760 85.
644 711 701 761 ln
724 709 880 762 bellis
902 707 1312 766 Chistainorum,
1329 704 1454 758 victi
1475 717 1509 757 a
1528 701 1816 758 victoribus
1839 715 1948 756 nou
1966 715 2087 766 cap-

595 787 826 836 tivantur
853 785 904 835 in
951 783 1234 848 mancipia,
1265 781 1367 834 nisi
1393 781 1499 832 sint
1528 787 1797 844 apostatae,
1829 781 2081 830 num.13.

527 866 608 912 36.
645 863 700 912 ln
732 861 874 912 bello
903 872 1061 924 quam
1107 858 1338 910 habeant
1375 857 1760 907 immunitatem
1784 854 1946 916 bona,
1971 856 2087 907 loca

593 943 646 988 et
675 949 919 1001 personae
947 934 1336 994 ecclesiasticae,
1367 932 1515 995 ibid,
1541 944 1687 983 num.
1719 933 1796 982 14.

531 1015 608 1062 37.
645 1013 703 1062 ln
725 1011 864 1063 bello
896 1019 1013 1076 post
1039 1019 1240 1075 partam
1267 1008 1561 1069 victoriam,
1588 1019 1705 1070 quae
1729 1006 1924 1057 damna
1960 1017 2091 1070 pos-

593 1095 713 1138 sunt
742 1086 895 1139 victis
925 1085 1169 1138 hostibus
1194 1083 1396 1144 inferri,
1423 1095 1570 1134 num.
1597 1087 1677 1132 20.

533 1166 612 1213 38.
647 1162 847 1214 Bellum
879 1168 1050 1226 potest
1078 1159 1366 1224 aliquando
1386 1171 1505 1210 esse
1538 1163 1724 1209 contra
1751 1155 2091 1219 charitatem,

598 1238 841 1302 quamvis
873 1249 980 1288 non
1015 1236 1084 1286 sit
1112 1243 1299 1287 contra
1315 1232 1590 1298 justitiam,
1627 1245 1776 1283 num.
1801 1235 1882 1281 21.

523 1377 528 1382 .
603 1313 736 1374 Quid
781 1313 827 1363 si
869 1313 958 1362 tiat
997 1309 1294 1363 voluntarie
1342 1321 1406 1360 ex
1452 1316 1673 1371 utraque
1712 1315 1878 1374 parte,
1921 1312 2098 1357 tamen

590 1391 706 1441 sine
727 1391 868 1454 justa
890 1400 1068 1448 causa,
1094 1399 1240 1438 num.
1276 1387 1355 1434 22.

533 1469 609 1515 39.
647 1467 706 1515 ln
743 1464 903 1524 bello,
941 1475 1010 1513 an
1050 1462 1205 1513 liceat
1239 1460 1314 1526 uti
1345 1457 1551 1510 insidiis
1579 1457 1662 1511 vel
1698 1463 1906 1522 pactam
1939 1453 2099 1505 tidem

593 1541 806 1600 violare,
840 1539 956 1592 ead.
979 1546 1107 1590 sect.
1141 1543 1191 1600 7,
1221 1549 1367 1589 nuni.
1403 1541 1483 1586 23.

533 1623 612 1670 4ο.
651 1617 850 1669 bellare
875 1629 942 1669 an
968 1616 1120 1667 liceat
1146 1615 1200 1666 in
1227 1615 1314 1665 dte
1334 1613 1488 1673 sesto,
1513 1624 1660 1662 num.
1688 1612 1766 1660 24.

531 1698 610 1764 41.
647 1695 704 1745 ln
733 1693 873 1746 bello
910 1705 978 1744 an
1011 1691 1176 1756 possit
1209 1690 1457 1754 princeps
1495 1686 1816 1739 christianus
1855 1683 1908 1736 'tn
1941 1683 2093 1736 auxi-

595 1772 724 1824 lium
747 1782 1044 1824 convocare
1073 1769 1341 1834 principes
1368 1765 1627 1828 intideleS,
1651 1773 1740 1816 aut
1757 1763 1860 1814 illis
1877 1763 1934 1814 in
1950 1761 2095 1814 bello

591 1857 732 1911 justo
758 1846 1014 1907 auxiliari,
1046 1858 1194 1897 num.
1217 1849 1296 1894 25.

529 1926 612 1992 ¹⁴2.
647 1923 846 1974 Bellum
875 1920 1181 1986 reipubltcae
1201 1924 1385 1970 contra
1411 1915 1726 1981 principem,
1745 1913 1866 1967 vide
1885 1925 2075 1964 santrio

533 2003 614 2050 43.
653 1998 852 2051 Bellum
883 1997 1168 2063 privatum,
1199 1995 1320 2046 vide
1353 2007 1599 2045 nuscum.

954 2125 1283 2173 nanmncrott,
1319 2122 1684 2162 utut-:mentuu-

535 2228 582 2276 1.
611 2217 923 2276 Benelactor
956 2235 1025 2274 an
1063 2220 1410 2273 beneficiatus
1453 2218 1521 2269 sit
1555 2215 1725 2282 magis
1759 2228 1821 2268 ex
1845 2213 2104 2266 charitate

599 2299 919 2366 diligendus,
946 2306 1096 2349 tract.
1128 2301 1176 2358 3,
1213 2297 1352 2358 disp.
1390 2299 1458 2356 9.‚
1483 2303 1611 2346 sect.
1651 2297 1698 2354 4,
1737 2305 1883 2342 num.
1915 2297 1963 2342 9.

537 2379 584 2426 2.
623 2376 932 2427 Benet'actor
949 2374 1274 2439 insignis‚an
1297 2370 1593 2435 aliquando
1621 2367 1979 2434 prael‘erendus
2004 2379 2102 2432 pa-

605 2453 689 2514 tri,
723 2452 1044 2513 tbid.,nu1u.
1076 2453 1155 2498 15.

551 2537 596 2583 3.
633 2529 988 2582 Benettecutia
1009 2533 1090 2578 est
1115 2532 1264 2578 actus
1279 2522 1508 2576 exterior
1533 2535 1566 2574 a
1587 2523 1852 2574 ⁴enaritate
1874 2519 2099 2583 elicitus,

603 2615 751 2658 tract.
777 2609 830 2667 3,
854 2605 990 2668 disp.
1011 2607 1058 2663 2,
1081 2609 1209 2653 sect.
1237 2607 1283 2664 1,
1311 2613 1456 2652 nutu.
1491 2603 1538 2648 7.

603 2690 682 2736 An
718 2687 830 2736 dari
861 2683 1030 2746 possit
1061 2681 1200 2731 circa
1232 2679 1412 2738 Deum,
1439 2674 1566 2726 ibid.

981 2809 1135 2848 REM-21²
1139 2809 1236 2847 teta
1273 2805 1634 2846 secut-:susum

543 2919 596 2968 1.
633 2913 912 2968 Beneficiis
937 2908 1308 2964 ecclesiasticis
1332 2906 1605 2973 privantur
1621 2902 1873 2961 baeretici,
1891 2913 1999 2953 non
2016 2898 2102 2950 di-

605 2994 730 3045 vino
756 2993 891 3056 jure,
927 2988 1024 3040 sed
1049 2985 1426 3044 ecclesiastico,
1455 2990 1601 3033 tract.
1627 2984 1674 3042 1,
1696 2981 1835 3045 disp.
1863 2982 1944 3040 21,
1970 2981 2094 3029 sect..

604 3075 651 3130 5,
679 3082 826 3120 num.
854 3069 930 3115 16.

539 3151 589 3197 2.
627 3144 704 3196 Ad
739 3139 1116 3194 dimittendum
1151 3133 1469 3187 beneficium
1508 3145 1615 3186 non
1653 3136 1861 3184 tenetur
1889 3129 2105 3182 haereti-

611 3233 708 3274 cus
729 3229 851 3272 ante
883 3219 1039 3268 latam
1070 3212 1406 3272 sententiam,
1432 3223 1580 3262 num.
1605 3215 1682 3260 19.

607 3301 669 3348 Et
727 3305 932 3348 secreto
987 3291 1308 3356 resipiscens
1349 3294 1524 3352 potest
1561 3294 1671 3339 tuto
1701 3283 1830 3336 illud
1879 3284 2108 3336 retinere

602 3373 806 3437 absque
832 3382 970 3424 nova
991 3368 1290 3426 collatione,
1333 3364 1458 3415 ibid.

543 3454 590 3500 9.
627 3447 870 3500 Beneficii
911 3445 998 3511 jus
1045 3445 1358 3503 infirmatur,
1401 3452 1464 3493 ac
1501 3439 1660 3492 veluti
1696 3435 2020 3488 confiscatur
2052 3432 2107 3485 in

609 3523 872 3584 haereticO,
908 3531 1030 3574 ante
1075 3519 1394 3574 sententiam
1435 3519 1612 3578 latam,
1648 3527 1796 3566 num.
1840 3517 1920 3562 20.

545 3605 590 3653 4.
629 3601 754 3653 Novi
791 3597 1035 3651 beneficii
1084 3597 1297 3650 collatio
1340 3597 1474 3646 t'acta
1515 3591 1780 3652 haeretice,
1817 3586 1977 3640 etiam
2014 3599 2108 3650 per

605 3677 852 3729 accidens
875 3675 1099 3734 occulto,
1125 3675 1242 3738 ipso
1267 3675 1385 3736 jure
1406 3669 1551 3722 nulla
1571 3673 1668 3728 est,
1692 3677 1840 3718 num.
1866 3669 1945 3715 2ο.

549 3761 600 3807 5.
633 3751 908 3806 Beneficiis
949 3759 1072 3802 ante
1113 3749 1346 3801 obtentis
1393 3760 1502 3799 non
1553 3747 1782 3811 privatur
1825 3747 2105 3807 suspectus

609 3831 766 3883 etiam
789 3829 1134 3881 vehementer
1154 3825 1220 3878 de
1242 3824 1448 3886 naresi,
1467 3829 1614 3875 tract.
1630 3825 1681 3884 1,
1700 3820 1838 3885 disp.
1865 3821 1944 3880 24,
1972 3821 2102 3868 sect.

605 3911 656 3968 2,
691 3919 838 3959 num.
860 3910 904 3955 5.

611 3985 708 4036 Per
745 3981 1105 4047 suspicionem
1148 3985 1325 4031 autem
1360 3977 1481 4029 sacti
1523 3976 1894 4028 vehementem
1932 3971 1992 4022 fit
2031 3971 2109 4022 in·

609 4059 802 4111 habilis
827 4057 892 4111 ad
914 4069 1052 4111 nova
1074 4055 1395 4121 recipienda,
1423 4065 1569 4104 num.
1600 4055 1647 4102 6.

547 4139 594 4186 o.
631 4134 908 4188 Beneficiis
952 4132 1222 4200 quomodo
1263 4131 1538 4196 priventur
1578 4126 1672 4179 tilii
1731 4123 2107 4178 naereticorum

608 4219 698 4264 aut
723 4211 1008 4275 fautorum,
1040 4211 1160 4264 vide
1192 4223 1309 4261 risu
1337 4219 1710 4267 naun-riconis,
1733 4216 1882 4256 num.
1910 4206 1958 4256 4.

842 4383 986 4430 BONA,
1021 4381 1111 4420 881]
1144 4381 1446 4420 uenturus
1477 4379 1803 4418 sanonum.

549 4524 595 4572 1.
629 4521 895 4572 Bonorum
925 4517 1273 4571 alienationes
1300 4516 1370 4568 ab
1393 4515 1640 4568 haeretico
1663 4514 1812 4565 sactae
1831 4519 1955 4564 ante
1979 4523 2108 4562 sen-

612 4596 829 4648 tentiam
857 4593 1052 4659 judicis
1085 4606 1194 4646 non
1237 4600 1364 4645 sunt
1400 4589 1663 4652 invalidae,
1697 4596 1844 4642 tract.
1881 4592 1930 4651 1,
1965 4585 2106 4652 disp.

609 4677 687 4732 22,
719 4677 846 4722 sect.
875 4675 920 4732 4,
949 4681 1094 4721 num.
1126 4673 1155 4717 2
1183 4675 1235 4720 et
1263 4671 1309 4718 3.

611 4750 723 4800 lmo
753 4759 924 4811 neque
955 4745 1169 4808 illicitae,
1191 4745 1236 4796 si
1259 4743 1460 4808 absque
1483 4741 1668 4794 fraude
1689 4741 1835 4802 fiant,
1860 4753 2007 4793 num.
2037 4741 2081 4790 4.

548 4827 594 4874 2.
620 4824 880 4874 Bonorum
907 4820 1155 4872 alienatio
1179 4821 1312 4871 facta
1343 4821 1410 4870 ab
1439 4817 1686 4870 liaeretico
1720 4823 1894 4882 potest
1921 4828 1952 4868 a
1978 4816 2107 4866 tisco

613 4905 728 4964 post
749 4897 1064 4950 sententiam
1091 4898 1247 4948 latam
1278 4895 1549 4948 retractari
1586 4901 1638 4946 et
1665 4891 1949 4952 annullari,
1970 4902 2109 4955 quo-

611 4987 842 5039 cumque
860 4980 1100 5038 temporc
1125 4974 1259 5024 sacta
1280 4971 1348 5023 sit
1371 4977 1492 5036 post
1511 4970 1714 5022 crimen
1739 4967 2105 5028 commissum,

615 5051 764 5112 ibid.‚
797 5063 946 5102 num.
975 5055 1020 5100 5.

615 5128 779 5191 ldque
797 5126 1005 5178 etiamsi
1035 5125 1177 5179 bona
1213 5123 1314 5176 tide
1343 5127 1570 5188 emptor,
1594 5120 1742 5174 verbi
1766 5120 1950 5187 gratia,
1978 5130 2112 5172 con-

614 5205 804 5264 trabat,
833 5215 977 5254 num.
1006 5206 1054 5251 6.

612 5285 690 5330 An
732 5279 888 5330 etiam
913 5277 1126 5340 quando
1147 5275 1396 5329 alienatio
1437 5275 1572 5327 sacta
1593 5281 1676 5327 est
1713 5273 1948 5338 proxime
1987 5279 2111 5324 ante

603 5363 822 5419 ,tempus
846 5353 1041 5413 delicti,
1077 5362 1128 5404 et
1151 5359 1204 5403 ut
1235 5351 1570 5417 praesumitur
1598 5350 1721 5403 dolo
1745 5351 1884 5402 malo
1908 5349 1977 5400 ad
1996 5348 2111 5401 evi-

613 5433 828 5482 tandam
854 5442 1084 5495 poenam,
1114 5429 1237 5480 ibid.

549 5514 595 5560 tt.
633 5507 766 5570 Quid
798 5508 844 5559 si
881 5507 1144 5559 bonorum
1194 5517 1472 5570 possessor
1499 5517 1608 5570 Jam
1644 5502 1712 5555 ad
1747 5498 2101 5568 praescriptio-

609 5597 734 5638 nem
762 5581 1080 5650 pervenerit,
1112 5593 1261 5636 num.
1299 5585 1342 5636 7.

2232 552 2585 618 retinquendo
2608 553 2925 619 possessori,
2955 557 3105 608 num.
3131 561 3161 606 8
3188 562 3243 608 et
3268 561 3316 607 9.

2229 633 2311 680 An
2352 637 2735 694 recuperentur
2774 642 2809 681 a
2853 629 2983 684 tisco
3008 643 3135 683 cum
3174 630 3417 696 quolibet
3462 638 3765 696 augumnto

2232 703 2285 756 in
2306 704 2385 756 eis
2412 704 2569 766 facto,
2600 719 2751 758 num.
2786 711 2865 759 1ο.

2170 785 2218 832 6.
2250 780 2521 833 Bonorum
2574 783 2779 834 fructus
2820 795 2889 834 an
2947 789 3335 848 recuperentur
3392 795 3427 835 a
3478 783 3617 836 fisco
3648 824 3663 844 ,
3716 785 3765 836 si

2230 862 2451 918 exstant,
2478 865 2604 908 sect.
2635 862 2683 916 4,
2714 871 2862 910 num.
2891 863 2970 910 11.

2230 931 2365 992 Quid
2392 932 2741 1059 ‹litiat'rtuitgbus
2778 934 3119 1001 consumptis
3152 935 3299 988 bona
3342 934 3429 1010 ve!
3460 935 3609 987 mala
3638 933 3765 996 tide,

2238 1020 2385 1058 num.
2496 1022 2525 1059 e
2642 1047 2653 1060 .

2170 1085 2217 1132 6.
2252 1082 2397 1136 Bona
2426 1084 2609 1136 omnia
2632 1085 3001 1138 haereticisive
3018 1085 3259 1149 mobilia,
3282 1086 3401 1138 sive
3428 1085 3757 1150 immobilia,

2235 1161 2615 1220 confiscantur,
2636 1161 2775 1226 disp.
2800 1165 2882 1221 22,
2906 1171 3038 1214 sect.
3068 1169 3121 1216 ⁵.
3144 1175 3293 1215 num.
3336 1169 3385 1212 1.

2242 1235 2542 1298 Requiritur
2560 1243 2736 1289 tamen
2760 1243 2817 1288 ut
2840 1245 3080 1302 tempore
3098 1238 3293 1298 delicti,
3309 1237 3394 1290 vel
3415 1236 3615 1289 saltem
3636 1247 3757 1289 ante

2246 1314 2565 1368 sententiam
2598 1313 2811 1378 judicis,
2848 1315 3125 1380 proprium
3159 1315 3217 1366 in
3256 1327 3323 1368 ea
3351 1317 3441 1380 jus
3484 1315 3751 1377 habuerit,

2258 1400 2407 1440 num.
2432 1392 2479 1440 2.

2183 1468 2227 1514 7.
2266 1465 2411 1516 Bona
2436 1463 2617 1515 omnia
2641 1477 2763 1529 quae
2794 1465 3067 1518 transferri
3094 1472 3319 1528 possunt
3348 1466 3419 1517 ad
3446 1473 3757 1530 extraneos,

2240 1541 2436 1593 cadunt
2462 1541 2565 1594 sub
2600 1541 2804 1603 fiscum,
2840 1542 2989 1602 ibid„
3026 1555 3175 1595 num.
3206 1547 3251 1594 3.

2238 1617 2352 1668 Non
2372 1617 2453 1668 sic
2471 1629 2593 1682 quae
2620 1617 2691 1669 ad
2719 1619 2963 1671 baeredes
2980 1627 3265 1672 extraneos
3284 1631 3394 1672 non
3418 1619 3757 1672 transferun-

2239 1701 2340 1753 tur,
2369 1707 2517 1745 num.
2542 1698 2589 1744 4.

2236 1769 2371 1830 Quid
2395 1771 2438 1820 si
2460 1769 2732 1822 transferri
2758 1771 2964 1835 possint
2993 1771 3046 1822 in
3072 1771 3188 1823 sola
3216 1769 3323 1822 vita
3342 1771 3603 1830 baeretici‚
3630 1771 3753 1824 ibid.

2180 1849 2227 1896 8.
2266 1846 2411 1896 Bona
2440 1846 2671 1898 ltaeretici
2698 1845 2875 1911 aliqua
2904 1847 3025 1900 licet
3060 1847 3114 1898 in
3164 1860 3377 1912 poenam
3421 1848 3755 1908 auferantur,

2244 1933 2354 1973 non
2390 1928 2569 1974 tamen
2600 1923 2815 1988 proprie
2850 1924 3230 1986 confiscantur,
3266 1931 3319 1976 et
3346 1937 3469 1988 quae
3500 1924 3593 1975 illa
3626 1925 3757 1988 sint,

2244 1996 2395 2057 ibid,
2426 2009 2574 2050 num.
2608 2001 2655 2048 o.

2183 2077 2229 2122 9.
2265 2073 2411 2125 Bona
2446 2073 2679 2127 haeretici
2720 2087 2831 2127 non
2870 2081 2995 2127 sunt
3033 2074 3379 2128 confiscanda
3407 2076 3461 2126 in
3492 2075 3759 2126 damnum

2245 2149 2469 2214 alicujus
2492 2149 2653 2212 tertii,
2680 2151 2869 2202 saltem
2903 2163 2997 2215 per
3031 2163 3108 2214 se,
3134 2165 3284 2204 num.
3314 2156 3360 2202 7.

2244 2224 2376 2286 Quid
2400 2225 2444 2276 si
2468 2225 2654 2277 tertius
2676 2226 2743 2277 sit
2766 2239 2915 2289 uxor,
2941 2239 3091 2278 num.
3118 2232 3165 2278 8.

2245 2299 2377 2361 Quid
2400 2300 2444 2352 si
2468 2300 2605 2352 tilius
2626 2309 2717 2352 aut
2740 2309 2905 2366 paler,
2936 2316 3085 2354 num.
3109 2307 3159 2352 9.

2183 2381 2261 2426 1ο.
2300 2378 2442 2428 Bona
2466 2378 2759 2429 castrensia
2776 2379 2866 2428 tilii
2892 2391 2999 2431 non
3024 2379 3391 2432 confiscantur
3406 2385 3635 2444 propter
3655 2379 3755 2430 hae-

2246 2453 2409 2504 resim
2454 2461 2731 2518 paternam
2760 2493 2773 2514 ,
2826 2455 2922 2506 sed
2972 2463 3191 2520 propter
3232 2467 3385 2506 suam
3445 2457 3721 2521 propriam
3739 2494 3752 2516 ,

2246 2541 2393 2580 num.
2422 2535 2467 2581 9.

2246 2605 2378 2666 Quid
2406 2606 2471 2658 de
2498 2606 2654 2659 bonis
2673 2606 2993 2663 adventitiis.
3014 2619 3111 2658 seu
3136 2605 3471 2671 profectitiis,
3506 2605 3637 2657 ibid.

2184 2684 2260 2732 11.
2296 2682 2443 2734 Bona
2468 2683 2717 2736 haeretico
2754 2683 2857 2736 sub
2884 2682 3193 2736 conditione
3218 2682 3434 2746 donata,
3462 2695 3531 2733 an
3555 2681 3753 2735 contis·

2248 2759 2420 2809 canda
2442 2759 2568 2819 sint,
2594 2772 2739 2812 num.
2762 2764 2838 2810 1ο.

2243 2835 2375 2896 Quid
2395 2836 2463 2887 de
2482 2835 2639 2888 bonis
2676 2835 2751 2886 illi
2786 2840 2841 2886 in
2870 2841 3187 2887 testamento
3219 2833 3436 2894 relictis,
3462 2845 3588 2898 qnae
3624 2845 3745 2898 pos·

2246 2911 2470 2963 terimen
2504 2912 2851 2964 commissum
2875 2911 3201 2971 deferuntur,
3230 2925 3375 2962 num.
3415 2914 3491 2961 11.

2242 2987 2375 3049 Quid
2398 2989 2466 3040 dc
2487 2989 2645 3041 bonis
2662 2988 3054 3054 emphiteuticis
3079 2987 3657 3047 autseudalibu5,1bid.

2183 3068 2266 3115 12.
2300 3065 2445 3116 Bona
2493 3064 2927 3132 primogeniturae
2966 3073 3058 3116 aut
3100 3067 3387 3129 majoratus
3439 3075 3509 3114 an
3550 3063 3743 3116 confis-

2248 3139 2420 3192 canda
2452 3140 2523 3192 ob
2563 3140 2805 3194 haeresim
2848 3139 3017 3191 ultimi
3060 3139 3406 3205 possessoris,
3448 3138 3573 3190 ead.
3614 3145 3737 3190 sect.

2250 3223 2297 3279 ὃ,
2320 3232 2467 3271 num.
2495 3221 2574 3270 12.

2192 3298 2268 3344 13.
2304 3295 2447 3346 Bona
2478 3294 2621 3361 regia
2650 3306 2719 3346 an
2744 3300 2797 3347 ct
2816 3293 3044 3360 qualiter
3076 3299 3290 3358 propter
3325 3291 3577 3344 haeresim
3616 3303 3743 3343 con-

2254 3369 2429 3421 fiscari
2464 3370 2727 3434 dicantur,
2759 3371 2876 3423 ead.
2914 3369 3051 3436 disp.
3092 3374 3175 3431 22,
3208 3374 3338 3422 sect.
3368 3372 3417 3430 6,
3449 3381 3600 3419 num.
3636 3371 3683 3428 2,
3716 3371 3743 3414 2

2252 3455 2304 3500 et
2330 3452 2377 3498 9.

2189 3528 2269 3576 14.
2304 3526 2571 3577 Bonorum
2593 3524 2887 3577 dominium
2912 3528 3002 3574 aut
3022 3534 3169 3576 usuS.
3186 3534 3255 3572 an
3276 3527 3328 3573 et
3346 3520 3566 3585 quando
3588 3532 3743 3585 prop-

2251 3609 2331 3655 ter
2358 3601 2601 3654 liaercsim
2642 3607 2875 3654 transcat
2911 3601 2981 3652 ad
3024 3601 3231 3663 fiscum,
3262 3599 3385 3652 vide
3425 3613 3669 3650 nonantu-
3696 3602 3745 3648 et

2249 3693 2577 3732 couriscmo.

2184 3759 2263 3808 16.
2299 3757 2443 3808 Bona
2461 3755 2730 3821 superflua
2750 3767 2995 3820 quaenam
3015 3751 3283 3806 censenda
3298 3752 3405 3804 sint
3420 3749 3743 3817 stantegravi

2246 3833 2329 3885 vel
2354 3831 2628 3884 communi
2662 3830 2883 3896 proximi
2916 3828 3250 3888 necessitate,
3276 3834 3431 3880 tract.
3459 3832 3506 3888 4,
3536 3827 3671 3890 disp.
3698 3830 3741 3888 7,

2248 3915 2375 3960 secl..
2414 3913 2461 3969 3,
2483 3920 2632 3959 num.
2655 3911 2701 3956 9.

2188 3990 2267 4038 16.
2304 3987 2373 4037 Ex
2424 3983 2619 4047 quibus
2658 3981 2817 4035 bonis
2862 3981 2932 4033 sit
2950 3980 3191 4034 facienda
3228 3978 3591 4044 eleemosyna,
3628 3977 3741 4032 ead.

2252 4061 2372 4126 disp
2422 4063 2469 4121 7,
2500 4065 2629 4110 sect.
2653 4063 2701 4120 2,
2729 4071 2823 4122 per
2849 4063 3032 4109 totam.

2189 4141 2268 4188 17.
2304 4139 2447 4188 Bona
2476 4135 2835 4188 ecclesiastica
2862 4145 3021 4198 quam
3052 4132 3283 4184 babeant
3308 4131 3359 4182 in
3386 4130 3528 4182 bello
3550 4129 3739 4181 immu-

2250 4216 2487 4277 nitatem,
2519 4220 2669 4264 tract.
2705 4215 2751 4272 3,
2776 4211 2913 4275 disp.
2946 4214 3027 4272 13,
3058 4219 3186 4262 sect.
3214 4213 3261 4270 7,
3288 4217 3437 4260 nunt.
3462 4211 3541 4258 14.

2883 4339 3061 4378 nunu.

2187 4443 2235 4490 4.
2272 4436 2475 4489 Virtute
2494 4435 2653 4488 Bullae
2676 4433 2927 4499 specialis
2954 4438 3047 4485 aut
3064 4430 3285 4497 iubilaei,
3308 4443 3377 4482 an
3399 4430 3606 4483 absolvi
3628 4427 3739 4493 quis

2252 4519 2431 4578 posset
2476 4525 2508 4563 a
2546 4519 2761 4576 peccato
2810 4510 3030 4562 haeresis
3078 4521 3173 4573 par
3208 4505 3459 4559 accidens
3504 4507 3703 4558 occulto
3724 4544 3736 4568 ,

2250 4595 2401 4641 tract.
2426 4593 2472 4649 1,
2508 4587 2643 4652 disp.
2668 4589 2752 4649 21,
2771 4588 2965 4646 sechk,
3001 4597 3149 4636 num.
3186 4587 3245 4632 2ο
3270 4589 3323 4634 et
3342 4584 3421 4631 21.

2189 4671 2238 4717 2.
2274 4668 2335 4716 ln
2364 4665 2511 4716 Bulla
2546 4663 2720 4715 Coenae
2749 4661 2957 4713 Domini
2991 4659 3081 4725 qui
3114 4658 3487 4712 baereticorum
3530 4656 3658 4712 libri.
3691 4663 3739 4706 et

2251 4741 2541 4806 quomodo,
2565 4745 2657 4790 aut
2677 4738 2777 4790 sub
2805 4749 2911 4803 qna
2948 4748 3175 4788 censura
3202 4733 3609 4800 prohibeantur,
3628 4731 3739 4783 vide

2252 4831 2408 4879 utana,
2434 4829 2465 4867 a
2490 4827 2640 4868 num.
2668 4819 2717 4864 2.

2946 4968 3000 5042 C

2816 5185 3105 5224 manmena.

2253 5275 2549 5330 canonicus
2580 5274 2732 5336 liber,
2758 5279 2851 5326 aut.
2882 5273 3127 5339 scriptor,
3158 5270 3277 5324 vide
3302 5284 3586 5323 acutri-uu.

2803 5403 3141 5442 CANONIZATIO.

2194 5511 2238 5556 1.
2277 5508 2333 5557 ln
2376 5504 2784 5558 canonizatione
2823 5503 3137 5555 Sanctorum
3184 5513 3367 5552 errare
3424 5511 3533 5551 non
3584 5505 3733 5564 potest

2254 5581 2509 5648 Pontifex,
2536 5587 2685 5634 tract.
2714 5583 2765 5646 1,
2788 5577 2931 5646 disp.
2963 5583 3011 5644 5,
3047 5584 3175 5632 sect.
3199 5582 3249 5644 8,
3272 5589 3425 5630 num.
3448 5581 3495 5630 8.
