3900 6217
513 407 587 460 SE.
613 407 716 459 CT.
758 407 844 459 lll.
884 406 1161 469 QUANDO,
1198 406 1274 459 ET
1310 396 1535 470 QUIBUS
1577 402 2097 463 CIRCUHSTANTHS
2130 408 2389 462 OBLIGET
2423 406 2541 459 Hoc
2577 399 2978 458 PRAEOEPTUM.

176 508 415 569 malum
447 507 609 589 quod
656 507 905 585 obliget.
936 507 1357 587 Respondetur
1386 505 1612 588 piimO,
1648 509 1739 589 ip-

176 622 309 663 sam
342 602 759 681 ignorantiam
791 602 855 661 in
884 602 1068 662 rebus
1100 602 1451 663 necessariis
1498 602 1575 663 ad
1626 604 1737 664 ho-

177 704 354 757 neste
396 696 751 768 vivendum,
786 702 853 754 ut
880 702 1045 769 sunt,
1080 713 1216 773 quas
1255 696 1467 757 divino
1497 704 1605 759 aut
1631 718 1737 759 na-

178 788 370 849 turali
410 789 547 866 jure
578 793 723 847 sunt
770 788 1113 849 necessaria
1160 788 1235 847 ad
1285 787 1605 850 honestam
1650 792 1739 852 vi-

178 888 313 942 tam
354 880 791 956 christianam,
843 900 951 961 per
988 900 1051 941 se
1098 900 1227 943 esse
1264 901 1562 961 magnum
1612 902 1739 945 ma-

178 974 337 1046 lum,
375 976 641 1033 maxime
684 974 735 1034 si
776 974 853 1033 sit
880 973 955 1033 de
996 975 1213 1035 mediis
1264 978 1615 1037 necessariis
1663 977 1739 1037 ad

180 1066 472 1139 salutem,
498 1066 594 1127 vel
624 1066 889 1126 multum
920 1066 1197 1129 utilibus
1232 1068 1532 1131 Praeterea
1555 1070 1743 1129 inter-

180 1160 335 1219 dum
374 1161 609 1221 ratione
653 1160 1021 1238 ignorantiae
1055 1161 1221 1222 subit
1256 1162 1573 1241 proximus
1606 1182 1741 1223 ma-

179 1270 382 1332 gnum
418 1253 717 1314 damnum
755 1254 820 1314 in
867 1252 1043 1314 bonis
1083 1253 1268 1315 etiam
1313 1256 1611 1334 corporiS,
1648 1256 1746 1317 vel

177 1348 311 1405 vita
353 1344 701 1407 ethonore.
739 1346 913 1407 Unde
967 1365 1094 1408 non
1144 1355 1236 1409 est
1274 1347 1537 1409 dubium
1593 1350 1744 1427 quin

176 1440 373 1517 possit
403 1438 519 1499 hoc
546 1456 675 1500 esse
710 1438 1017 1501 sufficiens
1054 1441 1312 1501 materia
1340 1440 1655 1503 charitatis
1682 1449 1745 1505 et

178 1530 642 1606 misericordias,
664 1532 1049 1613 pertinetque
1082 1534 1159 1594 ad
1190 1552 1405 1597 omnes
1432 1536 1536 1615 qui
1568 1536 1743 1597 doce-

176 1642 252 1684 re
284 1636 565 1703 possunt,
596 1625 693 1685 vel
722 1625 1063 1699 consulere,
1096 1631 1168 1687 ut
1210 1628 1417 1689 Patres
1444 1626 1745 1705 colligunt

179 1736 261 1777 ex
310 1716 601 1797 parabola
642 1718 859 1779 Matth.
892 1720 993 1793 25,
1030 1720 1105 1780 de
1140 1738 1316 1781 servo
1343 1721 1737 1799 reprehenSO,

178 1812 294 1891 qui
334 1829 530 1873 unum
572 1810 871 1872 talentum
908 1812 1271 1889 abscondit,
1323 1814 1737 1891 intelligentes

178 1902 261 1963 de
289 1904 519 1963 talento
560 1903 855 1965 doctrinae
884 1912 946 1966 et
986 1906 1360 1984 obligatione
1399 1906 1735 1969 charitatis·

176 1996 361 2069 Quod
416 2004 796 2076 praeceptum
858 1998 1126 2061 strictius
1172 1998 1405 2078 obligat
1458 2019 1559 2061 eos
1590 2046 1605 2072 ,
1661 2001 1739 2062 ad

176 2108 338 2168 quos
364 2089 551 2151 veluti
597 2092 835 2151 ratione
864 2098 1058 2153 status
1080 2091 1195 2152 boc
1225 2111 1453 2152 munus
1478 2100 1737 2172 spectat,

178 2182 263 2242 de
299 2201 421 2261 quo
450 2185 521 2243 D.
552 2183 818 2245 Thomas
846 2186 906 2245 2.
942 2188 1004 2261 2,
1035 2192 1252 2265 quaest.
1283 2186 1420 2261 188,
1453 2193 1570 2249 art.
1598 2189 1639 2248 4
1678 2194 1741 2249 et

182 2278 265 2350 5;
298 2276 399 2335 sed
430 2276 701 2337 maxime
727 2276 803 2337 ad
834 2296 937 2339 eos
965 2279 1073 2357 qui
1107 2285 1399 2340 tenentur
1423 2298 1501 2341 ex
1542 2281 1741 2343 officio

180 2375 251 2430 et
313 2369 558 2449 justitia
596 2385 617 2446 ;
658 2377 899 2449 oportet
944 2378 1153 2432 tamen
1220 2372 1286 2433 in
1341 2372 1459 2433 boc
1498 2392 1743 2436 servare

182 2464 676 2523 circumstantias
693 2462 769 2525 de
798 2464 1021 2543 quibus
1046 2464 1114 2524 in
1142 2466 1409 2525 sectione
1434 2468 1739 2547 sequenti.

182 2555 304 2617 Sed
327 2574 563 2633 quaeres
592 2575 673 2617 an
707 2558 947 2617 veniale
981 2564 1300 2637 peccatum
1328 2560 1408 2618 sit
1432 2561 1742 2638 corrigen-

180 2648 335 2707 dum
374 2648 587 2709 saltem
614 2649 727 2709 sub
764 2650 1136 2728 obligatione
1163 2650 1241 2710 ad
1277 2652 1537 2713 veniale.
1571 2655 1740 2726 Sole,

108 2738 390 2801 ‘statim
412 2742 718 2816 citanduS,
744 2741 1011 2803 affirmat
1038 2762 1115 2803 ex
1144 2743 1249 2803 illo
1276 2744 1452 2804 Joan.
1486 2748 1562 2807 13
1592 2766 1605 2803 :
1650 2746 1746 2809 Et

178 2852 291 2896 vos
330 2833 541 2898 debetis
582 2836 737 2897 alter
765 2836 1019 2899 alterius
1064 2837 1271 2900 lavare
1300 2838 1499 2917 pedes.
1536 2838 1743 2900 Sancti

180 2929 355 2987 enim
397 2926 483 2987 ibi
532 2928 895 3007 intelligunt
922 2929 1183 2991 leviores
1212 2930 1485 2989 defectus
1510 2976 1527 3003 ,
1568 2932 1747 3009 juxta

182 3020 339 3079 illud
366 3042 380 3079 :
418 3020 533 3094 Qui
560 3022 721 3083 lotus
758 3028 869 3094 est,
910 3040 1027 3083 non
1053 3023 1304 3105 indiqu,
1330 3022 1452 3085 nisi
1479 3028 1549 3087 ut
1570 3027 1747 3106 pedes

186 3114 365 3177 lacet.
399 3115 577 3174 Ratio
622 3133 768 3174 vero
817 3121 928 3186 est,
963 3114 1107 3193 quia
1160 3122 1475 3192 peccatum
1510 3117 1746 3177 veniale

186 3214 278 3267 est
308 3207 660 3267 deformitas
688 3208 971 3287 quaedam
1004 3209 1293 3287 proximi,
1316 3215 1378 3269 et
1405 3216 1603 3288 potest
1630 3212 1748 3269 im-

184 3300 397 3379 pedire
444 3300 639 3360 multa
667 3300 850 3360 bona.
893 3300 1347 3378 confirmatur3
1396 3319 1540 3361 nam
1579 3302 1749 3363 simi-

184 3394 330 3454 liter
360 3393 423 3452 in
468 3394 717 3455 miseria
757 3394 1057 3473 corporali
1090 3395 1366 3473 ejusdem
1399 3396 1745 3475 proportio-

181 3487 311 3559 niS,
350 3486 401 3545 si
426 3486 557 3548 sine
584 3504 767 3547 causa
796 3492 1254 3547 contemnerem
1289 3488 1598 3548 miseriam
1625 3488 1746 3549 fra-

182 3580 335 3653 triS,
388 3586 543 3639 esset
589 3578 848 3639 veniale.
902 3579 1329 3658 Respondetur
1376 3588 1749 3660 argumenta

180 3672 574 3747 concludere,
608 3690 781 3751 posse
810 3672 1125 3733 interdum
1163 3691 1293 3733 esse
1319 3672 1479 3733 hanc
1517 3672 1749 3753 obliga-

179 3767 443 3841 tionem,
494 3765 797 3844 praecipue
851 3765 1015 3826 inter
1065 3782 1170 3825 eos
1224 3766 1330 3844 qui
1382 3765 1750 3845 profitentur

182 3857 468 3917 altiorem
510 3865 735 3919 statum
762 3902 781 3933 ‚
825 3864 887 3919 et
938 3858 1103 3918 inter
1150 3877 1305 3938 quos
1341 3859 1585 3919 veniala
1626 3860 1751 3919 sint

182 3953 507 4029 graviora,
542 3957 725 4029 atquc
767 3951 1029 4011 afferant
1077 3951 1327 4030 aliquod
1392 3952 1747 4012 scandalum

182 4044 287 4104 vel
337 4044 789 4118 indecentiam3
824 4050 1034 4104 tamen
1074 4044 1445 4122 regulariter
1483 4063 1609 4105 non
1659 4052 1752 4105 est

184 4136 509 4215 scrupulus
538 4135 859 4197 habendus
887 4136 953 4195 in
983 4136 1099 4196 hac
1142 4154 1231 4209 re,
1261 4143 1322 4197 et
1360 4139 1543 4215 juxta
1588 4137 1751 4197 hanc

182 4230 625 4291 resolutionem
650 4229 1013 4309 procedunt,
1041 4228 1149 4307 qui
1178 4229 1545 4308 simpliciter
1573 4230 1752 4290 aiunt

183 4330 568 4403 praeceptum
618 4322 1013 4382 correctionis
1064 4340 1189 4382 non
1237 4321 1485 4383 extendi
1528 4323 1602 4383 ad
1642 4341 1751 4382 ve-

184 4414 407 4489 nialia,
440 4422 508 4475 nt
550 4415 883 4488 Adrianus,
924 4416 989 4474 in
1028 4414 1365 4493 quaestione
1404 4414 1479 4474 de
1506 4416 1753 4474 Correc-

183 4510 361 4570 tione
411 4510 723 4585 fraterna,
763 4508 800 4589 ἓ
847 4509 1055 4582 Quoad
1094 4511 1383 4577 ἐκτίνω·
1429 4507 1750 4578 Abulens.,

184 4602 408 4663 Matth.
444 4604 544 4673 18,
576 4610 791 4680 quaest.
825 4601 903 4662 82
920 4617 941 4679 3
973 4600 1342 4671 Paludanus,
1386 4602 1447 4673 4,
1481 4598 1749 4660 distinct.

189 4698 293 4769 19,
325 4700 543 4773 quaest.
578 4694 639 4765 3,
678 4699 792 4755 art.
822 4696 861 4754 2
888 4710 909 4771 3
940 4693 1220 4767 Gabriel,
1254 4692 1503 4753 lection.
1538 4694 1617 4753 74
1642 4738 1661 4767 ‚
1688 4694 1753 4753 in

188 4790 361 4849 Cano
376 4804 397 4865 ;
433 4788 723 4867 Sylvest„
750 4786 1077 4857 CorrectiO,
1124 4793 1340 4863 quaest.
1402 4790 1458 4845 1.
1514 4786 1754 4846 Adden-

186 4882 345 4941 dum
377 4888 467 4941 est
492 4880 738 4955 ultimo,
768 4898 907 4939 cum
933 4882 1100 4953 Sota,
1132 4878 1206 4937 de
1237 4878 1527 4955 Tegcndo
1558 4896 1754 4939 secre-

188 4981 281 5046 ῑο,
316 4972 551 5034 memb.
582 4977 641 5045 2,
670 4978 885 5051 quaest.
920 4975 981 5045 2,
1009 4970 1275 5031 conclus,
1312 4973 1371 5042 3,
1406 4977 1467 5029 et
1494 4970 1631 5031 aliis
1660 4989 1756 5031 re-

186 5066 599 5142 centioribuS,
631 5067 767 5126 haec
797 5064 1195 5143 intelligenda
1240 5081 1368 5123 esse
1415 5064 1633 5124 stando
1665 5064 1758 5124 in-

184 5168 292 5219 tra
334 5158 565 5219 limites
594 5158 940 5232 charitatis,
978 5164 1039 5217 et
1075 5156 1511 5217 misericordiae
1538 5178 1557 5231 3
1610 5176 1757 5217 nam

184 5252 245 5313 si
284 5252 697 5312 admisceatur
744 5250 1042 5329 obligatio
1084 5249 1339 5328 justitiae
1366 5292 1385 5323 ,
1444 5248 1757 5309 interdum

184 5351 401 5426 potest
427 5345 653 5425 aliquis
690 5344 953 5423 obligari
990 5344 1065 5405 ad
1098 5342 1457 5421 corrigenda
1494 5342 1626 5405 haec
1660 5361 1763 5403 ve-

3271 398 3390 461 695

1816 528 1980 585 rare,
2015 528 2138 571 uon
2194 508 2394 571 solum
2449 513 2517 568 ut
2557 506 2784 567 subditi
2820 507 3018 566 vitent
3076 505 3384 583 mortalia,

1819 602 1925 663 sed
1964 604 2154 664 etiam
2198 611 2268 662 ut
2293 602 2370 663 ad
2400 601 2840 681 perfectionem
2881 596 3168 673 tendant,
3195 604 3386 679 atque

1815 696 1969 758 adeo
1997 702 2066 757 ut
2093 697 2291 766 vitent
2329 695 2774 775 impedimenta
2801 714 2818 767 ;
2873 699 3246 771 quapropter
3269 737 3288 766 ,
3320 693 3378 753 si

1818 790 2084 851 nimium
2115 808 2178 849 se
2204 794 2378 867 gerat
2409 786 2695 867 praelatus
2720 786 3128 865 negligenter,
3163 790 3224 846 et
3251 804 3386 845 ma-

1818 885 1986 944 xime
2032 886 2082 944 si
2128 884 2399 945 defectus
2447 882 2572 941 sint
2614 880 2930 959 generales
2967 879 3386 941 communita-

1822 978 1925 1052 tis,
1972 976 2198 1056 poterit
2237 994 2365 1037 esse
2394 974 2690 1053 obligatio
2723 973 2837 1033 sub
2869 972 3115 1033 mortali
3141 972 3218 1032 ad
3247 991 3380 1031 cor-

1826 1070 2086 1147 rigenda
2106 1070 2236 1142 illa,
2266 1088 2455 1148 quam
2485 1067 2924 1145 obligationem
2952 1066 3145 1145 aliqui
3171 1072 3382 1125 exten-

1825 1163 1983 1223 dunt
2019 1164 2095 1223 ad
2131 1164 2398 1243 privatas
2428 1176 2760 1242 personas;
2793 1160 2898 1221 sed
2927 1176 3054 1219 nou
3096 1159 3182 1219 ita
3223 1157 3384 1217 exis-

1824 1255 2004 1329 tim0,
2038 1255 2156 1315 nisi
2191 1255 2461 1317 habeant
2492 1255 2560 1315 in
2587 1252 2894 1333 aliquibus
2919 1250 3265 1311 actionibus
3293 1252 3384 1309 vi-

1825 1367 1960 1410 cem
1983 1349 2240 1428 prazlati,
2264 1348 2647 1409 observando
2670 1346 2968 1407 nimirum
2996 1344 3254 1405 aliorum
3281 1344 3384 1403 ‹le-

1824 1443 2056 1513 fectus,
2101 1442 2198 1503 vel
2239 1443 2428 1503 etiam
2481 1440 2795 1503 interdum
2843 1445 3172 1500 teneantur
3209 1438 3386 1497 illum

1826 1537 1924 1597 sui
1972 1536 2156 1599 officii
2201 1535 2534 1597 admonere
2559 1550 2581 1611 3
2613 1534 2690 1595 de
2741 1533 2974 1593 caeteris
3005 1532 3170 1592 enim
3219 1530 3386 1609 plus-

1825 1646 2010 1709 quam
2044 1647 2260 1689 verum
2307 1634 2398 1687 est
2449 1644 2576 1687 non
2619 1626 2814 1689 teneri
2865 1624 3130 1686 aliorum
3190 1624 3382 1682 vitam

1824 1722 2109 1797 scrutari,
2135 1728 2205 1782 ut
2230 1720 2406 1781 docet
2435 1722 2498 1781 D.
2528 1720 2816 1793 Thomas,
2849 1720 2906 1779 2.
2937 1720 2997 1789 2,
3030 1724 3244 1795 quaest.
3279 1717 3380 1787 33,

1820 1821 1941 1877 art.
1988 1817 2050 1891 2,
2082 1815 2159 1877 ad
2192 1817 2258 1888 4,
2287 1832 2362 1874 ex
2407 1812 2732 1875 Salomone
2753 1817 2816 1873 et
2842 1810 3228 1887 Augustino;
3273 1809 3388 1869 Ca·

1818 1910 2040 1987 jetan„
2071 1908 2138 1969 in
2186 1908 2466 1978 Summa,
2499 1906 2686 1967 verbo
2720 1903 3016 1969 Gerr-ectio
3061 1905 3382 1977 fraterna,

1820 2002 2108 2081 sylvest„
2137 2000 2348 2063 eodem
2379 1999 2593 2075 verbe,
2626 2016 2803 2060 num.
2835 2000 2896 2069 3,
2927 2002 2987 2059 et
3016 1996 3144 2057 alii.

2435 2199 2650 2255 saeuo
2684 2202 2768 2253 111.

1830 2376 2081 2451 Quando
2097 2378 2155 2441 et
2177 2392 2310 2439 cwm
2333 2374 2544 2456 quibus
2567 2376 2712 2439 aliis
2735 2371 3212 2437 cirmmstantiis
3239 2370 3388 2435 olli-

2276 2474 2376 2552 oct
2409 2470 2515 2531 hoc
2535 2474 2922 2549 precaeptum.

1911 2658 1969 2717 1.
2017 2655 2236 2719 Prima
2281 2654 2865 2729 concham—Qua»
2893 2654 3096 2717 delicti
3133 2651 3388 2736 coynitio

1824 2748 2173 2828 requiratur
2201 2748 2280 2809 ad
2301 2750 2646 2825 fraternam
2686 2749 3124 2811 correctionem.
3151 2779 3214 2789 -—
3241 2746 3383 2807 Dico

1826 2841 2028 2919 primo
2069 2860 2084 2900 ε
2124 2847 2267 2900 ante
2311 2840 2546 2915 omnia,
2596 2858 2838 2901 necesse
2879 2847 2970 2900 est
2997 2845 3068 2899 ut
3087 2838 3384 2899 delictum

1828 2932 2096 3013 proximi
2123 2933 2502 2993 sufficienter
2530 2939 2788 3009 constet,
2818 2940 2888 2993 ut
2911 2934 3259 2993 insinuatur
3284 2930 3390 2991 illo

1827 3026 2020 3089 verbo
2043 3027 2386 3104 Evangelii,
2416 3028 2499 3088 In
2524 3032 2604 3099 te,
2635 3026 2696 3086 id
2727 3034 2841 3102 est,
2873 3044 3068 3089 coram
3099 3031 3175 3099 te,
3211 3030 3283 3084 ut
3312 3042 3387 3085 ex

1828 3120 2031 3181 citatis
2058 3119 2424 3199 praecedenti
2455 3120 2756 3194 sectione,
2791 3138 2964 3181 num.
3001 3122 3038 3180 4
3095 3117 3382 3179 habetur.

1826 3215 2012 3275 Ratio
2050 3218 2166 3288 est,
2198 3214 2342 3290 quia
2371 3212 2521 3273 alias
2543 3219 2700 3273 esset
2728 3213 3082 3283 temeraria,
3113 3230 3228 3271 nec
3253 3212 3388 3269 sine

1830 3308 2061 3387 injuria
2089 3306 2412 3385 correptio·
2447 3307 2689 3379 Quaeres
2717 3324 2858 3385 quae
2897 3307 2976 3365 sit
3019 3306 3136 3365 ista
3179 3304 3391 3381 cogni-

1827 3402 1935 3461 tio.
1961 3400 2268 3461 Adrianus
2292 3418 2498 3478 supra,
2525 3399 2562 3479 ξ
2587 3398 2716 3461 Sed
2735 3400 2858 3461 Itoec
2881 3390 3106 3478 opinio,
3134 3415 3384 3475 respou-

1828 3492 1956 3567 det,
1989 3510 2119 3553 esse
2152 3491 2534 3572 probabilem
2567 3492 3019 3570 conjecturam3
3051 3490 3181 3551 haec
3215 3488 3384 3549 enim

1828 3587 2052 3647 sufficit
2111 3586 2190 3646 ad
2239 3591 2612 3665 praeceptum
2655 3585 3064 3662 eleemosynae
3110 3600 3392 3661 corpora·

1830 3677 1938 3755 lis;
1963 3680 2131 3753 Soto,
2159 3678 2236 3739 de
2261 3679 2530 3751 Secret0,
2561 3676 2790 3738 memb.
2824 3678 2884 3748 2,
2911 3680 3128 3754 quaest.
3155 3676 3220 3749 2,
3249 3692 3392 3734 con-

1829 3771 1980 3831 clus.
2014 3773 2078 3845 2,
2107 3770 2365 3849 requirit
2397 3776 2629 3831 certam
2662 3768 3106 3846 cognitionem,
3137 3784 3273 3845 quae
3301 3766 3396 3825 in·-

1828 3863 2132 3941 telligitnr
2158 3863 2232 3923 de
2258 3863 2480 3924 morali
2505 3863 2870 3923 certitudine
2893 3883 2910 3935 ;
2943 3866 3003 3920 et
3029 3858 3394 3935 regulariter

1830 3963 1921 4017 est
1948 3957 2176 4031 veriuS,
2223 3956 2370 4034 quia
2411 3957 2706 4015 correctio
2733 3955 2810 4014 de
2839 3973 2905 4015 se
2933 3962 3026 4013 est
3061 3954 3294 4027 odiosa,
3329 3957 3390 4011 et

1830 4048 2014 4110 affert
2055 4048 2492 4109 verecundiam
2535 4048 2748 4121 alteri3
2782 4053 2844 4107 et
2887 4046 3006 4105 nisi
3053 4045 3392 4125 prudenter

1830 4142 1962 4216 fiat,
2005 4148 2094 4201 est
2137 4140 2446 4219 quoddam
2476 4158 2674 4218 genus
2707 4138 3126 4213 contumelias,
3159 4139 3224 4197 in
3269 4154 3392 4214 quo

1832 4234 2100 4293 multum
2143 4232 2352 4293 differt
2388 4232 2468 4293 ab
2521 4232 2658 4292 aliis
2714 4231 3152 4309 eleemosynis3
3203 4236 3266 4289 et
3312 4230 3395 4289 ita

1834 4332 1980 4387 ante
2019 4326 2232 4387 Sotum
2275 4330 2602 4385 senserunt
2637 4323 2890 4399 Gerson,
2935 4323 3012 4383 de
3041 4324 3180 4382 Vita
3217 4321 3397 4400 spiri-

1833 4418 2013 4487 titali,
2051 4425 2292 4479 tractat.
2321 4420 2434 4494 243
2462 4417 2753 4490 AstensiS,
2782 4418 2848 4475 in
2879 4416 3158 4491 Summa,
3185 4413 3294 4473 lib.
3330 4415 3396 4487 2,

1836 4510 1932 4570 tit.
1986 4513 2047 4583 6,
2103 4530 2235 4590 cap.
2283 4514 2360 4588 43
2411 4517 2472 4571 et
2503 4509 2754 4569 tandem
2797 4510 3054 4581 Navar.,
3103 4525 3236 4585 cap.
3293 4508 3396 4582 24,

1838 4622 2016 4664 num.
2051 4607 2159 4681 123
2192 4606 2241 4664 si
2267 4612 2474 4665 tamen
2509 4604 2801 4664 delictum
2831 4607 3154 4680 appareret
3182 4616 3398 4677 grave,

1837 4705 1899 4756 et
1930 4698 2143 4775 magni
2178 4696 2454 4776 periculi,
2491 4696 2586 4755 vel
2629 4712 2772 4755 cum
2818 4700 2977 4755 esset
3011 4710 3148 4771 spes
3190 4708 3399 4751 emen-

1838 4789 1956 4864 dae,
1994 4797 2055 4851 et
2095 4789 2300 4850 nullus
2346 4790 2532 4849 timor
2575 4786 2985 4849 exacerbandi
3018 4786 3396 4864 proximum,

1838 4880 2066 4941 habere
2094 4888 2294 4961 posset
2323 4882 2525 4941 locum
2554 4880 2862 4940 sententia
2891 4877 3178 4949 Adriani;
3205 4894 3396 4955 quare

1836 4976 1898 5034 in
1936 4975 2260 5035 individuo
2289 4973 2621 5053 prudentia
2653 4991 2806 5052 opus
2836 4978 2948 5032 est.

1916 5069 1978 5126 2.
2027 5067 2305 5129 Secunda
2361 5067 2679 5129 conclusio.
2720 5098 2802 5112 -
2841 5064 3098 5143 objectio
3139 5065 3401 5127 solvit-ur

1841 5157 2196 5240 tripliciter.
2226 5192 2307 5205 —
2329 5158 2472 5219 Dico
2497 5157 2766 5217 secundo
2801 5178 2816 5214 ε
2854 5164 3078 5236 praeter
3117 5157 3398 5217 notitiam

1841 5250 2074 5326 delicti,
2117 5256 2209 5310 est
2251 5252 2590 5311 necessaria
2628 5267 2762 5327 spes
2809 5248 3043 5307 fructus
3088 5255 3152 5308 et
3190 5266 3395 5309 emen-

1842 5343 2132 5403 dationis.
2165 5344 2274 5402 Est
2317 5348 2530 5403 contra
2561 5342 2922 5411 Panormit.,
2979 5358 3116 5421 cap.
3162 5342 3398 5416 Novit,

188 5437 395 5499 niaIIa
432 5445 703 5517 peccata,
737 5444 807 5496 ut
838 5436 1113 5497 accidere
1144 5441 1338 5515 potest
1358 5434 1422 5494 in
1451 5437 1768 5519 superiore
1848 5436 1923 5495 de
1948 5434 2230 5507 Judiciis,
2280 5434 2388 5513 qui
2434 5434 2546 5507 ait,
2600 5434 2714 5494 etsi
2759 5439 2999 5494 constet
3047 5435 3400 5512 proximum

186 5529 546 5609 religionis,
572 5530 681 5610 qui
710 5548 786 5591 ex
814 5529 1012 5591 officio
1040 5534 1101 5589 et
1118 5527 1361 5611 justitia
1386 5532 1638 5597 tenetur
1664 5548 1771 5591 cu-

1852 5546 1978 5587 non
2009 5528 2138 5589 fore
2164 5528 2648 5603 emendandum,
2674 5526 2936 5607 obligari
2965 5544 3042 5587 ex
3069 5532 3402 5609 praecepte,
