3900 6217
589 452 724 514 diti.
763 449 898 511 Dixi
943 456 1149 510 autem
1178 452 1427 533 proprie
1461 450 1772 531 loquendo,
1807 450 1977 529 quia,
2007 449 2151 509 licet

587 544 692 607 isti
737 561 863 603 non
907 542 1138 603 subditi
1189 562 1314 603 non
1359 542 1593 622 possint
1640 542 1921 623 positive,
1954 548 2026 601 ιιι
2067 542 2153 603 sic

589 638 790 699 dicam
825 681 842 709 ‚
889 635 1088 715 pmnis
1143 636 1304 697 affici
1335 684 1348 707 ,
1386 642 1494 695 aut
1546 634 1836 695 oneribus
1884 635 2151 712 gravari,

589 735 844 812 possunt
876 727 1285 789 nihilominus
1332 728 1564 810 privari
1609 728 1896 807 gratuitis
1924 727 2152 789 benefi-

591 824 742 897 ciiS,
807 822 1346 883 commoditatibus
1404 828 1512 882 aut
1582 818 1942 895 favoribus5
1990 820 2155 901 quod

590 917 784 978 ctiam
821 921 1022 997 potest
1068 935 1197 978 esse
1250 916 1526 977 medium
1559 922 1628 974 ut
1671 915 2045 976 inducantur
2076 912 2154 975 ad

590 1010 802 1085 fidem,
838 1009 932 1069 vel
975 1008 1251 1070 favorem
1292 1012 1462 1089 ejuS,
1499 1014 1561 1070 et
1603 1014 1804 1089 potest
1852 1008 2155 1069 indirecta

590 1103 875 1183 quaedam
925 1103 1157 1164 coactio
1212 1103 1524 1183 reputari,
1589 1102 1736 1181 quia
1780 1102 1912 1163 sine
1964 1100 2152 1161 dubio

589 1195 706 1255 hoc
758 1200 1000 1256 tantum
1047 1196 1230 1256 modo
1280 1196 1440 1256 facta
1489 1194 1656 1255 licita
1711 1199 1823 1267 est,
1875 1193 2024 1273 quia
2074 1190 2153 1253 ad

588 1287 752 1349 hauc
802 1288 1213 1369 privationem
1259 1287 1705 1351 beneficiorum
1737 1305 1864 1347 non
1917 1292 2007 1347 est
2047 1305 2156 1347 ne-

591 1382 851 1442 cessaria
867 1382 1219 1461 jurisdictio
1242 1382 1340 1443 vel
1365 1381 1646 1461 superior
1676 1386 1962 1461 potestas,
1997 1380 2151 1441 ltem

591 1474 739 1553 quia
779 1473 1021 1536 licitum
1053 1483 1146 1537 est
1193 1495 1304 1557 per
1331 1474 1633 1536 beneficia
1675 1480 1737 1535 et
1773 1474 1939 1535 bona
1969 1492 2155 1552 opera

591 1567 839 1629 allicere
893 1568 1007 1629 hos
1045 1568 1325 1629 infideles
1369 1568 1446 1628 ad
1494 1568 1678 1630 fidem
1699 1613 1720 1644 ,
1765 1566 2015 1647 quando
2064 1572 2155 1627 est

591 1678 729 1741 spes
768 1661 1004 1722 fructus
1029 1706 1050 1737 ,
1103 1668 1170 1721 ut
1218 1680 1295 1722 ex
1353 1660 1647 1738 Gregorio
1700 1665 1961 1735 constat,
2006 1660 2171 1720 locis·

591 1772 776 1835 supra
805 1755 1006 1816 citatis
1032 1776 1049 1830 3
1083 1773 1230 1833 ergo
1263 1774 1296 1815 e
1325 1754 1632 1815 contrario
1681 1753 1927 1833 quando
1970 1752 2147 1815 bene·

591 1846 729 1907 ficia
771 1866 898 1908 non
955 1854 1236 1928 prosunt,
1266 1848 1407 1909 licet
1451 1865 1554 1907 eos
1599 1845 1881 1907 infideles
1929 1844 2156 1907 talibus

592 1940 771 2001 bonis
799 1942 1052 2020 privari,
1087 1948 1158 2001 ιιι
1186 1943 1420 2004 vernatio
1465 1941 1558 2003 det
1586 1940 1952 2003 intellectum
1966 1965 1991 2013 ,·
2020 1940 2157 2001 talis

593 2034 758 2095 enim
790 2035 1060 2111 vexatio,
1090 2040 1160 2094 ut
1190 2033 1520 2109 declaravi,
1545 2033 1716 2095 licite
1756 2034 1845 2095 fit.
2150 2074 2187 2103 0

673 2128 772 2188 12.
818 2126 918 2189 Ad
945 2129 1217 2211 primu-m
1248 2130 1664 2211 armamentum
1689 2128 1908 2207 primoe
1929 2132 2159 2191 senten-

593 2222 697 2283 tioe
733 2218 798 2281 in
822 2239 984 2283 num.
1013 2222 1071 2291 1,
1107 2220 1269 2282 locus
1293 2220 1443 2283 Luc.
1475 2222 1552 2281 14
1597 2218 1950 2283 litteraliter
1978 2239 2161 2303 eatpo-

593 2312 785 2376 m’tur.
807 2346 888 2360 —
908 2313 1190 2377 Solvitur
1216 2314 1535 2376 secundum
1563 2318 1977 2397 argumentum
2007 2315 2154 2377 ibid.

593 2440 674 2453 —
699 2404 982 2470 Solvitur
1009 2407 1274 2470 tertium.
1299 2439 1380 2452 —
1398 2406 1489 2466 Ex
1517 2406 1901 2485 argumentis
1943 2407 2159 2485 primoe

593 2496 926 2578 opinioniS,
943 2493 1221 2577 'primum
1253 2498 1618 2560 sumebatur
1641 2518 1714 2559 ex
1737 2498 1926 2559 verbo
1960 2499 2159 2571 Chris-

592 2592 684 2651 ti:
739 2590 1056 2673 Campano}
1072 2606 1166 2654 eos
1211 2592 1449 2653 intrare
1479 2638 1496 2667 ,
1543 2590 1708 2671 quod
1755 2592 2157 2669 AugustinuS,

592 2686 759 2745 dicta
797 2686 970 2765 epist.
1007 2686 1086 2746 48
1115 2691 1176 2745 et
1215 2686 1316 2759 50,
1351 2683 1428 2743 de
1457 2684 1705 2763 propria
1738 2684 2158 2763 compulsione

589 2798 702 2860 per
729 2796 976 2858 poenam
1007 2777 1322 2857 intelligit,
1355 2776 1543 2838 refert
1564 2784 1775 2837 tamen
1804 2776 1880 2837 ad
1910 2776 2156 2838 haereti-

593 2890 695 2933 cos
733 2871 888 2933 illud
935 2877 996 2933 et
1030 2876 1338 2951 apostatas
1359 2890 1378 2945 3
1411 2887 1556 2929 nam
1593 2872 1822 2949 primos
1863 2870 2156 2933 invitatos

593 2966 846 3045 exponit
877 2982 1004 3026 esse
1041 2963 1310 3039 Judaeos,
1343 2964 1638 3024 secundos
1671 2968 1881 3023 autem
1917 2963 2154 3043 simpli·

594 3059 746 3120 citer
769 3065 1016 3119 vocatos
1046 3076 1176 3119 esse
1203 3056 1486 3137 gentiles,
1510 3056 1720 3117 tertios
1754 3062 1963 3119 autem
1987 3075 2154 3117 com-

593 3150 801 3232 pulsos
839 3168 971 3212 esse
1014 3151 1356 3227 haereticOS,
1388 3148 1464 3209 de
1508 3148 1732 3229 quibus
1775 3148 1979 3229 primo
2024 3168 2153 3210 res-

595 3244 938 3325 pondemus
984 3262 1128 3306 vere
1175 3262 1348 3325 posse
1391 3245 1548 3322 cogi.
1582 3243 1886 3303 Litteralis
1938 3248 2151 3305 autem

597 3338 892 3417 expositio
942 3339 1100 3399 mihi
1150 3356 1280 3400 esse
1331 3337 1575 3398 videtur
1618 3337 2061 3415 Chrysostomi‚
2092 3343 2155 3397 et

595 3431 857 3493 aliorum
878 3478 898 3509 ,
934 3433 1041 3511 qui
1073 3432 1287 3493 dicunt
1315 3430 1421 3492 illa
1451 3430 1672 3491 ultima
1711 3429 1899 3491 verba
1938 3428 2155 3493 referri

597 3524 674 3586 ad
699 3524 890 3585 finem
917 3526 1160 3601 mundi,
1198 3526 1263 3585 in
1289 3542 1436 3604 quo,
1469 3532 1539 3584 ut
1571 3540 1866 3585 numerus
1892 3523 2157 3604 proedes·

597 3618 939 3679 tinatorum
981 3618 1317 3697 impleatur
1344 3662 1366 3693 ,
1404 3614 1814 3696 compellendi
1859 3617 2157 3697 quodam-

601 3710 788 3771 modo
822 3717 970 3772 sunt
996 3711 1103 3789 qui
1131 3709 1460 3785 defuerint,
1492 3727 1618 3769 non
1657 3708 1879 3789 poeuiS,
1921 3716 1985 3771 et
2031 3709 2158 3769 vio·

598 3802 793 3864 lentia
825 3804 1096 3884 propria,
1129 3802 1234 3863 sed
1263 3802 1696 3881 magnitudine
1734 3802 2055 3883 signorum
2098 3807 2159 3862 et

600 3894 1068 3972 miraculorum,
1095 3901 1156 3957 et
1182 3894 1452 3957 efficacia
1487 3895 1943 3974 praedicationis
1974 3901 2037 3956 et
2061 3894 2158 3955 in·

601 3998 795 4051 ternae
847 3988 1114 4069 graiiae3
1159 3994 1222 4049 et
1267 3986 1408 4049 talis
1449 3986 1568 4050 fuit
1604 3989 1698 4049 vis
1751 3988 1924 4050 illata
1970 3988 2159 4049 Paulo

599 4084 668 4145 in
721 4102 831 4146 sua
888 4084 1290 4146 conversione
1319 4128 1334 4157 ,
1383 4101 1520 4163 quae
1553 4083 1640 4144 ibi
1687 4084 1752 4145 in
1802 4082 2158 4163 exemplum

601 4176 995 4241 afferebatur.
1030 4176 1380 4239 Secundum
1413 4182 1852 4254 argumentum
1877 4177 2160 4239 sumeba-

599 4280 705 4335 tur
736 4290 812 4335 ex
841 4279 1138 4354 potestate
1170 4270 1469 4353 puniendi
1497 4271 1740 4349 delicta,
1768 4270 1846 4332 ad
1872 4270 2037 4350 quod
2062 4288 2161 4333 re-

599 4368 996 4449 spondemus„
1025 4368 1220 4428 Deum
1246 4384 1374 4426 non
1403 4364 1636 4426 dedisse
1670 4365 2029 4427 hominibus
2059 4383 2161 4444 po-

599 4467 886 4523 testatem
915 4459 1218 4542 puniendi
1260 4459 1472 4521 omnia
1523 4457 1748 4519 delicta
1789 4454 2153 4519 hominum:

601 4572 750 4615 nam
790 4555 999 4635 aliqua
1041 4571 1150 4615 suo
1183 4551 1414 4631 judicio
1456 4552 1809 4627 reservavit,
1842 4551 1990 4631 quia
2034 4570 2160 4611 non

601 4653 844 4728 poterat
885 4664 1079 4725 genus
1110 4646 1454 4707 humanum
1503 4644 1568 4705 in
1609 4663 1761 4725 pace
1813 4652 1875 4706 et
1921 4644 2164 4723 justitia

603 4740 784 4801 aliter
825 4740 1160 4817 gubernari
1189 4754 1208 4816 3
1249 4739 1415 4800 inter
1456 4738 1588 4799 haec
1632 4744 1842 4799 autem
1889 4746 2162 4819 peccata,

603 4850 745 4915 quae
785 4851 898 4894 suo
935 4830 1170 4912 judicio
1213 4834 1373 4893 Deus
1409 4831 1768 4907 reservavit,
1817 4838 1908 4892 est
1954 4850 2165 4911 pecca·

601 4934 738 4987 tum
784 4924 1166 4986 infidelitatis
1199 4924 1450 4987 illorum
1487 4924 1596 5005 qui
1636 4942 1745 5004 per
1776 4924 2158 5004 baptismum

601 5020 788 5081 fidem
829 5018 1084 5100 professi
1116 5036 1242 5078 non
1272 5024 1441 5095 sunt,
1473 5022 1542 5077 ut
1583 5035 1660 5077 ex
1689 5016 1892 5078 verbis
1935 5017 2160 5081 Christi

603 5121 665 5175 et
700 5112 874 5175 Pauli
904 5131 1088 5193 supra
1136 5110 1634 5193 ponderavimus,
1665 5111 1812 5191 quia
1847 5110 2000 5172 illud
2028 5115 2162 5172 sine

602 5206 942 5287 majoribus
979 5204 1388 5266 incommodis
1416 5202 1552 5265 fieri
1579 5222 1706 5265 non
1742 5209 2002 5285 poterat.
2036 5204 2162 5265 Un-

602 5300 680 5363 de
713 5301 788 5362 ad
817 5299 1287 5379 congruentiam
1314 5296 1496 5358 tertio
1523 5296 1657 5358 loco
1681 5298 1966 5378 positam,
1998 5297 2162 5377 quod

601 5411 970 5455 successores
998 5390 1242 5452 facilius
1271 5396 1332 5453 et
1363 5390 1604 5450 fidelius
1627 5395 2160 5466 converterentur,

603 5486 1006 5567 respondetur
1035 5484 1342 5569 imprimis
1371 5502 1496 5546 non
1521 5502 1648 5547 esse
1685 5482 1966 5545 facienda
1997 5484 2159 5548 mala

1083 350 1324 405 msrur.
1355 350 1526 403 xviii.
1565 350 1645 403 DE
1675 348 1883 403 Manus
1915 350 2136 413 QUIBUS
2170 350 2273 401 UTI
2308 350 2485 403 uel-:T
2519 352 2601 403 An
2636 348 3140 411 convEnTENDOS.
3178 350 3309 405 Ere.

2230 455 2301 509 ut
2362 449 2505 511 inde
2562 449 2820 511 veniant
2876 451 3081 525 boua;
3126 450 3346 511 deinde
3410 452 3737 533 experientia

2232 548 2615 623 compertum
2646 562 2775 605 esse
2819 542 2997 603 illum
3026 534 3294 605 fructum
3336 562 3447 623 per
3472 544 3639 607 talem
3660 567 3740 609 co-

2234 638 2539 699 actionem
2588 656 2713 699 non
2755 636 3121 716 comparari,
3152 637 3277 697 imo
3316 638 3639 717 oppositum
3670 661 3741 703 se-

2234 730 2363 811 qui.
2401 730 2575 791 Unde
2615 728 2952 809 Gregorius
2982 748 3109 791 uon
3145 730 3394 791 adducit
3430 730 3591 793 illam
3628 752 3742 794 ron-

2234 824 2609 901 gruentiam,
2642 824 2765 885 nisi
2792 824 2869 883 de
2912 824 3225 885 coactione
3277 822 3596 899 indirecta,
3635 846 3744 903 quae

2236 916 2419 977 modo
2466 916 2633 977 licito
2682 923 2744 979 et
2805 934 2949 977 cum
2999 914 3207 977 debita
3252 917 3745 997 circumspectione

2235 1008 2367 1070 fiat.

2316 1106 2413 1167 13.
2465 1102 2805 1168 Solvuntur
2852 1108 3209 1185 armamenta
3246 1102 3515 1167 secundoe
3554 1112 3747 1168 senteu-

2235 1198 2339 1259 tioe
2380 1198 2449 1259 in
2471 1216 2533 1261 n.
2572 1199 2611 1257 2
2638 1204 2693 1260 et
2728 1199 2785 1257 3.
2813 1196 2988 1257 —In
3028 1195 3409 1273 argumentis
3450 1201 3637 1257 autem
3671 1218 3746 1259 se·

2234 1290 2451 1351 cundae
2500 1289 2825 1351 sententiae
2868 1288 3157 1368 exempla
3202 1307 3423 1367 regum
3479 1290 3745 1368 Hispaniae
3825 1278 3826 1345 i

2234 1402 2371 1463 quae
2404 1382 2821 1457 adducuntur,
2868 1380 3185 1461 potissima
3220 1388 3371 1443 sunt
3397 1381 3472 1443 de
3495 1382 3749 1445 indirecta

2234 1477 2654 1557 compulsione
2698 1478 2864 1556 justo
2911 1476 3093 1537 titulo
3149 1477 3312 1537 facta
3354 1524 3370 1545 .
3426 1475 3612 1556 qualis
3656 1478 3747 1539 fuit

2233 1570 2396 1631 facta
2429 1590 2466 1632 a
2498 1570 2749 1651 regibus
2800 1569 3158 1647 catholicis;
3203 1588 3353 1631 nam
3392 1570 3445 1631 si
3482 1570 3750 1650 antiquior

2236 1663 2551 1725 Sisebutus
2582 1664 2778 1742 magis
2808 1664 3089 1739 excessit,
3114 1662 3409 1725 laudatur
3434 1664 3561 1741 ejus
3587 1664 3749 1723 iuten-
3825 1650 3826 1699 f

2237 1756 2326 1819 tio
2357 1801 2371 1831 ‚
2414 1774 2541 1817 non
2578 1756 2857 1832 factum3
2907 1761 2969 1817 et
3008 1756 3297 1819 similiter
3336 1759 3385 1817 si
3432 1755 3662 1817 fortasse
3700 1758 3747 1818 in
3825 1760 3826 1837 ξ

2236 1850 2553 1911 coactione
2598 1848 2902 1911 indirecta
2940 1849 3159 1911 modus
3196 1856 3479 1911 servatus
3510 1868 3624 1911 non
3661 1856 3746 1925 est,

2236 1944 2515 2005 excusari
2566 1948 2763 2025 potest
2799 1949 3049 2023 propter
3090 1942 3323 2003 bonam
3362 1942 3540 2003 fidem
3556 1987 3577 2017 ‚
3612 1940 3749 2003 effec-
3825 1972 3826 1975 ¹

2238 2042 2338 2096 tus
2368 2042 2581 2097 autem
2622 2038 2894 2098 ostendit
2923 2055 3049 2097 non
3078 2035 3268 2097 fuisse
3296 2036 3745 2097 convenientem.

2237 2128 2330 2189 Ad
2360 2130 2727 2207 secundum,
2748 2132 2824 2193 de
2853 2130 2989 2210 lege
3018 2130 3381 2209 superioriS,
3404 2129 3751 2211 respondetur
3825 2118 3826 2183 ἶ

2239 2222 2305 2283 id
2342 2242 2473 2285 esse
2504 2243 2721 2285 verum
2759 2225 2926 2285 circa
2976 2222 3279 2299 subditos,
3310 2229 3377 2285 et
3408 2223 3581 2301 juxta
3623 2241 3749 2283 com·
3825 2250 3826 2279 ι

2241 2319 2593 2379 missionem
2634 2318 2905 2399 supremi
2934 2317 3227 2397 principis
3256 2340 3275 2392 ;
3306 2317 3413 2377 hic
3439 2324 3630 2379 autem
3654 2334 3749 2375 non
3825 2316 3826 2327 ‘

2240 2411 2549 2473 commisit
2579 2412 2736 2473 Deus
2763 2410 3121 2471 hominibus
3174 2411 3365 2472 talem
3416 2416 3749 2490 potestatem,

2240 2511 2313 2567 ut
2357 2505 2623 2567 ostendi.
2655 2503 2929 2583 Denique
2972 2522 3098 2564 non
3128 2504 3277 2565 satis
3316 2510 3410 2565 est
3448 2504 3601 2583 quod
3634 2502 3751 2563 fides
3825 2498 3826 2501 ’

2240 2599 2433 2679 possit
2470 2596 2602 2657 fieri
2645 2596 2965 2659 evidenter
3006 2596 3347 2672 credibili5‚
3390 2614 3534 2657 nam
3563 2594 3633 2655 ad
3677 2614 3750 2654 co·
3825 2652 3826 2661 ,

2240 2692 2547 2753 actionem
2595 2690 2936 2771 requiritur
3002 2694 3273 2771 potestas
3302 2738 3321 2763 ‚
3374 2708 3511 2769 quae
3542 2688 3601 2749 in
3635 2704 3755 2767 prae·
3825 2760 3826 2765 γ

2240 2786 2401 2849 senti
2440 2786 2627 2847 deest.

2854 3012 3072 3065 sssc‘rlo
3104 3014 3186 3065 w.

2246 3208 2465 3271 Utrum
2504 3208 2770 3289 infideles
2798 3210 2929 3291 coyt
2970 3209 3211 3288 possint
3254 3212 3331 3271 ut
3383 3224 3605 3271 errores
3648 3224 3754 3269 euos

2314 3302 2409 3363 vel
2452 3303 2643 3377 falsos
2672 3304 2859 3377 ritus,
2902 3318 3021 3363 nou
3058 3301 3255 3363 solve-m
3290 3302 3459 3380 fidei,
3492 3302 3591 3362 sed
3614 3301 3753 3361 otiam
3825 3314 3826 3389 ἐ

2316 3396 2548 3458 rationi
2579 3397 2942 3471 contrarios,
2972 3394 3411 3475 derelinquant.

2320 3624 2381 3683 1.
2419 3617 2827 3699 Infidelitatis
2874 3620 3163 3703 partitio.
3192 3652 3273 3663 —-
3292 3618 3394 3683 An
3418 3619 3545 3703 σορκ·
3564 3618 3757 3697 possint

2238 3714 2517 3790 infideles
2546 3714 2628 3777 ad
2663 3732 2893 3777 errores
2922 3712 3141 3777 lumini
3163 3714 3443 3777 naturali
3478 3710 3762 3775 contrarios
3825 3786 3826 3789 Ἴ

2242 3808 2614 3872 deserendos.
2641 3808 2909 3868 —Duas
2950 3814 3151 3888 partes
3192 3807 3261 3868 in
3291 3807 3549 3869 materia
3568 3802 3695 3864 fidei
3712 3804 3762 3859 in

2240 3901 2658 3983 superioribus
2723 3899 3141 3961 distinximus
3198 3898 3338 3961 Una
3384 3904 3475 3961 est
3520 3898 3591 3958 de
3632 3911 3764 3973 mys-

2239 3996 2411 4057 teriis
2472 3994 2728 4057 omnino
2779 3992 3374 4074 supernaturalibus,
3424 3992 3543 4053 alia
3584 3988 3651 4049 de
3692 4005 3763 4047 re·
3825 4034 3826 4037 η

2238 4088 2356 4151 bus
2408 4089 2634 4151 divinis
2689 4088 2783 4151 vel
2836 4086 3205 4164 moralibus,
3264 4106 3403 4167 quae
3448 4081 3765 4169 naturaliter

2240 4185 2431 4246 etiam
2481 4183 2732 4263 agnosci
2780 4188 3056 4262 possunt.
3116 4180 3293 4245 Unde
3345 4182 3532 4245 etiam
3575 4176 3764 4257 duplex

2240 4292 2385 4354 pars
2428 4272 2809 4335 infidelitatis
2852 4270 3153 4353 distingui
3203 4278 3445 4352 potest:
3474 4289 3613 4345 una,
3656 4282 3764 4345 quae

2240 4365 2813 4447 supernaturalibus
2877 4372 3124 4427 tantum
3186 4364 3550 4427 veritatibus
3613 4376 3765 4439 oppo-

2240 4459 2434 4534 nitur,
2486 4458 2563 4519 de
2612 4477 2736 4539 qua
2793 4460 3065 4520 maxime
3118 4458 3462 4538 procedunt
3510 4455 3765 4515 hacteuus
3825 4472 3826 4475 ¹

2242 4549 2430 4628 dicta3
2514 4550 2635 4613 alia
2663 4597 2685 4628 ,
2749 4570 2888 4633 quae
2935 4558 3242 4631 repugnat
3308 4552 3496 4612 etiam
3574 4540 3764 4607 rationi

2242 4645 2533 4729 naturali,
2553 4647 2629 4709 de
2674 4664 2800 4727 qua
2828 4654 3105 4726 superest
3162 4644 3399 4725 aliquid
3447 4640 3759 4703 dicendum.

2242 4740 2329 4802 De
2368 4739 2486 4801 hac
2509 4759 2654 4802 vero
2689 4743 2877 4801 etiam
2914 4740 3321 4821 supponimus
3347 4756 3426 4800 ex
3448 4736 3617 4798 dictis
3662 4748 3763 4792 non

2244 4851 2420 4915 posse
2452 4835 2588 4913 cogi
2624 4833 2927 4910 infideles,
2956 4840 3027 4893 ιιι
3056 4833 3230 4895 illam
3282 4839 3581 4913 quatenus
3620 4842 3762 4887 reve·

2238 4927 2455 5004 latam,
2495 4934 2557 4989 et
2593 4927 2714 4989 fide
2757 4928 3128 4990 credendam
3158 4926 3491 5006 suscipiant
3512 4946 3529 4997 3
3574 4917 3760 5001 quaeri-

2242 5039 2382 5083 mus
2410 5027 2616 5081 autem
2658 5039 2739 5081 an
2774 5020 2992 5083 saltem
3036 5021 3174 5101 cogi
3208 5010 3442 5100 p'ossint
3470 5024 3537 5078 ut
3579 5027 3763 5074 secun-

2246 5112 2399 5179 dum
2431 5114 2733 5175 rationem
2761 5158 2781 5189 ,
2809 5112 2909 5175 vel
2936 5113 3211 5193 aliquam
3234 5112 3421 5173 fidem
3454 5110 3761 5171 humanam

2243 5213 2408 5269 recte
2436 5208 2503 5268 in
2528 5207 2647 5268 hac
2685 5212 2860 5287 parte
2909 5208 3203 5283 sentiant,
3251 5212 3313 5267 et
3364 5202 3763 5280 consequenter

2243 5310 2315 5361 ut
2352 5302 2507 5361 ritus
2532 5305 2815 5362 externos
2848 5300 2940 5360 illi
2994 5299 3353 5373 contrarios,
3394 5294 3599 5376 quales
3642 5292 3761 5350 sunt

2242 5393 2594 5455 idololatria
2656 5399 2718 5453 et
2768 5394 2996 5456 similes
3024 5438 3047 5470 ‚
3119 5391 3491 5471 relinquant.
3556 5386 3619 5446 In
3660 5394 3761 5459 quo

2242 5485 2422 5548 solita
2494 5486 2886 5550 distinctione
2956 5485 3259 5549 utendum
3327 5490 3419 5545 est
3452 5480 3526 5543 de
3569 5474 3755 5539 infide-
