3900 6217
803 385 970 438 SECT.
1007 387 1068 438 11.
1104 386 1186 440 AN
1221 385 1424 440 OMNES
1449 385 1753 440 adsummi
1785 385 1950 438 HANG
1982 385 2305 438 CENSURAM
2340 383 2709 438 munuum.

1775 482 2051 545 actualis
2101 483 2415 562 cognitio:
2463 482 2769 563 quomodo
2814 484 2985 544 enim
3018 480 3233 562 judex,
3276 481 3355 542 de

561 477 581 500 ¹
613 477 892 542 absolute
927 483 1004 543 de
1033 484 1290 544 omniuo
1330 484 1592 560 occulto,
1623 489 1716 544 ta·

661 593 741 649 ·u,
773 581 837 635 et
865 594 938 636 cx
971 577 1169 638 verbis
1197 597 1334 657 quae
1373 579 1600 657 allegat
1620 595 1715 638 sa·

743 675 830 730 'st
878 671 945 730 in
999 669 1118 732 hoc
1163 687 1346 732 sensu
1393 671 1584 750 loqui.
1638 671 1716 730 Et

855 764 957 839 24,
993 770 1210 842 quaest.
1249 769 1276 825 1
1299 810 1320 840 ,
1365 764 1432 824 in
1485 763 1715 843 princi·

63 837 130 927 ”·,
236 871 288 925 r,
897 862 952 914 Ἰ1
983 857 1050 916 in
1095 855 1282 916 simili
1321 855 1442 916 alia
1478 857 1709 928 Glossa‚

1011 949 1086 1010 de
1113 949 1518 1022 Schismatic„
1553 951 1618 1010 in
1647 951 1710 1026 6,

222 1052 280 1126 2·
360 1029 465 1151 ἢ,
1045 1042 1172 1104 ‘uio
1216 1044 1708 1117 Canonistarum,

457 1151 490 1197 4
1131 1139 1150 1192 4
1206 1136 1283 1198 de
1319 1137 1711 1216 Praesumpt.,

360 1250 428 1319 ’Χ
498 1221 547 1268 -“
1205 1236 1340 1294 itus
1389 1232 1712 1310 puniatur,

1283 1343 1426 1401 ireS,
1458 1324 1595 1386 illos
1623 1343 1714 1387 se·-

656 1403 714 1476 [s
1349 1437 1414 1493 ’.,
1450 1420 1473 1477 1
1515 1437 1604 1498 ρ.,
1639 1437 1707 1480 11.

566 1500 588 1518 “
1197 1530 1297 1570 ,cu
1305 1520 1404 1572 tus
1421 1519 1512 1574 est
1525 1515 1712 1576 etiam

1011 1649 1044 1664 ..
1081 1607 1158 1665 de
1201 1605 1604 1683 confessione,
1645 1625 1706 1686 q.

828 1746 837 1754 .
865 1697 1146 1770 quodlib.
1175 1700 1236 1774 8,
1267 1719 1329 1780 q.
1371 1703 1394 1760 1
1425 1715 1446 1776 ;
1476 1706 1539 1760 et
1573 1700 1714 1780 plu·

665 1833 708 1864 .‚
747 1787 857 1848 lib.
887 1791 928 1850 2
973 1791 1041 1851 in
1089 1792 1397 1870 Decalog.,
1441 1811 1493 1856 c.
1545 1793 1606 1868 8,
1650 1803 1713 1854 et

439 1929 456 1951 ,
493 1893 572 1940 ue
599 1881 848 1956 Haeresi,
877 1901 940 1962 q.
973 1885 1114 1958 ¹92,
1146 1884 1182 1965 ξ
1213 1889 1271 1959 1,
1302 1901 1340 1945 a
1363 1904 1426 1946 n.
1455 1887 1516 1948 4.
1549 1885 1711 1946 Fun-

254 1977 510 2032 „entum
549 1980 666 2049 est,
697 1975 846 2053 quia
889 1993 1152 2037 censura
1175 1978 1300 2038 lata
1327 1985 1576 2057 propter
1601 1978 1712 2039 ali·

177 2062 320 2140 quod
349 2071 664 2142 peccatum
692 2069 1053 2144 incurritur,
1087 2087 1162 2130 eo
1189 2071 1322 2148 ipso
1362 2071 1527 2149 quod
1573 2090 1710 2150 pec-

178 2161 362 2216 catum
403 2170 892 2236 consummatur,
943 2161 996 2222 si
1038 2162 1166 2223 lata
1209 2169 1303 2224 est
1349 2163 1480 2242 ipso
1523 2166 1706 2243 jure3

175 2250 264 2308 sed
313 2259 626 2326 peccatum
661 2251 916 2316 haeresis
956 2256 1024 2316 in
1065 2263 1272 2318 mente
1323 2275 1712 2319 consumma-

176 2348 284 2416 tur,
301 2343 452 2402 sicut
479 2350 544 2405 et
571 2344 724 2406 fides
749 2369 770 2422 3
797 2365 947 2426 ergo
969 2368 1042 2410 eo
1061 2350 1193 2428 ipso
1210 2350 1546 2412 incurritur
1561 2370 1673 2414 cen
1689 2386 1708 2396 -

178 2451 300 2496 sura
357 2443 610 2516 propter
660 2437 814 2500 illud
859 2441 994 2520 ipso
1050 2442 1214 2503 facto
1269 2443 1576 2523 imposita.
1638 2445 1715 2505 Et

177 2527 558 2592 confirmatur
605 2535 916 2610 maxime,
961 2553 1108 2595 nam
1143 2536 1284 2615 jura
1329 2536 1714 2616 imponentia

177 2620 316 2682 hauc
355 2641 681 2686 censuram
725 2626 1070 2688 extendunt
1114 2628 1284 2689 illam
1329 2631 1406 2690 ad
1459 2630 1712 2692 creden-

175 2721 272 2790 tes,
297 2723 362 2776 ut
378 2724 548 2796 patet
573 2737 650 2780 ex
676 2735 730 2780 c.
752 2721 1387 2797 Eccommunicamus,
1411 2726 1470 2797 1,
1501 2723 1538 2803 5
1569 2724 1711 2788 Cre-

177 2810 372 2884 dentes,
405 2810 482 2872 de
512 2813 739 2874 Haeret.
767 2833 781 2886 ;
813 2831 964 2890 ergo
977 2815 1161 2893 juxta
1191 2815 1458 2894 rigorem
1487 2817 1712 2878 talium

177 2901 476 2964 verborum
510 2905 850 2968 incurritur
875 2905 1006 2968 haec
1040 2927 1295 2970 censura
1347 2925 1455 2986 per
1494 2909 1710 2970 falsam

183 2992 334 3056 fidem
380 2998 654 3073 mentis;
693 3017 840 3060 nam
877 3000 984 3060 ille
1036 3001 1172 3079 ,iam
1213 3002 1428 3062 credit.
1477 3003 1711 3064 Confir-

178 3093 356 3146 matur
395 3090 694 3165 secundo,
727 3093 874 3172 quia
911 3093 970 3154 si
993 3092 1350 3172 hujusmodi
1381 3095 1707 3157 hoereticus

173 3197 204 3240 a
241 3181 430 3259 judice
480 3183 896 3248 ecclesiastico
950 3189 1368 3268 interrogetur
1405 3235 1420 3264 ‚
1461 3208 1541 3251 an
1599 3190 1711 3251 ali-

173 3275 392 3350 quando
432 3277 764 3340 crediderit
791 3280 982 3344 talem
1016 3280 1323 3354 han-esim,
1353 3288 1420 3342 et
1455 3282 1584 3362 ipse
1620 3281 1710 3342 fa-

175 3373 352 3428 teatur
371 3414 394 3444 ,
441 3370 612 3449 juste
666 3373 999 3453 punietur3
1027 3391 1177 3453 ergo
1221 3375 1344 3436 tale
1389 3382 1708 3455 peccatum

173 3462 314 3524 cadit
335 3462 447 3523 snb
482 3467 964 3528 ecclesiasticam
983 3467 1476 3546 jurisdictionem
1492 3484 1511 3545 3
1559 3486 1708 3547 ergo

173 3555 334 3618 etiam
361 3558 524 3620 cadit
545 3557 666 3620 sub
692 3559 894 3639 legem
928 3560 1350 3639 imponentem
1386 3579 1709 3622 censuram

173 3649 284 3727 ipso
303 3650 483 3728 facto,
513 3658 770 3732 propter
805 3652 928 3714 tale
956 3661 1296 3732 peccatum.
1328 3655 1404 3714 Et
1431 3654 1534 3716 hic
1565 3653 1708 3716 addi

171 3750 390 3820 possent
440 3750 818 3824 argumenta
847 3790 868 3821 ,
917 3745 1144 3825 quibus
1188 3747 1381 3826 aliqui
1441 3745 1708 3826 probant

173 3841 224 3894 ct
263 3835 600 3900 defendunt
637 3838 1131 3918 jurisdictionem
1187 3839 1654 3901 eeclesiasticam
1685 3885 1703 3914 ‚

173 3929 334 3991 ctiam
377 3931 746 4005 coactivam,
776 3949 841 3992 se
881 3931 1220 3994 extendere
1259 3932 1339 3993 ad
1385 3939 1560 3994 actus
1609 3933 1707 3993 in-

172 4024 402 4086 teriores
422 4069 443 4101 ,
491 4025 685 4086 etiam
742 4023 973 4086 directe
1019 4031 1081 4085 et
1131 4043 1244 4104 per
1275 4043 1362 4088 se.
1421 4026 1538 4086 Sed
1599 4026 1708 4086 illa

173 4115 386 4188 omitto,
415 4118 568 4197 quia
594 4116 796 4178 videri
813 4123 1073 4195 possunt
1095 4117 1160 4178 in
1198 4117 1242 4178 l.
1276 4119 1316 4179 4
1341 4119 1420 4179 de
1463 4119 1703 4198 Legib.,

175 4223 288 4284 cap.
326 4213 416 4270 12.

243 4303 298 4360 3.
343 4301 628 4368 Secunda
653 4302 956 4382 opinia-
979 4301 1310 4368 suadetur.
1325 4334 1408 4350 --·
1424 4303 1706 4366 Secunda

175 4395 358 4472 opinio
397 4397 656 4458 omnino
691 4395 998 4456 contraria
1025 4413 1155 4456 esse
1194 4401 1417 4474 potest,
1461 4395 1708 4458 haereti-

173 4503 294 4546 cum
317 4491 572 4550 omnino
595 4488 933 4562 occultum,
963 4494 1091 4548 tam
1120 4505 1231 4567 per
1258 4505 1344 4563 se,
1375 4505 1565 4567 quam
1600 4506 1709 4568 per

173 4581 452 4657 accidens,
487 4581 653 4644 hanc
691 4597 1017 4642 censuram
1055 4597 1181 4640 non
1221 4580 1559 4640 incurrere.
1591 4581 1706 4641 Cu-

175 4670 258 4748 jus
273 4674 570 4752 opinionis
599 4675 665 4734 in
693 4672 1046 4751 particulari
1071 4689 1194 4732 non
1220 4671 1472 4734 invenio
1497 4684 1707 4733 aucto-

171 4781 302 4839 rem,
319 4773 534 4844 praeter
553 4767 814 4848 aliquos,
841 4765 1032 4844 quiin
1049 4765 1322 4844 generali
1343 4771 1470 4824 tam
1491 4765 1704 4826 decen-

173 4859 308 4918 suris
335 4875 520 4938 qnam
561 4859 638 4919 de
671 4857 1230 4936 irregularitatibus
1253 4856 1368 4916 hoc
1395 4858 1705 4932 dixerunt,

173 4952 314 5010 utin
357 4951 606 5031 propria
649 4951 907 5012 materia
955 4955 1289 5011 tractatum
1343 4956 1452 5010 est.
1508 4950 1711 5010 Potest

172 5047 356 5104 tamen
381 5045 648 5117 suaderi,
674 5044 822 5124 quia
850 5044 1066 5104 eadem
1097 5049 1188 5103 est
1211 5043 1370 5104 ratio
1398 5043 1476 5104 dc
1503 5042 1707 5104 occul·

173 5140 226 5194 to
261 5155 360 5214 per
389 5138 670 5200 accidens
695 5145 757 5198 et
782 5155 894 5216 per
939 5155 1006 5197 se
1025 5153 1048 5212 3
1069 5135 1176 5196 sed
1216 5135 1466 5197 hoeresis
1495 5154 1604 5215 per
1642 5153 1706 5196 se

175 5228 386 5289 occulta
422 5247 552 5290 non
584 5235 676 5290 est
701 5230 964 5292 materia
1005 5229 1194 5307 hujus
1221 5245 1494 5290 censuras
1509 5244 1532 5305 3
1557 5245 1704 5306 ergo

177 5337 274 5380 nec
291 5339 394 5400 per
413 5321 690 5384 accidens
712 5321 974 5384 occulta.
1001 5322 1198 5400 Major
1221 5321 1534 5400 probatur,
1557 5323 1706 5400 quia

178 5411 242 5470 ed
269 5415 664 5476 exercendam
685 5414 1202 5494 jurisdictionem,
1242 5430 1371 5473 non
1415 5417 1510 5474 est
1537 5413 1708 5472 suffi-

181 5504 323 5566 ciens
347 5508 617 5591 potentia
644 5507 1072 5592 cognoscendi,
1103 5506 1210 5568 sed
1250 5505 1590 5570 necessaria
1616 5512 1708 5568 est

3238 375 3356 440 8³5

1793 575 1893 638 his
1938 595 2079 656 quaa
2118 576 2387 653 ignorat,
2429 575 2765 654 judicabit,
2806 577 3047 636 etiamsi
3096 575 3204 636 illa
3252 593 3355 634 co-

1792 687 2085 748 gnoscere
2115 669 2425 748 potuerit?
2456 669 2775 730 Occultum
2806 675 3015 730 autem
3044 687 3154 748 per
3188 687 3253 728 se
3292 674 3357 731 et

1793 780 1904 843 per
1941 761 2223 824 accidens
2264 762 2463 822 solum
2492 761 2789 823 differunt
2828 762 2893 821 in
2923 767 3220 841 potest-ate
3255 779 3355 820 co-

1795 854 2153 932 gnoscendi,
2192 855 2257 914 in
2289 855 2510 915 actuali
2540 871 2688 915 vero
2714 853 2955 915 defectu
2984 853 3353 930 cognitionis

1795 948 2207 1024 conveniunt3
2237 965 2385 1024 ergo
2429 947 2807 1008 conveniunt
2851 948 3039 1008 etiam
3087 947 3151 1005 in
3197 945 3347 1020 hoc,

1794 1040 1959 1120 quod
2022 1047 2166 1101 sunt
2226 1047 2401 1100 extra
2439 1040 2931 1118 jurisdictionem
2980 1038 3344 1112 humanam,

1795 1134 2068 1213 quandiu
2117 1140 2263 1195 sunt
2291 1141 2465 1196 extra
2516 1134 2857 1194 humanam
2898 1134 3350 1209 cognitionem3

1793 1246 1868 1288 ac
1913 1228 2195 1307 proinde,
2226 1229 2279 1288 si
2326 1233 2573 1308 propter
2612 1244 2807 1288 unum
2852 1245 2980 1287 non
3019 1226 3354 1287 incurritur

1795 1339 2057 1382 censura
2096 1339 2173 1382 ex
2204 1320 2445 1382 defectu
2464 1319 2935 1400 jurisdictionis,
2964 1338 3165 1400 neque
3204 1338 3353 1400 pro-

1795 1419 1934 1492 pter
1958 1413 2129 1474 aliud
2158 1414 2519 1474 incurritur.

1873 1506 1934 1565 4.
1981 1505 2109 1566 Pro
2164 1523 2307 1568 cora
2356 1509 2657 1570 sententia
2702 1509 2955 1572 assertio
3000 1507 3225 1588 prima.
3270 1539 3353 1554 --

1791 1599 2140 1663 Fuaetdatur.
2170 1635 2251 1648 —
2288 1603 2699 1664 Nihilominus
2740 1621 2886 1664 vera
2926 1609 3018 1663 est
3046 1602 3351 1662 sententia

1792 1695 2023 1770 media,
2052 1695 2129 1756 ad
2160 1715 2345 1776 quam
2386 1695 2764 1776 probandam
2792 1697 2927 1758 dico
2956 1696 3153 1775 primo
3183 1712 3199 1758 ε
3232 1695 3353 1757 hae-

1792 1789 2017 1849 reticus
2063 1789 2351 1852 mentalis
2379 1808 2487 1852 seu
2532 1808 2643 1870 per
2680 1808 2745 1851 se
2782 1790 3057 1852 occultus
3088 1809 3215 1850 non
3258 1790 3353 1850 in·

1791 1883 1986 1944 currit
2011 1882 2172 1943 hanc
2192 1901 2536 1946 censuram.
2566 1883 2709 1944 Baec
2738 1889 2832 1946 est
2857 1883 3201 1944 communis
3223 1881 3352 1961 opi-

1789 1977 1896 2036 nio
1922 1975 2576 2055 Theologorumpquos
2600 1975 2725 2036 late
2748 1975 2931 2037 retuli
2958 1978 3023 2036 in
3048 1977 3209 2036 dicto
3238 1974 3345 2037 lib.

1789 2070 1866 2131 de
1893 2069 2134 2146 Legib„
2153 2076 2219 2129 et.
2246 2071 2312 2130 in
2340 2075 2493 2130 tom.
2524 2071 2583 2144 5,
2613 2069 2689 2130 de
2718 2071 2997 2142 Censur.,
3026 2069 3256 2148 disput.
3283 2071 3347 2143 4,

1790 2169 1934 2224 sect.
1963 2165 2033 2239 23
2064 2169 2127 2224 et
2162 2163 2298 2226 ideo
2322 2181 2493 2226 nnnc
2521 2164 2661 2225 illos
2686 2166 2927 2226 omitto.
2959 2164 3137 2226 Multi
3164 2163 3350 2223 etiam

1789 2276 1867 2319 ex
1909 2258 2288 2336 jurisperitis
2311 2303 2328 2331 ,
2380 2259 2721 2337 praesertim
2777 2257 3089 2318 modernis
3112 2302 3129 2330 ,
3190 2256 3351 2316 hanc

1793 2357 2031 2431 partem
2062 2351 2253 2412 secuti
2282 2359 2449 2427 sunt,
2474 2369 2629 2430 quos
2654 2353 2845 2413 refert
2868 2358 2931 2412 et
2952 2352 3231 2428 sequitur
3260 2349 3355 2410 Si·-

1793 2463 2025 2521 manc.,
2052 2445 2129 2504 de
2158 2445 2425 2504 Institut.
2458 2442 2815 2517 ecclesiasti,
2846 2444 2943 2504 tit.
2977 2445 3078 2516 42,
3105 2460 3281 2502 num.
3314 2442 3353 2502 3

1792 2545 1853 2599 et
1881 2538 2311 2616 sequentibus3
2342 2542 2405 2597 et
2450 2537 2635 2598 latius
2668 2537 2945 2612 SanciuS,
2992 2535 3058 2596 in
3091 2535 3223 2596 loco
3268 2533 3352 2594 ci·

1789 2637 1957 2706 tato;
1988 2631 2227 2706 Garcia‚
2258 2638 2431 2710 parte
2466 2633 2563 2706 11,
2604 2649 2737 2708 cap.
2788 2631 2885 2704 10,
2926 2645 3102 2690 num.
3144 2631 3211 2688 91
3243 2643 3262 2703 ;
3292 2631 3355 2688 et

1791 2724 2098 2799 Furinae„
2142 2730 2356 2802 quaest.
2397 2727 2535 2799 192,
2574 2741 2642 2784 n.
2684 2724 2745 2782 6.
2789 2721 2965 2784 Unde
3006 2719 3239 2795 Periba,
3283 2721 3349 2780 in

1793 2817 2037 2878 Scholio
2053 2817 2129 2877 ad
2148 2818 2352 2897 Roja3‚
2378 2822 2405 2878 1
2440 2823 2627 2897 part„
2652 2835 2826 2876 num.
2853 2817 2996 2889 240,
3020 2823 3081 2874 et
3099 2817 3137 2876 2
3166 2821 3352 2893 part„

1791 2928 1968 2970 num.
2002 2912 2143 2985 319,
2180 2915 2483 2972 testantur
2522 2910 2683 2970 hanc
2730 2909 3088 2988 opinionem
3118 2925 3353 2985 praeva-

1791 3002 2011 3077 luisse,
2056 3010 2121 3064 et
2164 3004 2233 3064 in
2278 3005 2455 3083 praxi
2500 3002 2865 3064 servandam
2912 3019 3065 3062 esse.
3108 3000 3353 3060 Funda-

1790 3101 2072 3156 mentum
2110 3096 2299 3177 hujus
2344 3097 2663 3158 sententioe
2696 3093 2983 3173 generale
3028 3099 3141 3168 est,
3190 3091 3352 3172 quod

1785 3188 2133 3267 jurisdictio
2176 3191 2586 3252 ecclesiastica
2614 3207 2724 3268 per
2758 3206 2823 3249 se
2849 3194 2912 3248 et
2946 3187 3179 3248 directe
3221 3205 3349 3246 non

1789 3282 2147 3345 extenditur
2191 3282 2269 3344 ad
2316 3288 2483 3344 actus
2530 3283 2774 3343 mentis.
2808 3282 3078 3342 Dicimus
3116 3287 3350 3355 autem,

1779 3391 1897 3456 per
1921 3393 1985 3438 se
2011 3381 2069 3438 et
2096 3377 2341 3448 directe,
2370 3376 2517 3456 quia
2542 3375 2781 3436 ratione
2808 3381 2979 3434 actus
3006 3373 3350 3447 exterioris,

1789 3474 2097 3546 quatenus
2146 3468 2403 3530 interior
2454 3469 2533 3528 ad
2582 3467 2761 3529 illum
2809 3475 2903 3527 est
2949 3466 3348 3540 necessarius,

1790 3559 1888 3622 vel
1915 3567 2115 3641 potest
2136 3562 2203 3622 in
2228 3561 2403 3623 illum
2426 3561 2694 3642 prodire,
2716 3566 2915 3640 potest
2936 3560 3067 3640 ipse
3094 3561 3353 3621 interior

1789 3661 1963 3714 actus
2012 3654 2337 3728 indirecte,
2386 3661 2448 3716 et
2498 3655 2676 3733 quasi
2725 3654 3154 3714 consecutione
3200 3671 3350 3732 qua·

1790 3747 1960 3824 dam,
2008 3747 2228 3808 cadere
2267 3747 2384 3808 sub
2416 3747 2616 3825 legem
2658 3745 3147 3820 ecclesiasticam,
3180 3763 3351 3806 secus

1789 3846 1995 3900 autem
2027 3841 2257 3901 directe
2286 3847 2347 3900 et
2374 3858 2484 3920 per
2519 3859 2605 3900 se.
2650 3840 2730 3901 At
2754 3857 2902 3899 vero
2942 3839 3011 3898 in
3036 3837 3345 3916 praesenti,

1787 3939 1859 3991 ut
1937 3949 2025 3993 aec
2052 3933 2609 3995 excommunicatio
2650 3951 2757 4012 per
2798 3932 3083 3993 haeresim
3113 3937 3349 3992 menta-

1785 4025 1909 4088 lem
1947 4038 1949 4040 ·
2024 4034 2397 4103 curreretur,
2444 4027 2857 4088 necessarium
2900 4029 3033 4086 erat
3066 4025 3352 4104 jurisdic-

1785 4117 2021 4178 tionem
2051 4109 2333 4180 Ecclesiae
2358 4119 2433 4178 ad
2465 4117 2781 4198 punienda
2808 4117 3053 4192 delicta,
3078 4136 3187 4198 per
3209 4135 3271 4181 se
3296 4121 3353 4180 et

1787 4211 2007 4274 directo
2046 4211 2264 4272 cadere
2310 4212 2375 4271 in
2411 4213 2596 4272 talem
2626 4216 2867 4282 actum;
2896 4227 3044 4288 ergo
3082 4229 3208 4271 non
3246 4227 3350 4288 po-

1789 4310 1908 4364 test
1935 4303 2077 4364 talis
2118 4310 2287 4364 actus
2316 4321 2447 4365 esse
2474 4303 2737 4364 materia
2778 4301 3163 4382 taiislpoenae.
3195 4303 3353 4363 Con-

1788 4397 2109 4474 sequentia
2156 4415 2298 4457 011111
2338 4396 2566 4456 minori
2605 4400 2749 4456 sunt
2792 4396 3127 4456 evidenteS.
3161 4396 3356 4474 Major

1789 4496 1995 4550 autem
2029 4489 2316 4569 frequens
2352 4495 2445 4550 est
2481 4490 2547 4549 in
2573 4489 2734 4567 jure,
2766 4506 2899 4568 cap.
2939 4487 3122 4551 Sicut
3149 4487 3264 4562 tui,
3298 4493 3359 4547 ct

1787 4599 1919 4661 cap.
1958 4583 2097 4646 Tua
2138 4601 2271 4658 nos,
2300 4581 2379 4644 de
2423 4583 2721 4648 Simonia.
2762 4599 2898 4662 cap.
2952 4581 3359 4653 Eride-scant,

1789 4676 1868 4734 32
1909 4675 2049 4736 dist.
2060 4721 2079 4751 ‚
2122 4674 2231 4735 ubi
2274 4674 2501 4736 dicitur
2540 4672 2871 4734 Ecclesiam
2915 4691 3042 4733 non
3073 4672 3357 4750 judicare

1787 4767 1864 4828 de
1899 4768 2172 4844 occultis,
2204 4769 2365 4848 quod
2398 4768 2667 4829 maxime
2700 4785 2916 4828 verum
2950 4767 3135 4827 habet
3164 4769 3231 4827 in
3256 4783 3355 4826 oc-

1789 4860 1969 4922 cultis
1992 4879 2105 4944 per
2140 4880 2224 4934 se,
2257 4862 2466 4941 qualia
2496 4869 2640 4922 sunt
2668 4879 2805 4940 quae
2832 4861 2898 4921 in
2927 4860 3106 4921 corde
3137 4859 3350 4920 latent.

1791 4954 1967 5014 Unde
2006 4961 2099 5015 est
2138 4955 2291 5015 illud
2335 4959 2363 5016 1
2410 4955 2491 5015 ad
2537 4953 2812 5016 Corinth.
2862 4955 2902 5014 4
2936 4971 2953 5015 ε
2982 4954 3192 5016 Nolite
3220 4959 3356 5015 auto

1790 5050 2025 5127 tempus
2057 5049 2366 5126 judicare.
2398 5049 2776 5129 quoadusquo
2800 5048 3004 5109 veniat
3028 5047 3354 5120 Dominus,

1785 5139 1891 5220 qui
1917 5138 2289 5203 illmniuabit
2328 5141 2679 5205 abscondita
2714 5141 3114 5211 tenebrarum,
3145 5143 3201 5200 et
3227 5155 3355 5200 ma-

1785 5233 2098 5310 nifestabit
2126 5233 2378 5297 consilia
2402 5235 2673 5297 cordium
2686 5258 2708 5305 ;
2739 5249 2885 5292 nam
2914 5249 3054 5292 cum
3082 5231 3213 5291 haec
3240 5228 3355 5289 soli

1785 5323 1910 5385 Deo
1939 5331 2216 5403 pateant,
2243 5325 2479 5404 judicio
2508 5328 2640 5403 ejus
2670 5331 2816 5386 sunt
2841 5331 3171 5384 reservata.

1865 5418 1927 5477 5.
1962 5417 2331 5481 Declaratur
2346 5435 2461 5501 per
2494 5417 2934 5481 distinctionem
2965 5412 3227 5497 duplicis
3241 5414 3353 5493 ju·

1785 5508 2176 5574 risdictionie.
2200 5542 2282 5557 -
2305 5511 2385 5572 Ut
2414 5511 2529 5572 hoc
2557 5515 2765 5572 autem
2794 5508 3015 5571 melius
3044 5505 3354 5586 intelliga-
