3900 6217
752 437 924 490 SECT.
963 441 1016 490 V.
1054 441 1138 490 AN
1173 439 1516 491 Al’OSTASlA
1551 439 1648 492 SlT
1681 437 1947 504 SPECIES,
1985 441 2069 491 AN
2101 441 2615 503 CIRCUMSTAN'I'IA,
2652 439 2790 493 m‘c.

173 537 254 597 fit.
287 540 374 598 Ita
413 539 613 600 tenuit
654 539 853 600 Guido
889 539 1218 602 carmelita
1249 587 1268 616 ,
1323 541 1389 601 in
1434 541 1591 601 libro
1644 540 1720 600 de

175 631 540 708 Haeraeibus3
566 634 1010 694 Tui-recremat.
1023 679 1040 707 ,
1067 633 1134 694 in
1154 633 1394 694 Summ.
1413 634 1490 694 de
1515 633 1720 694 Eccle-

168 723 272 791 sia,
295 723 402 783 lib.
424 729 486 799 4,
509 731 667 804 part.
699 729 760 801 Ξ,
781 745 916 804 cap.
953 729 1064 802 {33
1098 727 1399 786 consentit
1427 727 1716 807 Sylvest„

167 818 346 878 verbo
397 819 726 900 Apostasia
749 866 768 893 ,
827 820 895 879 in
951 820 1252 898 principio
1271 841 1288 894 3
1344 821 1670 898 CaJetanus
1693 866 1713 895 ,

167 911 324 972 dicta
343 931 404 991 q.
437 914 535 986 10,
560 919 677 972 art.
711 916 772 987 5,
805 923 866 973 et
897 932 958 992 q.
995 916 1093 985 11,
1134 919 1252 974 art.
1287 918 1313 974 1
1349 932 1364 982 ς
1401 919 1460 974 et
1490 913 1718 973 ibidem

167 1006 425 1080 naahas,
442 1019 502 1066 et
519 1023 582 1084 q.
609 1009 710 1082 η,
735 1014 850 1067 art.
889 1010 912 1066 1
945 1023 964 1084 ;
993 1006 1208 1066 iisdem
1229 1006 1376 1068 locis
1403 1006 1672 1086 Aragon.
1698 1027 1715 1081 ;

165 1099 354 1172 Cano,
380 1097 490 1160 lib.
526 1101 604 1159 12
645 1100 724 1159 de
751 1100 946 1172 Locis,
979 1117 1115 1178 cap.
1168 1102 1232 1176 9,
1270 1099 1346 1160 ad
1379 1102 1457 1175 23
1491 1111 1552 1160 et
1579 1098 1718 1162 Cas·

161 1203 282 1266 tro,
323 1191 434 1252 lib.
484 1194 510 1251 1
561 1191 637 1252 de
677 1193 854 1252 Justa
897 1193 1330 1254 haereticorum
1368 1193 1714 1272 punitione,

161 1303 298 1364 cap.
329 1287 390 1360 7,
421 1292 486 1346 et
525 1284 632 1344 lib.
670 1290 698 1346 1
756 1284 832 1346 de
879 1285 1197 1360 Haeresih.,
1238 1303 1372 1364 cap.
1417 1287 1495 1362 43
1549 1289 1718 1346 tenet

161 1381 348 1440 etiam
379 1379 682 1453 Valentia,
712 1379 780 1438 in
825 1379 986 1438 dicta
1017 1385 1234 1457 quaest.
1271 1382 1369 1453 10,
1407 1391 1619 1459 punct.
1656 1381 1714 1452 1,

157 1471 307 1532 dub.
343 1473 404 1547 3,
430 1477 492 1531 et
517 1477 732 1551 quaest.
778 1474 878 1546 11,
913 1478 1123 1550 punct.
1158 1476 1216 1546 1,
1249 1478 1310 1533 et
1350 1477 1562 1552 quaest.
1614 1473 1714 1544 ⁴2,

161 1570 370 1642 punct.
421 1564 567 1625 item
613 1568 640 1624 1
672 1587 689 1638 3
749 1571 810 1625 et
838 1565 1090 1640 Sanch.,
1121 1565 1285 1626 dicto
1316 1566 1429 1626 lib.
1459 1568 1519 1625 2.
1549 1583 1601 1626 c.
1658 1569 1717 1641 7,

161 1677 341 1718 num.
383 1661 490 1735 153
516 1666 579 1719 et
595 1660 802 1734 Azor„
825 1666 978 1720 tom.
1005 1661 1334 1722 1·Institut.
1365 1661 1717 1733 moralium,

159 1750 270 1811 lib.
305 1753 366 1818 8,
405 1767 540 1830 cap.
575 1755 674 1828 17,
703 1771 766 1831 q.
799 1755 868 1829 33
899 1759 961 1813 et
997 1753 1366 1832 Hugolinus,
1398 1753 1473 1813 de
1498 1755 1721 1814 Censu-

159 1846 246 1906 ris
267 1845 548 1906 Pontifici
567 1847 916 1922 reservatis,
941 1850 980 1908 2
1006 1854 1193 1928 part„
1219 1866 1354 1928 cap.
1389 1853 1449 1923 1,
1482 1853 1627 1907 sect.
1659 1851 1719 1923 1,

157 1957 338 1999 num.
375 1942 438 2014 7,
467 1946 530 2000 et
557 1940 664 2000 alii
689 1941 1087 2020 quamplures
1121 1943 1283 2020 juris
1309 1941 1589 2001 canonici
1625 1941 1723 2001 in-

157 2040 482 2110 terpretes„
515 2049 669 2111 quos
713 2033 900 2094 refert
924 2053 996 2094 ac
1019 2036 1297 2114 sequitur
1339 2033 1717 2108 FarinaciuS,

157 2133 340 2186 tract.
365 2125 444 2186 de
485 2127 740 2202 Haeres.,
777 2146 838 2206 q.
885 2129 1027 2202 183,
1061 2128 1098 2208 ἓ
1139 2130 1202 2188 2.
1231 2127 1526 2204 Theologi
1573 2143 1720 2186 vero

157 2222 226 2280 in
253 2219 792 2282 confirmationem
814 2223 1226 2282 communiter
1253 2221 1565 2281 adducunt
1593 2237 1724 2279 mo-

159 2312 311 2372 dum
343 2313 635 2394 loquendi
663 2317 941 2389 Pati-um,
969 2315 1072 2394 qui
1109 2313 1428 2376 sulianum
1459 2313 1722 2391 impera-

159 2413 358 2466 torem
401 2425 529 2468 non
569 2407 951 2480 haereticum,
1001 2407 1104 2468 sed
1134 2413 1478 2486 apostatam
1525 2404 1722 2465 nomi-

159 2509 416 2576 narunt,
447 2507 520 2562 ut
547 2519 622 2563 ex
667 2501 990 2562 Ambrosio
1019 2509 1082 2563 et
1125 2503 1504 2581 Hieronymo
1536 2501 1722 2563 refer-

159 2596 360 2654 turin
387 2611 522 2673 cap.
571 2595 886 2668 Julianus,
919 2601 981 2655 et
1012 2596 1080 2655 in
1115 2613 1250 2674 cap.
1287 2595 1718 2676 Imperatores,

163 2691 222 2763 3,
253 2707 318 2768 q.
352 2691 414 2760 7,
453 2688 602 2767 quia
623 2689 880 2748 omuino
903 2688 1212 2750 Christum
1253 2688 1504 2764 negavit
1522 2703 1541 2764 3
1573 2688 1722 2747 alios

159 2801 330 2855 vero,
363 2783 478 2862 qui
499 2781 614 2841 sub
642 2782 894 2842 nomine
920 2781 1255 2842 christiano
1283 2799 1318 2842 a
1339 2779 1463 2840 fide
1490 2781 1723 2842 defece·

163 2881 334 2949 runt,
361 2881 432 2936 ut
460 2876 916 2950 Constantium,
947 2880 1010 2935 et
1037 2873 1213 2949 alios„
1261 2881 1564 2933 vocarunt
1598 2873 1723 2935 hae-

171 2969 402 3040 reticos,
448 2985 576 3027 non
624 2973 964 3046 apostatas;
1002 2968 1165 3047 quod
1211 2985 1286 3027 ex
1339 2967 1724 3029 Nazianzeno

171 3063 402 3122 notavit
425 3059 640 3121 Jacob.
677 3061 890 3136 Bilius,
919 3063 986 3122 in
1035 3061 1166 3122 vita
1190 3060 1243 3139 ej
1252 3079 1322 3121 us
1349 3067 1546 3120 metro
1575 3059 1724 3119 scri-

163 3163 292 3235 pta,
319 3173 502 3215 num.
557 3157 661 3216 54.
705 3156 884 3216 Ratio
931 3159 1140 3216 autem
1167 3154 1364 3214 solum
1393 3152 1569 3213 reddi
1619 3171 1724 3230 po-

161 3257 298 3324 test,
331 3251 483 3328 quia
509 3249 620 3310 illa
646 3249 772 3309 sola
810 3256 900 3311 est
940 3249 1210 3328 perfecta
1241 3245 1518 3320 rebellio,
1541 3253 1602 3306 et
1629 3265 1723 3307 se-

159 3344 404 3422 paratio
423 3361 462 3402 a
491 3342 756 3416 Christo,
787 3360 924 3420 quae
951 3341 1204 3401 nomine
1232 3341 1550 3418 apostasiae
1578 3340 1725 3400 sim-

165 3437 408 3516 pliciter
431 3435 620 3496 dictae
651 3434 1055 3513 significatur.

239 3534 304 3590 4.
353 3529 637 3593 Sectmda
672 3526 987 3592 sententia.
1021 3559 1088 3576 -
1133 3523 1547 3588 Nihilominus
1577 3545 1724 3588 con-

161 3623 354 3682 traria
383 3622 693 3683 sententia
719 3622 966 3682 videtur
990 3619 1152 3680 sumi
1183 3637 1261 3680 ex
1288 3617 1432 3680 divo
1459 3620 1721 3694 Thoma,

163 3717 330 3776 dicta
357 3719 574 3795 quaest.
617 3715 717 3788 12,
748 3719 864 3775 art.
902 3717 961 3786 1,
983 3731 1131 3773 nam
1154 3713 1242 3773 ibi
1270 3713 1336 3773 in
1365 3731 1620 3793 corpore
1648 3712 1726 3773 ad

161 3809 538 3888 apostasiam
583 3807 784 3869 solum
834 3807 1119 3886 requirit,
1161 3813 1232 3866 ut
1285 3805 1391 3867 ille
1441 3806 1551 3884 qui
1596 3811 1728 3866 erat

163 3904 284 3962 Deo
329 3902 698 3978 conjunctus
723 3917 836 3978 per
872 3897 1086 3973 fldem,
1137 3899 1224 3959 ita
1271 3899 1348 3960 ab
1397 3897 1503 3958 illa
1553 3916 1726 3977 sepa-

163 4001 362 4067 retur,
391 4000 466 4054 nt
500 4012 612 4072 per
631 3992 820 4053 fidem
849 4011 978 4052 non
1015 3999 1268 4052 maneat
1300 3991 1394 4051 illi
1429 3991 1726 4070 conjunc-

171 4094 284 4158 tus,
321 4085 494 4165 quod
511 4085 584 4145 fit
611 4086 798 4146 etiam
820 4103 928 4164 per
945 4084 1256 4145 haeresim.
1283 4083 1456 4145 Unde
1476 4083 1543 4144 in
1561 4083 1728 4143 solu-

167 4181 336 4239 tione
381 4180 464 4240 ad
497 4179 857 4250 secundum,
909 4180 998 4238 ita
1051 4178 1304 4257 exponit
1348 4175 1538 4238 verba
1585 4178 1728 4237 Pro-

167 4273 338 4334 verb.
366 4275 406 4333 6
437 4289 456 4332 2
485 4273 684 4334 Homo
709 4277 988 4353 apostata
1009 4273 1108 4333 vir
1127 4272 1395 4344 inutilis,
1427 4271 1596 4349 quia,
1637 4271 1729 4328 in-

165 4367 324 4444 quit,
377 4365 540 4426 nihil
589 4365 789 4426 facere
837 4371 1035 4444 potest
1082 4363 1248 4443 quod
1291 4363 1412 4423 Dco
1465 4363 1724 4441 placeat,

161 4461 312 4536 quia
343 4459 480 4518 sine
505 4457 628 4520 fide
655 4456 1031 4536 impossibile
1056 4467 1148 4516 est
1172 4456 1410 4534 placere
1457 4456 1606 4531 De03
1637 4473 1728 4514 er·

163 4571 266 4630 go,
300 4571 381 4612 ex
415 4558 626 4612 mente
663 4552 736 4612 D.
765 4551 1042 4624 Thomae,
1076 4555 1136 4610 et
1157 4549 1332 4628 juxta
1359 4549 1728 4628 sapientiam

164 4646 501 4724 Sapientis,
551 4645 700 4722 qnia
747 4645 834 4703 ita
884 4643 1093 4702 deficit
1140 4661 1179 4702 a
1227 4643 1370 4714 De0,
1425 4649 1495 4702 ut
1542 4641 1730 4702 fidem

165 4741 360 4799 etiam
388 4737 662 4812 amittat,
694 4755 838 4796 vere
869 4744 962 4796 est
1001 4741 1279 4814 apostata
1289 4751 1310 4811 3
1360 4735 1480 4796 hoc
1520 4742 1730 4796 autem

163 4831 480 4910 contingit
504 4829 830 4904 haereticis,
867 4828 1110 4889 etiamsi
1132 4827 1248 4887 sub
1271 4827 1526 4888 nomine
1561 4827 1734 4888 Chri-

167 4928 372 4986 stiano
420 4943 464 4984 a
514 4924 643 4985 Deo
687 4921 1001 4984 recedant.
1034 4921 1340 4994 Secundo,
1371 4920 1537 4982 favet
1584 4920 1732 4981 huic

165 5019 493 5080 sententiaa
545 5017 911 5096 Cyprianus,
959 5013 1071 5075 lib.
1130 5019 1191 5090 1,
1232 5015 1409 5094 epist.
1457 5017 1520 5088 2,
1579 5013 1732 5074 alias

166 5113 351 5190 epist.
401 5113 506 5186 54,
551 5109 663 5170 ubi
709 5109 873 5170 inter
919 5115 1226 5188 apostatas
1276 5113 1564 5168 numerat
1603 5113 1732 5166 tam

167 5205 467 5278 Gentiles,
513 5220 704 5283 quam
757 5219 860 5264 eos
899 5202 1010 5280 qui
1041 5201 1118 5262 ad
1168 5201 1492 5262 haereticos
1538 5207 1736 5260 trans-

169 5303 340 5358 cunt.
375 5296 612 5369 Tertio,
640 5295 790 5355 facit
811 5293 976 5374 quod
1005 5294 1071 5354 in
1108 5295 1272 5372 jure,
1313 5293 1429 5353 sub
1461 5293 1634 5354 titulo
1665 5293 1734 5354 de

170 5391 500 5472 Apo-statis
531 5390 682 5468 poni
711 5387 910 5448 solent
951 5387 1140 5446 etiam
1187 5386 1485 5460 haeretici,
1531 5391 1604 5445 ut
1647 5387 1737 5445 vi-

170 5486 318 5546 dere
345 5491 440 5545 oet
461 5485 530 5543 in
557 5482 698 5560 lege
739 5479 985 5557 ultima,
1021 5497 1155 5558 cap.
1205 5481 1274 5542 dc
1299 5477 1635 5558 Apostatis,
1675 5485 1738 5539 et

171 5578 236 5638 in
261 5595 398 5658 cap.
441 5577 712 5652 Quodam
735 5575 804 5639 de
829 5571 1169 5656 Apo-statis,
1189 5572 1300 5633 ubi
1327 5571 1422 5634 illi
1448 5571 1739 5634 dicuntur

3241 435 3346 496 421

1801 546 2115 618 apostatae,
2139 541 2410 621 quicum
2443 541 2814 620 professione
2841 541 3172 604 christiana
3194 542 3361 622 lega-

1801 632 1886 692 lia
1914 634 2326 712 conjungunt,
2360 634 2468 708 qui
2502 634 2767 711 profecto
2806 635 3082 696 haeretici
3108 643 3274 700 sunt.

1883 728 1942 787 5.
1986 726 2297 790 Judicium
2335 728 2603 790 auctoris
2646 729 2809 790 inter
2842 731 3171 810 proedz’ctas
3225 749 3361 795 sen·

1804 821 2050 882 tentia-5.
2077 821 2242 880 —111
2270 818 2387 881 hoe
2416 827 2641 898 puncto
2678 827 2874 900 potest
2902 822 3155 884 fortasse
3192 843 3359 904 quae-

1799 916 1916 973 stio
1946 913 2023 974 de
2052 914 2304 974 nomine
2335 915 2598 990 misceri,
2638 921 2700 976 et
2736 915 2874 976 ideo
2897 918 3066 995 prius
3092 919 3362 980 breviter

1799 1006 1877 1067 de
1913 1025 1984 1068 re
2029 1006 2253 1081 dicam,
2308 1013 2370 1068 et
2411 1008 2616 1068 statim
2665 1009 2741 1068 de
2790 1011 2972 1070 modo
3013 1009 3353 1088 loquendi:

1801 1099 1966 1179 quod
1996 1117 2144 1178 ergo
2172 1100 2249 1160 ad
2279 1117 2407 1160 rem
2438 1101 2681 1174 attinet,
2722 1101 3013 1164 videntur
3038 1104 3194 1164 mihi
3224 1123 3359 1184 pos-

1797 1194 2024 1255 teriora
2076 1200 2445 1273 argumeuta
2500 1195 2903 1270 convincere,
2944 1199 3008 1257 in
3065 1199 3353 1260 haeretioo

1800 1284 2120 1346 deficiente
2164 1305 2202 1346 a
2236 1287 2357 1348 fide
2387 1288 2653 1348 inveniri
2700 1290 3014 1368 propriam
3058 1291 3359 1352 malitiam

1799 1381 2139 1457 apostasiis,
2178 1379 2452 1459 ejusdem
2509 1381 2731 1460 speciei
2783 1387 2847 1442 et
2896 1385 3175 1444 essentiae
3217 1401 3359 1444 cum

1802 1474 2129 1550 apostasia,
2159 1491 2295 1552 quae
2348 1491 2460 1554 per
2508 1474 2884 1552 judaismum
2934 1475 3034 1538 vel
3084 1479 3361 1555 paganis-

1804 1582 1978 1624 mum
2010 1567 2441 1643 committitur,
2473 1569 2756 1648 quamvis
2791 1588 2919 1630 non
2959 1572 3039 1630 sit
3082 1572 3360 1649 ejusdem

1801 1658 2175 1736 integritatis
2198 1678 2275 1720 ex
2300 1667 2471 1739 parte
2491 1663 2787 1723 materiae.
2816 1662 3115 1726 Probatur
3140 1674 3361 1743 praeter

1804 1751 1988 1824 dicta,
2024 1753 2171 1832 quia
2198 1752 2355 1813 sicut
2391 1753 2771 1817 Christianus
2796 1757 3101 1818 transiens
3142 1757 3219 1818 ad
3263 1759 3359 1819 iu-

1803 1843 2168 1906 fidelitatem
2196 1846 2549 1908 Judaeorum
2580 1848 2676 1909 vel
2698 1867 3105 1928 paganorum,
3137 1858 3358 1930 proeter

1805 1937 2108 1998 malitiam
2151 1939 2551 2014 infidelitatis,
2600 1961 2788 2022 quam
2844 1943 3031 2004 habet
3084 1963 3363 2004 commu·

1805 2048 1950 2091 nem
1980 2051 2121 2093 cum
2157 2033 2461 2094 similibus
2488 2035 2861 2113 infidelibuS,
2894 2038 3001 2116 qui
3035 2055 3359 2117 nunquam

1801 2124 2056 2186 fuerunt
2084 2125 2437 2202 Christiani,
2469 2129 2801 2189 committit
2832 2131 3203 2208 peculiarem
3230 2149 3361 2190 ma-

1803 2217 2025 2294 litiam,
2066 2224 2128 2279 et
2160 2219 2458 2298 injuriam
2485 2227 2699 2281 contra
2744 2221 2956 2298 fidem,
2990 2243 3175 2304 quam
3222 2240 3360 2302 pro·
3444 2219 3457 2232 ’

1803 2311 1999 2372 fessus
2036 2320 2164 2388 est,
2196 2315 2284 2376 ita
2320 2315 2506 2374 etiam
2551 2315 2933 2378 Christianus
2973 2317 3082 2396 qui
3136 2317 3359 2378 transit

1802 2403 1880 2464 ad
1931 2404 2273 2481 haereticos,
2319 2413 2541 2487 praeter
2582 2409 2885 2469 malitiam
2930 2409 3354 2486 infidelitatis,

1801 2499 1991 2560 habet
2028 2499 2203 2560 illam
2241 2501 2617 2579 peculiarem
2657 2501 2984 2579 malitiam,
3016 2521 3122 2564 seu
3150 2504 3357 2582 gravi·

1801 2596 2018 2667 tatem,
2049 2609 2190 2671 quae
2238 2594 2647 2655 committitur
2694 2596 2761 2656 in
2808 2597 3152 2657 desertione
3210 2595 3377 2657 fidei·

1801 2690 2102 2762 receptae;
2148 2692 2211 2746 et
2236 2685 2376 2746 ideo
2403 2687 2625 2748 merito
2662 2689 2841 2749 divus
2876 2691 3166 2763 Thomas,
3196 2689 3361 2750 dicta

1802 2783 2017 2858 quaest.
2056 2779 2155 2851 12,
2203 2785 2321 2839 art.
2374 2784 2431 2850 1,
2477 2780 2554 2840 ad
2590 2782 2876 2858 tertium,
2922 2783 3244 2843 indefinite
3298 2789 3361 2843 et

1804 2871 2237 2932 universaliter
2291 2871 2449 2933 dixit
2494 2876 2863 2953 apostasiam
2908 2893 3039 2937 esse
3096 2876 3357 2936 circum-

1804 2964 2099 3024 stantiam
2128 2964 2511 3026 infidelitatis
2550 2985 2564 3029 :
2620 2967 2915 3047 probatur
2962 2987 3113 3048 ergo
3148 2987 3359 3029 conse-

1803 3057 2057 3136 quentia
2092 3058 2316 3136 primo,
2354 3059 2500 3137 quia
2534 3061 2837 3140 apostasia
2875 3062 3253 3122 transeuntis
3279 3061 3356 3121 ad

1797 3149 2180 3228 judaismum
2205 3150 2303 3212 vel
2331 3155 2763 3230 paganismum
2784 3172 2910 3215 non
2938 3155 3211 3216 consistit
3237 3156 3361 3215 tor-

1805 3245 2049 3306 maliter
2075 3245 2140 3304 in
2170 3245 2278 3306 illa
2305 3248 2503 3326 specie
2529 3247 2933 3324 infidelitatis,
2974 3247 3077 3308 sed
3105 3249 3172 3309 in
3198 3249 3359 3327 inju-

1802 3338 1918 3413 ria,
1974 3355 2162 3417 quam
2208 3345 2487 3418 apostata
2524 3340 2674 3401 facit
2719 3339 2864 3401 fidei
2919 3348 3199 3418 receptae,
3252 3360 3363 3402 seu

1803 3431 2166 3510 professioni
2212 3434 2367 3510 eJuS,
2414 3438 2477 3494 et
2520 3449 2964 3512 cousequenter
2992 3434 3270 3496 Ecclesiae
3300 3441 3362 3497 et

1804 3525 2077 3600 Christ03
2133 3525 2237 3586 sed
2295 3526 2456 3586 hanc
2517 3526 2801 3588 eamdem
2858 3528 3154 3606 injuriam
3214 3527 3365 3590 facit

1805 3618 2127 3679 haereticus
2149 3619 2510 3700 professioni
2536 3619 2702 3695 fidei,
2725 3625 2787 3681 et
2806 3621 3086 3681 Ecclesiae
3108 3621 3333 3683 Christi
3340 3643 3359 3696 ;

1808 3727 1955 3788 ergo
1984 3712 2185 3790 quoad
2228 3711 2528 3774 malitiam
2558 3712 2747 3774 habet
2783 3713 3151 3793 apostasiam
3193 3715 3363 3792 ejus·

1807 3803 1946 3865 dem
1979 3805 2267 3880 rationis3
2301 3805 2450 3866 item
2480 3805 2822 3867 formaliter
2851 3825 3029 3885 aeque
3068 3808 3299 3868 recedit
3327 3825 3366 3868 a

1807 3903 1936 3957 tota
1964 3895 2109 3973 fide,
2141 3903 2203 3958 et
2233 3897 2372 3958 ideo
2398 3905 2594 3959 totam
2618 3901 2871 3976 amittit,
2904 3907 2967 3962 et
2990 3919 3367 3980 consequen·

1806 3995 1902 4050 ter
1927 4008 1966 4050 a
1987 3991 2107 4050 Deo
2135 3996 2471 4069 apostatat3
2505 3990 2850 4054 differentia
2875 4012 3020 4054 vero
3048 3994 3113 4053 in
3143 3993 3367 4072 majori

1811 4083 1907 4143 vel
1939 4082 2165 4142 minori
2201 4084 2459 4144 materia
2488 4083 2630 4144 fidei
2659 4087 3068 4146 accidentaria
3113 4094 3225 4159 est,
3258 4105 3367 4146 ne·

1810 4195 1930 4256 que
1970 4182 2172 4256 potest
2216 4176 2603 4237 essentialem
2652 4177 3069 4240 diversitatem
3124 4179 3321 4240 facere
3342 4224 3363 4254 ,

1810 4268 1977 4346 quod
2007 4269 2193 4328 etiam
2240 4287 2317 4328 ex
2355 4269 2532 4329 dictis
2560 4270 2827 4332 sectione
2871 4271 3237 4351 praecedenti
3271 4289 3368 4332 os-

1809 4360 1983 4421 tendi
2011 4366 2210 4439 potest
2224 4377 2244 4438 3
2275 4361 2545 4422 diximus
2585 4363 2752 4424 enim
2800 4370 2924 4424 tres
2975 4363 3367 4426 infidelitates

1809 4472 1937 4514 non
1966 4453 2263 4531 distingui
2294 4457 2494 4533 specie
2537 4456 2966 4531 essentialiter,
3012 4458 3256 4516 etiamsi
3298 4459 3365 4516 in

1810 4547 2073 4608 materia
2112 4547 2381 4609 habeant
2427 4548 2598 4609 illam
2650 4550 2931 4610 eamdem
2984 4551 3371 4629 inaequalita-

1812 4651 1936 4700 tem
1960 4663 1978 4714 3
2010 4659 2159 4718 ergo
2193 4641 2407 4702 eadem
2441 4644 2597 4702 ratio
2628 4651 2720 4704 est
2760 4643 2826 4704 iu
2869 4645 3195 4724 apostasia,
3228 4664 3371 4724 sup-

1811 4735 2011 4814 posito
2037 4733 2205 4814 quod
2234 4735 2586 4797 deformitas
2616 4739 2751 4815 ejus
2780 4740 2966 4799 etiam
3015 4740 3373 4800 inveniatur

1811 4829 1877 4888 in
1905 4845 2144 4888 recessu
2182 4847 2221 4889 a
2248 4829 2368 4890 fide
2402 4849 2509 4908 per
2536 4829 2848 4907 haeresim,
2913 4832 3078 4913 quod
3128 4833 3375 4894 videtur

1811 4921 2135 4982 evidenter
2166 4921 2515 5000 probatum.

1893 5018 1954 5076 6.
1996 5015 2348 5078 Hoeretious
2376 5018 2557 5078 etiam
2588 5019 2837 5100 proprie
2868 5020 3096 5083 dicitur
3135 5029 3376 5100 aposta-

1816 5111 1988 5170 ιιι-
2000 5107 2099 5168 Sic
2125 5124 2273 5187 ergo
2297 5107 2601 5170 declarata
2630 5129 2697 5172 re
2724 5113 2855 5191 ipsa
2880 5131 3008 5174 non
3037 5121 3131 5174 cst
3156 5115 3233 5175 de
3262 5135 3374 5174 no-

1817 5201 1984 5261 mine
2028 5201 2550 5278 contendendum,
2590 5221 2702 5264 nec
2747 5205 2991 5266 videtur
3045 5225 3376 5286 possene-

1816 5294 1952 5372 gari
1980 5295 2133 5372 quin
2162 5312 2388 5356 nomen
2423 5302 2715 5376 apostatae
2742 5297 2856 5358 sub
2888 5299 3095 5378 aliqua
3124 5319 3271 5361 vera
3314 5309 3378 5362 et

1819 5387 2067 5466 propria
2127 5387 2573 5466 significatione
2631 5388 2923 5452 haeretico
3003 5394 3373 5469 conveniat;

1818 5487 2069 5559 propter
2096 5482 2529 5542 auctoritatem
2561 5501 2705 5544 vero
2758 5489 2851 5543 tot
2891 5485 3248 5561 Doctorum,
3289 5486 3380 5547 di·

1820 5590 1959 5633 cere
1988 5591 2311 5654 possumus
2340 5577 2709 5654 apostasiam
2748 5595 2860 5657 per
2888 5580 3375 5643 antonomasiam
