3900 6217
534 383 617 447 ‘n

534 498 657 566 tur,
676 509 821 555 cum
844 490 1253 570 intelligentia
1272 490 1595 571 signorum
1610 510 1749 573 quse
1772 492 2092 568 videbant,

534 591 595 647 et
626 585 957 647 verborum
995 602 1139 664 quae
1184 585 1551 661 audiebant3
1606 593 1671 650 et
1712 588 1925 667 quoad
1963 587 2097 649 haec

532 678 917 757 recipiebant
956 678 1173 741 lumen
1225 681 1563 759 peculiare,
1604 700 1729 763 quo
1756 682 2097 745 necessita-

532 771 765 834 bantur
814 771 899 833 ad
942 772 1301 853 hujusmodi
1332 776 1899 855 apprehensionem
1949 795 2094 839 cum

533 865 829 945 praedicta
870 866 1317 946 intelligentia;
1352 869 1523 931 aliud
1562 876 1657 932 est
1691 872 1998 951 judicium
2031 878 2093 935 et

532 976 828 1021 assensus
876 978 1001 1039 quo
1041 961 1300 1023 firmiter
1340 963 1681 1028 credebant
1726 965 1900 1027 illam
1919 967 2098 1029 locu-

532 1051 767 1114 tionem
810 1072 949 1115 esse
990 1054 1121 1128 Dei,
1164 1058 1228 1116 et
1280 1066 1737 1137 consequenter
1777 1078 1915 1121 esse
1942 1078 2094 1121 vera

532 1164 672 1225 quae
714 1146 866 1225 ipsis
895 1147 1281 1211 dicebantur.
1315 1150 1391 1213 Et
1414 1154 1623 1231 quoad
1664 1154 1829 1215 hanc
1848 1162 2092 1235 partem

532 1238 705 1301 nulla
734 1247 997 1319 apparet
1022 1244 1367 1305 necessitas
1378 1246 1653 1325 ponendi
1676 1248 1738 1308 in
1756 1249 1849 1309 eis
1874 1249 2094 1311 lumen

533 1333 893 1398 distinctum
940 1355 977 1397 a
1005 1337 1241 1399 lumine
1280 1338 1451 1414 fidei,
1484 1339 1653 1419 quia,
1702 1346 1772 1405 ut
1796 1360 1871 1403 ex
1914 1342 2094 1405 dictis

532 1435 817 1507 apparet,
865 1447 993 1490 non
1029 1448 1109 1493 ex
1158 1434 1551 1508 necessitate,
1602 1435 1715 1496 sed
1740 1436 2092 1497 voluntarie

534 1521 1055 1585 assentiebantur.
1092 1525 1309 1605 Neque
1338 1526 1530 1589 refert
1562 1529 1731 1605 quod
1776 1531 2096 1610 appellen·

531 1619 637 1678 tur
660 1614 947 1690 videntes,
972 1618 1121 1696 quia
1146 1618 1251 1679 illa
1266 1618 1692 1685 denominatio
1708 1640 1837 1685 non
1864 1643 1943 1687 ex
1968 1626 2096 1686 evi-

532 1707 771 1783 dentia,
805 1709 919 1771 sed
944 1731 1021 1773 ex
1046 1713 1415 1793 imaginaria
1432 1716 1669 1779 visione
1688 1726 1937 1798 sumpta
1951 1719 2090 1795 fuit,

532 1808 604 1864 ut
632 1803 1001 1882 significavit
1022 1807 1350 1883 Abulens„
1406 1810 1473 1871 in
1500 1828 1639 1890 cap.
1666 1814 1734 1873 11
1774 1814 1999 1892 Εκοᾱ.,
2033 1821 2096 1876 et

533 1896 720 1959 tradit
758 1900 1043 1977 Rupert.,
1078 1900 1292 1961 Abdiae
1340 1904 1398 1977 1,
1432 1903 1515 1965 de
1552 1922 1677 1983 quo
1708 1906 1901 1968 etiam
1928 1908 2093 1970 bene

534 1988 901 2053 Franciscus
929 1992 1176 2069 Ribera,
1230 1994 1296 2056 in
1334 2014 1474 2076 cap.
1518 2001 1546 2059 1
1596 2000 1825 2075 Hosoe.,
1852 2020 1917 2061 n.
1955 2003 1996 2063 4
2033 2008 2098 2065 et

536 2086 575 2145 5
588 2106 606 2158 3
632 2084 733 2145 vel
758 2091 924 2147 certe
948 2086 1037 2147 ita
1064 2088 1357 2167 appellati
1384 2097 1551 2165 sunt,
1597 2094 1744 2172 quia
1768 2094 2092 2169 videbant,

532 2177 599 2239 id
624 2184 741 2252 est,
764 2181 1228 2259 cognoscebant
1260 2189 1325 2244 ct
1351 2183 1663 2259 dicebant,
1694 2204 1837 2267 quae
1870 2189 1972 2249 alii
2005 2190 2099 2250 vi·-

532 2270 683 2333 dere
712 2290 843 2333 non
872 2279 1181 2352 poterant,
1214 2281 1284 2337 ut
1297 2276 1449 2339 dixit
1466 2279 1748 2353 Hieron„
1776 2284 1958 2361 epist.
1983 2286 2095 2345 103

534 2365 617 2427 ad
660 2366 928 2439 Paulin.,
960 2367 1071 2428 ubi
1098 2369 1284 2431 etiam
1328 2371 1636 2451 significat
1664 2374 1751 2435 ita
1772 2375 1963 2437 fuisse
1988 2396 2098 2437 vo·-

534 2465 729 2535 catos,
762 2460 961 2539 quiin
990 2461 1208 2541 spiritu
1236 2462 1547 2525 Christum
1574 2466 1889 2543 videbant,
1916 2472 2096 2548 juxta

534 2553 710 2625 illud,
742 2553 913 2632 quod
941 2554 1022 2616 de
1054 2556 1371 2618 Abraham
1395 2558 1548 2621 dixit
1582 2561 1879 2638 Christus,
1908 2566 2091 2627 Joan.

532 2646 604 2708 8:
630 2648 966 2711 Exultavit
986 2654 1058 2711 ut
1104 2650 1335 2715 videret
1360 2654 1517 2715 diem
1554 2672 1771 2730 meum,
1823 2657 2000 2733 vidit,
2040 2666 2098 2723 et

531 2740 783 2823 panim
818 2748 928 2804 est.
970 2742 1105 2803 Dixi
1142 2749 1355 2805 autem
1399 2746 1518 2807 hoc
1546 2764 1687 2809 esse
1728 2752 2098 2830 reyulariter

482 2880 489 2887 .
534 2832 1031 2913 intelligendum,
1058 2836 1205 2914 quia
1227 2836 1306 2900 de
1334 2838 1647 2918 aliquibus
1680 2844 1917 2905 eximiis
1948 2846 2098 2907 Pro·-

534 2927 760 3009 phetis,
792 2934 863 2990 ut
888 2929 969 2991 de
994 2930 1234 3010 Moyse,
1258 2934 1465 3009 David,
1499 2943 1643 3009 etc„
1676 2938 2096 3001 verisimiliter

534 3021 708 3083 credi
746 3026 953 3100 potest
992 3024 1328 3105 aliquando
1383 3029 1697 3107 accepisse
1732 3049 1770 3091 a
1802 3032 1933 3093 Deo
1975 3034 2094 3095 hoc

534 3114 933 3191 beneficium,
978 3123 1051 3177 ut
1086 3118 1363 3181 indicant
1394 3121 1585 3181 verba
1614 3120 1865 3185 Davidis
1902 3144 2094 3204 supra

536 3208 741 3284 vitata,
776 3215 842 3270 et
878 3210 1075 3274 multa
1114 3212 1239 3273 alia
1268 3230 1407 3291 quoe
1432 3212 1499 3274 in
1526 3214 1719 3278 Exod.
1762 3217 1840 3279 tle
1875 3218 2094 3299 Moyse

535 3303 847 3367 dicuntur.

1115 3416 1389 3466 Funerum
1428 3420 1525 3468 111.

536 3548 617 3600 An
648 3554 695 3601 et
726 3551 978 3619 quomodo
1005 3552 1127 3617 fides
1174 3559 1221 3605 et
1259 3553 1502 3616 objectum
1540 3556 1650 3621 eJ'us
1680 3561 1813 3609 stom
1842 3569 1956 3609 cum
1990 3557 2099 3609 evi·

1056 3628 1230 3679 derata
1252 3629 1583 3695 testificantis.

621 3765 717 3825 u.
762 3762 983 3827 Prima
1036 3766 1334 3829 smmtia
1381 3767 1745 3849 simplici-ter
1788 3776 1989 3851 neyat.
2015 3802 2098 3817 --

532 3853 1018 3920 Fundamentum
1058 3856 1345 3939 primum.
1382 3894 1460 3905 -—
1506 3859 1873 3925 Secundum.
1908 3895 1991 3909 —
2025 3864 2097 3923 In

532 3950 653 4011 boc
680 3956 911 4028 puncto
938 3950 1121 4013 vatiae
1150 3957 1295 4013 sunt
1322 3953 1671 4032 opiniones.
1718 3955 1921 4016 Prima
1948 3955 2098 4015 sim-

534 4042 779 4123 pliciter
814 4049 1007 4124 negat
1044 4062 1228 4123 posse
1259 4063 1396 4107 esse
1424 4045 1618 4107 fidem
1644 4046 1713 4107 in
1735 4065 1809 4107 eo
1838 4048 1943 4125 qni
1972 4048 2095 4108 evi-

534 4135 760 4197 denter
786 4138 1104 4215 cognoscit
1130 4141 1333 4201 Deum
1372 4157 1511 4200 esse
1546 4140 1652 4219 qui
1702 4141 2090 4203 testificatur.

534 4230 625 4293 Ita
654 4234 827 4293 tenet
851 4233 1207 4309 DurandnS,
1233 4233 1301 4295 in
1338 4234 1398 4309 3,
1429 4232 1702 4295 distinct.
1734 4236 1839 4310 23,
1866 4241 2088 4314 quoest.

536 4328 600 4399 9,
617 4342 791 4385 num.
814 4327 913 4403 12,
938 4331 1001 4389 et
1026 4324 1294 4387 distinet.
1322 4328 1423 4403 31,
1450 4333 1669 4407 quaest.
1694 4329 1757 4401 4,
1782 4346 1960 4389 num.
1984 4332 2086 4400 1ος

534 4435 728 4495 quam
756 4418 945 4481 etiam
979 4418 1341 4497 opinionem
1387 4419 1669 4498 sequitur
1704 4420 1978 4492 Banner„
2029 4422 2088 4481 2.

535 4512 599 4586 2,
621 4516 841 4589 quaest.
873 4512 933 4586 ὃ,
960 4518 1077 4572 art.
1110 4515 1169 4585 1,
1196 4516 1337 4591 post
1363 4512 1723 4587 Victoriam,
1756 4513 1925 4592 apud
1946 4516 2095 4573 Ara-

536 4622 713 4682 gon„
738 4603 887 4665 ibid.
896 4648 917 4679 ,
948 4604 1302 4682 indicatque
1328 4605 1521 4681 Cano,
1547 4608 1622 4667 12
1640 4604 1720 4667 de
1748 4606 1920 4681 Loc.,
1948 4625 2088 4684 cap.

539 4699 638 4766 13,
672 4694 869 4757 concl.
906 4700 961 4757 1.
994 4696 1500 4761 Fundamentum
1544 4703 1656 4771 est,
1694 4699 1843 4777 quia
1888 4698 2095 4760 omnis

537 4788 873 4865 evidentia,
894 4790 1139 4853 etiamsi
1168 4791 1246 4853 sit
1274 4790 1339 4851 in
1364 4790 1759 4865 testificante,
1786 4790 1951 4871 cogit
1981 4811 2095 4854 seu

534 4884 869 4947 necessitat
894 4884 1283 4947 intellectum
1304 4884 1387 4945 ad
1399 4902 1729 4945 >assensum
1750 4904 1765 4958 ;
1784 4888 2097 4965 repugnat

535 4982 748 5039 autem
775 4976 1160 5039 intellectum
1202 4977 1387 5039 simul
1422 4977 1709 5039 assentiri
1738 4978 2094 5039 necessario

538 5077 603 5133 et
624 5072 839 5143 libere,
859 5072 1005 5151 quia
1034 5078 1183 5133 sunt
1203 5072 1593 5133 conditiones
1612 5090 1753 5151 quse
1772 5072 2098 5133 involvunt

540 5164 1121 5239 contradictionem3
1157 5183 1306 5244 ergo
1364 5164 1553 5227 etiam
1595 5171 1907 5245 repugnat
1946 5164 2096 5225 fidei

536 5276 831 5321 assensus
873 5277 1016 5319 cum
1054 5274 1453 5339 quacumque
1494 5257 1828 5321 evidentia.
1865 5259 2098 5319 Proba-

535 5358 638 5415 tur
660 5352 1129 5431 consequentia,
1148 5352 1295 5432 quia
1310 5370 1606 5415 assensus
1624 5350 1773 5413 fidei
1798 5357 1894 5413 est
1912 5350 2093 5425 liber,

542 5450 613 5509 ut
642 5444 805 5507 infra
847 5444 1215 5521 videbimus,
1245 5452 1308 5509 et
1347 5446 1431 5507 ita
1460 5450 1774 5529 repugnat
1803 5464 1947 5507 cum
1989 5462 2099 5507 ne-

544 5542 854 5620 cessitate,
882 5558 1071 5621 quam
1098 5540 1283 5605 infert
1302 5540 1635 5604 evidentia.
1671 5540 1855 5604 Aliud
1872 5538 2100 5603 funda-

1011 388 1249 443 msrm‘.
1284 389 1370 443 111.
1406 390 1487 443 DE
1519 385 1787 445 olm-:cm
1820 388 2086 443 rosum
2121 388 2303 450 num,
2337 386 2418 441 ET
2447 386 2742 449 Quonam)
2773 387 2858 441 Ao
2889 386 3090 449 tumn,
3115 386 3250 439 E‘rc.

2175 494 2462 551 mentum
2508 506 2650 551 esse
2695 492 2922 567 potest,
2965 485 3116 566 quia
3157 484 3414 547 evidens
3461 482 3742 565 cognitio

2176 601 2304 645 non
2337 582 2668 645 resolvitur
2711 581 2780 643 in
2827 579 3252 643 testimonium
3303 579 3432 654 Dei,
3490 575 3745 639 etiamsi

2173 676 2444 756 ipsamet
2481 674 2790 737 evidentia
2831 673 2912 735 sit
2954 674 3035 735 de
3067 672 3294 735 eodem
3341 670 3738 742 testimoni03

2176 786 2328 848 ergo
2349 786 2480 831 non
2503 772 2708 848 potest
2725 768 3024 831 inducere
3047 784 3368 829 assensum
3393 763 3564 827 fidei.
3583 765 3747 825 Con·-

2175 863 2504 942 sequentia
2550 867 2722 942 patet
2769 878 2846 923 ex
2893 879 3082 940 supra
3129 859 3330 931 dictis,
3383 858 3532 938 quia
3579 856 3748 919 fides

2175 961 2306 1019 tota
2334 956 2446 1019 niti
2473 955 2664 1017 debet
2701 954 2766 1017 in
2807 953 3164 1017 testimonio
3199 952 3448 1015 divino:
3486 957 3748 1013 antece—

2175 1049 2336 1113 dens
2350 1056 2564 1111 autem
2583 1049 2938 1111 declaratur
2954 1053 3016 1108 et
3034 1047 3360 1126 probatur,
3377 1046 3528 1125 quia
3545 1046 3748 1107 etiam

2173 1143 2484 1205 evidentia
2511 1144 2578 1203 in
2607 1140 2978 1205 testificante
3003 1140 3301 1203 fundatur
3329 1139 3392 1201 in
3409 1138 3748 1201 manifesta

2173 1236 2554 1315 experientia
2584 1236 2848 1315 alicujus
2879 1234 3139 1299 effectus
3167 1233 3384 1307 divini,
3415 1240 3480 1295 et
3513 1232 3578 1293 in
3629 1250 3750 1291 ne·

2174 1332 2446 1393 cessaria
2491 1332 2876 1393 connexione
2925 1329 3064 1391 talis
3097 1328 3354 1391 effectus
3391 1345 3538 1389 cum
3579 1327 3744 1393 Deo,

2175 1431 2245 1487 ut
2283 1444 2472 1506 supra
2503 1426 2691 1487 etiam
2739 1424 3128 1487 declaratum
3177 1428 3272 1485 est
3315 1422 3384 1483 in
3427 1438 3604 1483 num.
3659 1422 3744 1491 23

2175 1538 2327 1600 ergo
2356 1538 2480 1581 non
2517 1518 2850 1581 resolvitur
2899 1517 2966 1579 in
3016 1515 3468 1589 testimonium,
3515 1512 3630 1575 sed
3675 1512 3746 1573 in

2175 1612 2526 1675 discursum
2571 1612 2928 1673 evidentem
2977 1626 3053 1673 ex
3102 1608 3352 1685 effectu,
3400 1607 3506 1688 qui
3553 1604 3746 1669 valde

2175 1706 2418 1769 alienus
2450 1711 2544 1769 est
2571 1725 2608 1765 a
2637 1705 2785 1769 fide.

2216 1854 2222 1861 .
2258 1802 2356 1861 15.
2405 1799 2691 1863 Secunda
2707 1797 3004 1863 sententia
3015 1797 3380 1877 simpliciter
3393 1797 3742 1873 affirmans.

2173 1924 2255 1939 -·-
2279 1890 2651 1973 Explicatur
2679 1893 2810 1963 ejus
2837 1909 3054 1955 sensus
3077 1891 3413 1970 duplex.--·
3439 1889 3750 1951 Prior.—

2173 1988 2482 2051 Probatum
2507 2006 2581 2051 em
2605 1988 2760 2051 Heb.
2795 1989 2866 2047 11
2881 2030 2896 2047 .
2913 2018 2998 2031 —-
3016 1986 3178 2049 Item
3201 1985 3460 2049 ratione.
3481 2014 3566 2029 -
3585 1983 3752 2046 Con-

2176 2079 2872 2157 firmatur.—Secunda
2897 2078 3229 2154 sententia,
3273 2084 3338 2139 et
3357 2076 3540 2141 valde
3569 2094 3750 2137 com-

2177 2174 2409 2249 munis,
2439 2180 2534 2237 est
2571 2173 2950 2235 evidentiam
2992 2173 3058 2233 in
3085 2171 3456 2233 testificante
3483 2188 3614 2233 non
3641 2187 3750 2231 re-

2177 2284 2460 2347 pugnare
2509 2282 2654 2329 cum
2702 2266 2828 2329 fide
2863 2284 2878 2325 ε
2935 2270 3112 2327 tenet
3153 2264 3396 2340 Alens„
3454 2265 3494 2327 3
3547 2270 3744 2343 part„

2179 2366 2395 2438 quaest.
2437 2362 2540 2436 68,
2569 2360 2800 2421 memb.
2835 2362 2895 2435 7,
2927 2366 3043 2421 art.
3081 2360 3154 2431 2;
3207 2370 3268 2421 et
3301 2358 3470 2421 clare
3507 2374 3751 2437 suppo-

2177 2454 2269 2515 nit
2297 2454 2540 2529 Scotus,
2571 2454 2636 2515 in
2673 2456 2732 2529 3,
2763 2453 2905 2515 dist.
2938 2455 3042 2527 24,
3078 2470 3152 2514 ac
3184 2452 3468 2531 sequitur
3497 2452 3581 2514 ibi
3625 2451 3750 2513 Ga·

2176 2548 2356 2625 briei,
2395 2548 2594 2611 concl.
2644 2550 2714 2633 ⁷5
2770 2553 2832 2609 et
2885 2547 3216 2626 Dionysius
3243 2548 3480 2623 Carth„
3511 2551 3744 2625 quaest.

2178 2640 2384 2715 unica,
2418 2640 2582 2703 circa
2608 2639 2969 2719 opinionem
2995 2639 3308 2713 Durandi;
3355 2646 3530 2703 tenet
3551 2640 3750 2701 etiam

2177 2735 2514 2814 Cajetanus
2539 2736 2600 2795 2.
2646 2737 2710 2809 2,
2739 2740 2960 2814 quaest.
2991 2736 3056 2810 5,
3089 2740 3206 2795 art.
3240 2738 3310 2807 1;
3345 2739 3408 2795 et
3435 2732 3520 2795 ibi
3545 2735 3745 2813 Arag.

2177 2832 2242 2891 et
2265 2828 2392 2904 alii,
2421 2834 2482 2891 et
2513 2828 2840 2907 Mendoea,
2871 2834 3090 2907 quoest.
3131 2830 3170 2889 3
3207 2828 3528 2903 scholast„
3557 2846 3744 2887 num.

2177 2926 2289 2996 13;
2336 2924 2550 3002 Vazq.‚
2585 2926 2616 2985 1
2651 2928 2842 3002 part„
2873 2923 3102 3002 disput.
3138 2924 3281 2997 135,
3336 2940 3476 3001 cap.
3514 2924 3586 2993 3;
3617 2922 3750 2981 Va-

2173 3017 2354 3093 lent„
2380 3023 2534 3078 tom.
2569 3018 2628 3090 3,
2661 3016 2892 3096 disput.
2939 3022 2994 3091 ¹,
3029 3023 3242 3096 punct.
3271 3018 3336 3093 t,
3373 3016 3410 3098 ἓ
3453 3015 3751 3079 Possitne

2166 3112 2340 3191 fides,
2372 3116 2526 3183 etc.;
2559 3110 2830 3185 Fen-ar„
2859 3112 3084 3173 3eont.
3117 3111 3326 3186 Gent.,
3359 3129 3498 3190 cap.
3532 3113 3652 3181 4ος
3681 3114 3749 3170 et

2175 3204 2370 3283 Vega,
2413 3204 2521 3266 lib.
2557 3208 2595 3267 9
2637 3204 2702 3264 in
2739 3204 3016 3283 Triden.,
3049 3224 3186 3283 cap.
3225 3206 3336 3277 303
3377 3210 3440 3267 et
3467 3203 3739 3279 Cumel.‚

2177 3302 2210 3360 1
2241 3304 2430 3378 part„
2465 3304 2686 3378 quaest.
2723 3300 2824 3374 12,
2853 3304 2970 3359 art.
3003 3300 3065 3375 2,
3087 3298 3263 3379 disp.
3305 3302 3382 3371 2;
3431 3304 3495 3359 et
3520 3304 3746 3379 quaest.

2173 3392 2280 3467 62,
2309 3397 2426 3453 art.
2460 3394 2517 3453 3.
2545 3392 2691 3453 Haec
2727 3396 2940 3453 autem
2982 3392 3192 3471 opinio
3243 3392 3494 3453 duobus
3537 3391 3754 3453 modis

2177 3486 2472 3566 explicari
2504 3489 2734 3565 potest,
2759 3496 2822 3547 et
2845 3485 3094 3548 duobus
3119 3486 3312 3548 etiam
3355 3492 3562 3567 potest
3605 3486 3756 3545 fun·

2177 3578 2335 3641 dari.
2369 3580 2544 3641 Prior
2573 3598 2796 3641 sensus
2837 3586 2953 3656 est,
2980 3598 3110 3641 non
3133 3580 3338 3641 solum
3365 3578 3758 3641 evidentiam

2178 3672 2566 3735 testificantis
2592 3673 2728 3749 Dei,
2759 3672 2824 3733 id
2853 3678 2968 3747 est,
3009 3673 3179 3751 quod
3208 3675 3378 3736 Deus
3415 3675 3533 3735 hoc
3569 3672 3758 3733 testi-—

2177 3767 2422 3838 ficetur,
2453 3766 2568 3828 sed
2587 3768 2774 3829 etiam
2797 3766 3178 3829 evidentiam
3203 3767 3486 3829 veritatis
3506 3767 3600 3827 rei
3623 3772 3760 3826 tes·

2177 3860 2424 3922 tificatae
2453 3878 2590 3921 esse
2618 3878 2802 3939 posse
2847 3878 2994 3921 cum
3033 3861 3184 3936 fide,
3215 3868 3278 3923 et
3305 3862 3372 3921 in
3396 3862 3518 3921 hoc
3547 3878 3752 3920 sensu

2177 3953 2468 4031 videntur
2491 3954 2666 4032 loqui
2705 3970 2930 4014 omnes
2971 3960 3260 4015 auctores
3297 3953 3500 4024 citati;
3535 3952 3762 4014 existi-

2177 4052 2352 4107 mant
2374 4047 2566 4121 enim,
2592 4046 2794 4125 posita
2817 4046 3133 4107 evidentia
3159 4046 3500 4109 testimonii
3523 4044 3756 4122 divini,

2177 4139 2528 4201 necessario
2577 4140 2754 4217 sequi
2803 4139 3182 4201 evidentiam
3232 4140 3326 4201 rei
3373 4138 3758 4212 testificatae,

2177 4232 2322 4312 quia
2349 4232 2606 4293 evidens
2647 4238 2744 4293 est
2783 4233 2989 4294 Deum
3027 4252 3166 4294 esse
3199 4252 3498 4295 veracem
3542 4233 3608 4293 in
3649 4233 3764 4293 his

2175 4345 2314 4407 quse
2337 4325 2740 4397 testificatur;
2779 4331 2840 4387 et
2867 4325 3010 4387 ideo
3037 4326 3086 4387 si
3115 4345 3260 4388 cum
3285 4327 3408 4387 hac
3431 4324 3762 4388 evidentia

2175 4418 2576 4499 conjungitur
2599 4417 2908 4481 evidentia
2937 4419 3128 4480 divini
3171 4419 3540 4495 testimonii,
3567 4419 3762 4479 intel-

2173 4513 2374 4574 lectus
2401 4530 2479 4573 ex
2515 4510 2762 4573 duobus
2789 4505 3108 4592 principiis
3135 4511 3533 4574 evidentibus
3578 4510 3768 4591 cogi-

2175 4612 2277 4667 tur
2303 4605 2385 4667 ad
2405 4604 2875 4667 assentiendum
2896 4604 2986 4665 rei
3019 4604 3364 4667 testificatae
3385 4624 3404 4677 ;
3427 4606 3762 4667 conclusio

2175 4706 2419 4774 autem,
2451 4716 2590 4777 quae
2639 4698 2947 4777 colligitur
2997 4716 3071 4759 ex
3119 4698 3372 4763 duobus
3427 4698 3766 4779 principiis

2178 4792 2568 4855 evidentibus
2594 4810 2708 4871 per
2726 4792 3080 4853 evidentem
3093 4792 3467 4867 illationem,
3489 4792 3764 4854 evidens

2178 4894 2292 4949 est.
2326 4885 2505 4957 Quod
2532 4890 2739 4947 autem
2771 4884 2890 4946 hoc
2917 4904 3048 4945 non
3086 4886 3376 4949 obstante
3403 4886 3510 4947 ille
3535 4906 3767 4947 assen-

2177 4999 2286 5042 sus
2309 4980 2390 5041 sit
2413 4979 2561 5040 fidei
2599 4978 2922 5057 probatur,
2954 4979 3100 5057 quia
3148 4979 3234 5039 illi
3266 4980 3562 5041 convenit
3593 4979 3770 5041 deti-

2177 5073 2328 5135 nitio
2351 5072 2524 5135 Pauli
2543 5089 2556 5131 :
2576 5072 2704 5134 Est
2724 5076 3141 5154 aryumeatum
3157 5090 3277 5134 non
3291 5076 3764 5155 apparentium,-

2177 5184 2328 5227 nam
2349 5164 2521 5245 quod
2549 5164 2628 5225 sit
2653 5170 3096 5246 aryumoutum,
3145 5166 3295 5227 satis
3343 5167 3586 5227 clarum
3616 5172 3758 5237 cst;

2179 5259 2348 5339 quod
2379 5264 2594 5319 autem
2630 5258 2708 5319 sit
2739 5274 2860 5320 non
2890 5260 3341 5341 apparentium,
3373 5265 3570 5339 patet,
3603 5259 3765 5341 quia

2177 5370 2472 5415 assensus
2505 5350 2631 5425 ille,
2663 5354 2852 5430 prout
2881 5357 2978 5413 est
3001 5350 3082 5413 de
3121 5369 3194 5413 re
3237 5352 3598 5428 testificata,
3653 5374 3768 5416 re-

2175 5464 2326 5509 vera
2351 5444 2651 5507 fundatur
2679 5444 2744 5505 in
2785 5444 3136 5507 testimonio
3186 5444 3436 5519 divin03
3468 5447 3764 5511 testimo-

2177 5538 2354 5601 nium
2397 5544 2634 5612 autem,
2685 5536 2926 5601 etiamsi
2979 5538 3204 5601 melius
3251 5545 3364 5603 aut
3393 5540 3764 5605 evidentius
