<?xml version="1.0" encoding="UTF-8"?>
<!DOCTYPE html PUBLIC "-//W3C//DTD XHTML 1.0 Transitional//EN"
    "http://www.w3.org/TR/xhtml1/DTD/xhtml1-transitional.dtd">
<html xmlns="http://www.w3.org/1999/xhtml" xml:lang="en" lang="en">
 <head>
  <title>
</title>
<meta http-equiv="Content-Type" content="text/html;charset=utf-8" />
  <meta name='ocr-system' content='tesseract 3.04.00' />
  <meta name='ocr-capabilities' content='ocr_page ocr_carea ocr_par ocr_line ocrx_word'/>
</head>
<body>
  <div class='ocr_page' id='page_1' title='image "./rpfranciscisuar00duvagoog_0445.png"; bbox 0 0 3900 6217; ppageno 0'>
   <div class='ocr_carea' id='block_1_1' title="bbox 749 379 2862 443">
    <p class='ocr_par' dir='ltr' id='par_1_1' title="bbox 749 379 2862 443">
     <span class='ocr_line' id='line_1_1' title="bbox 749 379 2862 443; baseline -0 -9"><span class='ocrx_word' id='word_1_1' title='bbox 749 383 916 436; x_wconf 80' lang='lat' dir='ltr'>sEC&#39;r.</span> <span class='ocrx_word' id='word_1_2' title='bbox 953 383 992 434; x_wconf 89' lang='lat'>1.</span> <span class='ocrx_word' id='word_1_3' title='bbox 1027 381 1240 434; x_wconf 63' lang='lat' dir='ltr'>umuli</span> <span class='ocrx_word' id='word_1_4' title='bbox 1274 383 1336 434; x_wconf 84' lang='grc' dir='ltr'>ΙΝ</span> <span class='ocrx_word' id='word_1_5' title='bbox 1369 383 1468 435; x_wconf 76' lang='lat' dir='ltr'>lus</span> <span class='ocrx_word' id='word_1_6' title='bbox 1501 379 1884 435; x_wconf 80' lang='lat' dir='ltr'>INFIDELlBUS</span> <span class='ocrx_word' id='word_1_7' title='bbox 1920 379 2131 431; x_wconf 64' lang='lat' dir='ltr'>Possm</span> <span class='ocrx_word' id='word_1_8' title='bbox 2166 381 2479 435; x_wconf 62' lang='lat' dir='ltr'>calinum</span> <span class='ocrx_word' id='word_1_9' title='bbox 2514 383 2694 443; x_wconf 69' lang='lat' dir='ltr'>num,</span> <span class='ocrx_word' id='word_1_10' title='bbox 2731 381 2862 434; x_wconf 76' lang='lat' dir='ltr'>ETc.</span> 
     </span>
    </p>
   </div>
   <div class='ocr_carea' id='block_1_2' title="bbox 227 481 1758 658">
    <p class='ocr_par' dir='ltr' id='par_1_2' title="bbox 227 481 1758 658">
     <span class='ocr_line' id='line_1_2' title="bbox 227 481 1758 572; baseline -0.005 -24"><span class='ocrx_word' id='word_1_11' title='bbox 227 490 412 572; x_wconf 84' lang='lat' dir='ltr'>quales</span> <span class='ocrx_word' id='word_1_12' title='bbox 456 491 596 548; x_wconf 86' lang='lat' dir='ltr'>sunt</span> <span class='ocrx_word' id='word_1_13' title='bbox 629 499 908 563; x_wconf 85' lang='lat' dir='ltr'>quaerere</span> <span class='ocrx_word' id='word_1_14' title='bbox 957 482 1130 563; x_wconf 88' lang='lat' dir='ltr'>pium</span> <span class='ocrx_word' id='word_1_15' title='bbox 1169 487 1233 543; x_wconf 88' lang='lat' dir='ltr'>et</span> <span class='ocrx_word' id='word_1_16' title='bbox 1273 483 1587 544; x_wconf 88' lang='lat' dir='ltr'>eruditum</span> <span class='ocrx_word' id='word_1_17' title='bbox 1619 481 1758 542; x_wconf 88' lang='lat' dir='ltr'>doc-</span> 
     </span>
     <span class='ocr_line' id='line_1_3' title="bbox 227 577 1758 658; baseline -0.009 -10"><span class='ocrx_word' id='word_1_18' title='bbox 227 594 420 656; x_wconf 83' lang='lat' dir='ltr'><strong>torem,</strong></span> <span class='ocrx_word' id='word_1_19' title='bbox 465 580 700 655; x_wconf 90' lang='lat' dir='ltr'>audire,</span> <span class='ocrx_word' id='word_1_20' title='bbox 733 579 1102 658; x_wconf 82' lang='lat' dir='ltr'>expendere,</span> <span class='ocrx_word' id='word_1_21' title='bbox 1135 584 1197 637; x_wconf 87' lang='lat' dir='ltr'>et</span> <span class='ocrx_word' id='word_1_22' title='bbox 1223 577 1580 638; x_wconf 80' lang='lat' dir='ltr'>examinare</span> <span class='ocrx_word' id='word_1_23' title='bbox 1619 591 1758 654; x_wconf 80' lang='lat' dir='ltr'>quae</span> 
     </span>
    </p>
   </div>
   <div class='ocr_carea' id='block_1_3' title="bbox 3286 381 3403 442">
    <p class='ocr_par' dir='ltr' id='par_1_3' title="bbox 3286 381 3403 442">
     <span class='ocr_line' id='line_1_4' title="bbox 3286 381 3403 442; baseline 0 -1"><span class='ocrx_word' id='word_1_24' title='bbox 3286 381 3403 442; x_wconf 67' lang='lat'>427</span> 
     </span>
    </p>
   </div>
   <div class='ocr_carea' id='block_1_4' title="bbox 1838 479 3406 655">
    <p class='ocr_par' dir='ltr' id='par_1_4' title="bbox 1838 479 3406 655">
     <span class='ocr_line' id='line_1_5' title="bbox 1838 479 3406 563; baseline 0.005 -21"><span class='ocrx_word' id='word_1_25' title='bbox 1838 484 1896 542; x_wconf 78' lang='lat' dir='ltr'>et</span> <span class='ocrx_word' id='word_1_26' title='bbox 1939 482 1966 539; x_wconf 99' lang='grc'><strong>1</strong></span> <span class='ocrx_word' id='word_1_27' title='bbox 1995 498 2089 558; x_wconf 65' lang='lat' dir='ltr'>p„</span> <span class='ocrx_word' id='word_1_28' title='bbox 2118 479 2165 540; x_wconf 84' lang='grc' dir='ltr'>Ζ.</span> <span class='ocrx_word' id='word_1_29' title='bbox 2198 482 2237 541; x_wconf 77' lang='lat'><strong>2</strong></span> <span class='ocrx_word' id='word_1_30' title='bbox 2264 482 2333 544; x_wconf 74' lang='lat' dir='ltr'>de</span> <span class='ocrx_word' id='word_1_31' title='bbox 2370 481 2695 555; x_wconf 68' lang='lat' dir='ltr'>Proedest„</span> <span class='ocrx_word' id='word_1_32' title='bbox 2722 499 2855 563; x_wconf 82' lang='lat' dir='ltr'>cap.</span> <span class='ocrx_word' id='word_1_33' title='bbox 2893 483 2990 559; x_wconf 79' lang='grc'>18,</span> <span class='ocrx_word' id='word_1_34' title='bbox 3021 499 3093 546; x_wconf 79' lang='lat' dir='ltr'>ac</span> <span class='ocrx_word' id='word_1_35' title='bbox 3121 485 3311 549; x_wconf 76' lang='lat' dir='ltr'>latius</span> <span class='ocrx_word' id='word_1_36' title='bbox 3338 487 3406 550; x_wconf 81' lang='lat' dir='ltr'>in</span> 
     </span>
     <span class='ocr_line' id='line_1_6' title="bbox 1838 571 3406 655; baseline 0.006 -24"><span class='ocrx_word' id='word_1_37' title='bbox 1838 573 1878 631; x_wconf 74' lang='lat'><strong>2</strong></span> <span class='ocrx_word' id='word_1_38' title='bbox 1905 578 2047 636; x_wconf 83' lang='lat' dir='ltr'>tom.</span> <span class='ocrx_word' id='word_1_39' title='bbox 2083 574 2152 635; x_wconf 75' lang='lat' dir='ltr'>de</span> <span class='ocrx_word' id='word_1_40' title='bbox 2178 571 2381 646; x_wconf 70' lang='lat' dir='ltr'>Grac„</span> <span class='ocrx_word' id='word_1_41' title='bbox 2414 574 2459 636; x_wconf 83' lang='lat' dir='ltr'>Z.</span> <span class='ocrx_word' id='word_1_42' title='bbox 2494 576 2555 646; x_wconf 77' lang='grc'>4,</span> <span class='ocrx_word' id='word_1_43' title='bbox 2596 593 2635 637; x_wconf 83' lang='lat' dir='ltr'>a</span> <span class='ocrx_word' id='word_1_44' title='bbox 2660 594 2709 636; x_wconf 85' lang='grc' dir='ltr'>σ.</span> <span class='ocrx_word' id='word_1_45' title='bbox 2746 578 2821 636; x_wconf 72' lang='grc'>12</span> <span class='ocrx_word' id='word_1_46' title='bbox 2855 593 3039 655; x_wconf 76' lang='lat' dir='ltr'>usque</span> <span class='ocrx_word' id='word_1_47' title='bbox 3071 579 3155 639; x_wconf 81' lang='lat' dir='ltr'>ad</span> <span class='ocrx_word' id='word_1_48' title='bbox 3182 581 3279 639; x_wconf 88' lang='grc'>16.</span> <span class='ocrx_word' id='word_1_49' title='bbox 3323 614 3406 628; x_wconf 90' lang='grc'><strong>-</strong></span> 
     </span>
    </p>
   </div>
   <div class='ocr_carea' id='block_1_5' title="bbox 224 666 3405 748">
    <p class='ocr_par' dir='ltr' id='par_1_5' title="bbox 224 666 3405 748">
     <span class='ocr_line' id='line_1_7' title="bbox 224 666 3405 748; baseline -0.002 -10"><span class='ocrx_word' id='word_1_50' title='bbox 224 680 523 748; x_wconf 88' lang='lat' dir='ltr'>dicuntur,</span> <span class='ocrx_word' id='word_1_51' title='bbox 590 679 652 734; x_wconf 89' lang='lat' dir='ltr'>et</span> <span class='ocrx_word' id='word_1_52' title='bbox 707 669 963 732; x_wconf 77' lang='lat' dir='ltr'>similes,</span> <span class='ocrx_word' id='word_1_53' title='bbox 1023 668 1204 730; x_wconf 87' lang='lat' dir='ltr'>Multi</span> <span class='ocrx_word' id='word_1_54' title='bbox 1266 685 1414 746; x_wconf 84' lang='lat' dir='ltr'>ergo</span> <span class='ocrx_word' id='word_1_55' title='bbox 1477 669 1760 728; x_wconf 75' lang='lat' dir='ltr'>Doctores</span> <span class='ocrx_word' id='word_1_56' title='bbox 1840 666 2133 745; x_wconf 83' lang='lat' dir='ltr'>Superest</span> <span class='ocrx_word' id='word_1_57' title='bbox 2174 672 2245 725; x_wconf 91' lang='lat' dir='ltr'>ut</span> <span class='ocrx_word' id='word_1_58' title='bbox 2278 666 2687 728; x_wconf 87' lang='lat' dir='ltr'>fundamento</span> <span class='ocrx_word' id='word_1_59' title='bbox 2732 670 3057 730; x_wconf 78' lang='lat' dir='ltr'>contrariae</span> <span class='ocrx_word' id='word_1_60' title='bbox 3086 673 3405 733; x_wconf 78' lang='lat' dir='ltr'>sententiae</span> 
     </span>
    </p>
   </div>
   <div class='ocr_carea' id='block_1_6' title="bbox 214 761 1759 5598">
    <p class='ocr_par' dir='ltr' id='par_1_6' title="bbox 214 761 1759 5209">
     <span class='ocr_line' id='line_1_8' title="bbox 225 761 1756 848; baseline -0.008 -16"><span class='ocrx_word' id='word_1_61' title='bbox 225 779 530 848; x_wconf 82' lang='lat' dir='ltr'>utrumque</span> <span class='ocrx_word' id='word_1_62' title='bbox 551 782 748 847; x_wconf 85' lang='lat' dir='ltr'>genus</span> <span class='ocrx_word' id='word_1_63' title='bbox 773 765 1090 825; x_wconf 87' lang='lat' dir='ltr'>actionum</span> <span class='ocrx_word' id='word_1_64' title='bbox 1113 763 1440 842; x_wconf 84' lang='lat' dir='ltr'>requirunt</span> <span class='ocrx_word' id='word_1_65' title='bbox 1469 761 1548 822; x_wconf 87' lang='lat' dir='ltr'>ad</span> <span class='ocrx_word' id='word_1_66' title='bbox 1593 761 1756 821; x_wconf 88' lang='lat' dir='ltr'>hanc</span> 
     </span>
     <span class='ocr_line' id='line_1_9' title="bbox 224 853 1756 937; baseline -0.009 -10"><span class='ocrx_word' id='word_1_67' title='bbox 224 864 596 928; x_wconf 85' lang='lat' dir='ltr'>sufficientem</span> <span class='ocrx_word' id='word_1_68' title='bbox 655 854 1066 937; x_wconf 77' lang='lat' dir='ltr'>diligentiam,</span> <span class='ocrx_word' id='word_1_69' title='bbox 1111 857 1457 936; x_wconf 75' lang='lat' dir='ltr'>praesertim</span> <span class='ocrx_word' id='word_1_70' title='bbox 1513 853 1756 914; x_wconf 87' lang='lat' dir='ltr'>Altisio-</span> 
     </span>
     <span class='ocr_line' id='line_1_10' title="bbox 224 947 1756 1030; baseline -0.008 -11"><span class='ocrx_word' id='word_1_71' title='bbox 224 959 360 1029; x_wconf 68' lang='lat' dir='ltr'>don,</span> <span class='ocrx_word' id='word_1_72' title='bbox 421 955 674 1016; x_wconf 75' lang='lat' dir='ltr'>Adrian.</span> <span class='ocrx_word' id='word_1_73' title='bbox 739 957 804 1012; x_wconf 85' lang='lat' dir='ltr'>et</span> <span class='ocrx_word' id='word_1_74' title='bbox 836 949 1101 1012; x_wconf 76' lang='lat' dir='ltr'>Cor-dub.</span> <span class='ocrx_word' id='word_1_75' title='bbox 1167 967 1354 1030; x_wconf 82' lang='lat' dir='ltr'>supra</span> <span class='ocrx_word' id='word_1_76' title='bbox 1377 947 1547 1009; x_wconf 85' lang='lat' dir='ltr'>citati</span> <span class='ocrx_word' id='word_1_77' title='bbox 1583 969 1599 1022; x_wconf 89' lang='grc'><strong>;</strong></span> <span class='ocrx_word' id='word_1_78' title='bbox 1651 947 1756 1007; x_wconf 89' lang='lat' dir='ltr'>alii</span> 
     </span>
     <span class='ocr_line' id='line_1_11' title="bbox 221 1041 1758 1126; baseline -0.006 -17"><span class='ocrx_word' id='word_1_79' title='bbox 221 1069 346 1112; x_wconf 83' lang='lat' dir='ltr'>vcro</span> <span class='ocrx_word' id='word_1_80' title='bbox 367 1048 560 1109; x_wconf 85' lang='lat' dir='ltr'>solum</span> <span class='ocrx_word' id='word_1_81' title='bbox 589 1043 954 1126; x_wconf 72' lang='lat' dir='ltr'>posteriores</span> <span class='ocrx_word' id='word_1_82' title='bbox 993 1043 1265 1103; x_wconf 83' lang='lat' dir='ltr'>actiones</span> <span class='ocrx_word' id='word_1_83' title='bbox 1302 1041 1584 1121; x_wconf 88' lang='lat' dir='ltr'>judicant</span> <span class='ocrx_word' id='word_1_84' title='bbox 1629 1057 1758 1102; x_wconf 83' lang='lat' dir='ltr'>esse</span> 
     </span>
     <span class='ocr_line' id='line_1_12' title="bbox 223 1133 1758 1217; baseline -0.007 -15"><span class='ocrx_word' id='word_1_85' title='bbox 223 1139 591 1212; x_wconf 85' lang='lat' dir='ltr'>necessarias,</span> <span class='ocrx_word' id='word_1_86' title='bbox 621 1136 790 1217; x_wconf 84' lang='lat' dir='ltr'>quod</span> <span class='ocrx_word' id='word_1_87' title='bbox 823 1134 1012 1196; x_wconf 83' lang='lat' dir='ltr'>sensit</span> <span class='ocrx_word' id='word_1_88' title='bbox 1039 1135 1384 1210; x_wconf 87' lang='lat' dir='ltr'>Durandus,</span> <span class='ocrx_word' id='word_1_89' title='bbox 1411 1139 1474 1194; x_wconf 89' lang='lat' dir='ltr'>et</span> <span class='ocrx_word' id='word_1_90' title='bbox 1498 1133 1758 1194; x_wconf 84' lang='lat' dir='ltr'>tradunt</span> 
     </span>
     <span class='ocr_line' id='line_1_13' title="bbox 220 1224 1754 1308; baseline -0.007 -12"><span class='ocrx_word' id='word_1_91' title='bbox 220 1227 529 1303; x_wconf 74' lang='lat' dir='ltr'>Conradus,</span> <span class='ocrx_word' id='word_1_92' title='bbox 562 1237 628 1291; x_wconf 90' lang='lat' dir='ltr'>et</span> <span class='ocrx_word' id='word_1_93' title='bbox 652 1229 782 1290; x_wconf 86' lang='lat' dir='ltr'>alii.</span> <span class='ocrx_word' id='word_1_94' title='bbox 845 1229 924 1289; x_wconf 89' lang='lat' dir='ltr'>Et</span> <span class='ocrx_word' id='word_1_95' title='bbox 947 1224 1118 1290; x_wconf 82' lang='lat' dir='ltr'>‘mihi</span> <span class='ocrx_word' id='word_1_96' title='bbox 1163 1227 1416 1308; x_wconf 87' lang='lat' dir='ltr'>quidem</span> <span class='ocrx_word' id='word_1_97' title='bbox 1483 1227 1754 1302; x_wconf 80' lang='lat' dir='ltr'>videtur,</span> 
     </span>
     <span class='ocr_line' id='line_1_14' title="bbox 221 1321 1758 1408; baseline -0.005 -22"><span class='ocrx_word' id='word_1_98' title='bbox 221 1347 314 1408; x_wconf 84' lang='lat' dir='ltr'>per</span> <span class='ocrx_word' id='word_1_99' title='bbox 343 1344 404 1386; x_wconf 89' lang='lat' dir='ltr'>se</span> <span class='ocrx_word' id='word_1_100' title='bbox 450 1323 757 1404; x_wconf 79' lang='lat' dir='ltr'>loquendo</span> <span class='ocrx_word' id='word_1_101' title='bbox 777 1367 799 1396; x_wconf 90' lang='lat'>,</span> <span class='ocrx_word' id='word_1_102' title='bbox 846 1321 1258 1382; x_wconf 84' lang='lat' dir='ltr'>necessarium</span> <span class='ocrx_word' id='word_1_103' title='bbox 1307 1338 1440 1381; x_wconf 88' lang='lat' dir='ltr'>esse</span> <span class='ocrx_word' id='word_1_104' title='bbox 1483 1336 1758 1400; x_wconf 66' lang='lat' dir='ltr'>quaerere</span> 
     </span>
     <span class='ocr_line' id='line_1_15' title="bbox 220 1414 1754 1494; baseline -0.006 -13"><span class='ocrx_word' id='word_1_105' title='bbox 220 1422 506 1481; x_wconf 69' lang='lat' dir='ltr'>doctorem</span> <span class='ocrx_word' id='word_1_106' title='bbox 541 1415 872 1488; x_wconf 83' lang='lat' dir='ltr'>visibilem,</span> <span class='ocrx_word' id='word_1_107' title='bbox 905 1416 1012 1494; x_wconf 87' lang='lat' dir='ltr'>qui</span> <span class='ocrx_word' id='word_1_108' title='bbox 1039 1414 1308 1475; x_wconf 87' lang='lat' dir='ltr'>exterius</span> <span class='ocrx_word' id='word_1_109' title='bbox 1335 1414 1580 1491; x_wconf 84' lang='lat' dir='ltr'>doceat3</span> <span class='ocrx_word' id='word_1_110' title='bbox 1619 1418 1754 1473; x_wconf 89' lang='lat' dir='ltr'>tum</span> 
     </span>
     <span class='ocr_line' id='line_1_16' title="bbox 220 1506 1754 1592; baseline -0.004 -20"><span class='ocrx_word' id='word_1_111' title='bbox 220 1513 344 1592; x_wconf 82' lang='lat' dir='ltr'>quia</span> <span class='ocrx_word' id='word_1_112' title='bbox 379 1511 510 1572; x_wconf 71' lang='lat' dir='ltr'>haec</span> <span class='ocrx_word' id='word_1_113' title='bbox 555 1515 652 1571; x_wconf 90' lang='lat' dir='ltr'>est</span> <span class='ocrx_word' id='word_1_114' title='bbox 687 1509 816 1586; x_wconf 84' lang='lat' dir='ltr'>via,</span> <span class='ocrx_word' id='word_1_115' title='bbox 861 1514 926 1569; x_wconf 89' lang='lat' dir='ltr'>et</span> <span class='ocrx_word' id='word_1_116' title='bbox 960 1508 1055 1570; x_wconf 85' lang='lat' dir='ltr'>lex</span> <span class='ocrx_word' id='word_1_117' title='bbox 1083 1506 1399 1568; x_wconf 84' lang='lat' dir='ltr'>ordinaria</span> <span class='ocrx_word' id='word_1_118' title='bbox 1425 1525 1536 1586; x_wconf 88' lang='lat' dir='ltr'>per</span> <span class='ocrx_word' id='word_1_119' title='bbox 1565 1523 1754 1586; x_wconf 89' lang='lat' dir='ltr'>quam</span> 
     </span>
     <span class='ocr_line' id='line_1_17' title="bbox 221 1601 1754 1676; baseline -0.003 -10"><span class='ocrx_word' id='word_1_120' title='bbox 221 1608 358 1666; x_wconf 84' lang='lat' dir='ltr'>Dens</span> <span class='ocrx_word' id='word_1_121' title='bbox 381 1603 668 1664; x_wconf 86' lang='lat' dir='ltr'>homines</span> <span class='ocrx_word' id='word_1_122' title='bbox 713 1603 912 1676; x_wconf 86' lang='lat' dir='ltr'>docet,</span> <span class='ocrx_word' id='word_1_123' title='bbox 943 1608 1015 1662; x_wconf 88' lang='lat' dir='ltr'>ut</span> <span class='ocrx_word' id='word_1_124' title='bbox 1039 1601 1264 1662; x_wconf 88' lang='lat' dir='ltr'>Paulus</span> <span class='ocrx_word' id='word_1_125' title='bbox 1285 1602 1354 1662; x_wconf 91' lang='lat' dir='ltr'>in</span> <span class='ocrx_word' id='word_1_126' title='bbox 1380 1601 1582 1662; x_wconf 83' lang='lat' dir='ltr'>verbis</span> <span class='ocrx_word' id='word_1_127' title='bbox 1609 1601 1754 1662; x_wconf 89' lang='lat' dir='ltr'>alle-</span> 
     </span>
     <span class='ocr_line' id='line_1_18' title="bbox 219 1693 1756 1773; baseline -0.003 -15"><span class='ocrx_word' id='word_1_128' title='bbox 219 1698 354 1773; x_wconf 72' lang='lat' dir='ltr'>gatis</span> <span class='ocrx_word' id='word_1_129' title='bbox 395 1696 470 1756; x_wconf 84' lang='lat' dir='ltr'>ad</span> <span class='ocrx_word' id='word_1_130' title='bbox 515 1697 781 1757; x_wconf 81' lang='lat' dir='ltr'>Roman.</span> <span class='ocrx_word' id='word_1_131' title='bbox 814 1697 892 1754; x_wconf 88' lang='grc'>10</span> <span class='ocrx_word' id='word_1_132' title='bbox 915 1695 1162 1770; x_wconf 84' lang='lat' dir='ltr'>docuit3</span> <span class='ocrx_word' id='word_1_133' title='bbox 1207 1700 1344 1755; x_wconf 85' lang='lat' dir='ltr'>tum</span> <span class='ocrx_word' id='word_1_134' title='bbox 1387 1694 1576 1755; x_wconf 87' lang='lat' dir='ltr'>etiam</span> <span class='ocrx_word' id='word_1_135' title='bbox 1608 1693 1756 1772; x_wconf 85' lang='lat' dir='ltr'>quia</span> 
     </span>
     <span class='ocr_line' id='line_1_19' title="bbox 217 1787 1756 1870; baseline -0.002 -17"><span class='ocrx_word' id='word_1_136' title='bbox 217 1793 350 1854; x_wconf 85' lang='lat' dir='ltr'>fides</span> <span class='ocrx_word' id='word_1_137' title='bbox 373 1795 582 1851; x_wconf 85' lang='lat' dir='ltr'>nostra</span> <span class='ocrx_word' id='word_1_138' title='bbox 611 1790 892 1870; x_wconf 83' lang='lat' dir='ltr'>proxime</span> <span class='ocrx_word' id='word_1_139' title='bbox 917 1789 1036 1849; x_wconf 89' lang='lat' dir='ltr'>niti</span> <span class='ocrx_word' id='word_1_140' title='bbox 1061 1787 1244 1850; x_wconf 87' lang='lat' dir='ltr'>debet</span> <span class='ocrx_word' id='word_1_141' title='bbox 1285 1791 1352 1847; x_wconf 87' lang='lat' dir='ltr'>in</span> <span class='ocrx_word' id='word_1_142' title='bbox 1395 1789 1756 1850; x_wconf 86' lang='lat' dir='ltr'>auctoritate</span> 
     </span>
     <span class='ocr_line' id='line_1_20' title="bbox 219 1881 1758 1962; baseline -0.003 -16"><span class='ocrx_word' id='word_1_143' title='bbox 219 1885 468 1946; x_wconf 68' lang='lat' dir='ltr'>Ecclesiae</span> <span class='ocrx_word' id='word_1_144' title='bbox 487 1883 770 1959; x_wconf 82' lang='lat' dir='ltr'>visibilis,</span> <span class='ocrx_word' id='word_1_145' title='bbox 793 1899 982 1962; x_wconf 77' lang='lat' dir='ltr'>quam</span> <span class='ocrx_word' id='word_1_146' title='bbox 999 1882 1068 1943; x_wconf 91' lang='lat' dir='ltr'>in</span> <span class='ocrx_word' id='word_1_147' title='bbox 1091 1881 1378 1943; x_wconf 88' lang='lat' dir='ltr'>omnibus</span> <span class='ocrx_word' id='word_1_148' title='bbox 1393 1882 1566 1961; x_wconf 87' lang='lat' dir='ltr'>sequi</span> <span class='ocrx_word' id='word_1_149' title='bbox 1586 1887 1758 1942; x_wconf 90' lang='lat' dir='ltr'>tene·</span> 
     </span>
     <span class='ocr_line' id='line_1_21' title="bbox 217 1974 1756 2054; baseline -0.004 -14"><span class='ocrx_word' id='word_1_150' title='bbox 217 1991 368 2054; x_wconf 72' lang='lat' dir='ltr'>mur-3</span> <span class='ocrx_word' id='word_1_151' title='bbox 401 1976 668 2037; x_wconf 82' lang='lat' dir='ltr'>Ecclesia</span> <span class='ocrx_word' id='word_1_152' title='bbox 697 1983 908 2036; x_wconf 85' lang='lat' dir='ltr'>autem</span> <span class='ocrx_word' id='word_1_153' title='bbox 952 1992 1080 2035; x_wconf 88' lang='lat' dir='ltr'>non</span> <span class='ocrx_word' id='word_1_154' title='bbox 1115 1974 1294 2036; x_wconf 83' lang='lat' dir='ltr'>docet</span> <span class='ocrx_word' id='word_1_155' title='bbox 1321 1976 1442 2035; x_wconf 87' lang='lat' dir='ltr'>nisi</span> <span class='ocrx_word' id='word_1_156' title='bbox 1497 1993 1609 2054; x_wconf 91' lang='lat' dir='ltr'>per</span> <span class='ocrx_word' id='word_1_157' title='bbox 1645 1974 1756 2035; x_wconf 89' lang='lat' dir='ltr'>ho-</span> 
     </span>
     <span class='ocr_line' id='line_1_22' title="bbox 219 2067 1755 2149; baseline -0.002 -18"><span class='ocrx_word' id='word_1_158' title='bbox 219 2073 410 2144; x_wconf 87' lang='lat' dir='ltr'>mines;</span> <span class='ocrx_word' id='word_1_159' title='bbox 465 2071 782 2149; x_wconf 86' lang='lat' dir='ltr'>supposita</span> <span class='ocrx_word' id='word_1_160' title='bbox 830 2075 1042 2130; x_wconf 86' lang='lat' dir='ltr'>autem</span> <span class='ocrx_word' id='word_1_161' title='bbox 1103 2067 1222 2129; x_wconf 85' lang='lat' dir='ltr'>hac</span> <span class='ocrx_word' id='word_1_162' title='bbox 1275 2068 1598 2146; x_wconf 89' lang='lat' dir='ltr'>diligentia</span> <span class='ocrx_word' id='word_1_163' title='bbox 1649 2085 1755 2128; x_wconf 82' lang='lat' dir='ltr'>ex-</span> 
     </span>
     <span class='ocr_line' id='line_1_23' title="bbox 217 2159 1758 2238; baseline -0.003 -13"><span class='ocrx_word' id='word_1_164' title='bbox 217 2164 426 2238; x_wconf 71' lang='lat' dir='ltr'>teriori,</span> <span class='ocrx_word' id='word_1_165' title='bbox 455 2164 508 2222; x_wconf 88' lang='lat' dir='ltr'>si</span> <span class='ocrx_word' id='word_1_166' title='bbox 551 2163 910 2222; x_wconf 81' lang='lat' dir='ltr'>inveniatur</span> <span class='ocrx_word' id='word_1_167' title='bbox 954 2161 1168 2222; x_wconf 88' lang='lat' dir='ltr'>doctor</span> <span class='ocrx_word' id='word_1_168' title='bbox 1213 2160 1491 2222; x_wconf 83' lang='lat' dir='ltr'>eruditus</span> <span class='ocrx_word' id='word_1_169' title='bbox 1537 2167 1600 2220; x_wconf 89' lang='lat' dir='ltr'>et</span> <span class='ocrx_word' id='word_1_170' title='bbox 1635 2159 1758 2221; x_wconf 89' lang='lat' dir='ltr'>fide</span> 
     </span>
     <span class='ocr_line' id='line_1_24' title="bbox 218 2255 1757 2340; baseline -0.001 -24"><span class='ocrx_word' id='word_1_171' title='bbox 218 2259 438 2335; x_wconf 84' lang='lat' dir='ltr'>dignus,</span> <span class='ocrx_word' id='word_1_172' title='bbox 475 2258 592 2336; x_wconf 78' lang='lat' dir='ltr'>qui</span> <span class='ocrx_word' id='word_1_173' title='bbox 634 2256 1011 2340; x_wconf 75' lang='lat' dir='ltr'>sufficienter</span> <span class='ocrx_word' id='word_1_174' title='bbox 1043 2255 1232 2316; x_wconf 87' lang='lat' dir='ltr'>fidem</span> <span class='ocrx_word' id='word_1_175' title='bbox 1261 2259 1588 2335; x_wconf 83' lang='lat' dir='ltr'>proponat,</span> <span class='ocrx_word' id='word_1_176' title='bbox 1628 2272 1757 2314; x_wconf 90' lang='lat' dir='ltr'>non</span> 
     </span>
     <span class='ocr_line' id='line_1_25' title="bbox 218 2347 1752 2427; baseline -0.002 -17"><span class='ocrx_word' id='word_1_177' title='bbox 218 2351 432 2412; x_wconf 75' lang='lat' dir='ltr'>videtur</span> <span class='ocrx_word' id='word_1_178' title='bbox 461 2367 596 2411; x_wconf 78' lang='lat' dir='ltr'>esse</span> <span class='ocrx_word' id='word_1_179' title='bbox 628 2349 974 2410; x_wconf 87' lang='lat' dir='ltr'>necessaria</span> <span class='ocrx_word' id='word_1_180' title='bbox 1013 2355 1141 2409; x_wconf 86' lang='lat' dir='ltr'>tota</span> <span class='ocrx_word' id='word_1_181' title='bbox 1193 2347 1302 2409; x_wconf 84' lang='lat' dir='ltr'>illa</span> <span class='ocrx_word' id='word_1_182' title='bbox 1359 2349 1752 2427; x_wconf 77' lang='lat' dir='ltr'>proeparatiO,</span> 
     </span>
     <span class='ocr_line' id='line_1_26' title="bbox 217 2441 1755 2522; baseline -0.003 -20"><span class='ocrx_word' id='word_1_183' title='bbox 217 2443 298 2502; x_wconf 73' lang='lat' dir='ltr'>vel</span> <span class='ocrx_word' id='word_1_184' title='bbox 331 2441 656 2522; x_wconf 78' lang='lat' dir='ltr'>diligentia</span> <span class='ocrx_word' id='word_1_185' title='bbox 677 2442 960 2514; x_wconf 87' lang='lat' dir='ltr'>interior,</span> <span class='ocrx_word' id='word_1_186' title='bbox 994 2458 1183 2520; x_wconf 88' lang='lat' dir='ltr'>quam</span> <span class='ocrx_word' id='word_1_187' title='bbox 1211 2441 1304 2501; x_wconf 92' lang='lat' dir='ltr'>illi</span> <span class='ocrx_word' id='word_1_188' title='bbox 1327 2446 1608 2500; x_wconf 87' lang='lat' dir='ltr'>auctores</span> <span class='ocrx_word' id='word_1_189' title='bbox 1635 2445 1755 2500; x_wconf 87' lang='lat' dir='ltr'>tra·</span> 
     </span>
     <span class='ocr_line' id='line_1_27' title="bbox 217 2533 1759 2615; baseline -0.002 -20"><span class='ocrx_word' id='word_1_190' title='bbox 217 2535 498 2610; x_wconf 70' lang='lat' dir='ltr'>(fiderunt,</span> <span class='ocrx_word' id='word_1_191' title='bbox 549 2536 704 2615; x_wconf 85' lang='lat' dir='ltr'>quia</span> <span class='ocrx_word' id='word_1_192' title='bbox 729 2552 932 2613; x_wconf 88' lang='lat' dir='ltr'>neque</span> <span class='ocrx_word' id='word_1_193' title='bbox 973 2551 1050 2594; x_wconf 85' lang='lat' dir='ltr'>ex</span> <span class='ocrx_word' id='word_1_194' title='bbox 1092 2542 1318 2594; x_wconf 85' lang='lat' dir='ltr'>natura</span> <span class='ocrx_word' id='word_1_195' title='bbox 1354 2533 1445 2594; x_wconf 90' lang='lat' dir='ltr'>rei</span> <span class='ocrx_word' id='word_1_196' title='bbox 1485 2549 1759 2594; x_wconf 87' lang='lat' dir='ltr'>necessa·</span> 
     </span>
     <span class='ocr_line' id='line_1_28' title="bbox 217 2625 1759 2708; baseline -0.002 -19"><span class='ocrx_word' id='word_1_197' title='bbox 217 2631 293 2689; x_wconf 85' lang='lat' dir='ltr'>ria</span> <span class='ocrx_word' id='word_1_198' title='bbox 334 2636 418 2690; x_wconf 71' lang='lat' dir='ltr'>oet</span> <span class='ocrx_word' id='word_1_199' title='bbox 445 2675 466 2704; x_wconf 92' lang='lat'>,</span> <span class='ocrx_word' id='word_1_200' title='bbox 517 2645 728 2708; x_wconf 87' lang='lat' dir='ltr'>neque</span> <span class='ocrx_word' id='word_1_201' title='bbox 779 2633 980 2708; x_wconf 87' lang='lat' dir='ltr'>potest</span> <span class='ocrx_word' id='word_1_202' title='bbox 1041 2627 1282 2686; x_wconf 86' lang='lat' dir='ltr'>ostendi</span> <span class='ocrx_word' id='word_1_203' title='bbox 1334 2625 1600 2705; x_wconf 84' lang='lat' dir='ltr'>positiva</span> <span class='ocrx_word' id='word_1_204' title='bbox 1658 2627 1759 2688; x_wconf 83' lang='lat' dir='ltr'>lex</span> 
     </span>
     <span class='ocr_line' id='line_1_29' title="bbox 219 2719 1754 2802; baseline -0.001 -21"><span class='ocrx_word' id='word_1_205' title='bbox 219 2739 332 2802; x_wconf 81' lang='lat' dir='ltr'>quae</span> <span class='ocrx_word' id='word_1_206' title='bbox 369 2722 448 2782; x_wconf 81' lang='lat' dir='ltr'>sit</span> <span class='ocrx_word' id='word_1_207' title='bbox 483 2727 815 2801; x_wconf 79' lang='lat' dir='ltr'>praeeepta.</span> <span class='ocrx_word' id='word_1_208' title='bbox 869 2719 1190 2780; x_wconf 79' lang='lat' dir='ltr'>Probabile</span> <span class='ocrx_word' id='word_1_209' title='bbox 1243 2726 1454 2780; x_wconf 86' lang='lat' dir='ltr'>tamen</span> <span class='ocrx_word' id='word_1_210' title='bbox 1487 2724 1580 2780; x_wconf 88' lang='lat' dir='ltr'>est</span> <span class='ocrx_word' id='word_1_211' title='bbox 1616 2736 1754 2779; x_wconf 87' lang='lat' dir='ltr'>ora·</span> 
     </span>
     <span class='ocr_line' id='line_1_30' title="bbox 219 2813 1756 2893; baseline -0.001 -19"><span class='ocrx_word' id='word_1_212' title='bbox 219 2817 420 2876; x_wconf 85' lang='lat' dir='ltr'>tionem</span> <span class='ocrx_word' id='word_1_213' title='bbox 499 2821 565 2876; x_wconf 89' lang='lat' dir='ltr'>et</span> <span class='ocrx_word' id='word_1_214' title='bbox 641 2815 1004 2893; x_wconf 78' lang='lat' dir='ltr'>petitionem</span> <span class='ocrx_word' id='word_1_215' title='bbox 1071 2813 1150 2873; x_wconf 85' lang='lat' dir='ltr'>ad</span> <span class='ocrx_word' id='word_1_216' title='bbox 1210 2815 1406 2874; x_wconf 88' lang='lat' dir='ltr'>Deum</span> <span class='ocrx_word' id='word_1_217' title='bbox 1460 2829 1591 2872; x_wconf 85' lang='lat' dir='ltr'>esse</span> <span class='ocrx_word' id='word_1_218' title='bbox 1646 2831 1756 2874; x_wconf 90' lang='lat' dir='ltr'>ne-</span> 
     </span>
     <span class='ocr_line' id='line_1_31' title="bbox 223 2907 1754 2988; baseline -0.003 -18"><span class='ocrx_word' id='word_1_219' title='bbox 223 2913 537 2984; x_wconf 80' lang='lat' dir='ltr'>cessariam,</span> <span class='ocrx_word' id='word_1_220' title='bbox 569 2908 723 2988; x_wconf 82' lang='lat' dir='ltr'>qnia</span> <span class='ocrx_word' id='word_1_221' title='bbox 746 2915 837 2968; x_wconf 89' lang='lat' dir='ltr'>est</span> <span class='ocrx_word' id='word_1_222' title='bbox 863 2907 1138 2968; x_wconf 88' lang='lat' dir='ltr'>medium</span> <span class='ocrx_word' id='word_1_223' title='bbox 1167 2925 1278 2986; x_wconf 88' lang='lat' dir='ltr'>per</span> <span class='ocrx_word' id='word_1_224' title='bbox 1304 2925 1370 2968; x_wconf 87' lang='lat' dir='ltr'>se</span> <span class='ocrx_word' id='word_1_225' title='bbox 1399 2907 1754 2967; x_wconf 83' lang='lat' dir='ltr'>ordinatum</span> 
     </span>
     <span class='ocr_line' id='line_1_32' title="bbox 223 2999 1754 3078; baseline 0.001 -18"><span class='ocrx_word' id='word_1_226' title='bbox 223 3003 281 3061; x_wconf 83' lang='lat' dir='ltr'>ad</span> <span class='ocrx_word' id='word_1_227' title='bbox 305 3001 640 3062; x_wconf 85' lang='lat' dir='ltr'>obtinenda</span> <span class='ocrx_word' id='word_1_228' title='bbox 666 3021 706 3062; x_wconf 89' lang='lat' dir='ltr'>a</span> <span class='ocrx_word' id='word_1_229' title='bbox 729 3002 850 3062; x_wconf 90' lang='lat' dir='ltr'>Deo</span> <span class='ocrx_word' id='word_1_230' title='bbox 873 3000 1131 3075; x_wconf 84' lang='lat' dir='ltr'>auxilia,</span> <span class='ocrx_word' id='word_1_231' title='bbox 1175 3017 1314 3078; x_wconf 71' lang='lat' dir='ltr'>quse</span> <span class='ocrx_word' id='word_1_232' title='bbox 1359 3006 1422 3060; x_wconf 90' lang='lat' dir='ltr'>et</span> <span class='ocrx_word' id='word_1_233' title='bbox 1476 2999 1552 3059; x_wconf 88' lang='lat' dir='ltr'>ad</span> <span class='ocrx_word' id='word_1_234' title='bbox 1625 3019 1754 3061; x_wconf 86' lang='lat' dir='ltr'>cre-</span> 
     </span>
     <span class='ocr_line' id='line_1_33' title="bbox 220 3093 1756 3172; baseline 0 -18"><span class='ocrx_word' id='word_1_235' title='bbox 220 3095 482 3172; x_wconf 84' lang='lat' dir='ltr'>dendum,</span> <span class='ocrx_word' id='word_1_236' title='bbox 509 3101 576 3156; x_wconf 88' lang='lat' dir='ltr'>et</span> <span class='ocrx_word' id='word_1_237' title='bbox 597 3095 678 3156; x_wconf 86' lang='lat' dir='ltr'>ad</span> <span class='ocrx_word' id='word_1_238' title='bbox 705 3094 992 3154; x_wconf 80' lang='lat' dir='ltr'>vitandos</span> <span class='ocrx_word' id='word_1_239' title='bbox 1015 3111 1254 3154; x_wconf 85' lang='lat' dir='ltr'>errores</span> <span class='ocrx_word' id='word_1_240' title='bbox 1281 3093 1620 3154; x_wconf 86' lang='lat' dir='ltr'>contrarios</span> <span class='ocrx_word' id='word_1_241' title='bbox 1647 3111 1756 3154; x_wconf 87' lang='lat' dir='ltr'>ne·</span> 
     </span>
     <span class='ocr_line' id='line_1_34' title="bbox 217 3184 1754 3264; baseline -0.003 -16"><span class='ocrx_word' id='word_1_242' title='bbox 217 3191 444 3250; x_wconf 68' lang='lat' dir='ltr'>cessaria</span> <span class='ocrx_word' id='word_1_243' title='bbox 467 3195 644 3250; x_wconf 85' lang='lat' dir='ltr'>sunt.</span> <span class='ocrx_word' id='word_1_244' title='bbox 679 3188 848 3248; x_wconf 88' lang='lat' dir='ltr'>Dices</span> <span class='ocrx_word' id='word_1_245' title='bbox 893 3209 906 3246; x_wconf 93' lang='lat'><strong>:</strong></span> <span class='ocrx_word' id='word_1_246' title='bbox 942 3204 1092 3248; x_wconf 81' lang='lat' dir='ltr'>vera</span> <span class='ocrx_word' id='word_1_247' title='bbox 1117 3186 1316 3249; x_wconf 88' lang='lat' dir='ltr'>oratio</span> <span class='ocrx_word' id='word_1_248' title='bbox 1363 3185 1656 3264; x_wconf 85' lang='lat' dir='ltr'>supponit</span> <span class='ocrx_word' id='word_1_249' title='bbox 1681 3184 1754 3245; x_wconf 85' lang='lat' dir='ltr'>fi-</span> 
     </span>
     <span class='ocr_line' id='line_1_35' title="bbox 217 3278 1754 3361; baseline -0.001 -22"><span class='ocrx_word' id='word_1_250' title='bbox 217 3280 332 3340; x_wconf 87' lang='lat' dir='ltr'>dem</span> <span class='ocrx_word' id='word_1_251' title='bbox 362 3281 724 3361; x_wconf 83' lang='lat' dir='ltr'>:quomodo</span> <span class='ocrx_word' id='word_1_252' title='bbox 773 3297 922 3358; x_wconf 88' lang='lat' dir='ltr'>ergo</span> <span class='ocrx_word' id='word_1_253' title='bbox 963 3279 1042 3339; x_wconf 87' lang='lat' dir='ltr'>ad</span> <span class='ocrx_word' id='word_1_254' title='bbox 1095 3278 1499 3340; x_wconf 89' lang='lat' dir='ltr'>obtinendam</span> <span class='ocrx_word' id='word_1_255' title='bbox 1540 3278 1754 3356; x_wconf 82' lang='lat' dir='ltr'>cogni-</span> 
     </span>
     <span class='ocr_line' id='line_1_36' title="bbox 214 3370 1756 3452; baseline -0.001 -19"><span class='ocrx_word' id='word_1_256' title='bbox 214 3375 416 3434; x_wconf 85' lang='lat' dir='ltr'>tionem</span> <span class='ocrx_word' id='word_1_257' title='bbox 441 3373 639 3434; x_wconf 84' lang='lat' dir='ltr'>totius</span> <span class='ocrx_word' id='word_1_258' title='bbox 663 3373 810 3436; x_wconf 85' lang='lat' dir='ltr'>fidei</span> <span class='ocrx_word' id='word_1_259' title='bbox 833 3372 1068 3452; x_wconf 77' lang='lat' dir='ltr'>praevia</span> <span class='ocrx_word' id='word_1_260' title='bbox 1093 3371 1292 3432; x_wconf 87' lang='lat' dir='ltr'>oratio</span> <span class='ocrx_word' id='word_1_261' title='bbox 1311 3370 1612 3450; x_wconf 87' lang='lat' dir='ltr'>postulari</span> <span class='ocrx_word' id='word_1_262' title='bbox 1646 3388 1756 3449; x_wconf 91' lang='lat' dir='ltr'>po·</span> 
     </span>
     <span class='ocr_line' id='line_1_37' title="bbox 215 3463 1754 3547; baseline -0.001 -22"><span class='ocrx_word' id='word_1_263' title='bbox 215 3471 345 3527; x_wconf 75' lang='lat' dir='ltr'>testi</span> <span class='ocrx_word' id='word_1_264' title='bbox 383 3466 814 3547; x_wconf 82' lang='lat' dir='ltr'>Respondetur</span> <span class='ocrx_word' id='word_1_265' title='bbox 833 3512 854 3542; x_wconf 91' lang='lat'>,</span> <span class='ocrx_word' id='word_1_266' title='bbox 895 3466 1180 3545; x_wconf 82' lang='lat' dir='ltr'>quamvis</span> <span class='ocrx_word' id='word_1_267' title='bbox 1233 3463 1502 3543; x_wconf 85' lang='lat' dir='ltr'>perfecta</span> <span class='ocrx_word' id='word_1_268' title='bbox 1553 3465 1754 3524; x_wconf 87' lang='lat' dir='ltr'>oratio</span> 
     </span>
     <span class='ocr_line' id='line_1_38' title="bbox 217 3557 1752 3640; baseline -0.001 -21"><span class='ocrx_word' id='word_1_269' title='bbox 217 3561 324 3620; x_wconf 86' lang='lat' dir='ltr'>sine</span> <span class='ocrx_word' id='word_1_270' title='bbox 365 3560 480 3622; x_wconf 85' lang='lat' dir='ltr'>fide</span> <span class='ocrx_word' id='word_1_271' title='bbox 519 3559 742 3622; x_wconf 84' lang='lat' dir='ltr'>haberi</span> <span class='ocrx_word' id='word_1_272' title='bbox 771 3575 900 3620; x_wconf 89' lang='lat' dir='ltr'>non</span> <span class='ocrx_word' id='word_1_273' title='bbox 924 3559 1136 3640; x_wconf 83' lang='lat' dir='ltr'>possit,</span> <span class='ocrx_word' id='word_1_274' title='bbox 1176 3557 1584 3618; x_wconf 85' lang='lat' dir='ltr'>nihilominus</span> <span class='ocrx_word' id='word_1_275' title='bbox 1607 3575 1752 3618; x_wconf 87' lang='lat' dir='ltr'>cum</span> 
     </span>
     <span class='ocr_line' id='line_1_39' title="bbox 215 3651 1746 3732; baseline -0.001 -22"><span class='ocrx_word' id='word_1_276' title='bbox 215 3651 590 3732; x_wconf 79' lang='lat' dir='ltr'>inspiratione</span> <span class='ocrx_word' id='word_1_277' title='bbox 624 3653 792 3730; x_wconf 85' lang='lat' dir='ltr'>fidei,</span> <span class='ocrx_word' id='word_1_278' title='bbox 837 3661 902 3714; x_wconf 89' lang='lat' dir='ltr'>et</span> <span class='ocrx_word' id='word_1_279' title='bbox 933 3652 1144 3732; x_wconf 84' lang='lat' dir='ltr'>aliqua</span> <span class='ocrx_word' id='word_1_280' title='bbox 1193 3651 1404 3711; x_wconf 84' lang='lat' dir='ltr'>divina</span> <span class='ocrx_word' id='word_1_281' title='bbox 1449 3651 1746 3725; x_wconf 85' lang='lat' dir='ltr'>motione,</span> 
     </span>
     <span class='ocr_line' id='line_1_40' title="bbox 217 3745 1751 3826; baseline -0.003 -19"><span class='ocrx_word' id='word_1_282' title='bbox 217 3763 329 3823; x_wconf 68' lang='lat' dir='ltr'>quae</span> <span class='ocrx_word' id='word_1_283' title='bbox 368 3747 706 3826; x_wconf 87' lang='lat' dir='ltr'>aliquando</span> <span class='ocrx_word' id='word_1_284' title='bbox 760 3745 1070 3806; x_wconf 77' lang='lat' dir='ltr'>antecedit</span> <span class='ocrx_word' id='word_1_285' title='bbox 1098 3745 1312 3818; x_wconf 83' lang='lat' dir='ltr'>fidem,</span> <span class='ocrx_word' id='word_1_286' title='bbox 1353 3761 1531 3824; x_wconf 89' lang='lat' dir='ltr'>posse</span> <span class='ocrx_word' id='word_1_287' title='bbox 1561 3746 1751 3804; x_wconf 86' lang='lat' dir='ltr'>etiam</span> 
     </span>
     <span class='ocr_line' id='line_1_41' title="bbox 218 3837 1750 3920; baseline 0 -24"><span class='ocrx_word' id='word_1_288' title='bbox 218 3855 322 3897; x_wconf 82' lang='lat' dir='ltr'>esse</span> <span class='ocrx_word' id='word_1_289' title='bbox 371 3839 706 3919; x_wconf 80' lang='lat' dir='ltr'>aliqualem</span> <span class='ocrx_word' id='word_1_290' title='bbox 745 3839 1108 3920; x_wconf 82' lang='lat' dir='ltr'>petitionem</span> <span class='ocrx_word' id='word_1_291' title='bbox 1165 3843 1228 3898; x_wconf 88' lang='lat' dir='ltr'>et</span> <span class='ocrx_word' id='word_1_292' title='bbox 1296 3837 1750 3898; x_wconf 76' lang='lat' dir='ltr'>invocationem</span> 
     </span>
     <span class='ocr_line' id='line_1_42' title="bbox 219 3930 1752 4011; baseline 0 -21"><span class='ocrx_word' id='word_1_293' title='bbox 219 3931 324 4004; x_wconf 84' lang='lat' dir='ltr'>Dei3</span> <span class='ocrx_word' id='word_1_294' title='bbox 353 3933 424 3993; x_wconf 87' lang='lat' dir='ltr'>ad</span> <span class='ocrx_word' id='word_1_295' title='bbox 446 3933 616 3994; x_wconf 82' lang='lat' dir='ltr'>hane</span> <span class='ocrx_word' id='word_1_296' title='bbox 635 3949 786 4011; x_wconf 88' lang='lat' dir='ltr'>ergo</span> <span class='ocrx_word' id='word_1_297' title='bbox 813 3932 1012 3992; x_wconf 89' lang='lat' dir='ltr'>teneri</span> <span class='ocrx_word' id='word_1_298' title='bbox 1065 3934 1268 4011; x_wconf 87' lang='lat' dir='ltr'>potest</span> <span class='ocrx_word' id='word_1_299' title='bbox 1309 3930 1416 3991; x_wconf 89' lang='lat' dir='ltr'>ille</span> <span class='ocrx_word' id='word_1_300' title='bbox 1469 3931 1580 4009; x_wconf 86' lang='lat' dir='ltr'>qui</span> <span class='ocrx_word' id='word_1_301' title='bbox 1619 3932 1752 4008; x_wconf 75' lang='lat' dir='ltr'>Jam</span> 
     </span>
     <span class='ocr_line' id='line_1_43' title="bbox 218 4019 1752 4105; baseline 0.001 -24"><span class='ocrx_word' id='word_1_302' title='bbox 218 4019 408 4084; x_wconf 81' lang='lat' dir='ltr'>habuit</span> <span class='ocrx_word' id='word_1_303' title='bbox 435 4024 716 4105; x_wconf 83' lang='lat' dir='ltr'>aliquam</span> <span class='ocrx_word' id='word_1_304' title='bbox 759 4025 1046 4084; x_wconf 85' lang='lat' dir='ltr'>notitiam</span> <span class='ocrx_word' id='word_1_305' title='bbox 1090 4022 1262 4098; x_wconf 85' lang='lat' dir='ltr'>fidei,</span> <span class='ocrx_word' id='word_1_306' title='bbox 1303 4021 1448 4083; x_wconf 88' lang='lat' dir='ltr'>licet</span> <span class='ocrx_word' id='word_1_307' title='bbox 1471 4023 1752 4083; x_wconf 86' lang='lat' dir='ltr'>nondum</span> 
     </span>
     <span class='ocr_line' id='line_1_44' title="bbox 222 4116 1751 4199; baseline 0.001 -22"><span class='ocrx_word' id='word_1_308' title='bbox 222 4117 452 4194; x_wconf 83' lang='lat' dir='ltr'>perfecte</span> <span class='ocrx_word' id='word_1_309' title='bbox 479 4119 903 4199; x_wconf 82' lang='lat' dir='ltr'>propositam:</span> <span class='ocrx_word' id='word_1_310' title='bbox 935 4123 998 4178; x_wconf 89' lang='lat' dir='ltr'>et</span> <span class='ocrx_word' id='word_1_311' title='bbox 1025 4116 1106 4177; x_wconf 91' lang='lat' dir='ltr'>ob</span> <span class='ocrx_word' id='word_1_312' title='bbox 1135 4117 1416 4177; x_wconf 88' lang='lat' dir='ltr'>eamdem</span> <span class='ocrx_word' id='word_1_313' title='bbox 1444 4117 1751 4178; x_wconf 88' lang='lat' dir='ltr'>rationem</span> 
     </span>
     <span class='ocr_line' id='line_1_45' title="bbox 221 4206 1752 4290; baseline 0.002 -25"><span class='ocrx_word' id='word_1_314' title='bbox 221 4206 566 4288; x_wconf 77' lang='lat' dir='ltr'>obligabitur</span> <span class='ocrx_word' id='word_1_315' title='bbox 593 4211 738 4272; x_wconf 85' lang='lat' dir='ltr'>talis</span> <span class='ocrx_word' id='word_1_316' title='bbox 759 4225 1047 4290; x_wconf 83' lang='lat' dir='ltr'>persona,</span> <span class='ocrx_word' id='word_1_317' title='bbox 1077 4215 1149 4270; x_wconf 88' lang='lat' dir='ltr'>nt</span> <span class='ocrx_word' id='word_1_318' title='bbox 1177 4209 1340 4287; x_wconf 91' lang='lat' dir='ltr'>quod</span> <span class='ocrx_word' id='word_1_319' title='bbox 1364 4209 1431 4268; x_wconf 90' lang='lat' dir='ltr'>in</span> <span class='ocrx_word' id='word_1_320' title='bbox 1455 4227 1518 4269; x_wconf 85' lang='lat' dir='ltr'>se</span> <span class='ocrx_word' id='word_1_321' title='bbox 1541 4216 1634 4270; x_wconf 87' lang='lat' dir='ltr'>est</span> <span class='ocrx_word' id='word_1_322' title='bbox 1653 4208 1752 4269; x_wconf 88' lang='lat' dir='ltr'>fa-</span> 
     </span>
     <span class='ocr_line' id='line_1_46' title="bbox 219 4301 1748 4383; baseline 0.001 -23"><span class='ocrx_word' id='word_1_323' title='bbox 219 4301 338 4376; x_wconf 85' lang='lat' dir='ltr'>ciat,</span> <span class='ocrx_word' id='word_1_324' title='bbox 356 4319 432 4364; x_wconf 87' lang='lat' dir='ltr'>ne</span> <span class='ocrx_word' id='word_1_325' title='bbox 473 4313 672 4383; x_wconf 86' lang='lat' dir='ltr'>ponat</span> <span class='ocrx_word' id='word_1_326' title='bbox 707 4302 1226 4381; x_wconf 83' lang='lat' dir='ltr'>impedimentum</span> <span class='ocrx_word' id='word_1_327' title='bbox 1255 4301 1480 4362; x_wconf 78' lang='lat' dir='ltr'>divinae</span> <span class='ocrx_word' id='word_1_328' title='bbox 1507 4301 1748 4380; x_wconf 86' lang='lat' dir='ltr'>gratiae,</span> 
     </span>
     <span class='ocr_line' id='line_1_47' title="bbox 221 4393 1753 4475; baseline 0.001 -23"><span class='ocrx_word' id='word_1_329' title='bbox 221 4393 408 4455; x_wconf 84' lang='lat' dir='ltr'>saltem</span> <span class='ocrx_word' id='word_1_330' title='bbox 452 4413 584 4457; x_wconf 87' lang='lat' dir='ltr'>non</span> <span class='ocrx_word' id='word_1_331' title='bbox 623 4395 1092 4475; x_wconf 85' lang='lat' dir='ltr'>multiplicando</span> <span class='ocrx_word' id='word_1_332' title='bbox 1143 4400 1418 4474; x_wconf 84' lang='lat' dir='ltr'>peccata3</span> <span class='ocrx_word' id='word_1_333' title='bbox 1473 4411 1622 4455; x_wconf 87' lang='lat' dir='ltr'>nam</span> <span class='ocrx_word' id='word_1_334' title='bbox 1675 4395 1753 4454; x_wconf 85' lang='lat' dir='ltr'>dc</span> 
     </span>
     <span class='ocr_line' id='line_1_48' title="bbox 219 4487 1751 4568; baseline 0 -22"><span class='ocrx_word' id='word_1_335' title='bbox 219 4489 508 4564; x_wconf 79' lang='lat' dir='ltr'>praeteritis</span> <span class='ocrx_word' id='word_1_336' title='bbox 571 4487 902 4568; x_wconf 78' lang='lat' dir='ltr'>justificari</span> <span class='ocrx_word' id='word_1_337' title='bbox 973 4505 1100 4549; x_wconf 91' lang='lat' dir='ltr'>nou</span> <span class='ocrx_word' id='word_1_338' title='bbox 1166 4493 1369 4567; x_wconf 86' lang='lat' dir='ltr'>potest</span> <span class='ocrx_word' id='word_1_339' title='bbox 1417 4493 1751 4566; x_wconf 84' lang='lat' dir='ltr'>antequam</span> 
     </span>
     <span class='ocr_line' id='line_1_49' title="bbox 221 4577 1754 4660; baseline 0.003 -24"><span class='ocrx_word' id='word_1_340' title='bbox 221 4577 374 4640; x_wconf 82' lang='lat' dir='ltr'>fidem</span> <span class='ocrx_word' id='word_1_341' title='bbox 414 4581 660 4656; x_wconf 82' lang='lat' dir='ltr'>habeat3</span> <span class='ocrx_word' id='word_1_342' title='bbox 729 4586 794 4643; x_wconf 88' lang='lat' dir='ltr'>et</span> <span class='ocrx_word' id='word_1_343' title='bbox 841 4581 982 4641; x_wconf 81' lang='lat' dir='ltr'>idco</span> <span class='ocrx_word' id='word_1_344' title='bbox 1031 4588 1338 4660; x_wconf 83' lang='lat' dir='ltr'>repugnat</span> <span class='ocrx_word' id='word_1_345' title='bbox 1381 4581 1546 4660; x_wconf 88' lang='lat' dir='ltr'>quod</span> <span class='ocrx_word' id='word_1_346' title='bbox 1617 4599 1754 4660; x_wconf 87' lang='lat' dir='ltr'>per-</span> 
     </span>
     <span class='ocr_line' id='line_1_50' title="bbox 221 4669 1744 4754; baseline 0.003 -25"><span class='ocrx_word' id='word_1_347' title='bbox 221 4669 355 4733; x_wconf 77' lang='lat' dir='ltr'>fecta</span> <span class='ocrx_word' id='word_1_348' title='bbox 371 4675 754 4753; x_wconf 85' lang='lat' dir='ltr'>poenitentia,</span> <span class='ocrx_word' id='word_1_349' title='bbox 801 4692 910 4734; x_wconf 82' lang='lat' dir='ltr'>seu·</span> <span class='ocrx_word' id='word_1_350' title='bbox 956 4674 1274 4754; x_wconf 86' lang='lat' dir='ltr'>dispositio</span> <span class='ocrx_word' id='word_1_351' title='bbox 1313 4673 1389 4734; x_wconf 91' lang='lat' dir='ltr'>ad</span> <span class='ocrx_word' id='word_1_352' title='bbox 1413 4674 1744 4752; x_wconf 87' lang='lat' dir='ltr'>justitiam,</span> 
     </span>
     <span class='ocr_line' id='line_1_51' title="bbox 223 4763 1752 4847; baseline 0.005 -26"><span class='ocrx_word' id='word_1_353' title='bbox 223 4763 286 4822; x_wconf 86' lang='lat' dir='ltr'>sit</span> <span class='ocrx_word' id='word_1_354' title='bbox 311 4769 662 4847; x_wconf 79' lang='lat' dir='ltr'>praeparatio</span> <span class='ocrx_word' id='word_1_355' title='bbox 691 4767 900 4829; x_wconf 88' lang='lat' dir='ltr'>debita</span> <span class='ocrx_word' id='word_1_356' title='bbox 935 4769 1012 4828; x_wconf 84' lang='lat' dir='ltr'>ad</span> <span class='ocrx_word' id='word_1_357' title='bbox 1051 4767 1572 4827; x_wconf 82' lang='lat' dir='ltr'>illuminationem</span> <span class='ocrx_word' id='word_1_358' title='bbox 1603 4767 1752 4828; x_wconf 83' lang='lat' dir='ltr'>fidei</span> 
     </span>
     <span class='ocr_line' id='line_1_52' title="bbox 224 4855 1754 4940; baseline 0.003 -24"><span class='ocrx_word' id='word_1_359' title='bbox 224 4855 613 4938; x_wconf 60' lang='lat' dir='ltr'>obtinendam</span> <span class='ocrx_word' id='word_1_360' title='bbox 642 4863 790 4922; x_wconf 82' lang='lat' dir='ltr'>satis</span> <span class='ocrx_word' id='word_1_361' title='bbox 845 4879 992 4940; x_wconf 89' lang='lat' dir='ltr'>ergo</span> <span class='ocrx_word' id='word_1_362' title='bbox 1033 4859 1151 4922; x_wconf 88' lang='lat' dir='ltr'>erit</span> <span class='ocrx_word' id='word_1_363' title='bbox 1199 4859 1428 4920; x_wconf 88' lang='lat' dir='ltr'>habere</span> <span class='ocrx_word' id='word_1_364' title='bbox 1451 4860 1754 4921; x_wconf 88' lang='lat' dir='ltr'>intentio-</span> 
     </span>
     <span class='ocr_line' id='line_1_53' title="bbox 224 4952 1750 5031; baseline 0.003 -23"><span class='ocrx_word' id='word_1_365' title='bbox 224 4967 343 5010; x_wconf 84' lang='lat' dir='ltr'>nem</span> <span class='ocrx_word' id='word_1_366' title='bbox 370 4958 430 5013; x_wconf 87' lang='lat' dir='ltr'>et</span> <span class='ocrx_word' id='word_1_367' title='bbox 457 4953 826 5014; x_wconf 84' lang='lat' dir='ltr'>desiderium</span> <span class='ocrx_word' id='word_1_368' title='bbox 875 4954 1111 5026; x_wconf 83' lang='lat' dir='ltr'>salutis,</span> <span class='ocrx_word' id='word_1_369' title='bbox 1157 4952 1322 5031; x_wconf 88' lang='lat' dir='ltr'>qnod</span> <span class='ocrx_word' id='word_1_370' title='bbox 1367 4958 1518 5014; x_wconf 89' lang='lat' dir='ltr'>tunc</span> <span class='ocrx_word' id='word_1_371' title='bbox 1563 4955 1750 5013; x_wconf 86' lang='lat' dir='ltr'>etiam</span> 
     </span>
     <span class='ocr_line' id='line_1_54' title="bbox 227 5045 1750 5125; baseline 0.003 -24"><span class='ocrx_word' id='word_1_372' title='bbox 227 5059 290 5101; x_wconf 79' lang='lat' dir='ltr'>ex</span> <span class='ocrx_word' id='word_1_373' title='bbox 333 5046 618 5123; x_wconf 69' lang='lat' dir='ltr'>pmdicta</span> <span class='ocrx_word' id='word_1_374' title='bbox 667 5045 1071 5124; x_wconf 83' lang='lat' dir='ltr'>inspiratione</span> <span class='ocrx_word' id='word_1_375' title='bbox 1145 5045 1360 5104; x_wconf 82' lang='lat' dir='ltr'>divina</span> <span class='ocrx_word' id='word_1_376' title='bbox 1429 5046 1750 5125; x_wconf 84' lang='lat' dir='ltr'>concipere</span> 
     </span>
     <span class='ocr_line' id='line_1_55' title="bbox 227 5141 944 5209; baseline -0.013 -12"><span class='ocrx_word' id='word_1_377' title='bbox 227 5141 414 5209; x_wconf 73' lang='lat' dir='ltr'>potest,</span> <span class='ocrx_word' id='word_1_378' title='bbox 935 5179 944 5188; x_wconf 91' lang='lat'>.</span> 
     </span>
    </p>

    <p class='ocr_par' dir='ltr' id='par_1_7' title="bbox 229 5229 1759 5598">
     <span class='ocr_line' id='line_1_56' title="bbox 295 5229 1756 5310; baseline 0.002 -21"><span class='ocrx_word' id='word_1_379' title='bbox 295 5231 382 5290; x_wconf 91' lang='grc'>11.</span> <span class='ocrx_word' id='word_1_380' title='bbox 423 5229 540 5294; x_wconf 72' lang='lat' dir='ltr'>Fit</span> <span class='ocrx_word' id='word_1_381' title='bbox 565 5232 724 5294; x_wconf 67' lang='lat' dir='ltr'>satis</span> <span class='ocrx_word' id='word_1_382' title='bbox 755 5231 1142 5310; x_wconf 70' lang='lat' dir='ltr'>fundamento</span> <span class='ocrx_word' id='word_1_383' title='bbox 1167 5229 1494 5294; x_wconf 62' lang='lat' dir='ltr'>contrariae</span> <span class='ocrx_word' id='word_1_384' title='bbox 1519 5233 1756 5292; x_wconf 65' lang='lat' dir='ltr'>senun-</span> 
     </span>
     <span class='ocr_line' id='line_1_57' title="bbox 231 5323 1758 5406; baseline 0.001 -24"><span class='ocrx_word' id='word_1_385' title='bbox 231 5324 318 5382; x_wconf 71' lang='lat' dir='ltr'>12·oe</span> <span class='ocrx_word' id='word_1_386' title='bbox 347 5325 534 5406; x_wconf 68' lang='lat' dir='ltr'>posito</span> <span class='ocrx_word' id='word_1_387' title='bbox 571 5326 640 5387; x_wconf 73' lang='lat' dir='ltr'>in</span> <span class='ocrx_word' id='word_1_388' title='bbox 682 5341 850 5388; x_wconf 65' lang='lat' dir='ltr'>num.</span> <span class='ocrx_word' id='word_1_389' title='bbox 883 5327 944 5386; x_wconf 92' lang='grc'>1.</span> <span class='ocrx_word' id='word_1_390' title='bbox 989 5357 1072 5370; x_wconf 92' lang='lat'>--</span> <span class='ocrx_word' id='word_1_391' title='bbox 1111 5323 1488 5406; x_wconf 57' lang='lat' dir='ltr'>Eat-plicatam·</span> <span class='ocrx_word' id='word_1_392' title='bbox 1513 5325 1758 5386; x_wconf 65' lang='lat' dir='ltr'>axioma</span> 
     </span>
     <span class='ocr_line' id='line_1_58' title="bbox 229 5413 1759 5498; baseline 0.003 -25"><span class='ocrx_word' id='word_1_393' title='bbox 229 5413 364 5478; x_wconf 66' lang='lat' dir='ltr'>iuna</span> <span class='ocrx_word' id='word_1_394' title='bbox 385 5443 408 5477; x_wconf 89' lang='lat'>.·</span> <span class='ocrx_word' id='word_1_395' title='bbox 439 5417 708 5479; x_wconf 78' lang='lat' dir='ltr'>Facienti</span> <span class='ocrx_word' id='word_1_396' title='bbox 735 5417 900 5498; x_wconf 88' lang='lat' dir='ltr'>quod</span> <span class='ocrx_word' id='word_1_397' title='bbox 929 5418 995 5478; x_wconf 89' lang='lat' dir='ltr'>in</span> <span class='ocrx_word' id='word_1_398' title='bbox 1021 5435 1086 5478; x_wconf 84' lang='lat' dir='ltr'>se</span> <span class='ocrx_word' id='word_1_399' title='bbox 1113 5424 1227 5492; x_wconf 86' lang='lat' dir='ltr'>est,</span> <span class='ocrx_word' id='word_1_400' title='bbox 1253 5425 1398 5490; x_wconf 86' lang='lat' dir='ltr'>etc.‚</span> <span class='ocrx_word' id='word_1_401' title='bbox 1423 5419 1494 5480; x_wconf 68' lang='lat' dir='ltr'>de</span> <span class='ocrx_word' id='word_1_402' title='bbox 1527 5434 1644 5498; x_wconf 75' lang='lat' dir='ltr'>quo</span> <span class='ocrx_word' id='word_1_403' title='bbox 1667 5415 1759 5477; x_wconf 74' lang='lat' dir='ltr'>vi-</span> 
     </span>
     <span class='ocr_line' id='line_1_59' title="bbox 233 5507 1754 5598; baseline -0.005 -22"><span class='ocrx_word' id='word_1_404' title='bbox 233 5507 430 5576; x_wconf 65' lang='lat' dir='ltr'>dendus</span> <span class='ocrx_word' id='word_1_405' title='bbox 451 5518 662 5576; x_wconf 66' lang='lat' dir='ltr'>motor</span> <span class='ocrx_word' id='word_1_406' title='bbox 683 5512 750 5574; x_wconf 75' lang='lat' dir='ltr'>in</span> <span class='ocrx_word' id='word_1_407' title='bbox 779 5509 1026 5598; x_wconf 68' lang='lat' dir='ltr'>opusc„</span> <span class='ocrx_word' id='word_1_408' title='bbox 1047 5513 1094 5576; x_wconf 85' lang='lat' dir='ltr'>l.</span> <span class='ocrx_word' id='word_1_409' title='bbox 1121 5513 1159 5574; x_wconf 84' lang='lat'><strong>3</strong></span> <span class='ocrx_word' id='word_1_410' title='bbox 1185 5513 1255 5575; x_wconf 70' lang='lat' dir='ltr'>do</span> <span class='ocrx_word' id='word_1_411' title='bbox 1281 5510 1580 5583; x_wconf 67' lang='lat' dir='ltr'>Aua-iliis,</span> <span class='ocrx_word' id='word_1_412' title='bbox 1607 5528 1660 5574; x_wconf 84' lang='lat' dir='ltr'>o.</span> <span class='ocrx_word' id='word_1_413' title='bbox 1689 5510 1754 5593; x_wconf 78' lang='lat'>2,</span> 
     </span>
    </p>
   </div>
   <div class='ocr_carea' id='block_1_7' title="bbox 1831 758 3408 5580">
    <p class='ocr_par' dir='ltr' id='par_1_8' title="bbox 1831 758 3408 5580">
     <span class='ocr_line' id='line_1_60' title="bbox 1840 758 3405 839; baseline 0.004 -20"><span class='ocrx_word' id='word_1_414' title='bbox 1840 758 2340 838; x_wconf 80' lang='lat' dir='ltr'>respondeamuS,</span> <span class='ocrx_word' id='word_1_415' title='bbox 2371 759 2537 839; x_wconf 87' lang='lat' dir='ltr'>quod</span> <span class='ocrx_word' id='word_1_416' title='bbox 2564 758 2879 822; x_wconf 85' lang='lat' dir='ltr'>nitebatur</span> <span class='ocrx_word' id='word_1_417' title='bbox 2905 761 2972 822; x_wconf 90' lang='lat' dir='ltr'>in</span> <span class='ocrx_word' id='word_1_418' title='bbox 3001 762 3109 823; x_wconf 89' lang='lat' dir='ltr'>illo</span> <span class='ocrx_word' id='word_1_419' title='bbox 3132 766 3405 826; x_wconf 84' lang='lat' dir='ltr'>axioma·</span> 
     </span>
     <span class='ocr_line' id='line_1_61' title="bbox 1835 852 3408 940; baseline 0.006 -28"><span class='ocrx_word' id='word_1_420' title='bbox 1835 857 1898 912; x_wconf 88' lang='lat' dir='ltr'>te</span> <span class='ocrx_word' id='word_1_421' title='bbox 1931 872 1946 911; x_wconf 77' lang='lat' dir='ltr'>t</span> <span class='ocrx_word' id='word_1_422' title='bbox 1982 852 2261 916; x_wconf 76' lang='lat' dir='ltr'>Facienti</span> <span class='ocrx_word' id='word_1_423' title='bbox 2288 855 2446 933; x_wconf 75' lang='lat' dir='ltr'>qnod</span> <span class='ocrx_word' id='word_1_424' title='bbox 2466 855 2535 914; x_wconf 76' lang='lat' dir='ltr'>in</span> <span class='ocrx_word' id='word_1_425' title='bbox 2562 871 2625 915; x_wconf 75' lang='lat' dir='ltr'>se</span> <span class='ocrx_word' id='word_1_426' title='bbox 2656 857 2767 927; x_wconf 75' lang='lat' dir='ltr'>est,</span> <span class='ocrx_word' id='word_1_427' title='bbox 2806 855 2971 917; x_wconf 73' lang='lat' dir='ltr'>Deus</span> <span class='ocrx_word' id='word_1_428' title='bbox 3004 873 3125 917; x_wconf 71' lang='lat' dir='ltr'>non</span> <span class='ocrx_word' id='word_1_429' title='bbox 3159 859 3408 940; x_wconf 71' lang='lat' dir='ltr'>deneyat</span> 
     </span>
     <span class='ocr_line' id='line_1_62' title="bbox 1837 945 3405 1029; baseline 0.004 -23"><span class='ocrx_word' id='word_1_430' title='bbox 1837 946 2135 1025; x_wconf 71' lang='lat' dir='ltr'>qratiam,</span> <span class='ocrx_word' id='word_1_431' title='bbox 2164 945 2241 1006; x_wconf 91' lang='lat' dir='ltr'>de</span> <span class='ocrx_word' id='word_1_432' title='bbox 2283 946 2461 1026; x_wconf 86' lang='lat' dir='ltr'>cujus</span> <span class='ocrx_word' id='word_1_433' title='bbox 2506 946 2917 1027; x_wconf 85' lang='lat' dir='ltr'>intelligentia</span> <span class='ocrx_word' id='word_1_434' title='bbox 2956 965 3185 1029; x_wconf 86' lang='lat' dir='ltr'>magna</span> <span class='ocrx_word' id='word_1_435' title='bbox 3220 950 3405 1014; x_wconf 93' lang='lat' dir='ltr'>hodie</span> 
     </span>
     <span class='ocr_line' id='line_1_63' title="bbox 1839 1041 3403 1122; baseline 0.005 -22"><span class='ocrx_word' id='word_1_436' title='bbox 1839 1045 2119 1100; x_wconf 79' lang='lat' dir='ltr'>versatur</span> <span class='ocrx_word' id='word_1_437' title='bbox 2145 1041 2599 1116; x_wconf 84' lang='lat' dir='ltr'>controversia3</span> <span class='ocrx_word' id='word_1_438' title='bbox 2624 1041 2754 1116; x_wconf 89' lang='lat' dir='ltr'>sed,</span> <span class='ocrx_word' id='word_1_439' title='bbox 2778 1043 2927 1122; x_wconf 84' lang='lat' dir='ltr'>quia</span> <span class='ocrx_word' id='word_1_440' title='bbox 2961 1043 3039 1104; x_wconf 90' lang='lat' dir='ltr'>ad</span> <span class='ocrx_word' id='word_1_441' title='bbox 3078 1045 3403 1108; x_wconf 87' lang='lat' dir='ltr'>materiam</span> 
     </span>
     <span class='ocr_line' id='line_1_64' title="bbox 1837 1131 3405 1217; baseline 0.005 -25"><span class='ocrx_word' id='word_1_442' title='bbox 1837 1131 1915 1192; x_wconf 89' lang='lat' dir='ltr'>de</span> <span class='ocrx_word' id='word_1_443' title='bbox 1957 1131 2157 1210; x_wconf 87' lang='lat' dir='ltr'>gratia</span> <span class='ocrx_word' id='word_1_444' title='bbox 2206 1137 2461 1212; x_wconf 86' lang='lat' dir='ltr'>spectat,</span> <span class='ocrx_word' id='word_1_445' title='bbox 2490 1133 2849 1196; x_wconf 87' lang='lat' dir='ltr'>brevissime</span> <span class='ocrx_word' id='word_1_446' title='bbox 2888 1134 3062 1196; x_wconf 88' lang='lat' dir='ltr'>illam</span> <span class='ocrx_word' id='word_1_447' title='bbox 3110 1140 3405 1217; x_wconf 86' lang='lat' dir='ltr'>perstrin-</span> 
     </span>
     <span class='ocr_line' id='line_1_65' title="bbox 1838 1224 3407 1311; baseline 0.006 -27"><span class='ocrx_word' id='word_1_448' title='bbox 1838 1241 1985 1303; x_wconf 89' lang='lat' dir='ltr'>gam</span> <span class='ocrx_word' id='word_1_449' title='bbox 2014 1240 2029 1284; x_wconf 76' lang='lat' dir='ltr'><strong><em>z</em></strong></span> <span class='ocrx_word' id='word_1_450' title='bbox 2062 1224 2279 1286; x_wconf 86' lang='lat' dir='ltr'>dicunt</span> <span class='ocrx_word' id='word_1_451' title='bbox 2304 1243 2455 1304; x_wconf 85' lang='lat' dir='ltr'>ergo</span> <span class='ocrx_word' id='word_1_452' title='bbox 2480 1226 2675 1305; x_wconf 87' lang='lat' dir='ltr'>aliqui</span> <span class='ocrx_word' id='word_1_453' title='bbox 2712 1226 2869 1288; x_wconf 91' lang='lat' dir='ltr'>illud</span> <span class='ocrx_word' id='word_1_454' title='bbox 2900 1245 3030 1290; x_wconf 82' lang='lat' dir='ltr'>esse</span> <span class='ocrx_word' id='word_1_455' title='bbox 3056 1230 3407 1311; x_wconf 87' lang='lat' dir='ltr'>intelligen-</span> 
     </span>
     <span class='ocr_line' id='line_1_66' title="bbox 1837 1317 3407 1402; baseline 0.007 -25"><span class='ocrx_word' id='word_1_456' title='bbox 1837 1317 1989 1378; x_wconf 90' lang='lat' dir='ltr'>dum</span> <span class='ocrx_word' id='word_1_457' title='bbox 2036 1317 2113 1378; x_wconf 87' lang='lat' dir='ltr'>de</span> <span class='ocrx_word' id='word_1_458' title='bbox 2142 1319 2343 1396; x_wconf 85' lang='lat' dir='ltr'>gratia</span> <span class='ocrx_word' id='word_1_459' title='bbox 2370 1319 2815 1397; x_wconf 86' lang='lat' dir='ltr'>sanctificante,</span> <span class='ocrx_word' id='word_1_460' title='bbox 2858 1327 2921 1382; x_wconf 92' lang='lat' dir='ltr'>et</span> <span class='ocrx_word' id='word_1_461' title='bbox 2961 1332 3407 1402; x_wconf 86' lang='lat' dir='ltr'>consequenter</span> 
     </span>
     <span class='ocr_line' id='line_1_67' title="bbox 1839 1411 3403 1496; baseline 0.005 -24"><span class='ocrx_word' id='word_1_462' title='bbox 1839 1411 1916 1472; x_wconf 89' lang='lat' dir='ltr'>de</span> <span class='ocrx_word' id='word_1_463' title='bbox 1947 1411 2209 1472; x_wconf 79' lang='lat' dir='ltr'>faciente</span> <span class='ocrx_word' id='word_1_464' title='bbox 2233 1412 2399 1491; x_wconf 85' lang='lat' dir='ltr'>quod</span> <span class='ocrx_word' id='word_1_465' title='bbox 2422 1413 2486 1473; x_wconf 91' lang='lat' dir='ltr'>in</span> <span class='ocrx_word' id='word_1_466' title='bbox 2518 1431 2581 1475; x_wconf 86' lang='lat' dir='ltr'>se</span> <span class='ocrx_word' id='word_1_467' title='bbox 2603 1419 2695 1474; x_wconf 83' lang='lat' dir='ltr'>est</span> <span class='ocrx_word' id='word_1_468' title='bbox 2716 1431 2827 1492; x_wconf 86' lang='lat' dir='ltr'>per</span> <span class='ocrx_word' id='word_1_469' title='bbox 2845 1415 3144 1477; x_wconf 83' lang='lat' dir='ltr'>auxilium</span> <span class='ocrx_word' id='word_1_470' title='bbox 3166 1419 3403 1496; x_wconf 64' lang='lat' dir='ltr'>gratiae,</span> 
     </span>
     <span class='ocr_line' id='line_1_68' title="bbox 1834 1505 3405 1586; baseline 0.005 -21"><span class='ocrx_word' id='word_1_471' title='bbox 1834 1505 1923 1566; x_wconf 88' lang='lat' dir='ltr'>ita</span> <span class='ocrx_word' id='word_1_472' title='bbox 1945 1511 2016 1564; x_wconf 91' lang='lat' dir='ltr'>ut</span> <span class='ocrx_word' id='word_1_473' title='bbox 2043 1523 2253 1565; x_wconf 87' lang='lat' dir='ltr'>sensus</span> <span class='ocrx_word' id='word_1_474' title='bbox 2283 1505 2384 1580; x_wconf 87' lang='lat' dir='ltr'>sit,</span> <span class='ocrx_word' id='word_1_475' title='bbox 2411 1507 2783 1586; x_wconf 73' lang='lat' dir='ltr'>praeparanti</span> <span class='ocrx_word' id='word_1_476' title='bbox 2818 1526 2882 1568; x_wconf 90' lang='lat' dir='ltr'>se</span> <span class='ocrx_word' id='word_1_477' title='bbox 2917 1509 3071 1570; x_wconf 89' lang='lat' dir='ltr'>sicut</span> <span class='ocrx_word' id='word_1_478' title='bbox 3108 1509 3291 1572; x_wconf 89' lang='lat' dir='ltr'>debet</span> <span class='ocrx_word' id='word_1_479' title='bbox 3326 1511 3405 1573; x_wconf 91' lang='lat' dir='ltr'>ad</span> 
     </span>
     <span class='ocr_line' id='line_1_69' title="bbox 1835 1599 3401 1682; baseline 0.005 -22"><span class='ocrx_word' id='word_1_480' title='bbox 1835 1599 2267 1660; x_wconf 84' lang='lat' dir='ltr'>remissionem</span> <span class='ocrx_word' id='word_1_481' title='bbox 2310 1601 2545 1678; x_wconf 88' lang='lat' dir='ltr'>peccati</span> <span class='ocrx_word' id='word_1_482' title='bbox 2585 1607 2649 1663; x_wconf 89' lang='lat' dir='ltr'>et</span> <span class='ocrx_word' id='word_1_483' title='bbox 2685 1603 2947 1679; x_wconf 82' lang='lat' dir='ltr'>gratiam</span> <span class='ocrx_word' id='word_1_484' title='bbox 2976 1602 3401 1682; x_wconf 89' lang='lat' dir='ltr'>obtinendam,</span> 
     </span>
     <span class='ocr_line' id='line_1_70' title="bbox 1837 1694 3405 1776; baseline 0.004 -22"><span class='ocrx_word' id='word_1_485' title='bbox 1837 1694 2031 1754; x_wconf 88' lang='lat' dir='ltr'>Deum</span> <span class='ocrx_word' id='word_1_486' title='bbox 2060 1711 2183 1754; x_wconf 90' lang='lat' dir='ltr'>non</span> <span class='ocrx_word' id='word_1_487' title='bbox 2211 1694 2520 1775; x_wconf 85' lang='lat' dir='ltr'>denegare</span> <span class='ocrx_word' id='word_1_488' title='bbox 2542 1695 2737 1758; x_wconf 91' lang='lat' dir='ltr'>illam.</span> <span class='ocrx_word' id='word_1_489' title='bbox 2770 1697 2838 1756; x_wconf 90' lang='lat' dir='ltr'>In</span> <span class='ocrx_word' id='word_1_490' title='bbox 2867 1713 2989 1776; x_wconf 88' lang='lat' dir='ltr'>quo</span> <span class='ocrx_word' id='word_1_491' title='bbox 3010 1715 3191 1759; x_wconf 87' lang='lat' dir='ltr'>sensu</span> <span class='ocrx_word' id='word_1_492' title='bbox 3218 1699 3405 1760; x_wconf 79' lang='lat' dir='ltr'>veris-</span> 
     </span>
     <span class='ocr_line' id='line_1_71' title="bbox 1838 1786 3405 1867; baseline 0.005 -21"><span class='ocrx_word' id='word_1_493' title='bbox 1838 1786 1996 1847; x_wconf 89' lang='lat' dir='ltr'>sima</span> <span class='ocrx_word' id='word_1_494' title='bbox 2024 1791 2085 1846; x_wconf 90' lang='lat' dir='ltr'>et</span> <span class='ocrx_word' id='word_1_495' title='bbox 2122 1787 2417 1848; x_wconf 86' lang='lat' dir='ltr'>catholica</span> <span class='ocrx_word' id='word_1_496' title='bbox 2452 1794 2545 1849; x_wconf 91' lang='lat' dir='ltr'>est</span> <span class='ocrx_word' id='word_1_497' title='bbox 2582 1789 2834 1850; x_wconf 85' lang='lat' dir='ltr'>assertio</span> <span class='ocrx_word' id='word_1_498' title='bbox 2861 1805 2880 1867; x_wconf 85' lang='lat'><em>3</em></span> <span class='ocrx_word' id='word_1_499' title='bbox 2904 1789 3063 1850; x_wconf 89' lang='lat' dir='ltr'>nihil</span> <span class='ocrx_word' id='word_1_500' title='bbox 3088 1795 3301 1852; x_wconf 87' lang='lat' dir='ltr'>tamen</span> <span class='ocrx_word' id='word_1_501' title='bbox 3328 1810 3405 1854; x_wconf 87' lang='lat' dir='ltr'>ex</span> 
     </span>
     <span class='ocr_line' id='line_1_72' title="bbox 1838 1879 3404 1963; baseline 0.004 -23"><span class='ocrx_word' id='word_1_502' title='bbox 1838 1879 1946 1940; x_wconf 85' lang='lat' dir='ltr'>illa</span> <span class='ocrx_word' id='word_1_503' title='bbox 1987 1879 2055 1940; x_wconf 87' lang='lat' dir='ltr'>in</span> <span class='ocrx_word' id='word_1_504' title='bbox 2098 1881 2392 1960; x_wconf 79' lang='lat' dir='ltr'>praesenti</span> <span class='ocrx_word' id='word_1_505' title='bbox 2423 1881 2639 1943; x_wconf 81' lang='lat' dir='ltr'>inferri</span> <span class='ocrx_word' id='word_1_506' title='bbox 2676 1887 2899 1963; x_wconf 87' lang='lat' dir='ltr'>potest,</span> <span class='ocrx_word' id='word_1_507' title='bbox 2936 1882 3104 1962; x_wconf 87' lang='lat' dir='ltr'>quia,</span> <span class='ocrx_word' id='word_1_508' title='bbox 3134 1888 3206 1943; x_wconf 90' lang='lat' dir='ltr'>ut</span> <span class='ocrx_word' id='word_1_509' title='bbox 3244 1883 3404 1946; x_wconf 89' lang='lat' dir='ltr'>dice·</span> 
     </span>
     <span class='ocr_line' id='line_1_73' title="bbox 1837 1972 3405 2058; baseline 0.003 -24"><span class='ocrx_word' id='word_1_510' title='bbox 1837 1972 2008 2048; x_wconf 89' lang='lat' dir='ltr'>bam,</span> <span class='ocrx_word' id='word_1_511' title='bbox 2033 1975 2404 2053; x_wconf 83' lang='lat' dir='ltr'>praeparatio</span> <span class='ocrx_word' id='word_1_512' title='bbox 2432 1975 2509 2035; x_wconf 91' lang='lat' dir='ltr'>ad</span> <span class='ocrx_word' id='word_1_513' title='bbox 2542 1976 2844 2054; x_wconf 87' lang='lat' dir='ltr'>justitiam</span> <span class='ocrx_word' id='word_1_514' title='bbox 2884 1993 3011 2036; x_wconf 89' lang='lat' dir='ltr'>non</span> <span class='ocrx_word' id='word_1_515' title='bbox 3048 1981 3245 2055; x_wconf 88' lang='lat' dir='ltr'>potest</span> <span class='ocrx_word' id='word_1_516' title='bbox 3266 1995 3405 2058; x_wconf 83' lang='lat' dir='ltr'>pos-</span> 
     </span>
     <span class='ocr_line' id='line_1_74' title="bbox 1837 2065 3400 2149; baseline 0.004 -23"><span class='ocrx_word' id='word_1_517' title='bbox 1837 2067 2023 2127; x_wconf 82' lang='lat' dir='ltr'>tulari</span> <span class='ocrx_word' id='word_1_518' title='bbox 2062 2065 2142 2126; x_wconf 87' lang='lat' dir='ltr'>ab</span> <span class='ocrx_word' id='word_1_519' title='bbox 2188 2066 2442 2128; x_wconf 88' lang='lat' dir='ltr'>homine</span> <span class='ocrx_word' id='word_1_520' title='bbox 2480 2067 2739 2143; x_wconf 86' lang='lat' dir='ltr'>infideli,</span> <span class='ocrx_word' id='word_1_521' title='bbox 2768 2074 2841 2129; x_wconf 89' lang='lat' dir='ltr'>ut</span> <span class='ocrx_word' id='word_1_522' title='bbox 2870 2068 3057 2129; x_wconf 85' lang='lat' dir='ltr'>fidem</span> <span class='ocrx_word' id='word_1_523' title='bbox 3087 2069 3400 2149; x_wconf 83' lang='lat' dir='ltr'>obtineat3</span> 
     </span>
     <span class='ocr_line' id='line_1_75' title="bbox 1835 2160 3407 2242; baseline 0.004 -24"><span class='ocrx_word' id='word_1_524' title='bbox 1835 2160 2122 2239; x_wconf 80' lang='lat' dir='ltr'>quamvis</span> <span class='ocrx_word' id='word_1_525' title='bbox 2161 2177 2309 2238; x_wconf 75' lang='lat' dir='ltr'>ergo</span> <span class='ocrx_word' id='word_1_526' title='bbox 2346 2161 2451 2221; x_wconf 90' lang='lat' dir='ltr'>ille</span> <span class='ocrx_word' id='word_1_527' title='bbox 2480 2179 2695 2222; x_wconf 87' lang='lat' dir='ltr'>sensus</span> <span class='ocrx_word' id='word_1_528' title='bbox 2719 2180 2899 2222; x_wconf 85' lang='lat' dir='ltr'>verus</span> <span class='ocrx_word' id='word_1_529' title='bbox 2923 2163 3025 2236; x_wconf 89' lang='lat' dir='ltr'>sit,</span> <span class='ocrx_word' id='word_1_530' title='bbox 3052 2180 3177 2223; x_wconf 91' lang='lat' dir='ltr'>non</span> <span class='ocrx_word' id='word_1_531' title='bbox 3208 2169 3407 2242; x_wconf 84' lang='lat' dir='ltr'>potest</span> 
     </span>
     <span class='ocr_line' id='line_1_76' title="bbox 1835 2253 3405 2334; baseline 0.003 -20"><span class='ocrx_word' id='word_1_532' title='bbox 1835 2271 1967 2314; x_wconf 84' lang='lat' dir='ltr'>esse</span> <span class='ocrx_word' id='word_1_533' title='bbox 1996 2253 2371 2332; x_wconf 70' lang='lat' dir='ltr'>adaequatus,</span> <span class='ocrx_word' id='word_1_534' title='bbox 2400 2255 2547 2334; x_wconf 88' lang='lat' dir='ltr'>quia</span> <span class='ocrx_word' id='word_1_535' title='bbox 2574 2255 2763 2315; x_wconf 85' lang='lat' dir='ltr'>etiam</span> <span class='ocrx_word' id='word_1_536' title='bbox 2786 2255 2863 2316; x_wconf 91' lang='lat' dir='ltr'>de</span> <span class='ocrx_word' id='word_1_537' title='bbox 2890 2254 3143 2316; x_wconf 90' lang='lat' dir='ltr'>homine</span> <span class='ocrx_word' id='word_1_538' title='bbox 3168 2257 3405 2318; x_wconf 85' lang='lat' dir='ltr'>infideli</span> 
     </span>
     <span class='ocr_line' id='line_1_77' title="bbox 1838 2346 3407 2428; baseline 0.004 -22"><span class='ocrx_word' id='word_1_539' title='bbox 1838 2346 1907 2406; x_wconf 89' lang='lat' dir='ltr'>in</span> <span class='ocrx_word' id='word_1_540' title='bbox 1935 2347 2152 2407; x_wconf 87' lang='lat' dir='ltr'>ordine</span> <span class='ocrx_word' id='word_1_541' title='bbox 2190 2347 2271 2406; x_wconf 86' lang='lat' dir='ltr'>ad</span> <span class='ocrx_word' id='word_1_542' title='bbox 2312 2348 2576 2424; x_wconf 78' lang='lat' dir='ltr'>gratiam</span> <span class='ocrx_word' id='word_1_543' title='bbox 2615 2347 2843 2408; x_wconf 79' lang='lat' dir='ltr'>divinae</span> <span class='ocrx_word' id='word_1_544' title='bbox 2891 2349 3317 2428; x_wconf 84' lang='lat' dir='ltr'>inspirationis</span> <span class='ocrx_word' id='word_1_545' title='bbox 3344 2357 3407 2412; x_wconf 88' lang='lat' dir='ltr'>et</span> 
     </span>
     <span class='ocr_line' id='line_1_78' title="bbox 1841 2438 3407 2521; baseline 0.005 -23"><span class='ocrx_word' id='word_1_546' title='bbox 1841 2438 2317 2499; x_wconf 89' lang='lat' dir='ltr'>illuminationis</span> <span class='ocrx_word' id='word_1_547' title='bbox 2360 2439 2659 2518; x_wconf 83' lang='lat' dir='ltr'>Theologi</span> <span class='ocrx_word' id='word_1_548' title='bbox 2704 2440 2856 2500; x_wconf 90' lang='lat' dir='ltr'>illud</span> <span class='ocrx_word' id='word_1_549' title='bbox 2900 2441 3295 2521; x_wconf 76' lang='lat' dir='ltr'>intelligunt,</span> <span class='ocrx_word' id='word_1_550' title='bbox 3344 2449 3407 2506; x_wconf 89' lang='lat' dir='ltr'>et</span> 
     </span>
     <span class='ocr_line' id='line_1_79' title="bbox 1839 2531 3400 2615; baseline 0.004 -25"><span class='ocrx_word' id='word_1_551' title='bbox 1839 2531 2183 2610; x_wconf 86' lang='lat' dir='ltr'>specialiter</span> <span class='ocrx_word' id='word_1_552' title='bbox 2204 2531 2385 2592; x_wconf 84' lang='lat' dir='ltr'>divus</span> <span class='ocrx_word' id='word_1_553' title='bbox 2406 2532 2672 2593; x_wconf 86' lang='lat' dir='ltr'>Thomas</span> <span class='ocrx_word' id='word_1_554' title='bbox 2698 2535 2735 2593; x_wconf 91' lang='lat'><strong>3</strong></span> <span class='ocrx_word' id='word_1_555' title='bbox 2759 2539 2970 2594; x_wconf 87' lang='lat' dir='ltr'>contra</span> <span class='ocrx_word' id='word_1_556' title='bbox 2993 2535 3237 2612; x_wconf 78' lang='lat' dir='ltr'>GenteS,</span> <span class='ocrx_word' id='word_1_557' title='bbox 3266 2553 3400 2615; x_wconf 86' lang='lat' dir='ltr'>cap.</span> 
     </span>
     <span class='ocr_line' id='line_1_80' title="bbox 1842 2624 3405 2704; baseline 0.002 -18"><span class='ocrx_word' id='word_1_558' title='bbox 1842 2627 1982 2696; x_wconf 82' lang='lat'>159,</span> <span class='ocrx_word' id='word_1_559' title='bbox 2010 2629 2073 2685; x_wconf 90' lang='lat' dir='ltr'>et</span> <span class='ocrx_word' id='word_1_560' title='bbox 2097 2624 2234 2685; x_wconf 86' lang='lat' dir='ltr'>lect.</span> <span class='ocrx_word' id='word_1_561' title='bbox 2264 2626 2326 2700; x_wconf 70' lang='lat'>4,</span> <span class='ocrx_word' id='word_1_562' title='bbox 2362 2627 2429 2685; x_wconf 91' lang='lat' dir='ltr'>in</span> <span class='ocrx_word' id='word_1_563' title='bbox 2466 2627 2649 2704; x_wconf 79' lang='lat' dir='ltr'>capit.</span> <span class='ocrx_word' id='word_1_564' title='bbox 2681 2628 2757 2687; x_wconf 77' lang='lat'>⁴0</span> <span class='ocrx_word' id='word_1_565' title='bbox 2784 2627 2862 2687; x_wconf 88' lang='lat' dir='ltr'>ad</span> <span class='ocrx_word' id='word_1_566' title='bbox 2886 2629 3215 2689; x_wconf 86' lang='lat' dir='ltr'>Romanos.</span> <span class='ocrx_word' id='word_1_567' title='bbox 3250 2628 3405 2703; x_wconf 87' lang='lat' dir='ltr'>Quia</span> 
     </span>
     <span class='ocr_line' id='line_1_81' title="bbox 1834 2718 3405 2784; baseline 0.002 -4"><span class='ocrx_word' id='word_1_568' title='bbox 1834 2719 2021 2780; x_wconf 90' lang='lat' dir='ltr'>etiam</span> <span class='ocrx_word' id='word_1_569' title='bbox 2053 2718 2119 2779; x_wconf 90' lang='lat' dir='ltr'>in</span> <span class='ocrx_word' id='word_1_570' title='bbox 2146 2718 2263 2779; x_wconf 89' lang='lat' dir='ltr'>hoc</span> <span class='ocrx_word' id='word_1_571' title='bbox 2291 2736 2471 2780; x_wconf 88' lang='lat' dir='ltr'>sensu</span> <span class='ocrx_word' id='word_1_572' title='bbox 2496 2725 2589 2780; x_wconf 90' lang='lat' dir='ltr'>est</span> <span class='ocrx_word' id='word_1_573' title='bbox 2614 2721 3023 2782; x_wconf 77' lang='lat' dir='ltr'>necessarium</span> <span class='ocrx_word' id='word_1_574' title='bbox 3055 2723 3132 2784; x_wconf 89' lang='lat' dir='ltr'>ad</span> <span class='ocrx_word' id='word_1_575' title='bbox 3164 2723 3405 2784; x_wconf 83' lang='lat' dir='ltr'>salvan·</span> 
     </span>
     <span class='ocr_line' id='line_1_82' title="bbox 1836 2811 3403 2896; baseline 0.004 -26"><span class='ocrx_word' id='word_1_576' title='bbox 1836 2811 1987 2871; x_wconf 88' lang='lat' dir='ltr'>dum</span> <span class='ocrx_word' id='word_1_577' title='bbox 2022 2811 2329 2872; x_wconf 81' lang='lat' dir='ltr'>auxilium</span> <span class='ocrx_word' id='word_1_578' title='bbox 2370 2812 2676 2874; x_wconf 85' lang='lat' dir='ltr'>sufficiens</span> <span class='ocrx_word' id='word_1_579' title='bbox 2716 2813 2796 2873; x_wconf 88' lang='lat' dir='ltr'>ad</span> <span class='ocrx_word' id='word_1_580' title='bbox 2828 2815 3202 2875; x_wconf 88' lang='lat' dir='ltr'>credendum</span> <span class='ocrx_word' id='word_1_581' title='bbox 3238 2816 3403 2896; x_wconf 85' lang='lat' dir='ltr'>quod</span> 
     </span>
     <span class='ocr_line' id='line_1_83' title="bbox 1835 2904 3401 2986; baseline 0.003 -21"><span class='ocrx_word' id='word_1_582' title='bbox 1835 2905 1997 2965; x_wconf 90' lang='lat' dir='ltr'>Deus</span> <span class='ocrx_word' id='word_1_583' title='bbox 2036 2923 2113 2964; x_wconf 84' lang='lat' dir='ltr'>ex</span> <span class='ocrx_word' id='word_1_584' title='bbox 2152 2921 2215 2966; x_wconf 83' lang='lat' dir='ltr'>se</span> <span class='ocrx_word' id='word_1_585' title='bbox 2260 2904 2418 2966; x_wconf 88' lang='lat' dir='ltr'>nulli</span> <span class='ocrx_word' id='word_1_586' title='bbox 2465 2904 2729 2980; x_wconf 60' lang='lat' dir='ltr'>homil*</span> <span class='ocrx_word' id='word_1_587' title='bbox 2754 2907 2967 2968; x_wconf 90' lang='lat' dir='ltr'>adulto</span> <span class='ocrx_word' id='word_1_588' title='bbox 3008 2915 3217 2986; x_wconf 85' lang='lat' dir='ltr'>negat,</span> <span class='ocrx_word' id='word_1_589' title='bbox 3258 2927 3401 2970; x_wconf 90' lang='lat' dir='ltr'>cum</span> 
     </span>
     <span class='ocr_line' id='line_1_84' title="bbox 1838 2997 3404 3063; baseline 0.003 -5"><span class='ocrx_word' id='word_1_590' title='bbox 1838 2997 2120 3058; x_wconf 90' lang='lat' dir='ltr'>omnium</span> <span class='ocrx_word' id='word_1_591' title='bbox 2148 2997 2299 3059; x_wconf 82' lang='lat' dir='ltr'>velit</span> <span class='ocrx_word' id='word_1_592' title='bbox 2325 2998 2608 3060; x_wconf 89' lang='lat' dir='ltr'>salutem.</span> <span class='ocrx_word' id='word_1_593' title='bbox 2640 3001 2799 3060; x_wconf 91' lang='lat' dir='ltr'>Nam</span> <span class='ocrx_word' id='word_1_594' title='bbox 2828 3019 2967 3060; x_wconf 90' lang='lat' dir='ltr'>cum</span> <span class='ocrx_word' id='word_1_595' title='bbox 2994 3001 3153 3062; x_wconf 88' lang='lat' dir='ltr'>Deus</span> <span class='ocrx_word' id='word_1_596' title='bbox 3177 3001 3253 3062; x_wconf 92' lang='lat' dir='ltr'>de</span> <span class='ocrx_word' id='word_1_597' title='bbox 3279 3002 3404 3063; x_wconf 88' lang='lat' dir='ltr'>fac-</span> 
     </span>
     <span class='ocr_line' id='line_1_85' title="bbox 1835 3091 3405 3172; baseline 0.003 -22"><span class='ocrx_word' id='word_1_598' title='bbox 1835 3097 1900 3151; x_wconf 89' lang='lat' dir='ltr'>to</span> <span class='ocrx_word' id='word_1_599' title='bbox 1941 3108 2070 3150; x_wconf 89' lang='lat' dir='ltr'>non</span> <span class='ocrx_word' id='word_1_600' title='bbox 2099 3091 2387 3151; x_wconf 89' lang='lat' dir='ltr'>omnibus</span> <span class='ocrx_word' id='word_1_601' title='bbox 2415 3091 2689 3152; x_wconf 86' lang='lat' dir='ltr'>conferat</span> <span class='ocrx_word' id='word_1_602' title='bbox 2716 3093 2945 3153; x_wconf 82' lang='lat' dir='ltr'>auxilia</span> <span class='ocrx_word' id='word_1_603' title='bbox 2973 3100 3405 3172; x_wconf 87' lang='lat' dir='ltr'>supernatura·</span> 
     </span>
     <span class='ocr_line' id='line_1_86' title="bbox 1834 3182 3403 3260; baseline 0.004 -18"><span class='ocrx_word' id='word_1_604' title='bbox 1834 3182 1920 3243; x_wconf 92' lang='lat' dir='ltr'>lia</span> <span class='ocrx_word' id='word_1_605' title='bbox 1967 3182 2325 3245; x_wconf 88' lang='lat' dir='ltr'>immediate</span> <span class='ocrx_word' id='word_1_606' title='bbox 2374 3186 2715 3246; x_wconf 87' lang='lat' dir='ltr'>necessaria</span> <span class='ocrx_word' id='word_1_607' title='bbox 2738 3230 2756 3260; x_wconf 93' lang='lat'>,</span> <span class='ocrx_word' id='word_1_608' title='bbox 2807 3192 2869 3247; x_wconf 86' lang='lat' dir='ltr'>et</span> <span class='ocrx_word' id='word_1_609' title='bbox 2913 3186 3282 3247; x_wconf 86' lang='lat' dir='ltr'>sufficientia</span> <span class='ocrx_word' id='word_1_610' title='bbox 3322 3186 3403 3248; x_wconf 90' lang='lat' dir='ltr'>ad</span> 
     </span>
     <span class='ocr_line' id='line_1_87' title="bbox 1834 3274 3403 3358; baseline 0.003 -24"><span class='ocrx_word' id='word_1_611' title='bbox 1834 3274 2044 3350; x_wconf 87' lang='lat' dir='ltr'>fidem,</span> <span class='ocrx_word' id='word_1_612' title='bbox 2070 3281 2311 3355; x_wconf 87' lang='lat' dir='ltr'>oportet</span> <span class='ocrx_word' id='word_1_613' title='bbox 2340 3283 2409 3337; x_wconf 89' lang='lat' dir='ltr'>ut</span> <span class='ocrx_word' id='word_1_614' title='bbox 2436 3277 2653 3338; x_wconf 87' lang='lat' dir='ltr'>saltem</span> <span class='ocrx_word' id='word_1_615' title='bbox 2682 3278 2790 3339; x_wconf 91' lang='lat' dir='ltr'>illa</span> <span class='ocrx_word' id='word_1_616' title='bbox 2815 3277 3030 3339; x_wconf 84' lang='lat' dir='ltr'>offerat</span> <span class='ocrx_word' id='word_1_617' title='bbox 3053 3279 3168 3339; x_wconf 88' lang='lat' dir='ltr'>sub</span> <span class='ocrx_word' id='word_1_618' title='bbox 3196 3279 3403 3358; x_wconf 88' lang='lat' dir='ltr'>aliqua</span> 
     </span>
     <span class='ocr_line' id='line_1_88' title="bbox 1835 3369 3403 3453; baseline 0.004 -25"><span class='ocrx_word' id='word_1_619' title='bbox 1835 3369 2189 3431; x_wconf 86' lang='lat' dir='ltr'>conditione</span> <span class='ocrx_word' id='word_1_620' title='bbox 2230 3369 2616 3450; x_wconf 88' lang='lat' dir='ltr'>dependente</span> <span class='ocrx_word' id='word_1_621' title='bbox 2652 3372 2732 3432; x_wconf 86' lang='lat' dir='ltr'>ab</span> <span class='ocrx_word' id='word_1_622' title='bbox 2772 3372 2906 3452; x_wconf 89' lang='lat' dir='ltr'>ipso</span> <span class='ocrx_word' id='word_1_623' title='bbox 2943 3372 3220 3450; x_wconf 87' lang='lat' dir='ltr'>homine,</span> <span class='ocrx_word' id='word_1_624' title='bbox 3264 3391 3403 3453; x_wconf 82' lang='lat' dir='ltr'>quae</span> 
     </span>
     <span class='ocr_line' id='line_1_89' title="bbox 1835 3464 3405 3546; baseline 0.003 -25"><span class='ocrx_word' id='word_1_625' title='bbox 1835 3479 1963 3522; x_wconf 90' lang='lat' dir='ltr'>non</span> <span class='ocrx_word' id='word_1_626' title='bbox 2004 3469 2205 3542; x_wconf 81' lang='lat' dir='ltr'>potest</span> <span class='ocrx_word' id='word_1_627' title='bbox 2244 3481 2375 3526; x_wconf 87' lang='lat' dir='ltr'>esse</span> <span class='ocrx_word' id='word_1_628' title='bbox 2411 3464 2533 3526; x_wconf 88' lang='lat' dir='ltr'>alia</span> <span class='ocrx_word' id='word_1_629' title='bbox 2555 3509 2574 3538; x_wconf 92' lang='lat'>,</span> <span class='ocrx_word' id='word_1_630' title='bbox 2618 3465 2737 3525; x_wconf 86' lang='lat' dir='ltr'>nisi</span> <span class='ocrx_word' id='word_1_631' title='bbox 2776 3471 2847 3525; x_wconf 88' lang='lat' dir='ltr'>ut</span> <span class='ocrx_word' id='word_1_632' title='bbox 2887 3467 3051 3546; x_wconf 86' lang='lat' dir='ltr'>quod</span> <span class='ocrx_word' id='word_1_633' title='bbox 3092 3467 3159 3526; x_wconf 93' lang='lat' dir='ltr'>in</span> <span class='ocrx_word' id='word_1_634' title='bbox 3202 3485 3267 3528; x_wconf 89' lang='lat' dir='ltr'>se</span> <span class='ocrx_word' id='word_1_635' title='bbox 3312 3471 3405 3528; x_wconf 87' lang='lat' dir='ltr'>est</span> 
     </span>
     <span class='ocr_line' id='line_1_90' title="bbox 1832 3554 3402 3630; baseline 0.003 -16"><span class='ocrx_word' id='word_1_636' title='bbox 1832 3554 2045 3630; x_wconf 85' lang='lat' dir='ltr'>faeiat,</span> <span class='ocrx_word' id='word_1_637' title='bbox 2072 3556 2289 3618; x_wconf 87' lang='lat' dir='ltr'>saltem</span> <span class='ocrx_word' id='word_1_638' title='bbox 2316 3564 2388 3617; x_wconf 87' lang='lat' dir='ltr'>ut</span> <span class='ocrx_word' id='word_1_639' title='bbox 2428 3557 2665 3618; x_wconf 83' lang='lat' dir='ltr'>obicem</span> <span class='ocrx_word' id='word_1_640' title='bbox 2706 3557 2931 3620; x_wconf 81' lang='lat' dir='ltr'>divinae</span> <span class='ocrx_word' id='word_1_641' title='bbox 2956 3558 3402 3620; x_wconf 84' lang='lat' dir='ltr'>illuminationi</span> 
     </span>
     <span class='ocr_line' id='line_1_91' title="bbox 1832 3651 3401 3730; baseline 0.003 -22"><span class='ocrx_word' id='word_1_642' title='bbox 1832 3664 1961 3708; x_wconf 89' lang='lat' dir='ltr'>non</span> <span class='ocrx_word' id='word_1_643' title='bbox 1998 3657 2292 3728; x_wconf 88' lang='lat' dir='ltr'>opponat.</span> <span class='ocrx_word' id='word_1_644' title='bbox 2336 3651 2463 3711; x_wconf 86' lang='lat' dir='ltr'>Hoc</span> <span class='ocrx_word' id='word_1_645' title='bbox 2491 3667 2637 3729; x_wconf 83' lang='lat' dir='ltr'>ergo</span> <span class='ocrx_word' id='word_1_646' title='bbox 2668 3651 2889 3730; x_wconf 88' lang='lat' dir='ltr'>posito,</span> <span class='ocrx_word' id='word_1_647' title='bbox 2928 3652 3007 3712; x_wconf 87' lang='lat' dir='ltr'>ad</span> <span class='ocrx_word' id='word_1_648' title='bbox 3032 3659 3401 3730; x_wconf 86' lang='lat' dir='ltr'>argumenta</span> 
     </span>
     <span class='ocr_line' id='line_1_92' title="bbox 1831 3741 3397 3824; baseline 0.001 -22"><span class='ocrx_word' id='word_1_649' title='bbox 1831 3741 2329 3820; x_wconf 84' lang='lat' dir='ltr'>respondendum</span> <span class='ocrx_word' id='word_1_650' title='bbox 2350 3750 2462 3812; x_wconf 87' lang='lat' dir='ltr'>est,</span> <span class='ocrx_word' id='word_1_651' title='bbox 2494 3743 2781 3823; x_wconf 84' lang='lat' dir='ltr'>negando</span> <span class='ocrx_word' id='word_1_652' title='bbox 2816 3743 3181 3819; x_wconf 84' lang='lat' dir='ltr'>illationem,</span> <span class='ocrx_word' id='word_1_653' title='bbox 3210 3743 3397 3824; x_wconf 86' lang='lat' dir='ltr'>quod,</span> 
     </span>
     <span class='ocr_line' id='line_1_93' title="bbox 1834 3833 3401 3917; baseline 0.003 -23"><span class='ocrx_word' id='word_1_654' title='bbox 1834 3833 1982 3895; x_wconf 88' lang='lat' dir='ltr'>licet</span> <span class='ocrx_word' id='word_1_655' title='bbox 2020 3835 2124 3896; x_wconf 92' lang='lat' dir='ltr'>ille</span> <span class='ocrx_word' id='word_1_656' title='bbox 2162 3837 2351 3897; x_wconf 90' lang='lat' dir='ltr'>homo</span> <span class='ocrx_word' id='word_1_657' title='bbox 2379 3837 2647 3898; x_wconf 88' lang='lat' dir='ltr'>infidelis</span> <span class='ocrx_word' id='word_1_658' title='bbox 2678 3855 2805 3898; x_wconf 92' lang='lat' dir='ltr'>non</span> <span class='ocrx_word' id='word_1_659' title='bbox 2833 3838 3019 3898; x_wconf 82' lang='lat' dir='ltr'>faciat</span> <span class='ocrx_word' id='word_1_660' title='bbox 3049 3839 3213 3917; x_wconf 88' lang='lat' dir='ltr'>quod</span> <span class='ocrx_word' id='word_1_661' title='bbox 3244 3839 3310 3899; x_wconf 92' lang='lat' dir='ltr'>in</span> <span class='ocrx_word' id='word_1_662' title='bbox 3337 3856 3401 3899; x_wconf 84' lang='lat' dir='ltr'>se</span> 
     </span>
     <span class='ocr_line' id='line_1_94' title="bbox 1837 3928 3402 4010; baseline 0.003 -23"><span class='ocrx_word' id='word_1_663' title='bbox 1837 3936 1960 4002; x_wconf 89' lang='lat' dir='ltr'>est,</span> <span class='ocrx_word' id='word_1_664' title='bbox 2016 3928 2423 3990; x_wconf 90' lang='lat' dir='ltr'>nihilominus</span> <span class='ocrx_word' id='word_1_665' title='bbox 2470 3930 2537 3990; x_wconf 91' lang='lat' dir='ltr'>in</span> <span class='ocrx_word' id='word_1_666' title='bbox 2583 3929 2701 3990; x_wconf 90' lang='lat' dir='ltr'>hoc</span> <span class='ocrx_word' id='word_1_667' title='bbox 2750 3948 2877 3991; x_wconf 89' lang='lat' dir='ltr'>non</span> <span class='ocrx_word' id='word_1_668' title='bbox 2930 3937 3141 4010; x_wconf 90' lang='lat' dir='ltr'>peccat</span> <span class='ocrx_word' id='word_1_669' title='bbox 3188 3938 3402 3992; x_wconf 85' lang='lat' dir='ltr'>contra</span> 
     </span>
     <span class='ocr_line' id='line_1_95' title="bbox 1832 4021 3397 4102; baseline 0.004 -23"><span class='ocrx_word' id='word_1_670' title='bbox 1832 4027 2209 4100; x_wconf 77' lang='lat' dir='ltr'>praeceptum</span> <span class='ocrx_word' id='word_1_671' title='bbox 2256 4021 2423 4096; x_wconf 86' lang='lat' dir='ltr'>fidei,</span> <span class='ocrx_word' id='word_1_672' title='bbox 2466 4022 2569 4083; x_wconf 83' lang='lat' dir='ltr'>sed</span> <span class='ocrx_word' id='word_1_673' title='bbox 2608 4028 2851 4083; x_wconf 89' lang='lat' dir='ltr'>tantum</span> <span class='ocrx_word' id='word_1_674' title='bbox 2890 4029 3106 4084; x_wconf 88' lang='lat' dir='ltr'>contra</span> <span class='ocrx_word' id='word_1_675' title='bbox 3143 4023 3397 4102; x_wconf 84' lang='lat' dir='ltr'>aliquod</span> 
     </span>
     <span class='ocr_line' id='line_1_96' title="bbox 1833 4113 3398 4196; baseline 0.003 -23"><span class='ocrx_word' id='word_1_676' title='bbox 1833 4113 2117 4174; x_wconf 87' lang='lat' dir='ltr'>naturale</span> <span class='ocrx_word' id='word_1_677' title='bbox 2146 4121 2545 4194; x_wconf 75' lang='lat' dir='ltr'>praeceptum.</span> <span class='ocrx_word' id='word_1_678' title='bbox 2578 4117 2654 4176; x_wconf 85' lang='lat' dir='ltr'>Et</span> <span class='ocrx_word' id='word_1_679' title='bbox 2687 4118 2847 4179; x_wconf 88' lang='lat' dir='ltr'>ratio</span> <span class='ocrx_word' id='word_1_680' title='bbox 2873 4123 2967 4178; x_wconf 88' lang='lat' dir='ltr'>est</span> <span class='ocrx_word' id='word_1_681' title='bbox 2992 4135 3177 4196; x_wconf 88' lang='lat' dir='ltr'>supra</span> <span class='ocrx_word' id='word_1_682' title='bbox 3214 4118 3398 4192; x_wconf 88' lang='lat' dir='ltr'>dicta,</span> 
     </span>
     <span class='ocr_line' id='line_1_97' title="bbox 1833 4205 3401 4287; baseline 0.003 -22"><span class='ocrx_word' id='word_1_683' title='bbox 1833 4207 1983 4286; x_wconf 89' lang='lat' dir='ltr'>quia</span> <span class='ocrx_word' id='word_1_684' title='bbox 2010 4205 2113 4267; x_wconf 88' lang='lat' dir='ltr'>ille</span> <span class='ocrx_word' id='word_1_685' title='bbox 2140 4213 2290 4268; x_wconf 84' lang='lat' dir='ltr'>tunc</span> <span class='ocrx_word' id='word_1_686' title='bbox 2310 4206 2497 4269; x_wconf 86' lang='lat' dir='ltr'>habet</span> <span class='ocrx_word' id='word_1_687' title='bbox 2522 4209 2943 4287; x_wconf 78' lang='lat' dir='ltr'>ignorantiam</span> <span class='ocrx_word' id='word_1_688' title='bbox 2975 4209 3401 4270; x_wconf 83' lang='lat' dir='ltr'>invincibilem</span> 
     </span>
     <span class='ocr_line' id='line_1_98' title="bbox 1835 4299 3401 4379; baseline 0.003 -21"><span class='ocrx_word' id='word_1_689' title='bbox 1835 4299 2123 4379; x_wconf 83' lang='lat' dir='ltr'>praecepti</span> <span class='ocrx_word' id='word_1_690' title='bbox 2148 4299 2316 4376; x_wconf 86' lang='lat' dir='ltr'>fidei,</span> <span class='ocrx_word' id='word_1_691' title='bbox 2344 4308 2408 4361; x_wconf 90' lang='lat' dir='ltr'>et</span> <span class='ocrx_word' id='word_1_692' title='bbox 2424 4319 2459 4361; x_wconf 88' lang='lat' dir='ltr'>a</span> <span class='ocrx_word' id='word_1_693' title='bbox 2484 4301 2727 4363; x_wconf 78' lang='lat' dir='ltr'>fortiori</span> <span class='ocrx_word' id='word_1_694' title='bbox 2756 4303 2943 4363; x_wconf 85' lang='lat' dir='ltr'>etiam</span> <span class='ocrx_word' id='word_1_695' title='bbox 2973 4303 3219 4379; x_wconf 81' lang='lat' dir='ltr'>ignorat</span> <span class='ocrx_word' id='word_1_696' title='bbox 3244 4302 3401 4362; x_wconf 90' lang='lat' dir='ltr'>illud</span> 
     </span>
     <span class='ocr_line' id='line_1_99' title="bbox 1833 4393 3401 4472; baseline 0.002 -21"><span class='ocrx_word' id='word_1_697' title='bbox 1833 4398 2182 4472; x_wconf 86' lang='lat' dir='ltr'>peccatum,</span> <span class='ocrx_word' id='word_1_698' title='bbox 2212 4393 2381 4471; x_wconf 89' lang='lat' dir='ltr'>quod</span> <span class='ocrx_word' id='word_1_699' title='bbox 2418 4395 2774 4470; x_wconf 88' lang='lat' dir='ltr'>committit,</span> <span class='ocrx_word' id='word_1_700' title='bbox 2817 4411 2949 4455; x_wconf 84' lang='lat' dir='ltr'>esse</span> <span class='ocrx_word' id='word_1_701' title='bbox 2992 4393 3401 4472; x_wconf 87' lang='lat' dir='ltr'>impedimen-</span> 
     </span>
     <span class='ocr_line' id='line_1_100' title="bbox 1835 4485 3398 4562; baseline 0.003 -19"><span class='ocrx_word' id='word_1_702' title='bbox 1835 4491 1970 4543; x_wconf 89' lang='lat' dir='ltr'>tum</span> <span class='ocrx_word' id='word_1_703' title='bbox 1996 4485 2225 4546; x_wconf 81' lang='lat' dir='ltr'>divinee</span> <span class='ocrx_word' id='word_1_704' title='bbox 2242 4485 2739 4562; x_wconf 89' lang='lat' dir='ltr'>illuminationis,</span> <span class='ocrx_word' id='word_1_705' title='bbox 2761 4493 2824 4548; x_wconf 89' lang='lat' dir='ltr'>et</span> <span class='ocrx_word' id='word_1_706' title='bbox 2840 4485 2981 4547; x_wconf 89' lang='lat' dir='ltr'>ideo</span> <span class='ocrx_word' id='word_1_707' title='bbox 2999 4487 3144 4547; x_wconf 90' lang='lat' dir='ltr'>inde</span> <span class='ocrx_word' id='word_1_708' title='bbox 3162 4487 3398 4548; x_wconf 77' lang='lat' dir='ltr'>nullam</span> 
     </span>
     <span class='ocr_line' id='line_1_101' title="bbox 1835 4577 3399 4656; baseline 0.003 -20"><span class='ocrx_word' id='word_1_709' title='bbox 1835 4577 2163 4656; x_wconf 86' lang='lat' dir='ltr'>specialem</span> <span class='ocrx_word' id='word_1_710' title='bbox 2190 4577 2493 4638; x_wconf 86' lang='lat' dir='ltr'>malitiam</span> <span class='ocrx_word' id='word_1_711' title='bbox 2520 4579 2908 4640; x_wconf 89' lang='lat' dir='ltr'>infidelitatis</span> <span class='ocrx_word' id='word_1_712' title='bbox 2933 4579 3075 4640; x_wconf 76' lang='lat' dir='ltr'>talis</span> <span class='ocrx_word' id='word_1_713' title='bbox 3101 4587 3273 4640; x_wconf 88' lang='lat' dir='ltr'>actus</span> <span class='ocrx_word' id='word_1_714' title='bbox 3300 4599 3399 4640; x_wconf 84' lang='lat' dir='ltr'>as-</span> 
     </span>
     <span class='ocr_line' id='line_1_102' title="bbox 1835 4673 3401 4754; baseline 0.003 -22"><span class='ocrx_word' id='word_1_715' title='bbox 1835 4673 2028 4732; x_wconf 87' lang='lat' dir='ltr'>sumit</span> <span class='ocrx_word' id='word_1_716' title='bbox 2039 4688 2058 4749; x_wconf 85' lang='lat'><em>3</em></span> <span class='ocrx_word' id='word_1_717' title='bbox 2106 4673 2263 4733; x_wconf 85' lang='lat' dir='ltr'>sicut</span> <span class='ocrx_word' id='word_1_718' title='bbox 2308 4673 2415 4751; x_wconf 87' lang='lat' dir='ltr'>qui</span> <span class='ocrx_word' id='word_1_719' title='bbox 2462 4673 2609 4733; x_wconf 82' lang='lat' dir='ltr'>facit</span> <span class='ocrx_word' id='word_1_720' title='bbox 2646 4673 2884 4753; x_wconf 89' lang='lat' dir='ltr'>aliquid</span> <span class='ocrx_word' id='word_1_721' title='bbox 2914 4689 2991 4734; x_wconf 79' lang='lat' dir='ltr'>ex</span> <span class='ocrx_word' id='word_1_722' title='bbox 3036 4691 3159 4754; x_wconf 90' lang='lat' dir='ltr'>quo</span> <span class='ocrx_word' id='word_1_723' title='bbox 3210 4691 3401 4753; x_wconf 77' lang='lat' dir='ltr'>grave</span> 
     </span>
     <span class='ocr_line' id='line_1_103' title="bbox 1834 4765 3401 4845; baseline 0.001 -21"><span class='ocrx_word' id='word_1_724' title='bbox 1834 4773 2276 4826; x_wconf 85' lang='lat' dir='ltr'>nocumentum</span> <span class='ocrx_word' id='word_1_725' title='bbox 2308 4765 2408 4825; x_wconf 83' lang='lat' dir='ltr'>vel</span> <span class='ocrx_word' id='word_1_726' title='bbox 2430 4765 2751 4844; x_wconf 87' lang='lat' dir='ltr'>proprium</span> <span class='ocrx_word' id='word_1_727' title='bbox 2777 4765 2877 4828; x_wconf 79' lang='lat' dir='ltr'>vel</span> <span class='ocrx_word' id='word_1_728' title='bbox 2898 4766 3172 4827; x_wconf 87' lang='lat' dir='ltr'>alienum</span> <span class='ocrx_word' id='word_1_729' title='bbox 3198 4767 3401 4845; x_wconf 87' lang='lat' dir='ltr'>sequi-</span> 
     </span>
     <span class='ocr_line' id='line_1_104' title="bbox 1835 4857 3397 4939; baseline 0.001 -22"><span class='ocrx_word' id='word_1_730' title='bbox 1835 4864 1972 4930; x_wconf 84' lang='lat' dir='ltr'>tur,</span> <span class='ocrx_word' id='word_1_731' title='bbox 2018 4858 2071 4918; x_wconf 84' lang='lat' dir='ltr'>si</span> <span class='ocrx_word' id='word_1_732' title='bbox 2118 4857 2292 4919; x_wconf 88' lang='lat' dir='ltr'>nullo</span> <span class='ocrx_word' id='word_1_733' title='bbox 2342 4859 2527 4919; x_wconf 90' lang='lat' dir='ltr'>modo</span> <span class='ocrx_word' id='word_1_734' title='bbox 2580 4859 2881 4939; x_wconf 73' lang='lat' dir='ltr'>praevidet</span> <span class='ocrx_word' id='word_1_735' title='bbox 2928 4864 3397 4934; x_wconf 87' lang='lat' dir='ltr'>nocumentum,</span> 
     </span>
     <span class='ocr_line' id='line_1_105' title="bbox 1834 4951 3401 5032; baseline 0.001 -22"><span class='ocrx_word' id='word_1_736' title='bbox 1834 4967 1963 5011; x_wconf 90' lang='lat' dir='ltr'>non</span> <span class='ocrx_word' id='word_1_737' title='bbox 1996 4951 2330 5010; x_wconf 87' lang='lat' dir='ltr'>committit</span> <span class='ocrx_word' id='word_1_738' title='bbox 2356 4969 2434 5012; x_wconf 82' lang='lat' dir='ltr'>ex</span> <span class='ocrx_word' id='word_1_739' title='bbox 2472 4951 2579 5012; x_wconf 91' lang='lat' dir='ltr'>illo</span> <span class='ocrx_word' id='word_1_740' title='bbox 2616 4953 2815 5032; x_wconf 90' lang='lat' dir='ltr'>capite</span> <span class='ocrx_word' id='word_1_741' title='bbox 2864 4951 3187 5032; x_wconf 83' lang='lat' dir='ltr'>specialem</span> <span class='ocrx_word' id='word_1_742' title='bbox 3220 4951 3401 5012; x_wconf 87' lang='lat' dir='ltr'>mali-</span> 
     </span>
     <span class='ocr_line' id='line_1_106' title="bbox 1833 5042 3400 5122; baseline 0.001 -19"><span class='ocrx_word' id='word_1_743' title='bbox 1833 5043 2012 5115; x_wconf 85' lang='lat' dir='ltr'>tiam,</span> <span class='ocrx_word' id='word_1_744' title='bbox 2036 5042 2115 5103; x_wconf 94' lang='lat' dir='ltr'>ob</span> <span class='ocrx_word' id='word_1_745' title='bbox 2144 5042 2454 5104; x_wconf 85' lang='lat' dir='ltr'>defectum</span> <span class='ocrx_word' id='word_1_746' title='bbox 2482 5043 2839 5105; x_wconf 81' lang='lat' dir='ltr'>voluntarii.</span> <span class='ocrx_word' id='word_1_747' title='bbox 2864 5046 2954 5105; x_wconf 90' lang='lat' dir='ltr'>lta</span> <span class='ocrx_word' id='word_1_748' title='bbox 2982 5061 3131 5122; x_wconf 81' lang='lat' dir='ltr'>ergo</span> <span class='ocrx_word' id='word_1_749' title='bbox 3158 5044 3224 5103; x_wconf 91' lang='lat' dir='ltr'>in</span> <span class='ocrx_word' id='word_1_750' title='bbox 3247 5061 3400 5122; x_wconf 77' lang='lat' dir='ltr'>prae-</span> 
     </span>
     <span class='ocr_line' id='line_1_107' title="bbox 1835 5135 3401 5216; baseline 0.001 -20"><span class='ocrx_word' id='word_1_751' title='bbox 1835 5136 2021 5209; x_wconf 88' lang='lat' dir='ltr'>senti,</span> <span class='ocrx_word' id='word_1_752' title='bbox 2042 5136 2329 5214; x_wconf 79' lang='lat' dir='ltr'>quamvis</span> <span class='ocrx_word' id='word_1_753' title='bbox 2356 5135 2623 5198; x_wconf 86' lang='lat' dir='ltr'>infidelis</span> <span class='ocrx_word' id='word_1_754' title='bbox 2650 5137 2965 5216; x_wconf 82' lang='lat' dir='ltr'>peccando</span> <span class='ocrx_word' id='word_1_755' title='bbox 2990 5137 3267 5196; x_wconf 83' lang='lat' dir='ltr'>incurrat</span> <span class='ocrx_word' id='word_1_756' title='bbox 3290 5155 3401 5197; x_wconf 89' lang='lat' dir='ltr'>no·</span> 
     </span>
     <span class='ocr_line' id='line_1_108' title="bbox 1836 5228 3399 5306; baseline 0.001 -17"><span class='ocrx_word' id='word_1_757' title='bbox 1836 5235 2198 5289; x_wconf 87' lang='lat' dir='ltr'>cumentum</span> <span class='ocrx_word' id='word_1_758' title='bbox 2224 5229 2511 5290; x_wconf 66' lang='lat' dir='ltr'>carentiae</span> <span class='ocrx_word' id='word_1_759' title='bbox 2536 5228 2702 5306; x_wconf 83' lang='lat' dir='ltr'>fidei,</span> <span class='ocrx_word' id='word_1_760' title='bbox 2729 5247 2835 5291; x_wconf 89' lang='lat' dir='ltr'>seu</span> <span class='ocrx_word' id='word_1_761' title='bbox 2858 5229 3073 5290; x_wconf 83' lang='lat' dir='ltr'>auxilii</span> <span class='ocrx_word' id='word_1_762' title='bbox 3096 5229 3171 5288; x_wconf 86' lang='lat' dir='ltr'>ad</span> <span class='ocrx_word' id='word_1_763' title='bbox 3199 5228 3399 5304; x_wconf 89' lang='lat' dir='ltr'>illam,</span> 
     </span>
     <span class='ocr_line' id='line_1_109' title="bbox 1835 5320 3403 5402; baseline 0.002 -22"><span class='ocrx_word' id='word_1_764' title='bbox 1835 5322 1986 5400; x_wconf 89' lang='lat' dir='ltr'>quia</span> <span class='ocrx_word' id='word_1_765' title='bbox 2028 5327 2242 5382; x_wconf 87' lang='lat' dir='ltr'>tamen</span> <span class='ocrx_word' id='word_1_766' title='bbox 2272 5337 2397 5381; x_wconf 90' lang='lat' dir='ltr'>non</span> <span class='ocrx_word' id='word_1_767' title='bbox 2432 5321 2729 5400; x_wconf 65' lang='lat' dir='ltr'>praevidet</span> <span class='ocrx_word' id='word_1_768' title='bbox 2756 5339 2873 5382; x_wconf 90' lang='lat' dir='ltr'>nec</span> <span class='ocrx_word' id='word_1_769' title='bbox 2916 5320 3251 5402; x_wconf 60' lang='lat' dir='ltr'>praevidere</span> <span class='ocrx_word' id='word_1_770' title='bbox 3294 5339 3403 5402; x_wconf 82' lang='lat' dir='ltr'>po·</span> 
     </span>
     <span class='ocr_line' id='line_1_110' title="bbox 1835 5415 3403 5504; baseline -0.001 -26"><span class='ocrx_word' id='word_1_771' title='bbox 1835 5421 1957 5477; x_wconf 83' lang='lat' dir='ltr'>test</span> <span class='ocrx_word' id='word_1_772' title='bbox 2001 5417 2141 5478; x_wconf 83' lang='lat' dir='ltr'>talis</span> <span class='ocrx_word' id='word_1_773' title='bbox 2173 5416 2535 5478; x_wconf 87' lang='lat' dir='ltr'>nocumenti</span> <span class='ocrx_word' id='word_1_774' title='bbox 2578 5415 3090 5491; x_wconf 84' lang='lat' dir='ltr'>consecutionem,</span> <span class='ocrx_word' id='word_1_775' title='bbox 3141 5415 3223 5476; x_wconf 90' lang='lat' dir='ltr'>ab</span> <span class='ocrx_word' id='word_1_776' title='bbox 3266 5433 3403 5504; x_wconf 84' lang='lat' dir='ltr'>spe-</span> 
     </span>
     <span class='ocr_line' id='line_1_111' title="bbox 1837 5508 3037 5580; baseline 0.002 -10"><span class='ocrx_word' id='word_1_777' title='bbox 1837 5509 1980 5578; x_wconf 82' lang='lat' dir='ltr'>ciali</span> <span class='ocrx_word' id='word_1_778' title='bbox 2008 5510 2247 5575; x_wconf 85' lang='lat' dir='ltr'>malitia</span> <span class='ocrx_word' id='word_1_779' title='bbox 2276 5508 2661 5578; x_wconf 81' lang='lat' dir='ltr'>infidelitatis</span> <span class='ocrx_word' id='word_1_780' title='bbox 2691 5515 3037 5580; x_wconf 63' lang='lat' dir='ltr'>excusant.</span> 
     </span>
    </p>
   </div>
  </div>
 </body>
</html>
