3900 6217
768 424 936 479 SECT.
973 426 1030 478 V.
1067 428 1152 479 AN
1185 426 1502 483 INFIDELES
1536 430 1838 484 I’RAEmc'rl
1871 430 2124 485 pamm
2154 430 2407 485 Possim·
2441 430 2781 494 stipantem,
2816 432 2949 485 ETC.

3351 429 3470 490 455

259 522 704 585 risdictionem.
733 526 889 589 Hinc
919 544 1066 606 ergo
1095 534 1186 589 est
1222 534 1292 589 ut
1332 547 1440 590 rex
1467 529 1829 610 temporalis
1908 528 2059 591 hent
2086 538 2447 612 potestatem
2485 530 2585 593 vel
2613 550 2677 593 se
2707 531 3101 610 defendendi,
3132 533 3230 594 vel
3266 534 3470 613 pristi-

257 638 386 680 ηοη
415 620 605 699 possit
643 620 735 681 uti
760 639 870 680 sua
897 627 1198 701 potestate
1223 624 1469 701 propria
1494 624 1827 685 auctorita-

251 719 340 787 te,
383 713 582 773 donec
627 714 894 773 infidelis
933 715 1219 795 princeps
1263 718 1393 776 vim
1435 717 1662 778 inferat
1703 718 1826 777 suis

250 806 520 866 subditis
548 805 856 882 fidelibus,
885 808 1032 887 quia
1067 808 1341 870 defensio
1369 827 1492 870 non
1519 810 1706 871 habet
1734 810 1822 871 lo·

251 917 402 960 cum
438 906 582 960 ante
610 901 1108 979 aggressionem3
1135 909 1200 962 at
1233 920 1383 963 vero
1426 904 1729 979 Pontifex,
1763 910 1824 964 et

253 1010 392 1059 rex.
439 1000 510 1053 ut
544 993 624 1054 ab
653 1012 724 1054 eo
767 1003 992 1071 motus„
1021 1002 1084 1055 et
1118 1002 1412 1076 tanquam
1450 998 1825 1057 instrumen-

250 1094 394 1147 tum
423 1089 582 1166 eJuS,
613 1088 846 1167 optime
876 1095 1076 1167 potest
1101 1091 1442 1169 praevenire
1469 1091 1708 1151 ratione
1730 1108 1826 1150 so·

249 1180 380 1242 lius
424 1180 702 1261 periculi,
735 1182 884 1260 quia
927 1189 1194 1261 potestas
1235 1183 1681 1263 jurisdictionis
1723 1202 1826 1244 ex·

251 1275 542 1337 tenditur
578 1275 652 1335 ad
693 1276 1130 1355 praevenienda
1175 1275 1366 1352 mala,
1405 1294 1482 1338 ne
1512 1277 1821 1337 eveniant.

249 1370 329 1428 Et
379 1368 520 1427 haec
566 1367 884 1428 sufficiunt
935 1369 1012 1430 de
1062 1368 1364 1449 supremis
1410 1370 1822 1449 principibuS,

245 1478 414 1541 quae,
445 1466 690 1523 servata
717 1464 1137 1543 proportione,
1162 1461 1461 1543 applicari
1488 1463 1663 1525 facile
1688 1482 1823 1544 pos-

245 1562 396 1615 sunt
425 1554 506 1615 ad
529 1553 686 1616 alios
719 1556 1125 1618 intermedios
1155 1558 1623 1634 gubernatores,
1653 1564 1717 1619 et
1745 1558 1822 1619 ad

245 1667 470 1709 omnes
495 1648 780 1710 infideles
807 1668 934 1709 nou
971 1650 1248 1711 subditos
1295 1651 1598 1727 Ecclesiae,
1637 1652 1824 1731 juris-

246 1739 526 1803 dictione
561 1749 802 1803 utentcs
829 1742 991 1804 circa
1023 1744 1254 1806 fideles.

323 1838 432 1896 10.
486 1836 772 1899 Secunda
810 1838 1066 1899 assertio
1094 1862 1116 1898 .·
1145 1836 1418 1914 infideles
1455 1838 1823 1903 domininon

245 1929 482 1992 subditi
526 1928 824 1993 Ecclesia»
865 1949 983 1993 non
1017 1936 1279 2012 possunt
1325 1930 1542 1995 directe
1575 1934 1824 2015 privari

243 2022 516 2085 domanio
541 2024 612 2083 in
646 2040 848 2086 servos
883 2024 1430 2087 christianum—Et
1456 2025 1603 2086 hinc
1630 2026 1819 2087 etiam

233 2116 426 2178 facile
469 2116 799 2195 expeditur
835 2118 1175 2178 secundum
1206 2119 1559 2179 membrum
1594 2120 1670 2181 de
1697 2138 1821 2181 ser-

229 2210 328 2269 vis
355 2208 657 2271 fidelibus
694 2220 754 2271 et
784 2210 1054 2273 dominis
1097 2211 1475 2274 infidelibus
1521 2214 1672 2275 Nam
1724 2234 1820 2276 eo-

229 2306 380 2365 dem
445 2304 633 2364 modo
672 2302 1004 2365 dicendum
1039 2310 1130 2365 est
1177 2304 1291 2366 hos
1329 2306 1634 2377 domium,
1667 2308 1821 2369 alias

229 2416 364 2457 non
395 2396 686 2458 subditos
721 2398 1032 2473 Ecclesiae,
1063 2416 1192 2459 non
1232 2416 1405 2478 posse
1433 2399 1662 2461 directe
1697 2402 1821 2480 pri-

233 2490 372 2549 vari
429 2490 566 2550 suis
609 2492 800 2551 servis
842 2490 1214 2567 christianis,
1265 2491 1564 2553 indirecte
1612 2501 1820 2555 autem

229 2602 446 2664 posse.
496 2584 678 2644 Prior
711 2602 854 2665 pars
892 2592 1058 2645 certa
1105 2590 1197 2646 est
1237 2591 1298 2647 et
1333 2587 1701 2663 communie,
1744 2587 1822 2649 de

231 2696 390 2755 qua,
437 2676 607 2737 ultra
645 2678 861 2738 citatos
888 2684 1189 2753 auctoreS,
1232 2678 1430 2739 videri
1457 2684 1657 2758 potest
1685 2681 1819 2760 Syl·

229 2776 430 2843 vest„
477 2771 674 2832 verbo
717 2770 1014 2845 Furtum,
1060 2791 1123 2851 q.
1161 2772 1236 2847 63
1279 2779 1341 2833 et
1375 2773 1461 2832 ibi
1500 2773 1757 2844 Rossel.‚
1787 2792 1827 2835 a

236 2883 308 2923 η.
337 2866 452 2941 25,
489 2867 601 2945 qni
629 2873 838 2927 tamen
882 2866 1047 2927 aliud
1077 2866 1322 2927 videtur
1364 2866 1568 2927 dicere
1594 2886 1662 2927 η.
1699 2870 1781 2929 24
1799 2885 1820 2947 3

249 2957 340 3017 ibi
373 2964 590 3019 tamen
627 2960 798 3038 loqui
828 2960 1009 3020 debet
1030 2960 1106 3020 de
1135 2957 1323 3021 servis
1348 2960 1698 3021 christianis
1729 2980 1825 3023 ca-

256 3052 380 3129 ptis
413 3052 475 3113 in
495 3052 664 3114 bello
695 3054 924 3134 injusto
938 3070 958 3131 ;
981 3055 1133 3114 alias
1147 3060 1206 3113 et
1233 3053 1458 3115 falsum
1487 3054 1738 3130 diceret,
1761 3062 1822 3116 et

253 3144 368 3205 sibi
411 3152 578 3208 esset
625 3148 1010 3225 contrarius3
1040 3148 1204 3227 quod
1239 3148 1427 3208 etiam
1473 3149 1819 3210 notandum

255 3236 442 3300 estin
465 3240 710 3319 Angelo
731 3241 843 3316 ibi,
871 3261 936 3301 n.
970 3243 1068 3302 56.
1101 3242 1455 3302 Docuerunt
1497 3244 1685 3304 etiam
1729 3262 1823 3303 as-

257 3335 587 3394 sertionem
617 3336 949 3410 Navarrus,
972 3336 1036 3394 in
1073 3336 1349 3405 Summa,
1379 3354 1432 3397 c.
1481 3340 1579 3412 17,
1606 3356 1668 3399 n.
1705 3340 1818 3399 103

262 3433 318 3489 ct
353 3430 508 3503 1043
538 3434 602 3491 et
631 3428 876 3506 Covar.,
907 3430 973 3490 in
1016 3448 1145 3510 reg.
1183 3430 1532 3507 Peccatum,
1563 3434 1601 3492 2
1629 3438 1816 3511 part,

267 3522 300 3601 ξ
331 3525 423 3597 11,
451 3540 630 3583 num.
660 3524 700 3583 6
713 3542 732 3601 3
765 3531 827 3585 et
865 3522 1116 3600 Molina,
1163 3529 1315 3583 tom.
1349 3527 1370 3584 1
1430 3524 1507 3584 de
1544 3524 1816 3598 Justitia,

271 3616 408 3695 disp.
439 3618 537 3679 39.
569 3618 749 3680 Ratio
768 3624 860 3679 est
886 3617 1106 3677 similis
1131 3634 1314 3697 supra
1333 3616 1538 3692 factae,
1567 3618 1709 3696 quia
1743 3636 1820 3679 ex

273 3710 324 3767 vi
357 3711 508 3788 juris
553 3711 775 3785 divini,
817 3730 924 3771 seu
957 3710 1270 3791 baptismi,
1315 3711 1646 3771 Christiani
1691 3730 1818 3772 non

274 3802 596 3866 liberantur
627 3825 665 3866 a
697 3804 1023 3887 temporali
1051 3805 1346 3865 servitute
1373 3804 1745 3881 infidelium,
1769 3807 1820 3866 si

279 3895 353 3955 illi
403 3898 842 3978 subjacebant;
892 3916 1039 3979 ergo
1082 3916 1198 3959 nec
1241 3898 1478 3959 domini
1519 3898 1817 3977 infideleS‚

282 3988 411 4049 alias
440 4009 565 4053 non
598 3990 853 4067 subditi,
890 3996 1146 4071 possunt
1186 3990 1419 4069 privari
1447 3990 1676 4051 directe
1710 4010 1821 4073 per

283 4081 586 4145 Ecclesiam
621 4104 734 4146 suo
769 4083 1066 4145 domini0.
1107 4082 1490 4144 Antecedens
1531 4088 1822 4164 supponit

287 4178 578 4240 manifeste
605 4176 855 4253 PauluS,
883 4178 963 4237 ad
989 4177 1211 4257 Ephes.
1235 4176 1297 4252 6,
1326 4177 1577 4237 dicens:
1613 4176 1816 4249 Servi,

287 4270 473 4332 obedite
499 4270 758 4334 dominis
785 4270 1128 4334 carnalibus
1151 4270 1312 4333 siout
1341 4269 1588 4333 Christo
1601 4295 1628 4343 ;
1655 4272 1818 4349 quod

287 4364 442 4423 etiam
481 4364 672 4425 habet
698 4363 778 4424 ad
811 4363 1004 4424 Colos.
1052 4366 1114 4439 3,
1155 4370 1217 4423 et
1249 4363 1326 4422 ad
1357 4364 1478 4423 Tit.
1511 4365 1579 4439 23
1612 4374 1674 4423 et
1707 4364 1818 4423 Pe-

167 4484 178 4493 ·
285 4461 412 4531 truS,
439 4458 696 4537 epistola
741 4462 798 4533 1,
839 4476 973 4537 cap.
1006 4461 1067 4518 2.
1114 4458 1288 4518 Unde
1321 4456 1720 4535 Augustinus,
1750 4458 1818 4517 in

285 4549 415 4611 Psal.
452 4554 592 4625 1⁹24,
630 4555 794 4611 recte
840 4551 1038 4611 dixit:
1077 4550 1356 4614 Christus
1397 4566 1515 4611 non
1567 4551 1718 4627 fecit
1753 4552 1822 4612 de

285 4644 449 4705 servis
475 4644 709 4716 liberos,
739 4644 844 4706 secl
863 4645 932 4707 de
952 4643 1139 4705 malis
1165 4644 1360 4705 servis
1384 4644 1558 4705 bonos
1580 4660 1818 4715 servos,-

287 4736 422 4811 quod
457 4735 577 4796 late
607 4736 795 4796 etiam
826 4735 1005 4797 docet
1033 4754 1211 4796 conc.
1250 4738 1320 4797 31
1368 4736 1434 4795 in
1481 4734 1638 4795 Psal.
1679 4736 1795 4797 1¹8

286 4834 334 4889 et
356 4834 600 4893 nomine
631 4832 766 4911 ejus
795 4831 861 4891 in
889 4850 952 4910 q.
981 4832 1058 4893 35
1089 4830 1236 4890 novi
1265 4836 1326 4889 et
1356 4830 1577 4890 veteris
1603 4831 1818 4891 Testa-

285 4924 474 4984 menti.
508 4926 962 5003 Consequentia
987 4930 1198 4984 aut-em
1227 4929 1376 4984 nota
1404 4931 1494 4982 est
1524 4939 1600 4982 ex
1638 4940 1822 5003 supra

285 5014 456 5094 dictis,
481 5019 628 5099 quia
657 5036 800 5077 cum
824 5018 927 5078 isti
953 5016 1236 5077 infideles
1261 5032 1387 5076 non
1415 5014 1539 5074 sint
1565 5013 1817 5091 subditi,

285 5126 387 5170 non
417 5118 673 5191 possunt
691 5112 856 5191 juste
884 5110 1121 5190 privari
1155 5109 1349 5170 servis
1382 5108 1526 5169 suis.

353 5208 438 5265 11.
482 5204 750 5268 Possunt
779 5210 982 5269 tamen
1009 5202 1412 5266 indirecte.—
1443 5202 1604 5263 Idem
1634 5201 1702 5263 da
1723 5206 1820 5282 fa-

287 5300 442 5361 mulis
467 5299 796 5363 dicendum.
823 5331 904 5344 —
929 5296 1134 5358 Altera
1165 5314 1311 5357 vero
1339 5314 1481 5375 pars
1509 5294 1586 5355 de
1623 5302 1822 5375 potes-

287 5395 390 5452 tate
431 5392 731 5453 indirecta
769 5392 974 5452 locum
1027 5390 1236 5465 habet,
1288 5388 1535 5467 quando
1587 5387 1823 5448 domini

288 5482 536 5546 infideles
577 5485 786 5547 infesti
827 5490 974 5545 sunt
1015 5483 1206 5544 servis
1234 5482 1538 5557 fidelihus,
1573 5500 1825 5561 praeser-

289 5575 466 5640 timia
495 5580 681 5642 rebus
713 5576 881 5654 fidei,
909 5583 974 5639 et
997 5583 1144 5639 tunc
1173 5576 1358 5637 etiam
1385 5576 1502 5655 ipsi
1531 5576 1694 5635 servi
1716 5573 1825 5635 ha-

1907 642 2057 684 nam
2108 624 2453 686 libertatem
2507 626 2934 705 recuperandi,
2986 627 3037 686 si
3090 646 3199 706 per
3254 628 3469 705 fugam

1907 726 2163 796 possunt
2181 736 2199 796 3
2234 720 2329 781 vel
2360 726 2520 780 certe
2549 720 2856 799 principes
2890 721 3168 781 Ecclesiae
3204 730 3471 801 potesta-

1907 818 2033 871 tem
2086 812 2318 873 habent
2342 860 2357 883 ‚
2414 814 2616 893 quoad
2666 813 2781 873 hoc
2804 859 2822 887 ,
2881 814 3137 892 cogendi
3192 816 3471 879 infideles

1901 913 2153 986 propter
2198 907 2463 967 rationes
2508 925 2695 986 supra
2740 904 2979 967 factas:
3032 914 3093 967 ct
3135 908 3279 971 hinc
3325 914 3471 971 satis

1903 1000 2089 1059 etiam
2118 1008 2286 1079 patet
2310 1001 2455 1080 quid
2486 999 2817 1061 dicendum
2841 1002 2919 1061 sit
2948 1002 3008 1060 in
3037 1003 3219 1063 tertio
3248 1013 3470 1081 puncto

1905 1092 1984 1153 de
2016 1092 2288 1169 famulis,
2319 1100 2381 1153 et
2409 1100 2707 1174 potestate
2744 1095 3259 1173 patrumfamilias
3290 1099 3354 1157 in
3399 1099 3471 1159 il-

1907 1185 2021 1261 los,
2053 1205 2198 1247 nam
2247 1206 2387 1248 cum
2435 1188 2649 1248 eadem
2696 1189 3093 1267 proportione
3141 1192 3471 1270 expedien-

1907 1278 2053 1339 dum
2095 1286 2205 1341 est.
2239 1282 2412 1342 Circa
2441 1288 2731 1361 quartum
2776 1288 2983 1342 autem
3026 1291 3323 1361 punctum
3373 1303 3471 1345 oc-

1906 1374 2190 1434 currebat
2211 1375 2466 1453 quaestio
2492 1376 2718 1453 graviS,
2745 1394 2933 1455 qnam
2963 1377 3031 1436 D.
3056 1376 3323 1437 Thomas
3342 1379 3463 1454 hic,

1903 1468 2081 1527 artic.
2117 1472 2214 1543 12,
2248 1471 2494 1541 tractat,
2522 1487 2603 1529 an
2636 1469 2738 1529 isti
2766 1468 3046 1530 infideles
3075 1488 3201 1529 non
3240 1472 3471 1531 subditi

1905 1562 2142 1639 possint
2168 1560 2402 1641 privari
2442 1580 2553 1641 per
2591 1562 2719 1622 vim
2748 1561 2893 1622 filiis
2940 1562 3066 1623 suis
3104 1562 3465 1642 infantibus,

1906 1660 1978 1712 ut
2007 1654 2417 1733 baptizentur.
2463 1653 2578 1715 Sed
2620 1654 2757 1715 haec
2786 1656 3045 1733 quaestio
3086 1658 3351 1735 pertinet
3391 1657 3469 1717 ad

1905 1750 2229 1809 materiam
2259 1748 2337 1809 de
2367 1748 2694 1829 baptismO,
2722 1759 2785 1809 et
2807 1749 2979 1809 illam
3004 1752 3259 1809 tractavi
3288 1752 3468 1812 tertio

1903 1846 2096 1915 tom0,
2129 1841 2285 1921 disp.
2322 1844 2419 1915 25,
2465 1847 2608 1902 sect.
2654 1844 2713 1917 3,
2746 1849 2807 1903 et
2832 1842 2973 1903 ideo
3000 1842 3131 1904 haee
3157 1842 3470 1906 sufficiunt

1902 1934 1980 1996 de
2020 1934 2149 1996 istis
2180 1936 2531 1996 infidelibus
2561 1954 2688 1997 non
2721 1937 3003 1998 subditis.

1986 2033 2083 2091 12.
2134 2029 2369 2104 Quarta
2411 2032 2665 2093 assertio
2691 2058 2712 2090 .·
2726 2032 2969 2110 judices
3020 2030 3285 2112 infideles
3309 2078 3323 2098 .
3364 2034 3470 2113 qui

1901 2128 2007 2189 sub
2036 2144 2171 2209 φερε
2202 2126 2530 2189 christiano
2558 2127 2785 2201 vivunt,
2821 2144 2889 2188 ea
2907 2130 3203 2207 potestate
3224 2128 3471 2210 privari

1895 2226 2174 2301 possunt,
2202 2225 2329 2282 tam
2354 2220 2577 2283 directe
2605 2236 2784 2299 quam
2814 2220 3120 2282 indirecte.
3136 2255 3217 2265 —-
3238 2222 3467 2284 Proba-

1903 2319 2007 2378 tur
2028 2314 2226 2394 primo
2254 2313 2507 2376 ratione.
2541 2346 2620 2359 —-
2650 2312 2930 2373 Secundo
2962 2312 3095 2373 loco
3133 2312 3465 2375 dicendum

1903 2414 1994 2469 est
2018 2408 2095 2467 de
2120 2406 2471 2467 infidelibus
2496 2406 2755 2465 subditis
2782 2405 3163 2486 principibus
3190 2406 3467 2467 christia·

1901 2504 2020 2577 niS,
2047 2503 2121 2562 de
2150 2500 2373 2581 quibus
2414 2490 2681 2579 quatuor
2707 2499 2812 2559 illa
2839 2516 2975 2579 quae
3007 2500 3461 2579 proposuimus,

1902 2595 2131 2675 inquiri
2174 2599 2235 2655 et
2276 2593 2527 2654 tractari
2574 2598 2847 2673 possunt.
2899 2592 2965 2652 In
3006 2594 3207 2671 primo
3254 2600 3463 2654 autem

1901 2694 2132 2770 puncto
2161 2687 2236 2747 de
2260 2686 2712 2765 jurisdictione,
2742 2702 2868 2745 non
2900 2684 3084 2746 habet
3124 2686 3331 2747 locum
3360 2685 3464 2747 hic

1904 2781 2164 2862 quaestio
2209 2780 2283 2841 dc
2316 2797 2600 2859 supremo
2636 2777 2935 2859 principe,
2981 2781 3128 2859 quia
3174 2781 3466 2859 supponi-

1903 2894 2045 2935 mus
2083 2875 2196 2934 hos
2242 2872 2519 2933 infideles
2564 2871 2823 2951 alicujus
2868 2872 3140 2951 supremi
3172 2872 3463 2952 principis

1903 2967 2219 3029 christiani
2259 2986 2389 3028 esse
2437 2964 2728 3026 subditos
2777 2963 2991 3026 Solum
3036 2984 3184 3043 ergo
3233 2964 3464 3046 inquiri

1901 3070 2103 3143 potest
2132 3062 2208 3123 de
2236 3060 2627 3121 inferioribus
2650 3058 2982 3139 judicibus,
3015 3078 3121 3119 seu
3151 3058 3460 3138 guberna·

1901 3155 2139 3217 toribus
2153 3178 2171 3230 ;
2195 3156 2270 3215 de
2300 3153 2524 3235 quibus
2541 3154 2811 3213 breviter
2838 3152 3167 3213 dicendum
3197 3159 3310 3228 est,
3334 3158 3462 3213 tam

1901 3250 2153 3323 directe,
2190 3266 2376 3327 quam
2408 3246 2726 3322 indirecte,
2767 3264 2939 3326 posse
2968 3246 3302 3306 Ecclesiam
3334 3247 3463 3325 pri-

1899 3362 2046 3403 vare
2071 3342 2184 3403 hos
2213 3340 2489 3402 infideles
2517 3342 2688 3401 omni
2732 3339 2917 3399 simili
2942 3338 3366 3418 jurisdictione
3395 3340 3461 3400 in

1903 3436 2301 3510 Christianos,
2331 3453 2439 3495 seu
2476 3434 2661 3513 (quod
2696 3434 2860 3494 idem
2891 3434 3004 3510 est)
3036 3433 3355 3493 instituere
3384 3450 3461 3492 ne

1900 3530 1968 3590 in
1996 3546 2188 3607 regno
2215 3527 2548 3588 christiano
2572 3527 2783 3588 fideles
2802 3544 2912 3607 per
2929 3526 3166 3605 judices
3188 3525 3284 3586 vel
3310 3523 3463 3585 alios

1901 3622 2215 3683 ministros
2250 3619 2529 3681 infideles
2557 3620 2981 3699 gubernentur
3016 3618 3457 3697 temporaliter.

1902 3715 2174 3774 Potestas
2204 3713 2436 3774 directa
2475 3713 2802 3773 manifesta
2838 3718 2950 3783 est,
2996 3712 3141 3791 quia
3176 3712 3461 3791 princeps

1900 3806 2099 3868 fidelis
2132 3807 2322 3868 habet
2362 3808 2856 3887 jurisdictionem
2904 3806 2969 3867 in
3016 3805 3128 3865 hos
3165 3804 3459 3879 subditos,

1901 3907 1965 3962 et
2003 3908 2201 3981 potest
2238 3900 2306 3961 in
2352 3901 2478 3961 suis
2515 3900 2827 3979 judicibus
2872 3906 2935 3961 et
2982 3899 3283 3959 ministris
3326 3898 3463 3959 illas

1901 3992 2227 4073 qualitates
2252 3993 2581 4071 postulare,
2607 4012 2759 4073 quas
2782 3995 2879 4055 vel
2908 3993 2985 4054 ad
3014 3992 3339 4067 honorem,
3365 3990 3465 4053 vel

1900 4088 1979 4147 ad
2026 4088 2254 4167 justam
2301 4087 2823 4163 distributionem,
2870 4086 2970 4148 vel
3016 4088 3091 4147 ad
3140 4104 3355 4165 parem
3402 4090 3465 4145 et

1898 4182 2290 4241 securitatem
2334 4200 2459 4241 suae
2488 4181 2845 4261 reipublicae
2886 4180 3255 4241 necessarias
3301 4178 3465 4257 judi-

1899 4274 2132 4334 caverit
2150 4295 2168 4347 3
2217 4292 2365 4353 ergo
2410 4274 2529 4334 hoc
2570 4273 2755 4334 titulo
2796 4273 2973 4334 facile
3018 4277 3218 4352 potest
3248 4271 3326 4331 ab
3368 4271 3467 4331 his

1900 4366 2264 4427 muneribus
2309 4366 2552 4427 excludi
2572 4390 2590 4443 3
2621 4372 2885 4446 potestas
2918 4356 3127 4426 autem
3166 4364 3468 4426 indirecta

1899 4478 2011 4538 per
2037 4476 2100 4519 se
2128 4466 2273 4520 nota
2305 4466 2419 4537 est,
2451 4461 2595 4539 quia
2639 4460 2755 4520 hoc
2797 4460 3068 4519 maxime
3113 4458 3361 4539 expedit
3389 4458 3467 4518 ad

1899 4553 2133 4613 bonum
2160 4552 2327 4628 fidei,
2354 4572 2492 4632 quae
2520 4554 2678 4614 ratio
2707 4572 2832 4613 non
2862 4551 3062 4613 solum
3101 4558 3467 4633 potestatem

1901 4644 2007 4707 sed
2038 4646 2480 4723 obligationem
2507 4646 2796 4709 ostendit.

1986 4740 2081 4799 13.
2128 4738 2422 4813 Secundo,
2458 4757 2529 4799 ex
2558 4739 3098 4811 Paula-Tertio,
3130 4754 3203 4800 em
3217 4736 3471 4817 jure.—

1900 4832 2102 4912 Atque
2130 4832 2263 4893 haec
2298 4832 2579 4893 doctrina
2606 4839 2699 4894 est
2732 4838 3146 4894 consentanea
3191 4830 3400 4907 PauIO,
3435 4836 3463 4893 1

1901 4926 1978 4987 ad
2008 4926 2281 4987 Corinth.
2316 4927 2377 4999 6,
2410 4924 2637 4987 dicenti
2676 4948 2689 4985 ε
2723 4926 2952 4989 Frater
2986 4944 3121 4989 cum
3146 4926 3474 5005 fratreju-

1903 5019 2057 5082 dicio
2086 5017 2414 5091 contendit,
2450 5022 2509 5081 et
2536 5020 2643 5082 Ιιοσ
2671 5020 2836 5101 apud
2867 5019 3134 5099 infideles
3154 5019 3185 5080 ἕ
3218 5019 3469 5092 scilicet,

1901 5102 2021 5173 hec
2040 5124 2335 5192 tanquam
2362 5112 2721 5172 indecorum
2752 5112 3231 5190 reprehendenS,
3256 5112 3473 5191 utique

1904 5206 2153 5285 quando
2185 5204 2367 5267 vitari
2411 5212 2631 5284 potest.
2664 5207 2971 5267 Consonat
3012 5205 3201 5265 etiam
3250 5204 3399 5265 illud
3434 5208 3474 5266 2

1901 5300 1981 5360 ad
2008 5300 2286 5363 Corinth.
2316 5301 2388 5360 6:
2431 5299 2642 5363 Nolite
2662 5302 2889 5383 jupam
2920 5300 3129 5362 ducere
3160 5317 3295 5361 cum
3333 5298 3475 5375 infi-

1903 5393 2133 5455 delibus
2149 5418 2175 5465 ;
2204 5411 2376 5471 nam,
2406 5391 2551 5453 licet
2580 5393 2805 5454 habeat
2846 5392 2997 5453 alias
3038 5392 3472 5471 expositiones,

1905 5486 2094 5546 etiam
2130 5484 2261 5545 haec
2286 5493 2378 5548 est
2404 5486 2767 5565 probabiliS,
2812 5483 2910 5545 vel
2952 5492 3117 5545 certe
3150 5501 3187 5543 a
3216 5484 3478 5564 paritate

1907 5578 2167 5639 rationis
2196 5584 2389 5658 potest
2426 5578 2755 5639 efficaciter
2798 5577 3278 5639 accommodari.
3319 5576 3479 5637 1³1·ae-
