3900 6217
528 376 650 439 324

531 480 730 541 causis
755 476 901 540 fidei
937 475 1235 557 judicavit
1251 491 1270 553 ;
1313 432 1506 538 Dai'vid
1543 481 1606 536 et
1659 474 1950 536 Salomon
1997 488 2091 532 sa-

530 592 662 633 cras
732 572 968 632 litteras
1021 570 1428 649 scripserunt3
1517 570 1582 630 in
1637 565 2090 647 antiquioribus

532 665 817 727 Conciliis
895 664 1035 725 laici
1099 662 1360 725 aderant
1424 669 1487 725 et
1547 660 2015 723 subscribebant
2068 675 2087 720 z

529 760 596 821 in
635 758 906 821 Concilio
949 758 1199 837 quidem
1237 757 1602 819 Chalcedon.
1655 756 1778 817 viri
1820 753 2087 834 patricii,

529 851 811 911 consules
832 857 893 911 et
927 856 1242 910 senatores
1293 852 1360 910 in
1397 848 1690 909 omnibus
1735 846 1864 908 fere
1902 845 2089 906 actio-

527 945 712 1005 nibus
746 944 908 1004 iuter
947 944 1183 1022 legatos
1227 942 1560 1015 Pontificis‚
1596 947 1659 1002 et
1711 937 2089 1020 patriarchas

530 1039 766 1113 sedent,
817 1046 878 1099 et
923 1054 1187 1098 munera
1223 1036 1511 1115 judicum
1566 1038 1875 1107 exercent,
1921 1030 2088 1113 apud

529 1130 808 1210 Nic-eph„
841 1130 1004 1191 libro
1047 1130 1146 1205 15,
1177 1146 1310 1209 cap.
1347 1131 1443 1191 16.
1493 1128 1562 1189 ln
1607 1134 1779 1189 sexta
1811 1124 2085 1205 Synod0,

529 1225 768 1286 actione
814 1226 1040 1305 prima,
1083 1224 1419 1303 imperator
1463 1220 1795 1302 praesidere
1836 1220 2082 1292 dicitur,

526 1318 690 1396 quod
721 1324 1000 1378 servatur
1027 1316 1156 1378 fere
1210 1318 1278 1377 in
1331 1322 1461 1376 toto
1503 1314 1610 1375 illo
1663 1312 1955 1375 Concilio.
2014 1314 2088 1373 Et

527 1414 590 1469 in
649 1418 863 1471 octava
907 1410 1156 1490 Synodo
1207 1410 1490 1469 similiter
1547 1412 1766 1486 praeest
1825 1404 2089 1466 Basilius

529 1504 868 1582 Imperator
919 1522 1060 1563 cum
1113 1502 1326 1563 multis
1384 1502 1690 1581 patriciis,
1744 1506 1805 1560 et
1869 1500 1934 1559 in
1975 1498 2090 1558 eis·

527 1598 670 1657 dem
742 1597 1018 1657 conciliis
1077 1597 1218 1657 laici
1275 1594 1668 1656 subscribunt
1717 1614 1732 1653 :
1787 1594 1916 1653 imo
1974 1592 2089 1651 Ba·

526 1690 700 1750 silius
726 1691 1086 1770 Imperator,
1137 1707 1277 1749 cum
1315 1694 1640 1766 rogaretur
1680 1684 2082 1759 subscribere,

523 1782 610 1843 ait
648 1800 664 1843 :
700 1782 1301 1863 Tranquillis-simum
1331 1780 1652 1863 imperium
1689 1782 1961 1841 nostrum
2000 1796 2087 1840 se-

527 1880 730 1939 cutum
770 1878 1172 1956 praecedentes
1227 1877 1626 1955 imperatores
1649 1918 1666 1948 ,
1737 1871 2088 1935 Constanti-

525 1986 693 2045 num,
749 1968 1158 2044 Theodosium,
1218 1968 1626 2039 Martianam,
1684 1966 1818 2029 vult
1860 1963 2085 2028 descri-

525 2064 676 2139 bere,
707 2080 782 2123 ex
811 2078 933 2141 quo
965 2061 1370 2140 intelligimus
1409 2059 1562 2120 alios
1607 2058 1772 2119 idem
1819 2058 2030 2119 fecisse
2062 2074 2080 2118 :

524 2156 790 2235 denique
839 2156 906 2215 in
943 2155 1204 2215 concilio
1249 2153 1546 2215 Toletano
1597 2150 1674 2213 ΙΙΙ
1737 2158 1797 2212 et
1835 2150 2084 2211 Arausi-

525 2266 679 2309 cano
701 2250 1043 2328 reperimus
1073 2246 1259 2308 laicos
1282 2246 1723 2325 subscripsisse.

608 2345 667 2403 4.
715 2342 928 2407 Tertia
965 2340 1601 2406 sententia.-Tertia
1634 2339 1940 2400 sententia
1972 2356 2080 2399 ne-

527 2443 634 2515 gat
665 2436 916 2515 quidem
957 2435 1369 2495 necessarium
1406 2450 1559 2508 esse,
1605 2433 1795 2493 laicos
1825 2431 1902 2493 ad
1935 2450 2081 2491 con-

527 2529 738 2590 cilium
788 2527 1074 2606 generale
1131 2527 1486 2601 convenire,
1549 2526 1816 2585 affirmat
1867 2529 2080 2585 tamen

523 2640 700 2703 posse
727 2640 765 2681 a
795 2620 1088 2683 pontifice
1127 2621 1356 2692 vocari,
1401 2638 1473 2680 ac
1522 2618 1760 2680 ferendi
1799 2618 2079 2695 suffragii

520 2716 814 2777 facultate
837 2714 1074 2775 donari.
1116 2715 1206 2774 lta
1231 2713 1573 2787 Waldens„
1615 2712 1722 2773 lib.
1771 2713 1809 2771 2
1849 2710 2081 2771 Doctri-

523 2809 651 2871 nal.
684 2808 852 2883 fidei,
885 2826 938 2868 c.
972 2810 1072 2882 19,
1104 2824 1288 2885 quem
1326 2808 1516 2881 Cano,
1561 2805 1606 2866 l.
1632 2807 1695 2881 2,
1727 2822 1781 2865 c.
1813 2806 1876 2877 7,
1927 2809 1993 2865 et
2030 2802 2075 2864 l.

523 2906 586 2979 4,
621 2922 675 2963 c.
707 2905 769 2977 4,
797 2902 1065 2963 conclus.
1097 2904 1160 2976 4,
1193 2900 1438 2963 refellit.
1899 2968 1912 2979 .

605 2998 665 3057 5.
707 2996 941 3069 Quarta
963 2993 1595 3068 sententia—Quarta
1641 2994 1946 3055 sententia
1975 3010 2079 3055 ex·

521 3088 716 3151 cludit
737 3088 1080 3149 universim
1107 3086 1294 3147 laicos
1327 3106 1364 3148 a
1389 3088 1670 3164 concilio,
1697 3106 1824 3148 non
1865 3094 2077 3148 tamen

521 3183 861 3245 sacerdotes
884 3197 1259 3255 omnes,non
1275 3182 1606 3260 episcopos,
1637 3197 1763 3241 uon
1787 3178 2073 3257 abbates;

528 3292 678 3337 nam
721 3275 1017 3355 religiosi,
1087 3276 1390 3354 principue
1443 3274 1774 3336 Gener-ales
1821 3272 2076 3335 familiae

525 3370 845 3449 cujusque,
880 3375 943 3428 et
959 3368 1189 3429 similes
1206 3368 1338 3443 alii,
1363 3366 1440 3427 de
1460 3366 1598 3447 jure
1623 3367 1912 3429 videntur
1939 3384 2078 3446 per-

519 3463 720 3523 tinere
747 3462 823 3523 ad
864 3460 1231 3523 Concilium.
1281 3460 1458 3522 Unde
1503 3478 1651 3521 usus
1691 3459 1965 3521 obtinuit
2006 3464 2079 3519 ut

519 3560 960 3630 convocentur,
981 3553 1504 3633 quemadmodum
1534 3554 1767 3615 factum
1791 3553 2079 3614 videmus

523 3650 590 3709 in
625 3648 816 3709 Bullis
841 3646 990 3709 sulii
1017 3648 1119 3724 111,
1149 3652 1212 3709 et
1235 3647 1328 3708 Pii
1362 3647 1462 3725 IV,
1501 3646 1956 3709 convocationis
1997 3645 2077 3706 ad

519 3740 860 3803 Concilium
883 3741 1340 3818 Tridentinum,
1371 3746 1434 3803 et
1457 3758 1536 3803 ex
1569 3756 1705 3820 cap.
1736 3737 2074 3833 mnus,

601 3930 664 3989 6.
708 3926 926 3991 Prima
965 3928 1222 3991 assertio
1259 3929 1328 3993 de
1360 3929 1502 4005 fide.
1545 3958 1628 3975 -
1660 3926 1807 3989 Dico
1833 3927 2077 4008 primo:

520 4037 649 4081 non
689 4026 784 4081 est
814 4019 890 4081 de
927 4022 1167 4083 ratione
1203 4022 1508 4101 generalis
1533 4020 1817 4097 Concilii,
1851 4026 1924 4081 ut
1945 4036 2081 4081 om·

520 4114 631 4175 nia
656 4114 916 4175 omnino
941 4113 1220 4176 Ecclesiae
1252 4115 1533 4178 membra
1569 4114 1646 4177 ad
1671 4114 1826 4175 illud
1853 4131 2083 4177 eonve-

521 4211 723 4272 niant.
774 4209 881 4269 Est
905 4208 984 4270 de
1011 4208 1154 4285 tide,
1203 4216 1266 4271 et
1289 4209 1420 4272 fere
1453 4210 1704 4272 evidens
1741 4210 1812 4271 in
1841 4210 2083 4289 lumine

521 4302 832 4379 naturali,
869 4304 1222 4384 partimque
1248 4304 1508 4385 probata
1534 4304 1600 4366 in
1627 4300 2077 4385 superioribus,

521 4396 633 4457 ubi
663 4397 1045 4459 ostendimus
1075 4396 1143 4456 in
1169 4397 1440 4459 Ecclesia
1465 4414 1596 4460 esse
1629 4398 1915 4460 ordinem
1949 4396 2081 4459 hie-

516 4489 891 4566 rarchicum,
927 4496 990 4550 et
1015 4489 1170 4552 alios
1193 4508 1324 4553 esse
1371 4496 1642 4571 pastores
1685 4497 1748 4553 et
1774 4491 2078 4567 doctores,

519 4584 672 4645 alios
700 4585 808 4664 qui
832 4592 1166 4665 pascantur
1193 4602 1265 4646 ac
1294 4585 1631 4648 doceantur
1663 4602 1680 4647 ε
1724 4592 1936 4667 aperte
1964 4584 2081 4647 hoc

519 4676 843 4739 confirmat
889 4678 1243 4760 exemplum
1288 4680 1750 4761 Apostolorum,
1784 4681 2079 4742 Actorum

523 4770 625 4846 15,
656 4776 840 4851 atque
869 4790 1020 4833 usus
1047 4773 1456 4853 posteriorum
1483 4773 1915 4849 Consiliorum,
1940 4790 2081 4852 quse

519 4864 676 4925 illud
717 4872 860 4926 sunt
898 4867 1162 4929 imitata.
1207 4870 1531 4945 Praeterea,
1580 4872 1713 4927 tam
1750 4884 2079 4927 numerosa

522 4960 920 5037 congregatio
951 4966 1110 5021 esset
1147 4978 1396 5043 prorsus
1425 4960 1864 5041 inzpossibilis3
1913 4960 2079 5021 unde

521 5052 601 5113 ab
629 5052 930 5113 haereticis
955 5054 1260 5115 malitiose
1288 5053 1546 5115 conficta
1571 5060 1683 5127 est,
1717 5060 1789 5113 ut
1815 5053 2081 5114 auctori·

526 5152 714 5207 tatem
754 5146 1164 5207 Conciliorum
1197 5148 1532 5223 destruant,
1579 5149 1923 5225 excogitato
1954 5146 2079 5207 im·

521 5240 793 5320 possibili
825 5240 1010 5301 modo
1045 5240 1151 5302 illa
1177 5242 1616 5320 congreganda
1665 5241 1762 5302 Ad
1787 5239 1941 5315 haec,
1978 5256 2078 5299 ra-

517 5334 670 5393 tioni
697 5334 886 5394 etiam
915 5334 1181 5395 naturali
1203 5333 1586 5411 adversatur,
1617 5338 1690 5394 ut
1715 5332 1989 5393 foeminae
2016 5336 2081 5393 et

513 5426 724 5487 idiota·
749 5427 1032 5487 homiues
1055 5472 1074 5503 ,
1113 5427 1223 5506 qui
1261 5426 1418 5487 nihil
1451 5432 1759 5488 noverunt
1785 5426 1862 5487 de
1892 5424 2081 5486 tradi-

514 5519 786 5579 tionibus
809 5519 1116 5597 Ecclcsioe,
1140 5512 1302 5582 nihil
1323 5520 1400 5582 de
1418 5518 1882 5582 difficultatibus
1905 5517 2076 5594 fidei,

1729 372 1968 429 msvur.
2002 372 2088 424 XI.
2123 372 2205 424 m:
2237 374 2553 435 concitus.

2168 472 2246 537 de
2294 478 2661 541 Sanctorum
2712 474 3221 558 explicationibus
3266 478 3326 535 et
3360 474 3683 540 Pontificum

2168 569 2449 647 decretiS,
2493 578 2555 633 et
2583 570 2723 634 aliis
2754 588 2893 650 quas
2935 568 3187 629 omnino
3218 568 3540 629 necessaria
3562 578 3685 631 sunt

2169 664 2243 724 ad
2286 666 2589 745 judicium
2626 664 2950 726 ferendum
2990 662 3056 721 in
3097 659 3278 721 rebus
3322 660 3682 740 gravissimis,

2168 759 2508 839 quinetiam
2572 758 2907 839 prudentia
2966 760 3178 816 carent
3248 756 3569 815 necessaria
3619 758 3683 818 ad

2168 852 2518 913 condendas
2544 853 2733 931 leges„
2771 857 2833 912 et
2859 850 3217 909 universam
3242 845 3557 909 Ecclesiam
3590 868 3687 926 gu·

2168 943 2575 1019 bernandam,
2598 950 2701 1020 ut,
2740 944 3021 1022 inquam,
3054 940 3122 999 in
3150 937 3418 1019 generali
3446 938 3687 1004 Concilio

2164 1038 2424 1117 judiceS,
2468 1038 2769 1113 doctores,
2814 1041 2878 1096 et
2922 1032 3301 1112 legislatores
3346 1034 3687 1096 constituan-

2167 1140 2290 1193 tur.
2323 1133 2614 1206 Quamvis
2642 1132 2810 1193 enim
2840 1126 3181 1189 Concilium
3214 1126 3509 1206 praecipue
3528 1128 3691 1207 Spiri-

2168 1231 2266 1286 tus
2296 1228 2503 1289 Sancti
2528 1226 2760 1287 auxilio
2782 1230 2844 1285 et
2863 1222 3269 1302 inspiratione
3288 1220 3689 1300 perficiendum

2168 1320 2276 1397 sit,
2318 1327 2592 1382 attamen
2630 1319 2796 1381 idem
2839 1316 3104 1396 Spiritus
3144 1315 3401 1376 Sanctus
3432 1314 3606 1413 dictsff
3634 1324 3693 1377 ut

2168 1413 2451 1474 homines
2489 1411 2781 1494 prudenti
2816 1418 2877 1471 et
2913 1408 3267 1471 rationabili
3302 1408 3479 1468 modo
3506 1426 3695 1489 proce-

2168 1507 2320 1567 dant
2354 1526 2370 1579 ;
2426 1507 2635 1586 itaque
2686 1504 2997 1566 conclusio
3054 1502 3185 1563 haec
3239 1500 3569 1561 evidentior
3616 1508 3693 1562 est

2168 1618 2352 1679 quam
2391 1604 2462 1659 ut
2490 1598 2854 1679 probatione
2882 1595 3163 1674 indigeat
3185 1641 3202 1671 ,
3257 1600 3319 1654 ct
3344 1610 3416 1654 ex
3444 1596 3694 1673 sequenti

2168 1694 2434 1773 amplius
2460 1700 2748 1772 patescet.

2246 1788 2307 1847 7.
2356 1786 2640 1851 Secunda
2662 1785 2914 1849 assertio
2943 1786 3013 1847 de
3030 1782 3571 1865 fide—Probatur
3584 1782 3697 1862 pri·

2164 1897 2257 1940 -mo
2281 1896 2355 1943 ece
2386 1878 2742 1962 Scriptura.
2767 1878 3000 1938 —Dico
3020 1892 3167 1955 ergo
3192 1875 3492 1935 secundo:
3516 1874 3695 1935 nullus

2164 1972 2357 2033 laicus
2396 1979 2489 2034 est
2526 1972 2875 2034 necessario
2908 1970 2989 2032 ad
3022 1968 3365 2031 Concilium
3392 1966 3691 2041 vocandus,

2162 2072 2236 2127 ut
2254 2065 2447 2145 judex
2475 2066 2553 2126 sit
2585 2072 2648 2126 et
2675 2063 3038 2143 suffragium
3077 2059 3260 2123 ferat.
3300 2060 3404 2120 Est
3430 2059 3503 2119 de
3538 2058 3645 2120 fide
3672 2076 3689 2121 t

2163 2160 2389 2239 primo,
2418 2177 2493 2221 ex
2518 2160 2830 2238 Scriptura
2850 2157 3107 2218 docente
3130 2172 3358 2215 munus
3378 2170 3505 2213 esse
3522 2170 3691 2215 sacer-

2161 2252 2376 2313 dotum
2412 2252 2789 2333 Scripturam
2834 2268 3070 2312 sacram
3109 2256 3173 2309 et
3200 2246 3539 2307 doctrinam
3556 2245 3691 2306 'fidei

2162 2347 2499 2427 explicare,
2530 2364 2603 2407 ac
2627 2346 2873 2407 tradere
2902 2344 3072 2405 laicis
3108 2358 3128 2421 3
3172 2340 3355 2420 cujus
3396 2339 3481 2401 rei
3523 2340 3693 2401 multa

2158 2440 2513 2501 testimonia
2538 2440 2800 2501 adducta
2824 2439 3057 2499 suntin
3082 2432 3531 2515 superioribns;
3554 2450 3695 2493 nunc

2158 2533 2431 2594 breviter
2492 2550 2571 2593 ex
2624 2534 3018 2593 Testamento
3074 2528 3277 2589 veteri
3330 2526 3650 2587 ostenditur
3673 2571 3688 2599 ,

2158 2627 2375 2689 Ezech.
2403 2628 2520 2688 με
2558 2624 2915 2691 Sacerdotes
2942 2624 3172 2687 Levitoe
3199 2620 3493 2704 populum
3528 2636 3693 2681 mem

2160 2722 2465 2795 docebunt,
2508 2726 2625 2781 etc.
2662 2742 2679 2795 ;
2734 2719 2945 2797 Aggaei
2993 2714 3271 2779 secundo
3323 2729 3341 2774 z
3400 2716 3694 2795 Interroya

2165 2813 2520 2878 Sacerdotes
2562 2814 2751 2894 leyem
2774 2838 2801 2885 ,·
2848 2809 3107 2873 Malach.
3151 2806 3425 2871 secundo
3465 2829 3482 2868 ε
3528 2806 3695 2870 Labie

2162 2906 2517 2972 Sacerdotis
2554 2906 2885 2970 custodient
2918 2904 3237 2968 scientiam
3258 2948 3274 2979 ‚
3322 2908 3381 2967 et
3408 2902 3583 2980 leyem
3616 2916 3695 2960 re-

2158 3004 2409 3082 quirent
2446 3018 2519 3063 ea
2544 3016 2643 3062 ore
2662 3002 2795 3081 ejas
2811 3024 2837 3073 ;
2868 2996 3059 3059 Exod.
3094 2997 3172 3058 19
3199 3008 3233 3056 ε·
3274 2993 3511 3063 Veniam
3534 2994 3609 3056 ad
3628 2996 3689 3064 te,

2157 3098 2227 3157 ut
2268 3092 2479 3157 audiat
2504 3112 2595 3157 me
2620 3092 2909 3177 populas,
2954 3095 3014 3154 et
3041 3090 3249 3153 credat
3279 3088 3393 3151 tibi
3422 3087 3490 3150 in
3513 3104 3693 3167 perpe-

2158 3194 2329 3251 tuum
2351 3212 2379 3261 ,·
2428 3188 2669 3248 Denter.
2721 3188 2797 3248 17
2831 3206 2845 3244 :
2889 3182 2970 3248 Si
3016 3180 3360 3265 ambiguum
3395 3180 3686 3260 judiciam,

2156 3285 2301 3357 etc.,
2350 3277 2549 3343 venies
2592 3280 2675 3343 ad
2718 3278 3099 3343 Sacerdotes.
3147 3274 3323 3335 idem
3362 3276 3591 3334 constat
3634 3286 3693 3331 ex

2154 3374 2546 3435 Testamento
2567 3389 2750 3447 novo,
2780 3370 2859 3431 ad
2886 3369 3109 3449 Ephes.
3131 3367 3211 3429 4:
3247 3365 3543 3441 Quosdam
3563 3364 3696 3427 dedit

2155 3464 2473 3548 Apostolos
2494 3510 2517 3542 ,
2556 3466 2711 3529 alios
2750 3468 3024 3546 pastores
3048 3464 3106 3523 et
3134 3461 3427 3524 Doctores
3459 3484 3484 3533 ;
3509 3459 3686 3521 Actor.

2157 3561 2233 3621 20
2264 3578 2278 3621 :
2308 3558 2392 3621 In
2418 3576 2531 3641 quo
2564 3556 2849 3639 Spiritus
2874 3556 3148 3621 Sanctus
3164 3552 3383 3636 posuit
3400 3568 3503 3615 vos
3528 3548 3696 3632 Epis-

2158 3669 2330 3734 copos
2370 3670 2573 3733 reyere
2618 3650 2965 3715 Ecclesiam
3012 3647 3127 3711 Dei
3138 3673 3165 3721 ,·
3202 3646 3424 3709 Matth.
3456 3647 3494 3707 5
3526 3666 3540 3704 ε
3602 3642 3697 3710 Vos

2156 3746 2306 3810 estis
2324 3746 2436 3809 leuc
2456 3744 2667 3811 mundi
2682 3770 2709 3818 ;
2724 3749 2786 3806 et
2806 3761 2862 3805 c.
2886 3742 3002 3804 ult.
3029 3757 3046 3801 ε
3070 3741 3317 3805 Baetes
3338 3740 3547 3812 docete,
3570 3742 3694 3812 etc.;

2160 3846 2224 3902 et
2247 3842 2393 3903 Luc.
2425 3842 2503 3903 10
2534 3854 2552 3900 z
2586 3838 2705 3913 Qui
2730 3854 2833 3902 vos
2862 3836 3052 3914 audit,
3088 3854 3181 3899 me
3206 3836 3388 3900 audit
3409 3859 3436 3909 ,·
3472 3838 3533 3895 et
3556 3831 3693 3902 aliis,

2158 3932 2383 4014 quibus
2404 3950 2615 4014 supra,
2638 3931 2931 4012 disputat.
2963 3930 3026 4006 9,
3058 3935 3207 3992 sect.
3244 3934 3308 4005 5,
3338 3944 3512 3988 num.
3542 3926 3597 4001 3,
3622 3940 3699 3983 os·

2160 4026 2473 4091 tendimus
2508 4025 2793 4088 Ecclesia
2824 4024 3106 4105 regimen
3134 4022 3213 4085 ad
3242 4020 3433 4084 laicos
3470 4019 3699 4081 minime

2160 4120 2491 4203 pertinere.

2240 4215 2303 4275 8.
2348 4210 2657 4278 Probatur
2682 4210 2937 4275 secundo
2958 4228 3031 4275 ece
3056 4204 3347 4275 Conciliis
3371 4202 3701 4291 penerel.—

2164 4306 2469 4381 Secundo,
2498 4304 2801 4386 probatur
2818 4322 2896 4367 ex
2912 4303 3275 4374 traditione,
3290 4318 3431 4381 quae
3454 4298 3699 4379 primum

2159 4400 2321 4463 sumi
2348 4404 2546 4479 potest
2568 4416 2648 4460 ex
2668 4398 2960 4460 Conciliis
2986 4394 3284 4460 omnibus
3308 4390 3691 4475 generalibus.

2158 4496 2316 4557 Nam
2341 4494 2547 4555 Actor.
2583 4492 2661 4553 15
2679 4534 2701 4567 ,
2730 4490 3007 4571 Apostoli
3032 4489 3149 4570 ipsi
3176 4506 3325 4550 cum
3352 4481 3699 4567 presbyteris

2162 4586 2540 4648 conveniunt
2586 4588 2650 4646 et
2696 4583 3050 4660 definiunt3
3098 4582 3341 4661 reliqua
3390 4574 3699 4641 multitudo

2156 4678 2333 4742 audit
2372 4683 2436 4739 et
2478 4674 2709 4739 obedit.
2765 4676 2833 4737 ln
2884 4676 3135 4738 Nicoeno
3179 4674 3238 4749 1,
3282 4672 3402 4735 soli
3446 4665 3699 4751 Episcopi

2161 4774 2279 4836 318
2305 4771 2582 4852 judicant
2614 4775 2677 4830 et
2702 4768 3011 4831 definiunt
3040 4787 3057 4842 ς
3100 4773 3163 4829 et
3203 4768 3542 4846 Imperator
3566 4762 3699 4823 Con·

2160 4867 2467 4929 stantinus
2497 4864 2729 4925 fatetur
2751 4862 2899 4924 fidei
2941 4861 3363 4925 defensionem
3395 4860 3471 4921 ad
3500 4876 3560 4918 se
3588 4870 3699 4915 non

2160 4960 2493 5041 pertinere,
2537 4964 2599 5020 et
2636 4956 3035 5018 humiliorem
3076 4954 3282 5017 locum
3318 4953 3439 5015 sibi
3478 4950 3692 5029 deligit.

2160 5055 2251 5115 Ita
2277 5052 2595 5128 Eusebius„
2616 5049 2725 5111 lib.
2762 5050 2801 5109 3
2828 5048 2907 5110 de
2943 5052 3069 5109 vita
3094 5044 3483 5109 Constantini
3549 5040 3700 5104 Rufi-

2158 5164 2299 5222 nus,
2330 5144 2439 5207 lib.
2470 5148 2530 5220 1,
2574 5162 2710 5223 cap.
2742 5144 2827 5219 23
2875 5142 3176 5216 Socrates,
3207 5139 3319 5201 lib.
3354 5142 3410 5212 1,
3460 5156 3586 5217 cap.
3620 5136 3695 5205 83

2160 5240 2551 5313 The-odoret„
2580 5236 2691 5311 lib.
2717 5239 2778 5310 1,
2799 5251 2934 5315 cap.
2966 5234 3027 5295 7.
3059 5232 3129 5294 In
3150 5231 3462 5307 Chalced.,
3481 5228 3698 5290 actione

2158 5333 2361 5412 prima
2385 5377 2405 5405 ,
2446 5330 2597 5391 etin
2622 5330 2843 5407 Ephes.
2876 5326 3104 5406 primo,
3136 5325 3251 5386 soli
3278 5322 3547 5403 episcopi
3572 5336 3697 5380 con-

2158 5426 2439 5498 veniunt,
2477 5421 2629 5482 dant
2672 5419 2965 5497 suffrag-ia
3006 5424 3069 5479 et
3114 5416 3575 5479 subscribuntur
3590 5427 3610 5489 3
3644 5416 3698 5470 ct

2158 5518 2223 5579 in
2254 5519 2293 5579 8
2322 5514 2597 5597 Synodo,
2640 5530 2863 5575 canon.
2901 5514 3002 5587 17,
3040 5526 3325 5593 expresse
3352 5507 3700 5587 rejiciuntur
