3900 6217
525 366 687 421 SECT.
725 368 762 417 Ι.
799 364 882 416 ΑΝ
915 362 1210 415 CHRISTUS
1243 360 1516 415 DOUlNUS
1547 356 1983 413 cmvi-:asum
2016 354 2327 409 ECCLESIAE
2359 356 2569 409 CURAM
2601 356 2819 415 PETRO.
2854 356 2989 409 ETC.
3242 351 3355 415 281

199 474 443 537 ethnicus
467 474 528 531 et
553 460 949 549 publicanus;
988 465 1134 545 quia
1175 464 1475 525 nimirum
1509 463 1717 523 Pasto-

200 585 282 628 res
299 563 562 626 Etclesiae
583 559 856 621 habituri
881 564 1058 620 eraut
1077 562 1441 637 potestatem
1466 556 1541 617 ad
1562 571 1717 634 pras·

197 658 532 738 alpientium,
557 650 1246 727 excommunicandum,
1265 650 1628 712 solvendum
1656 651 1720 707 et

195 751 499 830 ligandum.
533 750 622 811 Ita
649 748 944 823 Hilarius,
986 745 1337 822 Anselm11S‚
1369 750 1432 806 et
1467 743 1583 805 alii·
1613 760 1721 803 ex-

193 846 454 927 positores
495 840 609 915 ibi,
659 848 721 903 et
755 840 1169 920 Augustinus,
1221 843 1494 900 tractatu
1527 836 1608 898 26
1659 840 1722 896 et

191 942 258 1000 49
279 939 338 997 in
360 938 528 997 Joan.
563 935 795 997 Verum
817 933 1070 1014 quidem
1100 938 1196 994 est
1229 950 1304 995 eo
1348 932 1484 993 loco
1519 930 1721 993 Chris-

191 1041 304 1093 tum
331 1031 651 1091 Dominum
701 1044 826 1089 non
857 1027 1094 1088 dedisse
1131 1032 1497 1107 potestatem
1528 1025 1720 1105 Apos-

189 1125 330 1199 tolis,
369 1122 468 1182 sed
507 1120 882 1201 promisisse,
932 1120 1032 1181 vel
1076 1119 1432 1199 praedixisse
1468 1118 1600 1179 fore
1645 1121 1719 1176 ut

185 1218 448 1278 haherent
491 1214 710 1291 illam3
741 1212 906 1294 quod
959 1213 1194 1274 notavit
1233 1215 1714 1285 Turrecremat.,

183 1311 322 1371 libro
346 1311 384 1369 2
407 1309 707 1384 Summae,
748 1326 881 1387 cap.
915 1310 1032 1382 773
1087 1306 1204 1367 hoc
1243 1314 1458 1367 tamen
1495 1302 1721 1365 sufficit

183 1402 478 1463 intentioni
523 1406 754 1461 nostrae
768 1446 790 1475 ,
849 1416 997 1460 nam
1047 1398 1324 1461 Christus
1363 1396 1720 1479 promissio-

183 1512 304 1555 nem
343 1494 641 1573 implevit,
697 1493 954 1555 joannis
1003 1494 1135 1555 2οε
1186 1491 1372 1556 Siout
1409 1490 1580 1554 misit
1629 1508 1723 1551 me

186 1588 364 1661 Pam,
401 1592 460 1649 et
473 1604 577 1667 syo
602 1588 784 1649 mitto
820 1603 951 1661 vos,
982 1603 1165 1666 quem
1212 1585 1417 1646 locum
1452 1582 1718 1663 cyrillus

183 1692 232 1741 et
269 1682 727 1759 Chrysostomus
775 1678 841 1739 in
884 1679 1054 1740 hunc
1081 1696 1329 1739 sensum
1359 1682 1713 1755 exponunt3

187 1779 234 1834 et
251 1772 514 1833 eamdem
543 1773 680 1833 vim
709 1772 943 1833 habent
985 1771 1176 1833 verba
1204 1770 1309 1833 illa
1347 1769 1564 1831 Matth.
1619 1767 1718 1828 ul-

191 1868 328 1939 tImo,
359 1872 418 1926 et
447 1866 642 1926 Marc.
673 1866 786 1927 ult.
827 1886 842 1923 ε
881 1866 1048 1928 Data
1073 1870 1166 1927 est
1185 1863 1338 1925 milti
1375 1861 1570 1924 omnis
1604 1877 1715 1941 po-

193 1964 362 2033 testas,
388 1964 500 2021 etc.
537 1957 987 2034 Confirmatur,
1020 1957 1316 2037 quoniam
1361 1959 1599 2015 constat
1636 1972 1714 2015 ex

190 2053 456 2130 Scriptura
477 2068 708 2113 omnes
728 2051 1048 2131 Apostolos
1070 2050 1150 2111 ab
1172 2050 1306 2130 ipso
1333 2046 1574 2111 Christo
1600 2048 1714 2107 Do-

189 2146 328 2205 mino
341 2144 752 2224 Apostolicam
767 2144 1133 2221 dignitatem
1153 2141 1478 2221 accepisse,
1492 2138 1710 2202 Matth.

192 2242 269 2311 10,
283 2240 446 2300 Marc.
476 2241 536 2311 3,
560 2239 717 2299 Luc.
747 2241 809 2314 6,
829 2239 1010 2299 Joan.
1043 2240 1146 2313 20,
1177 2237 1256 2297 ad
1274 2234 1468 2297 Galat.
1507 2238 1534 2296 1
1565 2242 1626 2295 et
1651 2236 1713 2306 2,

191 2332 248 2391 ad
274 2331 470 2410 Ephes.
509 2333 565 2406 4,
600 2338 674 2392 et
704 2334 728 2389 1
769 2330 1052 2393 Corinth.
1107 2332 1213 2402 12;
1245 2328 1322 2389 de
1347 2328 1586 2408 ratione
1605 2344 1718 2387 au-

195 2432 286 2485 tem
323 2424 634 2503 dignitatis
694 2423 1046 2503 apostolicas
1089 2428 1179 2483 est
1229 2420 1599 2501 jurisdictio,
1653 2426 1719 2481 et

198 2524 409 2595 potestas
462 2517 814 2598 spiritualis
867 2516 932 2575 in
985 2516 1347 2576 universum
1417 2512 1718 2594 populum

197 2611 413 2685 fidelem,
442 2618 512 2670 ut
540 2611 612 2671 D.
659 2611 928 2671 Thomas
966 2615 1161 2685 notat,
1188 2609 1404 2688 primoe
1433 2607 1711 2671 Corinth.

195 2706 280 2778 12,
301 2710 356 2765 et
387 2704 460 2765 ad
499 2704 650 2766 Gal.
695 2708 754 2781 1,
785 2702 894 2765 ubi
928 2703 1150 2765 Paulus
1191 2703 1378 2763 etiam
1407 2707 1715 2763 asseverat

199 2816 247 2857 se
271 2816 368 2857 non
401 2796 474 2857 ab
503 2797 847 2877 Apostolis„
875 2796 980 2861 sed
1011 2814 1049 2857 a
1076 2795 1320 2873 Christo
1351 2800 1712 2875 potestatem

205 2891 432 2968 accepisse
455 2890 522 2951 in
549 2891 932 2951 uuiversum
961 2888 1198 2960 orbem,
1231 2905 1304 2947 eo
1326 2887 1494 2967 quod
1523 2887 1602 2948 ab
1635 2886 1711 2946 il-

209 2981 258 3040 lo
293 2982 428 3043 fuerit
464 2981 814 3061 Apostolus
857 2980 1262 3053 constitutus;
1323 2996 1539 3057 quare,
1588 2986 1706 3039 etc.

204 3074 436 3150 Secundo,
453 3075 892 3154 principaliter
913 3077 1083 3152 patet
1097 3071 1403 3133 conclusio
1427 3089 1506 3131 ex
1522 3070 1713 3132 Patri·

196 3165 298 3241 bin,
323 3168 412 3245 qui
443 3168 609 3227 hanc
667 3166 1122 3227 conclusionem
1162 3182 1322 3243 saepe
1371 3164 1708 3239 affirmant,

113 3296 123 3304 -
195 3268 242 3317 et
266 3260 318 3318 in
339 3261 492 3321 illius
515 3278 708 3321 sensu
741 3277 866 3320 non
903 3276 1042 3320 raro
1081 3258 1489 3338 pronuntiant
1521 3256 1713 3336 Apos-

196 3350 313 3411 tolos
330 3352 498 3413 {uisse
519 3352 838 3431 dignitate
863 3368 1064 3431 pares.
1101 3352 1189 3411 Ita
1216 3350 1495 3412 Anaclet.
1524 3352 1707 3429 Papa,

193 3444 396 3521 epistola
433 3450 491 3522 3,
519 3447 799 3507 habetur
827 3462 962 3525 cap.
995 3446 1076 3508 Iu
1127 3462 1275 3507 novo
1307 3444 1708 3539 Testamenta,

193 3539 242 3597 21
289 3540 340 3599 cl.
375 3556 394 3616 3
437 3541 554 3601 Leo
611 3541 812 3618 Papa,
850 3556 1036 3599 ser-m.
1076 3540 1260 3599 tertio
1305 3536 1374 3596 in
1410 3537 1713 3597 Anniver-

191 3632 314 3691 sario
343 3632 799 3713 assumptionis.
835 3648 1002 3709 suae3
1048 3632 1418 3709 Cyprianus,
1478 3629 1586 3691 lib.
1629 3628 1708 3689 de

193 3724 388 3789 Unitate
423 3727 736 3799 Ecclesiae,
767 3725 1028 3787 habetur
1073 3744 1206 3803 cap.
1231 3724 1552 3805 Loquitur,
1599 3724 1704 3798 24,

191 3834 235 3894 q.
269 3820 328 3893 ¹5
360 3820 798 3900 Hieronymus,
837 3820 904 3879 in
952 3818 1012 3880 id
1061 3818 1139 3877 ad
1185 3818 1316 3880 Gal.
1353 3820 1392 3877 2
1425 3839 1440 3877 =
1473 3817 1708 3879 Restiti

191 3912 232 3971 ei
253 3913 304 3971 in
322 3914 518 3989 faciem
537 3914 852 3987 :habetur
877 3928 1012 3991 cap.
1041 3910 1306 3987 Paulus,
1335 3913 1398 3985 2,
1415 3928 1476 3989 q.
1504 3912 1566 3985 7,
1596 3910 1705 3971 ubi

189 4002 464 4066 Gratianus
497 4007 774 4086 explicat
801 4005 880 4065 de
911 4004 1262 4083 aequalitate
1303 4004 1660 4064 sanctitatis
1681 4049 1702 4079 ,

189 4096 396 4159 sednon
431 4104 607 4172 recte,
645 4098 712 4159 id
748 4098 918 4159 enim
944 4114 1144 4177 neque
1171 4096 1316 4157 sciri
1339 4104 1563 4176 potest,
1597 4115 1708 4158 ne-

189 4208 282 4265 que
305 4191 542 4253 fortasse
575 4208 806 4252 verum
836 4197 947 4252 est.
993 4191 1232 4251 Rursus
1261 4190 1703 4271 Hieronymus,

193 4284 210 4341 l
237 4291 418 4345 contra
441 4284 648 4346 Jovin.
669 4307 688 4358 3
711 4284 980 4344 Hilarius
1003 4284 1042 4343 6
1071 4283 1148 4343 de
1172 4283 1496 4359 Trinitate,
1519 4284 1704 4364 paulo

191 4382 294 4450 post
328 4378 631 4455 medium3
663 4377 854 4455 vigil.
909 4378 1093 4456 Papa,
1121 4379 1189 4438 in
1217 4376 1406 4457 Epist.
1433 4378 1702 4455 decret„

189 4483 276 4545 cap
297 4471 348 4529 7.
373 4472 597 4545 Tertio,
627 4470 929 4551 probatur
959 4471 1216 4531 assertio
1236 4488 1312 4529 ex
1346 4469 1701 4533 effectibus:

191 4558 405 4633 legimus
429 4580 700 4642 namque
742 4562 1066 4642 Apostolos
1109 4562 1484 4641 generaliter
1519 4582 1700 4641 quas-

195 4668 406 4733 cumque
433 4657 650 4717 mundi
687 4664 894 4735 partes
923 4672 1302 4735 peragrasse,
1337 4662 1402 4716 et
1443 4656 1699 4737 presby-

193 4750 318 4805 teros
339 4755 396 4808 et
415 4750 740 4830 Episcopus
767 4749 1152 4809 constituisse
1179 4754 1242 4810 et
1263 4749 1601 4825 ordinasse,
1627 4758 1698 4811 ut

191 4846 384 4901 constat
429 4860 504 4903 ex
555 4844 726 4904 Actis
776 4842 1239 4921 Apostolorum,
1297 4848 1384 4913 et,
1419 4844 1694 4923 epistolis

193 4928 354 5004 Pauli,
405 4937 501 5014 qui
550 4936 774 5017 Ephesi
821 4934 1220 4997 Timotheum
1277 4938 1683 5013 consecravit,

193 5021 359 5084 ‘litum
379 5030 684 5090 constituit
705 5030 924 5101 Cretas,
951 5034 1014 5089 et
1039 5029 1116 5091 de
1144 5028 1282 5090 aliis
1319 5046 1444 5089 non
1475 5030 1690 5109 paucis

197 5114 350 5176 videri
373 5128 559 5197 potest
585 5122 863 5202 Niceph„
898 5121 1008 5183 lib.
1047 5124 1088 5182 2
1115 5129 1177 5183 et
1223 5124 1283 5197 3,
1338 5140 1466 5202 per·
1493 5122 1692 5184 multa

197 5209 376 5283 capita.
399 5213 808 5276 Exercuerunt
831 5222 1131 5295 praeterea
1155 5222 1326 5276 actus
1365 5216 1568 5278 varios
1587 5218 1692 5295 ju-

197 5300 534 5381 risdictionis,
573 5308 915 5387 cujusmodi
941 5316 1088 5370 sunt
1129 5310 1685 5385 excommunicare,

199 5390 416 5473 seleges
441 5398 612 5477 ferre,
645 5404 796 5463 sicut
823 5410 993 5482 patet
1019 5422 1096 5466 ex
1139 5406 1166 5465 1
1221 5402 1496 5465 Corinth.
1531 5406 1592 5482 5,
1621 5406 1684 5481 6,

202 5488 250 5559 7,
275 5490 328 5548 11
360 5496 413 5550 et
436 5495 528 5555 14.

1875 460 1936 519 2.
1987 459 2117 521 Pro
2156 458 2483 520 assertione
2507 458 2809 538 praedicta
2844 458 3073 522 notatio
3106 460 3314 540 prima
3339 486 3363 522 .-

1797 552 1904 633 qui
1930 550 2209 632 Apostoli
2235 552 2478 631 proprie
2499 549 2753 629 moriat.
2780 582 2865 597 —
2890 550 3055 625 Quid
3088 553 3157 614 do
3196 552 3367 616 Bar-

1797 646 1974 719 naba,
2008 644 2077 707 ds
2100 660 2213 725 quo
2240 644 2285 705 Ζ.
2320 646 2359 703 Δ,
2388 644 2457 705 da
2485 644 2685 727 Leqib.
2720 688 2736 717 ,
2766 662 2818 707 c.
2859 646 2915 716 1,
2948 646 3064 720 fin.
3095 678 3179 693 —-
3218 646 3366 710 Tri-

1793 739 1981 820 pliois
2022 736 2351 819 diffinitatis
2380 736 2451 798 in
2472 734 2787 820 Apostolis
2812 740 3046 801 notatio
3082 742 3360 804 secunda.

1797 864 1881 881 -
1908 832 1977 893 In
2019 830 2137 892 hac
2160 836 2375 891 tamen
2402 829 2793 893 conclusione
2810 831 3189 895 advertenda
3216 840 3365 896 sunt

1800 924 2122 987 nonnulla.
2158 924 2464 1001 Primum,
2496 924 2751 987 nomine
2786 924 3223 1005 Apostolorum
3250 946 3366 989 nos

1802 1019 2152 1098 intelligere
2180 1017 2531 1090 duodecim,
2565 1018 2627 1079 S.
2673 1018 3021 1096 Matthiam,
3054 1020 3357 1095 videlicet,

1799 1112 2195 1187 includendo,
2239 1117 2303 1172 et
2347 1110 2727 1174 excludendo
2766 1112 3015 1185 sudam,
3046 1113 3177 1193 qui,
3218 1113 3365 1175 licet

1801 1206 1991 1267 fuerit
2028 1205 2107 1266 ad
2146 1204 2572 1284 Apostolatum
2618 1210 2871 1266 vocatus
2900 1253 2917 1282 ,
2982 1207 3212 1268 electus
3232 1252 3252 1284 ‚
3300 1214 3363 1268 et

1802 1298 2129 1379 Apostolus
2175 1298 2572 1373 nominatus,
2608 1304 2679 1359 ut
2726 1302 2897 1379 patet
2930 1300 3076 1361 Luc.
3110 1300 3172 1377 6,
3200 1318 3367 1362 nun·

1801 1410 1993 1473 quam
2038 1398 2253 1454 tamen
2286 1409 2499 1453 veram
2526 1392 2807 1471 Episcopi
2841 1394 3367 1455 consecrationem

1799 1491 1909 1547 aut
1922 1485 2200 1565 Apostoli
2226 1484 2721 1563 jurisdictionem
2749 1483 3043 1559 obtinuit,
3062 1502 3203 1545 cum
3227 1485 3363 1565 jam

1798 1577 2017 1657 laqueo
2048 1578 2177 1639 vita
2210 1576 2466 1653 finierit,
2512 1594 2635 1658 quo
2682 1584 2961 1657 tempore
3006 1578 3212 1639 caeteri
3258 1578 3365 1657 ju-

1803 1672 2229 1733 risdictionem
2302 1677 2695 1751 acceperunt.
2772 1670 3365 1749 comprehendimus

1797 1764 1991 1825 etiam
2034 1766 2101 1825 D.
2136 1764 2423 1839 Paulum,
2457 1764 2535 1826 de
2570 1782 2696 1844 quo
2725 1770 2789 1825 et
2822 1762 3135 1826 conclusio
3161 1772 3223 1825 et
3263 1782 3366 1825 ra-

1795 1857 1997 1919 tiones
2020 1857 2083 1918 fa
2094 1864 2209 1919 ctae
2236 1875 2411 1938 aeque
2446 1876 2521 1919 ac
2552 1858 2627 1919 de
2655 1858 2793 1919 aliis
2820 1855 3125 1936 Apostolis
3152 1874 3367 1937 proce-

1793 1949 1997 2027 dunt;
2062 1948 2139 2011 de
2185 1950 2373 2011 Beato
2414 1948 2695 2012 Bernaba
2734 1949 2897 2011 nihil
2940 1949 3094 2010 mihi
3124 1957 3362 2012 certum

1798 2049 2038 2105 constat
2065 2059 2081 2120 ;
2144 2044 2424 2107 Clemens
2478 2044 2669 2119 enim,
2728 2047 2763 2104 7
2816 2042 3360 2119 constitutionum,

1797 2153 1941 2197 eum
1984 2138 2150 2198 inter
2203 2138 2599 2217 septuaginta
2640 2136 2975 2215 Discipulos
3014 2142 3305 2198 numerat
3336 2181 3357 2212 ‚

1797 2236 1861 2293 et
1907 2232 2191 2312 quamvis
2223 2231 2359 2292 Act.
2392 2230 2631 2292 decimo
2659 2232 2841 2293 tertio
2868 2231 3135 2310 Spiritus
3176 2230 3364 2291 Sanc·

1799 2331 1898 2387 tus
1927 2325 2198 2386 dixerit:
2249 2324 2576 2409 Scyreqate
2602 2323 2757 2388 mihi
2798 2323 3063 2389 Samum
3090 2327 3147 2387 et
3187 2322 3361 2387 Bar-

1797 2420 2039 2495 nabam,
2067 2418 2137 2481 in
2160 2434 2309 2498 opus
2338 2419 2419 2481 ad
2442 2420 2603 2499 quod
2630 2420 2936 2497 assumpsi
2962 2436 3091 2493 eos,
3130 2422 3194 2479 et
3221 2435 3361 2497 pro·

1801 2516 2016 2590 pterea
2045 2528 2275 2573 nomen
2305 2510 2581 2591 Apostoli
2608 2512 2676 2571 in
2704 2511 2969 2572 Ecclesia
2994 2511 3357 2587 obtinuerit,

1797 2604 2197 2683 dubitarique
2233 2622 2359 2665 non
2393 2605 2581 2684 possit
2612 2605 2764 2683 quin
2793 2605 3122 2685 Episcopus
3148 2604 3357 2681 fuerit,

1794 2703 1865 2758 ut
1907 2716 1984 2758 ex
2013 2698 2230 2759 eodem
2258 2716 2395 2777 cap.
2440 2700 2519 2783 13
2549 2698 2891 2777 colligitur,
2920 2704 2986 2759 at
3036 2716 3161 2759 non
3211 2699 3361 2761 satis

1792 2798 2031 2853 constat
2060 2792 2238 2853 illum
2284 2775 2655 2870 digniffiem
2701 2792 3112 2871 Apostolicam
3156 2797 3359 2872 quoad

1791 2884 2006 2945 omnia
2034 2902 2173 2965 quse
2198 2886 2275 2946 de
2304 2885 2471 2947 illius
2501 2886 2743 2947 ratione
2773 2891 2941 2959 sunt,
2981 2890 3169 2963 atque
3204 2886 3360 2947 adeo

1793 2976 1996 3055 quoad
2060 2978 2473 3039 universalem
2521 2979 2985 3057 juridictionem
3043 2977 3361 3039 'obtinuis-

1791 3088 1876 3131 se.
1923 3070 2095 3131 Unde
2144 3089 2345 3151 neque
2384 3072 2647 3133 Ecclesia
2692 3072 2916 3151 aequali
2970 3072 3358 3134 solemnitate

1789 3162 2019 3224 festum
2042 3164 2195 3242 ejus,
2220 3182 2294 3225 ac
2318 3164 2581 3226 aliorum
2610 3165 3042 3245 Apostolorum
3063 3164 3351 3228 celebrat.

1793 3256 2104 3331 Secundo,
2136 3264 2230 3318 est
2274 3257 2725 3319 advertendum
2778 3260 2899 3320 tria
2943 3260 3009 3319 in
3051 3257 3357 3338 Apostolis

1794 3364 1922 3411 esse
1949 3349 2414 3428 distinguenda,
2440 3349 2725 3414 ordinem
2754 3352 3118 3428 Sacerdotii‚
3148 3367 3357 3413 eonse-

1793 3446 2135 3505 crationem
2154 3444 2602 3525 Episcopalem,
2619 3450 2682 3505 et
2705 3446 3196 3525 jurisdictionem
3214 3444 3356 3505 uni-

1791 3538 2093 3599 versalem
2120 3556 2135 3598 :
2162 3556 2301 3617 quae
2328 3539 2452 3599 tria
2478 3538 2887 3599 certissimum
2920 3545 3011 3600 est
3035 3540 3101 3599 in
3140 3539 3357 3618 singu-

1791 3628 1868 3691 lis
1883 3648 2102 3693 eorum
2132 3632 2323 3693 fuisse
2351 3631 2450 3692 vel
2468 3633 2825 3694 immediate
2853 3650 2889 3693 a
2916 3632 3157 3695 Christo
3182 3634 3351 3705 data,

1789 3724 1888 3784 vel
1917 3731 2081 3785 certe
2112 3743 2185 3787 ex
2229 3732 2541 3805 praecepto
2568 3726 2742 3804 ejus3
2774 3731 2839 3787 et
2873 3726 2950 3788 de
2976 3726 3196 3787 ordine
3222 3726 3359 3805 qui·

1785 3816 1926 3877 dem
1971 3818 2352 3895 sacerdotii,
2406 3820 2745 3879 certissima
2778 3818 2931 3880 fides
2996 3824 3087 3880 est
3136 3837 3352 3881 omnes

1789 3908 1972 3969 illum
2016 3928 2053 3971 a
2084 3910 2325 3972 Christo
2356 3912 2618 3973 Domino
2668 3912 3026 3974 immediate
3053 3914 3353 3991 accepisse

1789 4003 1905 4064 sub
1943 4010 2189 4066 noctem
2220 4006 2423 4067 Coense
2466 4005 2673 4067 verbis
2702 4006 2861 4067 illis:
2911 4007 3050 4068 Hoc
3073 4006 3255 4081 facito
3284 4009 3353 4068 in

1783 4114 1979 4160 meam
2016 4099 2649 4173 commemorationem,
2685 4104 2757 4159 ut
2780 4098 3213 4160 ‘tridentinum
3242 4099 3353 4160 de-

1785 4188 1954 4267 finit,
1996 4208 2141 4255 sess,
2185 4195 2288 4267 21,
2322 4210 2377 4253 c.
2421 4196 2482 4253 1.

1867 4286 1928 4347 3.
1981 4285 2273 4360 Quomodo
2324 4286 2549 4350 collata
2590 4287 2779 4364 suerit
2802 4284 3111 4368 Apostolis
3145 4292 3349 4369 potes-

1788 4382 1884 4441 tas
1926 4377 2409 4459 jmisdiotionis.
2455 4412 2537 4426 —
2574 4380 2665 4442 Do
2710 4380 2941 4443 noma
2974 4386 3033 4443 et
3072 4381 3349 4445 Matthia

1783 4470 2118 4553 Apostolis.
2140 4506 2221 4521 -·
2251 4474 2333 4533 De
2362 4478 2660 4553 potestate
2702 4472 2853 4534 item
2878 4473 3343 4552 jurisdictionis,

1788 4567 1943 4627 mihi
1993 4566 2192 4628 multo
2252 4564 2633 4647 probabilius
2686 4573 2819 4642 est,
2874 4583 3013 4627 eam
3062 4585 3277 4629 omnes
3308 4586 3347 4629 a

1780 4659 2021 4721 Christo
2059 4659 2321 4720 Domino
2345 4658 2703 4719 immediate
2736 4659 3058 4741 accepisse,
3094 4678 3231 4739 quae
3254 4668 3345 4721 est

1780 4754 2189 4833 antiquorum
2250 4752 2705 4829 Theologorum
2767 4753 3160 4816 communior
3204 4772 3345 4816 sen·

1777 4848 1995 4916 tentia,
2028 4848 2096 4907 in
2130 4850 2192 4922 4,
2226 4845 2290 4907 d.
2327 4847 2405 4907 18
2428 4892 2447 4921 ,
2490 4846 2591 4923 20,
2624 4848 2734 4922 24,
2773 4844 2883 4908 ubi
2927 4846 2997 4906 D.
3030 4847 3339 4921 Thomas,

1767 4940 2229 5014 Bonaventura,
2258 4938 2571 5014 Albertus,
2595 4944 2658 5000 et
2683 4938 2825 5016 alii3
2853 4938 3099 5000 Gabriel
3126 4939 3195 4999 in
3224 4916 3343 4999 Ca-

1769 5050 1920 5093 non.
1958 5032 2101 5093 lect.
2144 5034 2182 5094 3
2208 5054 2227 5108 3
2260 5032 2611 5111 cajetanus,
2638 5038 2815 5095 tract.
2847 5032 2923 5093 de
2960 5032 3341 5093 Auctoritate

1773 5126 1951 5205 Papoe
1980 5130 2042 5186 et
2068 5125 2509 5201 Consiliorum,
2539 5144 2673 5204 cap.
2698 5127 2770 5201 33
2793 5124 3109 5199 Turrian„
3136 5124 3245 5185 lib.
3270 5126 3333 5198 2,

1771 5236 1886 5297 pro
1913 5219 2187 5297 epistolis
2216 5219 2467 5295 Pontis„
2501 5238 2554 5280 c.
2586 5222 2659 5280 21
2687 5262 2705 5294 ,
2740 5225 2804 5279 et
2823 5220 2893 5279 in
2916 5216 3329 5291 Scholiis,lib.

1771 5315 1811 5373 6
1845 5312 2130 5386 constit„
2160 5330 2294 5391 cap.
2332 5315 2431 5387 12,
2462 5330 2605 5391 pag.
2635 5312 2707 5373 81
2742 5328 2763 5389 3
2800 5312 2945 5373 Soto
2971 5356 2990 5387 ,
3038 5309 3102 5369 d.
3134 5313 3235 5385 20,
3266 5328 3328 5389 q.

1772 5408 1831 5479 1,
1875 5410 1993 5466 art.
2024 5408 2054 5467 1
2087 5427 2103 5480 ;
2136 5406 2369 5482 Victor,
2403 5405 2631 5467 Relect.
2666 5409 2729 5478 2,
2765 5404 2843 5465 do
2874 5406 3175 5465 Potestate
3218 5404 3328 5464 Ec-

1765 5496 1998 5573 clesiae,
2028 5516 2093 5579 q.
2124 5503 2163 5561 2
2188 5520 2205 5575 3
2257 5498 2477 5576 castr„
2510 5502 2551 5560 2
2578 5498 2656 5560 de
2702 5498 2861 5561 Just.
2904 5496 3117 5559 hoeret.
3147 5498 3331 5575 puni·
