3900 6217
624 388 789 443 SEC'I'.
820 390 945 445 Vm.
982 389 1064 443 AN
1096 388 1498 443 tNssvaNTiA
1532 387 1631 441 DEI
1666 386 2054 441 REVELANTIS
2085 390 2183 443 SIT
2217 389 2298 443 DE
2330 386 2620 447 RATIONE,
2655 386 2790 439 E‘ru.

180 494 603 583 providentiam,
652 492 933 572 quamvis
972 493 1247 555 rationes
1281 490 1507 569 quibus
1546 488 1667 551 uti-

182 604 273 664 tur,
298 590 419 671 plus
439 588 751 651 videantur
778 586 1069 666 probare,
1096 587 1149 647 si
1182 585 1469 647 efficaces
1494 588 1659 645 sunt.

182 686 315 751 Unde
348 684 779 758 consequenter
814 679 1027 753 docet,
1059 678 1421 758 hujusmodi
1450 676 1665 739 docto·

177 798 257 843 res
294 783 345 839 et
383 776 703 853 Prophetas
748 773 1045 835 hahuisse
1091 772 1493 845 evidentiam,
1532 788 1660 831 non

178 876 367 935 tantum
386 867 701 931 revelantis
720 867 857 943 Dei,
878 866 993 931 aed
1016 867 1205 929 etiam
1230 865 1321 929 rei
1340 864 1657 937 revelatae,

183 970 420 1045 quantum
446 960 525 1021 ed
558 960 999 1038 cognitionem,
1032 979 1113 1025 cm
1137 960 1243 1033 sit,
1272 962 1343 1021 ut
1368 976 1661 1039 expresse

184 1058 393 1123 declarat
403 1078 421 1130 3
452 1072 576 1115 non
602 1059 817 1115 tamen
851 1054 1117 1135 explicat
1145 1072 1227 1117 nn
1259 1053 1364 1116 illa
1391 1052 1663 1132 cognitio

180 1156 229 1214 in
260 1152 353 1211 illis
380 1148 723 1211 hominibus
778 1155 945 1211 esset
988 1148 1147 1211 fides
1164 1194 1183 1223 ,
1246 1148 1347 1209 vel
1404 1147 1661 1211 alterius

176 1244 375 1325 speciei,
424 1260 557 1321 quae
599 1247 806 1321 potest
860 1241 983 1303 dici
1037 1242 1420 1321 prophetica.
1472 1242 1547 1301 Et
1596 1239 1661 1301 in

174 1341 297 1399 hanc
334 1334 686 1399 sententiam
723 1340 987 1398 conatur
1034 1334 1347 1399 adducere
1390 1337 1459 1395 D.
1500 1334 1661 1395 Tho-

173 1450 301 1493 mam
334 1432 389 1493 in
420 1428 530 1503 iilis
583 1427 833 1490 duobus
870 1429 1164 1503 articulis,
1214 1428 1499 1509 quamvis
1526 1427 1659 1505 ipse

176 1526 233 1586 de
255 1522 576 1584 certitudine
604 1520 852 1583 tautum
896 1522 1211 1602 loquatur,
1242 1528 1303 1583 et
1337 1518 1663 1583 evidentiae

181 1617 487 1679 mentionem
511 1634 641 1677 non
666 1616 887 1691 faciat;
918 1615 1173 1679 adducit
1196 1615 1385 1677 etiam
1408 1616 1483 1675 D.
1504 1613 1665 1674 Tho-

182 1728 383 1789 mam,q.
414 1712 485 1771 12
510 1709 587 1770 de
616 1711 902 1785 Veritat.,
928 1729 987 1771 a.
1018 1711 1077 1784 3,
1104 1716 1164 1771 et
1195 1712 1232 1771 3
1260 1713 1423 1770 cont.
1454 1708 1663 1779 Geni„

178 1824 275 1883 cap.
302 1805 419 1875 154,
450 1802 555 1865 ubi
576 1804 1012 1883 propheticam
1046 1803 1467 1883 cognitionem
1495 1818 1667 1863 com-

173 1904 310 1979 parat
332 1896 585 1959 evidenti
610 1897 951 1977 cognitioni
990 1897 1459 1977 principiorum.
1482 1896 1661 1959 Ratio

170 1998 331 2053 autem
364 1990 623 2071 cajetani
672 1999 789 2063 est,
824 1992 969 2069 quia
1008 1990 1187 2065 fidem
1232 1996 1417 2069 prout
1462 1996 1558 2051 est
1598 1990 1659 2049 in

168 2084 421 2147 communi
448 2084 625 2162 plebe
652 2084 967 2158 Ecclesiae,
996 2084 1215 2147 nititur
1241 2083 1305 2145 in
1328 2083 1663 2145 revelatio-

167 2198 227 2239 ne
248 2179 383 2239 saeta
406 2177 759 2239 doctoribus
774 2178 1091 2252 Ecclesiae,
1130 2178 1363 2241 scilicet
1390 2178 1665 2259 Prophe-

168 2273 223 2331 tis
244 2278 290 2331 et
308 2270 609 2349 Apostolis,
642 2272 757 2351 qui
774 2276 1115 2351 propterea
1144 2272 1435 2333 dicuutur
1457 2270 1666 2333 Eccle-

166 2366 247 2425 siae
269 2363 641 2425 fundamenta
668 2382 686 2437 ;
722 2384 873 2443 ergo
906 2384 1164 2440 neeesse
1203 2372 1387 2427 estut
1417 2365 1480 2425 in
1514 2364 1664 2443 ipsis

168 2458 459 2517 doctoribus
490 2463 663 2519 esset
700 2458 958 2521 evidens
996 2460 1315 2521 revelatio.
1359 2459 1665 2521 Probatur

169 2550 561 2629 consequentia,
593 2556 737 2611 tum
766 2553 911 2631 quia
944 2552 1101 2615 alias
1128 2553 1572 2633 procederetur
1596 2552 1664 2613 in

168 2644 439 2719 infinitum,
474 2644 615 2722 quia
658 2664 913 2725 semper
938 2646 1205 2709 obscura
1234 2648 1533 2709 revelatio
1565 2664 1663 2709 re-

170 2736 403 2797 solvenda
452 2744 541 2799 est
591 2736 669 2799 iu
708 2739 895 2799 aliam
934 2739 1209 2817 priorem
1239 2748 1301 2800 et
1337 2740 1664 2818 perfectio-

174 2849 297 2901 rem,
320 2837 375 2891 ut
406 2836 673 2893 testatur
718 2832 909 2893 etiam
947 2833 1017 2894 D.
1072 2833 1367 2905 ThomaS,
1402 2836 1441 2895 3
1490 2838 1657 2895 cont.

180 2922 340 2995 Gent„
365 2942 479 3002 cap.
502 2926 607 2997 40,
642 2931 773 2987 rat.
806 2928 883 2997 33
924 2944 1073 3005 ergo
1104 2926 1450 2989 sistendum
1476 2931 1571 2988 est
1598 2927 1663 2987 in

186 3015 341 3093 aliqua
360 3018 721 3079 revelatione
748 3036 887 3095 quae
903 3036 1017 3097 per
1038 3036 1105 3081 se
1122 3025 1353 3099 pateat,
1375 3038 1513 3100 quae
1536 3038 1663 3081 non

180 3110 448 3184 potestalia
486 3130 659 3186 esse,
712 3112 832 3173 nisi
868 3130 1057 3191 quam
1095 3115 1261 3175 Deus
1305 3114 1662 3177 immediate

172 3201 301 3275 facin
331 3209 441 3265 tum
483 3205 685 3267 etiam
713 3205 859 3285 quia
898 3206 1073 3280 alias,
1114 3206 1335 3287 inquit,
1366 3206 1525 3268 fides
1554 3208 1664 3267 Ec-

171 3295 323 3355 clesiae
358 3314 469 3359 nou
500 3306 679 3361 esset
708 3306 903 3374 certa,
932 3306 1241 3378 quatenus
1266 3301 1335 3361 in
1374 3301 1509 3379 ipsa
1544 3306 1661 3373 est,

170 3386 217 3446 id
234 3394 324 3463 est,
350 3389 407 3451 in
433 3396 554 3455 toto
584 3410 879 3473 corpore,
914 3400 973 3457 et
1000 3394 1063 3455 in
1092 3393 1477 3473 principibus
1502 3394 1659 3473 ejus,

170 3480 274 3556 quia
306 3501 417 3545 uon
448 3484 721 3547 haberet
738 3487 1011 3549 Ecclesia
1043 3488 1209 3549 intra
1238 3506 1307 3551 ee
1330 3493 1557 3551 testem
1586 3488 1665 3551 de

171 3574 283 3645 risu,
308 3576 513 3657 utipse
532 3580 836 3659 loquitur.
867 3580 1051 3645 Fides
1077 3586 1312 3655 autem,
1339 3588 1411 3643 ut
1432 3582 1511 3645 sit
1536 3602 1665 3647 cer-

173 3672 229 3741 ta,
244 3669 402 3731 debet
424 3673 643 3737 resolvi
672 3675 741 3737 in
767 3680 993 3737 testem
1017 3676 1356 3739 videntem.

224 3764 270 3820 7.
304 3764 561 3833 Assertio
587 3770 879 3853 negativa
896 3768 1181 3849 loquendo
1210 3771 1425 3835 saltem
1448 3773 1518 3835 do
1549 3771 1666 3836 evi-

168 3853 327 3919 dentia
344 3850 1235 3937 seminaturum—Probatur
1259 3866 1496 3929 ratione
1522 3884 1669 3948 quo-

168 3948 228 4009 ad
262 3950 585 4016 evidentiam
638 3974 845 4019 eorum
884 3957 1096 4036 quibua
1137 3960 1209 4039 fit
1247 3959 1531 4021 revelatio
1556 3958 1667 4023 im—

172 4043 383 4105 mediate.
404 4078 483 4093 -
498 4046 909 4126 confirmatur
951 4051 1235 4130 exemplo.
1252 4083 1334 4097 -
1348 4051 1665 4113 Nihilomi-

175 4150 257 4194 nus
280 4154 465 4201 assero
520 4141 900 4203 evidentiam
926 4143 1311 4205 testificantis
1347 4162 1477 4207 non
1528 4164 1665 4209 esse

180 4244 255 4301 per
274 4248 329 4291 se
359 4234 773 4297 necessariam
814 4235 881 4295 in
904 4241 1033 4299 toto
1062 4252 1323 4316 corpore
1352 4238 1663 4312 Ecclesiae,

176 4338 329 4399 neque
356 4326 535 4388 etiam
574 4327 643 4389 in
680 4327 821 4403 illis,
852 4329 958 4407 qui
987 4349 1025 4391 a
1046 4332 1178 4392 Deo
1204 4331 1515 4411 recipiunt
1553 4332 1668 4393 im-

172 4414 443 4481 mediatam
472 4422 949 4485 revelationem.
972 4424 1221 4502 Loquor
1260 4430 1469 4485 autem
1512 4444 1671 4505 prae-

170 4504 307 4584 cipue
328 4510 401 4573 de
426 4514 735 4577 evidentia
766 4517 1249 4595 supernaturali,
1282 4536 1421 4595 quae
1446 4536 1560 4598 per
1580 4519 1671 4581 lu-

170 4616 278 4661 men
303 4604 537 4685 aliquod
566 4608 847 4671 infusum
868 4610 1247 4683 conferatur,
1283 4613 1362 4672 de
1392 4630 1516 4691 qua
1539 4612 1672 4692 pla-

170 4710 227 4755 ne
260 4694 506 4777 loquitur
524 4701 883 4781 cajetanus·
912 4702 1071 4775 Quid
1098 4710 1312 4767 autem
1334 4705 1671 4767 dicendum

172 4787 228 4889 sit
249 4790 314 4851 de
338 4794 637 4857 evidentia
669 4796 941 4859 naturali
985 4816 1100 4877 per
1146 4798 1341 4879 signa,
1376 4801 1477 4862 vel
1522 4818 1670 4863 con-

168 4889 411 4959 jecturas,
442 4906 519 4949 ex
562 4889 843 4951 dicendis
884 4892 1215 4955 constabit.
1263 4894 1339 4953 Et
1378 4894 1542 4957 hanc
1570 4913 1674 4955 as-

172 4978 453 5042 sertionem
478 4988 693 5044 tenent
714 5002 935 5047 omnes
960 4984 1047 5046 illi
1070 4986 1391 5060 DoctoreS,
1422 4988 1531 5067 qui
1558 5006 1671 5051 ne-

173 5076 289 5145 gant
320 5073 679 5137 evidentiam
702 5094 841 5138 esse
864 5094 1049 5157 posse
1080 5096 1221 5139 cum
1248 5078 1398 5157 fide,
1426 5078 1671 5141 etiamsi

172 5163 231 5223 sit
252 5170 466 5229 tantum
498 5170 808 5233 evidentia
852 5171 1267 5248 testificantiS,
1311 5173 1481 5252 quod
1510 5172 1671 5235 infra

172 5256 413 5321 referam.
453 5263 709 5327 Ratione
756 5270 969 5327 autem
1012 5266 1315 5346 probatur
1362 5268 1665 5341 assertio;

176 5350 287 5425 quia
328 5353 417 5416 rel
457 5356 591 5419 hoec
618 5358 925 5421 evidentia
968 5360 1529 5433 essetnecessaria
1555 5361 1674 5423 illis

178 5449 409 5521 personis
444 5456 693 5531 propter
720 5452 1029 5533 ipsas,vel
1056 5458 1310 5533 propter
1338 5474 1483 5529 nos;
1518 5474 1675 5517 neu-

180 5539 310 5601 trum
330 5550 525 5607 autem
550 5552 645 5609 est
668 5566 885 5611 verum
906 5566 923 5622 ;
950 5566 1120 5629 ergo.
1141 5548 1445 5613 Probatur
1472 5548 1677 5615 minor

3229 380 3298 439 “11

1746 490 1958 568 quoad
1983 491 2260 571 priorem
2288 495 2548 570 partem,
2583 487 2732 567 quia
2761 487 2884 549 illis
2919 486 3302 560 doctoribus,

1744 584 1956 663 quoad
2003 604 2222 647 eorum
2275 583 2573 657 salutem,
2619 581 2968 644 sufficiebat
3007 598 3304 643 assensus

1742 676 1925 751 fidei;
1973 678 2086 739 sed
2135 677 2303 739 hunc
2355 676 2589 737 habere
2636 681 2976 755 potuerunt
3020 676 3155 736 sine
3200 675 3306 736 illu

1742 771 2088 843 evidentia3
2119 788 2272 852 ergo
2293 775 2549 850 propter
2572 770 2734 849 ipsos
2771 787 2897 831 non
2927 775 3060 831 erat
3088 786 3306 831 neees-

1744 867 1929 929 saria.
1965 866 2165 945 Major
2191 870 2385 945 patet,
2436 864 2581 944 quia
2626 882 2704 925 ex
2753 870 2928 942 parte
2957 862 3306 925 intellectus

1742 960 1903 1023 fides
1930 959 2160 1021 sufficit
2181 960 2552 1037 cuicumque
2581 957 2822 1031 viatori,
2842 963 2904 1019 et
2931 956 3010 1017 ad
3039 956 3305 1019 salutem

1744 1053 2062 1134 propriam
2099 1100 2116 1127 ,
2173 1058 2476 1132 quantum
2522 1050 2605 1112 ad
2641 1050 2941 1129 mysteria
2979 1049 3304 1123 revelata3

1740 1148 1948 1209 minor
1977 1154 2190 1209 autem
2215 1152 2388 1226 patet
2433 1164 2512 1207 ex
2563 1144 2842 1224 proxime
2885 1143 3099 1215 dictis,
3159 1142 3306 1221 quia

1742 1241 1899 1305 fides
1924 1260 2040 1322 per
2065 1260 2133 1303 se
2165 1248 2228 1303 et
2255 1242 2320 1303 in
2357 1240 2620 1319 singulis
2661 1257 2792 1301 non
2843 1238 3105 1316 requirit
3141 1238 3306 1299 hane

1744 1336 2160 1409 evidentiam3
2194 1354 2344 1415 ergo
2393 1350 2599 1413 neque
2642 1334 2707 1395 iu
2755 1332 2877 1395 illis
2910 1332 3197 1413 personis
3235 1332 3308 1395 il-

1743 1430 1871 1493 lam
1892 1430 2247 1493 necessario
2277 1430 2569 1510 postulat.
2595 1428 2900 1489 Probatur
2923 1444 3308 1505 consequen-

1744 1524 1852 1596 tia,
1900 1525 2050 1602 quia
2075 1524 2234 1585 fides
2270 1523 2552 1585 omnium
2583 1525 2677 1583 est
2705 1520 2986 1600 ejusdem
3021 1520 3302 1591 rationis,

1748 1624 1810 1681 et
1840 1636 2091 1697 semper
2129 1618 2428 1679 fundatur
2455 1618 2522 1679 in
2555 1616 2762 1677 divino
2799 1615 3152 1677 testimonio
3193 1631 3308 1692 per

1748 1731 1817 1775 se
1850 1732 1923 1773 ac
1973 1712 2338 1784 formaliter,
2393 1710 2722 1789 solumque
2781 1715 2876 1770 est
2929 1708 3304 1783 differentia,

1746 1805 1917 1885 quod
1957 1807 2074 1869 hoc
2114 1804 2540 1869 testimonium
2593 1802 2954 1871 immediate
3005 1802 3124 1863 illis
3166 1820 3305 1880 pro-

1745 1902 2018 1979 ponitur,
2051 1900 2234 1961 nobis
2255 1905 2463 1961 autem
2494 1916 2608 1977 per
2631 1897 2831 1976 ipsos;
2867 1896 2997 1957 haec
3021 1913 3170 1957 vero
3195 1893 3306 1955 dif-

1744 1992 2012 2057 ferentia
2041 1993 2458 2055 accidentaria
2501 1995 2625 2063 est,
2671 2010 2880 2069 neque
2929 1990 3200 2069 postulat
3237 1989 3306 2052 il·

1742 2088 1869 2151 lam
1910 2088 2288 2151 evidentiam
2301 2104 2320 2163 3
2349 2105 2520 2161 ergo.
2570 2086 2873 2147 Probatur
2914 2084 3129 2146 ultima
3161 2102 3304 2163 pars

1744 2183 2025 2255 minoi-ie,
2057 2182 2202 2260 quia
2229 2182 2373 2243 licet
2418 2182 2586 2241 Deus
2615 2179 2972 2241 immediate
2999 2183 3308 2257 proponat

1745 2278 1931 2339 alicui
1973 2294 2160 2337 suum
2195 2274 2653 2347 testimonium,
2709 2280 2914 2353 potest
2953 2290 3304 2351 proponere

1743 2379 1813 2433 ut
1844 2370 2166 2435 evidenter
2187 2369 2503 2443 credibile,
2534 2374 2596 2431 et
2615 2386 2742 2429 non
2773 2373 2846 2428 ut
2861 2366 3116 2427 evidens
3135 2361 3306 2444 quod

1744 2466 1827 2528 ita
1874 2466 1973 2539 sit,
2013 2470 2078 2527 et
2117 2464 2238 2527 hoc
2277 2462 2500 2525 suffieit
2543 2462 2624 2523 ad
2663 2461 2890 2532 fidem,
2921 2466 2992 2523 ut
3029 2460 3094 2521 in
3125 2458 3306 2521 nohis

1743 2566 1945 2639 patet;
2009 2578 2160 2638 ergo
2220 2558 2410 2620 etiam
2456 2558 2520 2617 in
2579 2556 2698 2619 illis
2737 2555 2938 2635 potuit
2990 2554 3300 2615 sufficere.

1744 2651 2204 2731 Consequentia
2234 2650 2492 2713 evidens
2517 2656 2634 2723 cst,
2675 2656 2735 2711 et
2763 2649 2968 2728 major
2999 2648 3186 2709 etiam
3217 2646 3306 2725 vi-

1744 2748 1931 2807 detur
1963 2764 2078 2824 per
2104 2763 2172 2805 se
2209 2744 2562 2816 manifesta,
2597 2742 2744 2823 quia
2783 2742 2954 2820 quod
2993 2744 3162 2803 Deus
3195 2759 3307 2819 po·

1744 2846 1865 2901 test
1892 2840 2100 2901 facere
2135 2855 2250 2918 per
2283 2837 2622 2908 ministros,
2673 2836 2869 2899 multo
2907 2835 3150 2897 facilius
3194 2852 3305 2914 po-

1742 2938 1864 2996 test
1909 2934 2117 2996 facere
2149 2951 2266 3011 per
2305 2930 2616 3011 seipsum3
2653 2950 2801 3011 ergo
2839 2930 2891 2989 si
2935 2948 3050 3009 per
3091 2929 3306 2993 minis·

1744 3033 1875 3089 tros
1904 3026 2052 3089 facit
2093 3024 2414 3089 evidenter
2451 3022 2746 3085 credibile
2795 3042 2978 3085 suum
3025 3022 3306 3085 testimo·

1744 3122 1943 3194 nium,
1983 3118 2226 3181 etiamsi
2273 3118 2430 3181 illud
2467 3117 2787 3181 evidenter
2827 3136 2954 3179 non
2993 3117 3302 3188 ostendat,

1744 3214 1913 3279 idem
1972 3217 2177 3293 potest
2232 3212 2440 3273 facere
2506 3228 2621 3291 per
2683 3213 2980 3289 seipsum.
3055 3210 3308 3273 Accedit

1746 3308 1937 3386 quod,
1971 3306 2286 3386 loquendo
2315 3306 2393 3367 de
2423 3305 2803 3378 bominibus,
2823 3304 3183 3384 hujusmodi
3210 3321 3307 3365 re·

1744 3400 2090 3463 velationes
2115 3398 2488 3479 regulariter
2521 3398 2758 3461 fiebant
2781 3416 2896 3478 per
2922 3398 3206 3476 angelos,
3240 3402 3308 3461 ut

1744 3495 1915 3556 idem
1962 3493 2296 3571 Gajetanus
2351 3510 2494 3553 cum
2541 3493 2616 3553 D.
2661 3492 2902 3555 Thema
2935 3491 3189 3564 fatetur,
3237 3491 3301 3553 d.

1746 3593 1964 3668 quaest.
1997 3590 2138 3660 171,
2169 3586 2344 3647 artic.
2381 3588 2456 3659 Ως
2491 3604 2640 3664 ergo
2675 3584 2834 3647 sicut
2853 3587 3042 3659 Deus,
3075 3584 3308 3647 docens

1748 3682 2058 3760 quosdam
2083 3680 2368 3744 homines
2395 3698 2510 3758 per
2533 3678 2688 3740 alios
2735 3678 3044 3749 homines,
3081 3696 3310 3758 propo-

1744 3776 1839 3841 nit
1868 3774 2252 3857 sufficienter
2277 3772 2469 3833 fidem
2499 3772 2633 3833 sine
2659 3770 2974 3833 evidentia
2997 3772 3112 3833 Dei
3139 3770 3310 3833 testi-

1747 3868 2014 3941 ficantis,
2063 3867 2152 3927 ita
2187 3872 2394 3945 potest
2441 3865 2608 3926 idem
2637 3864 2844 3927 faeere
2884 3884 2998 3943 per
3024 3865 3306 3944 angeIOS‚

1748 3962 1897 4041 quia
1934 3981 2050 4042 per
2075 3960 2214 4023 illos
2259 3960 2618 4022 immediate
2646 3958 2938 4039 proponit
2977 3958 3168 4021 fldem
3199 3956 3311 4019 ali-

1747 4056 1976 4135 quibus
2001 4054 2391 4126 hominibus;
2426 4052 2600 4115 nulla
2641 4053 2807 4115 enim
2843 4052 3181 4131 probabilis
3209 4070 3310 4113 ra-

1746 4150 1835 4211 tio
1862 4148 2228 4210 differentiae
2257 4146 2566 4227 assignari
2592 4150 2817 4223 potest.
2853 4146 2928 4205 Et
2959 4145 3313 4208 declaratur

1749 4244 1983 4323 optime
2018 4242 2304 4320 exemplo
2333 4239 2729 4305 revelationis
2759 4238 2936 4301 factae
2968 4238 3308 4311 Zachariae,

1750 4343 1813 4398 et
1839 4338 1909 4399 B.
1942 4334 2204 4413 Virgini,
2229 4336 2376 4397 Luc.
2406 4338 2470 4409 1,
2487 4352 2638 4395 nam
2661 4332 2974 4395 Zachariae
3001 4331 3164 4395 faeta
3194 4334 3311 4402 cst,

1751 4430 1836 4491 ita
1885 4435 1957 4490 ut
2005 4428 2320 4491 sufficeret
2367 4427 2450 4489 ad
2503 4426 2908 4495 credendum,
2965 4425 3110 4487 ideo
3148 4424 3314 4487 enim

1753 4522 2080 4602 culpabilis
2124 4522 2240 4583 fuit
2287 4540 2416 4583 non
2469 4520 2678 4583 statim
2720 4518 3079 4591 credend03
3118 4524 3182 4579 et
3221 4524 3316 4579 ia·

1752 4635 1901 4677 men
1950 4615 2094 4677 tulis
2143 4614 2438 4677 revelatio
2491 4632 2620 4675 non
2665 4614 2782 4673 fuit
2825 4632 2968 4674 cum
3005 4611 3316 4673 evidentia

1754 4708 2164 4781 testificantis,
2190 4708 2344 4769 alias
2372 4707 2660 4769 dubitare
2687 4724 2816 4767 non
2841 4711 3074 4785 posset,
3105 4722 3314 4784 neque

1754 4820 2082 4864 assensum
2110 4801 2470 4874 continere;
2505 4802 2697 4861 Beata
2725 4803 2938 4861 autem
2973 4798 3162 4879 Virgo
3196 4804 3318 4859 sla-

1752 4898 1863 4958 tim
1894 4894 2154 4957 credidit
2197 4912 2386 4974 quam
2416 4894 2685 4973 primum
2719 4892 3062 4972 prudenter
3085 4892 3312 4971 potuit,

1752 4994 1817 5051 et
1837 5008 1968 5051 non
1996 4995 2090 5052 est
2111 4988 2442 5051 verisimile
2471 4987 2768 5047 habuisse
2797 4985 3172 5047 evidentiam
3197 4992 3316 5047 tes-

1752 5082 2079 5158 tificantis,
2121 5082 2275 5145 elias
2317 5100 2446 5145 non
2488 5081 2708 5143 fuisset
2756 5080 2892 5159 ejus
2942 5078 3101 5141 fides
3145 5084 3318 5141 tanta

1750 5177 1941 5239 laude
1975 5177 2188 5258 digna,
2231 5178 2357 5239 imo
2399 5194 2518 5237 nee
2545 5175 2810 5237 fortasse
2853 5173 3072 5234 fuisset
3113 5171 3315 5243 fides;

1756 5289 1907 5349 ergo
1935 5270 2125 5332 etiam
2165 5272 2232 5331 in
2275 5270 2374 5333 his
2421 5266 2924 5339 revelationibuS,
2958 5282 3100 5341 quae
3143 5263 3321 5325 factae

1756 5370 1905 5427 sunt
1940 5364 2298 5427 doctoribus
2335 5362 2650 5435 Ecclesia»,
2676 5360 2775 5423 vel
2813 5357 3161 5437 Prophetis,
3191 5374 3318 5417 non

1754 5457 1872 5521 fuit
1902 5456 2258 5519 necessaria
2287 5454 2596 5517 evidentia
2624 5458 2878 5534 propter
2909 5451 3098 5528 ipses.

1838 5554 1900 5613 8.
1944 5548 2172 5615 Deinde
2199 5550 2267 5614 de
2290 5548 2585 5616 evidentia
2609 5564 2811 5610 eorum
2833 5542 3042 5629 quihus
3063 5546 3140 5625 fit
3167 5560 3328 5605 rovo-
