3900 6217
848 386 1021 450 stac-T.
1056 394 1137 445 vt.
1174 387 1259 445 AN
1292 388 1573 447 nnuma
1605 390 1769 445 me
1803 387 2094 445 'rt-:neom
2125 388 2454 457 cnssvEmT,
2493 390 2628 446 ETC.
2661 434 2670 444 .

124 510 253 555 cum
274 498 493 555 tamen
511 493 793 557 Ecclesia
821 500 1107 555 creatura
1128 494 1207 556 sit
1228 512 1245 567 ;
1270 494 1355 555 ita
1378 512 1527 555 vero
1542 493 1697 571 legit

124 586 457 667 Epiphan.,
494 586 557 649 in
586 588 895 661 Anchor.,
923 587 1085 649 circa
1112 587 1333 660 finem,
1364 586 1695 649 referendo

123 678 487 761 Symbolum
517 680 797 753 Patrum,
829 681 1000 761 quod
1028 682 1177 743 dicit
1200 681 1402 743 teneri
1457 681 1541 741 ab
1580 682 1699 741 Ec-

122 772 345 845 clesia3
380 774 615 836 eodem
636 775 825 837 modo
858 776 1013 855 legit
1040 775 1304 855 cyrillus
1359 773 1700 837 Hierosoli-

122 868 417 941 mitanas,
440 868 699 930 Catech.
732 870 832 940 18,
860 874 922 929 et
946 868 1092 930 dicit
1122 868 1293 929 illam
1328 867 1699 947 particulam

128 960 267 1043 poni
292 960 367 1019 in
396 960 715 1041 symbolo,
746 967 814 1022 ut
837 961 1061 1025 fideles
1096 961 1345 1041 fugiant
1378 959 1701 1023 conventi-

132 1054 261 1117 cula
290 1054 757 1127 haereticorum,
791 1060 854 1117 et
885 1060 1289 1134 perseverent
1310 1054 1377 1117 in
1418 1052 1699 1115 Ecclesia

126 1146 535 1219 Catholica,in
562 1165 689 1225 qua
712 1148 917 1209 renati
944 1153 1090 1210 sunt
1111 1166 1143 1221 ς.
1160 1152 1221 1209 et
1253 1147 1479 1209 eodem
1508 1146 1699 1207 modo

124 1241 289 1317 loqui
322 1238 583 1301 videtur
616 1240 1061 1322 HieronymuS,
1092 1241 1157 1302 in
1195 1241 1455 1321 Dialogo
1483 1244 1701 1301 contra

120 1331 577 1408 Luciferianos,
611 1340 675 1395 et
698 1333 967 1397 refertur
1007 1333 1195 1395 etiam
1224 1352 1302 1395 ex
1324 1330 1699 1413 Augustino,

118 1428 179 1485 in
204 1444 355 1506 cap.
379 1429 405 1488 1
436 1428 510 1488 do
536 1424 909 1501 Consecrat„
940 1426 1210 1488 distinct.
1234 1430 1291 1489 t.

196 1522 297 1582 12.
348 1518 457 1583 Aa
472 1522 751 1603 primum
763 1522 1087 1583 membrum
1104 1520 1415 1603 responsio
1442 1521 1525 1583 D.
1550 1520 1705 1583 Tko-

126 1637 249 1678 πυτ.
282 1649 365 1661 -
396 1612 681 1677 Facilior
698 1614 995 1695 reponsio.
1025 1646 1103 1659 —
1136 1615 1231 1675 Ad
1256 1614 1532 1693 priorem
1560 1631 1706 1691 par-

130 1717 249 1771 tem
266 1706 619 1787 respondet
641 1709 714 1768 D.
734 1706 1027 1781 ThomaS,
1052 1707 1293 1788 fideleS,
1322 1726 1435 1787 per
1452 1706 1705 1785 symbo-

127 1806 249 1865 lum
271 1800 562 1881 profiteri
590 1799 783 1863 fidem
808 1801 993 1865 totius
1022 1800 1311 1863 Ecclesiae
1344 1800 1701 1871 Catholicae,

125 1902 181 1958 et
210 1897 367 1975 quia
414 1893 703 1957 EccleSIa
731 1912 983 1975 semper
1031 1894 1226 1955 credit
1248 1893 1313 1953 in
1355 1895 1551 1953 Deum
1577 1891 1705 1953 fide

118 1989 389 2051 formata
419 2034 439 2060 ,
493 1987 785 2067 quamvis
836 2006 967 2049 non
1014 1986 1242 2064 singuli
1296 1986 1377 2047 de
1428 1985 1705 2047 Ecclesia

117 2100 375 2161 semper
423 2080 515 2158 ita
552 2080 837 2153 credant,
889 2080 1035 2159 quia
1065 2098 1193 2139 non
1232 2097 1453 2140 omnes
1480 2077 1561 2139 de
1590 2080 1707 2139 Ec-

116 2176 302 2236 etesia
310 2175 483 2253 justi
502 2178 675 2245 suut,
691 2172 837 2234 licet
857 2171 920 2231 in
938 2172 1205 2233 Ecclesia
1214 2172 1366 2253 justi
1383 2189 1709 2251 nunquam

115 2267 455 2339 deficiant,
512 2264 761 2327 ratione
816 2283 1085 2343 quorum
1130 2264 1411 2327 Ecclesia
1478 2264 1707 2327 dicitur

116 2362 379 2423 credere
414 2360 489 2419 in
521 2360 727 2421 Deum
780 2357 905 2421 tide
937 2358 1225 2446 formata,
1286 2364 1347 2420 et
1398 2358 1541 2419 ideo
1584 2358 1704 2419 hoc

122 2454 507 2535 proponitur
572 2452 639 2513 in
690 2452 979 2531 symbolo
1040 2452 1300 2533 singulis
1366 2451 1657 2515 fidelibus
1685 2495 1700 2525 ,

128 2549 289 2627 quod
306 2555 409 2609 est
442 2546 857 2625 probabiliter
874 2546 1141 2618 dictum;
1172 2546 1319 2625 quia
1337 2563 1487 2605 vero
1516 2562 1709 2605 unus-

128 2644 392 2721 quisque
424 2637 643 2701 fidelis
674 2638 929 2718 quando
974 2637 1303 2701 confitetur
1338 2637 1554 2709 fidem,
1580 2654 1709 2697 non

126 2736 408 2819 quuitur
456 2734 529 2795 in
586 2751 863 2811 persona
912 2733 1226 2804 Ecclesiae,
1272 2732 1388 2793 sed
1431 2730 1706 2810 propria,

128 2828 564 2891 necessarium
597 2826 843 2889 videtur
870 2831 939 2887 ut
958 2826 1063 2887 illa
1084 2826 1274 2887 verba
1304 2824 1547 2905 possint
1563 2840 1711 2885 vere

140 2922 261 2983 dici
300 2942 341 2981 a
370 2920 637 3001 singulis
660 2918 983 2993 fidelihus,
1020 2918 1086 2979 in
1131 2918 1384 2999 proprIa
1412 2934 1707 2997 persona,

152 3014 391 3075 etiamsi
414 3014 529 3073 sint
546 3013 613 3073 in
640 3018 807 3073 statu
832 3011 1095 3092 peccati.
1127 3011 1301 3074 Unde
1327 3010 1571 3073 facilius
1586 3009 1711 3071 dici

146 3114 345 3187 potest
370 3108 541 3167 illam
580 3106 983 3186 particulam,
1038 3106 1107 3167 in
1136 3106 1353 3179 Deum,
1388 3122 1518 3165 non
1548 3119 1715 3165 sem-

138 3222 253 3282 per
302 3202 513 3263 dicere
572 3199 1011 3261 habitudinem
1064 3197 1213 3259 fidei
1258 3196 1568 3271 formatae,
1600 3194 1715 3258 sed

140 3297 289 3357 satis
324 3313 467 3357 esse
524 3299 597 3354 ut
649 3292 817 3354 dicat
868 3292 1304 3353 habitudinem
1352 3288 1713 3370 principalis

138 3391 357 3469 objecti
394 3388 581 3461 fidei,
610 3387 713 3449 vel
766 3385 955 3449 etiam
994 3385 1195 3447 ultimi
1226 3384 1370 3445 finis
1398 3382 1716 3463 diligibilis

136 3503 321 3563 super
346 3483 596 3559 omnia,
620 3480 861 3543 etiamsi
891 3479 1153 3541 fortasse
1183 3496 1223 3539 a
1250 3477 1545 3539 credente
1570 3486 1719 3538 actu

140 3598 263 3639 non
284 3578 616 3659 diligatur.
660 3575 761 3637 Sic
783 3574 951 3637 enim
970 3573 1261 3653 legimuS,
1290 3573 1475 3635 Joan.
1508 3574 1607 3646 12,
1636 3571 1715 3635 de

142 3671 566 3752 quibusdam:
597 3671 691 3732 Et
714 3668 1093 3731 crediderunt
1126 3668 1193 3729 in
1212 3684 1365 3740 eum,
1390 3664 1628 3727 scilicet
1651 3666 1715 3725 in

141 3766 484 3839 Christum,
516 3760 847 3843 dequibus
876 3760 1082 3821 statim
1113 3759 1541 3839 subjungitur:
1574 3756 1723 3823 Non

140 3859 594 3936 confitebant-ur
611 3856 813 3927 illum,
838 3852 985 3935 quia
1006 3852 1351 3917 dilexerunt
1376 3851 1572 3933 maffia
1592 3851 1723 3932 ylo·

140 3951 297 4016 riam
334 3951 679 4025 hominum,
712 3967 893 4031 quam
936 3948 1165 4020 Dum,-
1208 3953 1271 4007 et
1302 3950 1325 4007 1
1382 3945 1613 4007 Joanu.
1654 3946 1717 4019 5,

146 4046 413 4109 dicimur
460 4043 727 4105 credere
768 4042 835 4103 in
876 4040 1303 4103 testimonium
1339 4038 1475 4113 Dei,
1506 4037 1571 4099 id
1598 4040 1717 4113 est,

156 4141 511 4203 testimonio
544 4141 704 4217 ejus.

240 4239 337 4297 13.
374 4235 479 4299 Διί
522 4234 851 4299 secundum
902 4231 1245 4295 membrum.
1282 4262 1363 4277 --
1412 4228 1722 4293 Cavendm

168 4332 487 4395 Erasmus.
506 4360 595 4375 —
614 4330 817 4407 Atque
849 4326 993 4387 hinc
1016 4323 1384 4403 responderi
1412 4328 1620 4404 potest
1642 4321 1727 4383 ad

162 4426 419 4489 alteram
452 4428 725 4504 partem,
746 4418 1130 4483 admittendo
1146 4418 1485 4481 lectionem
1527 4417 1723 4489 illam,

156 4519 415 4581 credere
450 4518 517 4579 in
552 4515 899 4577 Ecclesiam
926 4530 1118 4575 unam
1156 4517 1222 4573 et
1250 4516 1557 4583 sanctam,
1600 4528 1727 4571 non

158 4612 517 4693 significare
558 4610 991 4671 habitudinem
1044 4606 1129 4669 ad
1177 4606 1465 4667 ultimum
1508 4604 1724 4677 finem,

158 4709 275 4771 sed
299 4708 408 4771 vel
432 4712 685 4771 tantum
708 4704 789 4767 ad
813 4704 1147 4783 objectum·
1166 4700 1497 4773 creditum,
1528 4698 1613 4761 ita
1661 4702 1731 4758 nt

160 4804 427 4867 credere
452 4802 525 4863 in
551 4804 830 4863 sanctam
868 4796 1233 4869 Ecclesiam,
1264 4794 1419 4855 nihil
1448 4791 1621 4854 aliud
1653 4790 1733 4855 sit

162 4916 357 4977 quam
412 4895 675 4959 credere
722 4894 893 4955 illam
934 4908 1073 4954 esse
1105 4906 1299 4951 unam
1330 4894 1393 4949 et
1421 4891 1725 4959 sanctam,

162 4992 261 5053 vel
300 4991 387 5053 ad
420 5006 763 5061 summum,
792 4992 889 5047 est
924 4982 1181 5045 credere
1231 4981 1343 5055 illi,
1388 4986 1459 5043 ιιι
1501 4979 1737 5060 regulae

164 5084 477 5147 infallibili
517 5081 669 5143 fidei
714 5079 1094 5152 testificanti,
1138 5080 1201 5139 et
1246 5074 1621 5155 proponenti
1658 5090 1737 5135 ex

164 5180 449 5241 motione
480 5175 745 5256 Spiritus
772 5171 1003 5235 Sancti.
1030 5172 1099 5232 In
1128 5188 1253 5249 quo
1274 5166 1591 5230 cavendus
1644 5170 1737 5226 est

166 5271 401 5335 modus
424 5270 597 5349 loqui
636 5266 901 5339 Erasmi,
950 5265 1013 5327 in
1042 5263 1291 5341 dialogo
1318 5260 1397 5323 de
1442 5260 1615 5333 Fide,
1648 5258 1737 5319 di-

170 5366 371 5427 centis
402 5382 471 5427 se
498 5380 631 5427 non
668 5359 927 5423 credere
968 5357 1037 5419 in
1062 5354 1423 5428 Ecclesiam,
1460 5352 1617 5432 ,qnia
1646 5356 1741 5413 est

176 5458 575 5539 congregatio
628 5454 985 5525 hominum,
1034 5466 1174 5531 quae
1230 5448 1448 5511 fallere
1496 5450 1735 5527 potest;

178 5572 321 5617 nam
346 5553 493 5617 licet
528 5548 838 5623 Ecclesia,
867 5552 937 5611 ut
968 5548 1213 5611 constat
1247 5561 1325 5605 ex
1356 5539 1736 5615 hominibuS,

1776 500 1988 572 posset
2021 511 2097 553 ex
2126 495 2246 555 hac
2273 500 2452 574 parte
2477 494 2607 555 falli
2640 500 2707 556 et
2729 492 2976 565 fallere,
3009 498 3082 554 ut
3131 498 3342 553 tamen

1778 587 2017 667 regitur
2059 588 2139 649 ab
2172 588 2406 668 Spiritu
2439 588 2691 660 Sancto,
2723 592 2820 649 est
2847 586 3124 649 columna
3149 592 3208 649 et
3236 586 3349 661 fir·

1778 686 2150 745 neomeniam
2171 682 2472 755 veritatis,
2519 684 2547 741 1
2589 680 2672 741 ad
2691 680 2915 741 Timet.
2954 680 3014 739 2.
3049 678 3152 739 Sic·
3200 696 3350 758 ergo

1779 780 1992 853 posset
2008 774 2075 834 in
2093 775 2260 835 bono
2282 793 2470 835 sensu
2495 773 2646 835 dici:
2671 771 2854 836 Credo
2889 773 2960 833 in
2981 771 3344 845 Ecclesiam,

1780 866 1939 929 sicut
1993 868 2188 930 Exod.
2253 870 2328 929 14
2371 867 2634 929 dicitur:
2673 865 3069 930 &ediderunt
3120 865 3242 927 Deo
3291 866 3352 925 et

1779 962 1989 1041 Moysi
1999 986 2026 1033 ;
2057 961 2210 1023 etin
2237 962 2504 1023 Hebraeo
2531 961 2835 1021 habetur:
2874 960 2960 1021 In
2984 959 3180 1020 Deum
3201 960 3259 1019 et
3283 957 3352 1018 in

1778 1055 2052 1133 Momm
2066 1080 2090 1127 ;
2119 1053 2272 1116 etin
2293 1053 2519 1115 Psalm.
2549 1055 2629 1116 70
2647 1053 2870 1115 dicitur
2893 1071 2908 1111 :
2935 1050 3066 1115 Nec
3093 1050 3330 1113 credide

1781 1152 1929 1211 runt
1979 1148 2049 1211 in
2093 1146 2474 1213 mirabilibus
2511 1148 2664 1225 ojus.
2697 1146 3110 1208 NihilomInus
3137 1149 3352 1205 tamen

1780 1240 2012 1301 veritas
2051 1240 2236 1301 estin
2267 1240 2564 1319 Symbolo
2599 1258 2729 1301 non
2767 1238 3023 1301 haberi:
3075 1236 3258 1301 Credo
3285 1236 3354 1298 in

1783 1337 2080 1406 sanctam,
2119 1332 2261 1395 sed:
2303 1332 2488 1397 Credo
2539 1336 2818 1396 sanctam
2865 1331 3235 1403 Ecclesiam,
3285 1334 3356 1389 ut

1786 1426 1865 1487 sit
1890 1444 1996 1488 res
2035 1426 2292 1500 credita,
2339 1443 2468 1487 non
2507 1426 2668 1487 ratio
2712 1425 2814 1487 vel
2843 1418 2986 1485 finis
3029 1422 3348 1497 credendi,

1786 1526 1848 1583 et
1876 1520 1964 1580 ita
1992 1520 2260 1581 habetur
2288 1518 2706 1581 communiter
2732 1518 2795 1578 in
2827 1516 3124 1596 Symbolo
3149 1516 3356 1577 Eccle-

1786 1615 1915 1686 siae,
1949 1620 2011 1677 et
2055 1615 2116 1675 in
2163 1613 2474 1686 Conciliis,
2526 1619 2588 1675 et
2617 1612 2914 1675 admonet
2942 1611 3352 1691 Augustinus,

1787 1724 2063 1771 sermon.
2095 1707 2212 1767 115
2231 1705 2310 1767 de
2335 1707 2666 1785 Tempore,
2715 1710 2777 1765 et
2809 1722 2947 1783 cap.
2995 1704 3098 1777 12,
3123 1707 3187 1764 et
3209 1702 3352 1763 libr.

1787 1800 1865 1863 de
1902 1800 2054 1863 Fide
2086 1806 2149 1863 et
2177 1799 2502 1878 Symbolo,
2551 1798 2738 1877 capit.
2773 1800 2872 1871 10,
2901 1802 2962 1859 et
2992 1796 3154 1857 alius
3182 1796 3356 1858 locus

1788 1913 1865 1958 ex
1927 1894 2192 1957 Decreto
2250 1893 2474 1954 citatus
2545 1892 2612 1951 in
2676 1891 2898 1953 Codice
2971 1889 3358 1969 Gregoriano

1787 1986 2158 2049 emendatus
2171 1994 2296 2059 est3
2327 1990 2392 2046 et
2405 1985 2666 2046 Marion.
2694 1985 2922 2045 Victor.
2943 1983 3130 2045 etiam
3149 2001 3360 2044 corre-

1790 2080 1880 2141 xit
1905 2080 2206 2143 lectiones
2255 2078 2640 2157 Hieronymi,
2664 2080 2844 2154 juxta
2865 2076 3247 2156 antiquiores
3293 2080 3360 2136 et

1791 2174 2068 2235 veriores
2113 2172 2396 2244 codices3
2447 2171 2552 2233 -sic
2607 2172 2798 2233 etiam
2853 2170 3075 2251 legunt
3123 2162 3352 2231 E'useb.

1788 2268 2122 2333 Emissen..
2153 2284 2342 2328 serm.
2388 2270 2410 2325 t
2458 2269 2522 2326 et
2548 2267 2586 2325 2
2619 2263 2699 2327 de
2734 2264 3062 2344 Symbolo;
3097 2262 3356 2335 Ruffin.,

1790 2360 2182 2440 chrysolog„
2217 2366 2278 2421 et
2314 2358 2416 2419 alii
2450 2358 2556 2437 qui
2585 2357 2666 2419 de
2717 2357 3005 2437 symbolo
3049 2356 3354 2429 scribunt,

1788 2454 2150 2533 Epiphanus
2174 2472 2324 2515 vero
2353 2456 2418 2515 et
2465 2451 2728 2531 Cyrillus
2751 2469 2882 2514 non
2899 2450 3191 2513 videntur
3229 2455 3359 2510 tam

1790 2555 2082 2609 accurate
2109 2545 2462 2609 distinxisse
2492 2546 2653 2608 inter
2678 2544 2786 2606 illa
2813 2545 3026 2620 verba,
3055 2562 3198 2605 cum
3221 2562 3360 2623 par-

1790 2641 1980 2703 ticula
2009 2640 2099 2715 in,
2146 2639 2246 2702 vel
2269 2639 2404 2701 sine
2451 2638 2582 2713 illa,
2617 2645 2680 2701 et
2717 2639 2858 2701 ideo
2904 2640 2992 2700 ita
3037 2636 3358 2717 scripsisse

1791 2735 2104 2799 videntur.

2414 2874 2627 2927 SECTIO
2659 2876 2738 2927 Vl.

1804 3012 2028 3077 Utrum
2051 3011 2311 3075 materia
2328 3012 2472 3091 fidei
2509 3030 2788 3075 successu
2819 3018 3152 3096 temporum
3175 3034 3363 3081 crete·

2031 3105 2146 3179 rit,
2187 3104 2282 3169 vel
2315 3104 2621 3169 interdum
2647 3106 2886 3171 minuta
2905 3109 3120 3186 suerit.

1877 3297 1935 3356 1.
1979 3292 2340 3375 Reponitur
2380 3309 2598 3356 smne
2641 3296 3016 3375 qwoestionis.
3039 3328 3122 3343 -
3146 3298 3365 3362 Eccle-

1796 3386 1903 3451 sioe
1932 3389 2062 3452 tria
2098 3391 2386 3466 tempora.
2418 3418 2502 3433 —
2529 3387 2601 3448 In
2642 3388 2760 3448 hac
2789 3389 3154 3467 quaestione,
3205 3392 3369 3453 sicut

1796 3480 1862 3541 in
1910 3479 2316 3560 praecedenti,
2355 3498 2561 3541 sermo
2592 3486 2688 3542 est
2731 3480 2809 3541 de
2839 3484 3102 3544 materia
3153 3502 3268 3564 per
3295 3503 3363 3545 se

1796 3573 1943 3637 fidei
1968 3593 1984 3646 ς
2014 3572 2244 3635 namin
2259 3571 2745 3634 accidentalibus
2766 3573 2946 3635 facile
2976 3582 3182 3655 potest
3209 3578 3376 3638 acci-.

1802 3666 1956 3731 dere
2005 3666 2291 3739 mutatio,
2345 3671 2413 3727 ut
2444 3666 2630 3727 etiam
2675 3667 3058 3741 videbimus3
3101 3672 3366 3732 materia

1800 3766 2016 3823 autem
2069 3778 2184 3840 per
2213 3778 2280 3819 se
2312 3758 2462 3821 fidei
2504 3764 2632 3821 tota
2669 3762 2992 3823 reducitur
3044 3763 3126 3824 ad
3153 3765 3388 3841 eugub.

1799 3855 2038 3917 tionem
2097 3854 2541 3935 mysteriorum
2604 3855 2739 3931 Dei,
2799 3861 2870 3917 ut
2915 3858 3085 3918 Deus
3142 3861 3258 3933 est,
3303 3866 3370 3922 et

1801 3949 2046 4021 Christi,
2095 3953 2166 4009 ιιι
2203 3947 2566 4027 redemptor
2605 3954 2724 4025 est,
2758 3952 2939 4028 juxta
2985 3950 3175 4012 illud:
3209 3953 3368 4017 Hoec

1803 4048 1891 4107 est
1916 4042 2049 4107 vita
2089 4046 2340 4115 oeterna,
2385 4045 2458 4103 ut
2489 4048 2850 4122 coynoecant
2877 4048 2934 4105 to
2955 4044 3152 4107 solum
3175 4046 3370 4107 Deum

1801 4155 2034 4213 verum,
2059 4142 2118 4203 et
2159 4154 2331 4218 quem
2374 4134 2608 4199 misisti
2651 4136 2864 4199 Jesum
2914 4136 3224 4202 Christum
3239 4165 3266 4214 ,·
3309 4146 3373 4202 et

1802 4232 1891 4293 ita
1936 4248 2162 4293 sensus
2211 4228 2570 4310 quaestionis
2627 4236 2742 4306 est,
2797 4248 2880 4292 an
2917 4231 3051 4295 haec
3098 4234 3372 4313 cognitio

1805 4326 1917 4387 Dei
1939 4330 2003 4386 et
2021 4324 2243 4387 Christi
2263 4323 2450 4384 fuerit
2477 4326 2682 4401 major
2709 4324 2810 4385 vel
2836 4324 3044 4387 minor
3069 4326 3136 4385 in
3167 4326 3380 4388 diver-

1808 4418 1893 4479 sis
1942 4416 2332 4496 temporibus
2355 4462 2378 4492 ,
2428 4415 2530 4477 vel
2576 4416 2862 4478 aetatibus
2904 4418 3220 4480 Ecclesiae.
3275 4420 3370 4481 Ad

1810 4516 2000 4592 qnam
2057 4508 2491 4590 explicandam
2553 4508 2996 4594 distinguenda
3057 4517 3204 4573 sunt
3252 4514 3370 4573 tria

1810 4604 2127 4684 praecipua
2175 4607 2463 4682 tempora
2521 4602 2836 4676 Ecclesiae,
2888 4604 3142 4680 scilicet,
3175 4610 3374 4667 status

1810 4697 1970 4777 legis
1989 4702 2256 4773 naturae,
2285 4695 2444 4776 legis
2467 4696 2730 4775 scriptae,
2761 4702 2823 4759 et
2845 4696 3006 4775 legis
3029 4699 3278 4778 gratiae3
3313 4703 3377 4760 et

1812 4792 1877 4851 in
1906 4807 2292 4869 unoquoque
2323 4788 2575 4851 illorum
2602 4797 2868 4869 possunt
2915 4793 3102 4854 etiam
3131 4793 3377 4855 diversa

1814 4890 2098 4964 tempora
2139 4883 2556 4957 considerari,
2610 4890 2680 4944 ut
2731 4884 3068 4966 Gregorius
3103 4932 3118 4961 ,
3187 4906 3379 4967 super

1816 4978 2182 5057 Evangelia,
2236 4976 2558 5055 distinguit
2585 4982 2816 5039 statum
2857 4979 3018 5059 legis
3051 4986 3292 5041 naturae
3341 5000 3378 5042 a

1816 5070 2123 5151 principio
2149 5087 2346 5148 nsque
2369 5069 2450 5131 ad
2489 5070 2810 5145 diluvium,
2857 5079 2919 5133 et
2947 5092 2988 5133 a
3012 5074 3141 5135 Noe
3176 5092 3378 5153 usque

1818 5163 1899 5226 ad
1929 5154 2268 5239 Abraham,
2296 5168 2358 5223 et
2387 5162 2468 5224 ad
2495 5163 2812 5225 Abraham
2839 5183 3040 5245 nsque
3073 5166 3156 5226 ad
3199 5166 3386 5246 Moy-

1819 5274 1975 5319 sem.
2005 5256 2162 5317 Item
2203 5255 2266 5317 in
2299 5255 2559 5335 singulis
2583 5257 2808 5318 horum
2857 5263 3134 5319 statuum
3163 5258 3384 5319 distin-

1821 5350 2054 5433 guendi
2077 5355 2222 5413 sunt
2249 5350 2537 5411 homines
2582 5350 2692 5424 illi,
2741 5351 2848 5429 qui
2871 5351 3126 5413 fuerunt
3159 5351 3383 5430 princi-

1820 5463 1935 5525 pes
1979 5450 2042 5506 et
2078 5450 2364 5522 pastores
2403 5444 2694 5507 Ecclesia}
2739 5445 2868 5505 suis
2909 5446 3315 5524 temporibus,
3345 5466 3384 5507 a

1822 5539 2146 5601 communi
2201 5538 2384 5618 plebe
2436 5543 2498 5599 et
2554 5538 2742 5617 vulgo
2797 5538 3113 5615 Ecclesiae,
3175 5543 3238 5601 et
3299 5540 3386 5601 ita
