3900 6217
585 351 706 414 590
1105 354 1342 408 mspur.
1375 353 1549 408 xxiv,
1587 354 1672 406 An
1699 351 1864 416 Quos
1894 349 2357 406 antummum
2394 351 2601 406 1³OEsz
2632 349 3109 414 EAERRTlCORUU‚
3148 349 3279 402 mc.

583 456 758 518 testis
777 455 842 516 in
863 455 1114 532 negotio
1142 454 1310 530 fidei,
1336 471 1572 532 negans
1591 453 1936 526 veritatem,
1958 467 2147 530 quam

585 550 790 612 dicere
817 554 1090 623 tenetur,
1123 553 1373 626 propter
1410 546 1760 626 pecuniam,
1795 544 2005 604 fautor
2030 551 2144 617 est,

593 642 884 721 quamvis
937 639 1282 702 formaliter
1321 657 1450 700 non
1497 637 1780 700 intendat
1818 635 1886 698 id.
1945 635 2147 696 facere

584 742 834 814 propter
858 733 1136 797 favorem
1161 732 1444 808 haeresis,
1469 731 1571 794 sed
1585 736 1836 810 propter
1861 729 2141 804 lucrum3

579 834 642 888 et
669 827 895 888 similia
943 832 1200 906 possunt
1237 825 1446 888 afferri
1489 824 1727 898 malta,
1765 833 1830 884 et
1877 841 1958 884 ex
2000 823 2144 900 jure

583 921 793 984 induci
822 926 1042 998 potest,
1075 918 1238 998 quod
1269 919 1492 980 dicitnr
1519 919 1588 982 in
1631 935 1768 996 cap.
1803 912 2141 988 Commissi,

581 1012 658 1074 de
685 1013 913 1074 Haeret.
956 1013 1026 1072 in
1055 1014 1117 1084 6,
1151 1011 1596 1084 conferentem,
1625 1010 1724 1070 vel
1753 999 2133 1088 praesentan-

581 1109 711 1168 tem
739 1103 817 1164 ad
851 1103 1221 1170 beneficium
1255 1105 1576 1182 cognitum
1610 1102 1999 1173 haereticum,
2032 1119 2146 1180 pu-

584 1197 708 1258 niri
735 1200 806 1258 ut
825 1196 1156 1272 fautorem,
1183 1214 1330 1258 nam
1371 1182 1529 1258 sine‘
1552 1193 1740 1256 dubio
1775 1212 2023 1274 poenam
2052 1195 2149 1254 in-

581 1292 797 1364 currit,
825 1291 1068 1352 etinmsi
1111 1291 1174 1350 id
1205 1289 1392 1350 faciat
1437 1307 1514 1353 ex
1543 1288 1768 1350 affectu
1797 1287 2140 1365 sanguinis„

583 1385 668 1444 De
689 1401 812 1463 quo
831 1382 1028 1442 videri
1059 1389 1254 1460 potest
1285 1383 1515 1456 Penna,
1543 1383 1726 1444 tertia
1751 1387 1946 1460 parte,
1977 1398 2143 1441 com-

584 1485 775 1540 ment.
812 1479 949 1540 ¹62.
984 1477 1147 1538 ldem
1181 1483 1274 1538 est
1300 1475 1378 1536 de
1409 1476 1744 1553 recipiente
1771 1473 2141 1539 beneficium

583 1571 663 1631 ab
725 1571 1009 1632 haeretico
1059 1570 1304 1648 cognito
1330 1614 1351 1643 ,
1402 1568 1502 1630 vel
1541 1569 1620 1628 ad
1673 1585 1882 1647 preces
1929 1566 2096 1626 illius
2119 1608 2140 1641 ‚

581 1664 862 1744 quamvis
891 1663 954 1724 id
979 1668 1222 1725 tantum
1255 1662 1440 1722 faciat
1466 1680 1542 1722 ex
1585 1661 1920 1740 cupiditate
1960 1659 2146 1720 bene-

583 1756 708 1818 ficii
733 1801 756 1832 ,
796 1757 974 1834 juxta
1021 1773 1158 1833 cap.
1214 1753 1572 1836 Quicumque
1601 1799 1620 1828 ,
1663 1753 1701 1834 fi
1737 1751 1838 1814 Aa
1870 1753 1995 1816 hoec
2016 1797 2037 1828 ,
2068 1752 2146 1812 de

585 1851 838 1924 Haeret„
860 1849 926 1910 in
949 1850 1012 1910 6.
1041 1849 1256 1910 Simile
1283 1855 1376 1909 est
1397 1849 1473 1910 de
1501 1848 1760 1910 muliere
1785 1865 1926 1927 qum
1947 1847 2142 1908 scien-

585 1949 679 2004 ter
705 1943 885 2004 nubit
923 1942 1210 2004 haeretico
1230 1987 1250 2018 ‚
1278 1943 1459 2022 juxta
1486 1948 1676 2021 caput
1713 1939 1989 2004 Decrevit
2007 1984 2029 2015 ,
2066 1939 2145 2001 de

585 2038 842 2114 Haeret„
874 2036 940 2096 in
981 2038 1042 2097 6.
1071 2037 1158 2096 De
1199 2053 1323 2114 quo
1373 2053 1517 2096 casu
1570 2034 1762 2095 videri
1805 2039 2005 2112 potest
2054 2032 2146 2093 Si-

585 2117 860 2206 mena-as,
891 2130 1072 2195 titulo
1101 2131 1164 2204 9,
1205 2145 1469 2188 numero
1499 2130 1574 2188 77
1623 2136 1684 2188 et
1722 2126 2141 2205 sequentibus.

587 2224 681 2284 Sit
721 2241 869 2300 ergo
918 2223 1134 2301 regula
1179 2221 1512 2301 generalis,
1556 2220 1810 2300 quoties,
1849 2221 1920 2283 in
1954 2237 2149 2300 proes-

585 2316 764 2380 tando
791 2317 900 2378 hoo
940 2320 1142 2396 favore
1187 2316 1466 2378 koerecico
1498 2313 1844 2395 proesortim
1885 2316 2143 2392 cognito,

581 2414 866 2492 peccatur
913 2409 1256 2472 mortalitor
1295 2414 1505 2472 contra
1542 2405 1960 2488 obliqationom
1978 2408 2146 2485 fidei,

587 2505 797 2566 habere
854 2504 1046 2568 locum
1073 2503 1234 2582 jura
1280 2521 1413 2583 quoe
1452 2503 1520 2566 de
1561 2503 1658 2564 Itis
1687 2502 2029 2580 fautoribus
2064 2499 2150 2562 lo-

585 2601 882 2676 quuntwr,
903 2596 1206 2676 solumque
1235 2596 1430 2676 excipi
1457 2611 1664 2658 casum
1692 2595 1762 2654 in
1788 2611 1899 2674 quo
1922 2592 2150 2673 aliquis

591 2694 982 2752 excusaretur
1010 2705 1048 2752 a
1076 2689 1276 2766 culpa,
1311 2694 1404 2764 nt,
1457 2687 1626 2748 verbi
1665 2687 1888 2764 gratia,
1924 2687 1977 2746 si
2019 2705 2151 2764 pro·

589 2787 727 2859 pter
753 2798 1004 2858 gravem
1037 2787 1274 2840 metum
1317 2780 1534 2843 mortis
1559 2825 1574 2848 ,
1624 2777 1725 2838 vel
1753 2778 1948 2838 alium
1980 2777 2155 2838 simi-

587 2871 710 2932 lem
740 2873 1060 2937 cadentem
1093 2873 1158 2934 in
1195 2878 1582 2936 constantem
1625 2872 1858 2946 virum,
1886 2869 1950 2930 id
1992 2869 2152 2932 face-

589 2972 727 3055 191,
777 2966 925 3044 quia
962 2966 1061 3026 lex
1111 2963 1389 3026 humana
1433 2981 1560 3024 non
1613 2981 1855 3042 semper
1913 2962 2151 3040 obligat

586 3077 729 3120 cum
757 3064 930 3120 tanto
949 3060 1178 3138 rigore,
1205 3065 1268 3120 et
1294 3059 1432 3120 ideo
1458 3057 1634 3120 favor
1663 3057 1945 3120 haeretici
1974 3063 2143 3132 tunc,

586 3157 657 3212 ut
687 3151 1012 3215 haereticus
1048 3158 1160 3228 est,
1193 3170 1318 3215 non
1359 3158 1713 3215 censeretur
1748 3151 1973 3213 volitus
1988 3195 2009 3226 ,
2042 3149 2147 3212 sed

585 3260 943 3322 permissus,

672 3341 768 3398 10.
815 3337 1080 3402 Dubium
1107 3339 1450 3412 secunda-m,
1483 3338 1648 3400 circa
1679 3354 1893 3418 panas
1921 3353 2149 3398 eorum-

592 3434 720 3495 dem
757 3437 1068 3510 sautomm
1087 3479 1108 3508 ,
1149 3430 1464 3513 bipartito
1516 3430 1847 3512 prooecuntia
1855 3437 1914 3496 to
1958 3429 2149 3492 resol-

586 3529 754 3587 vitur
816 3557 897 3572 —-
930 3525 1149 3588 Prima
1183 3543 1362 3605 pars.
1396 3557 1474 3569 --
1502 3523 1853 3584 Secundum
1885 3522 2145 3582 dubium

585 3627 676 3678 est
719 3615 795 3678 de
823 3635 1008 3697 poena
1057 3617 1358 3698 ejusmodi
1399 3617 1486 3678 sic
1523 3615 2037 3694 delinquentium.
2078 3616 2145 3674 ln

585 3729 707 3789 quo
736 3709 1066 3772 dicendum
1110 3721 1204 3770 est
1229 3709 1562 3770 Ecclesiam
1593 3727 1788 3788 posse,
1819 3713 1881 3770 et
1927 3709 2148 3788 punire

583 3802 694 3863 hos
744 3802 1017 3866 fautores
1077 3819 1274 3880 poems
1324 3803 1753 3862 haereticorum
1782 3846 1798 3874 ‚
1863 3801 2148 3880 quamvis

586 3917 714 3958 non
747 3914 986 3972 omneS,
1030 3913 1232 3976 neque
1275 3893 1494 3956 eodem
1521 3895 1706 3956 modo
1744 3895 1984 3974 puniat.
2012 3895 2147 3956 Pri-

586 4009 762 4052 mum
795 3989 872 4050 de
902 3994 1200 4068 potestate
1235 4007 1346 4068 per
1371 4005 1436 4048 se
1465 3994 1557 4048 est
1585 3987 1859 4063 evidens,
1905 3988 2054 4070 quia
2087 3994 2150 4049 et

587 4083 1005 4152 delictumaest
1039 4081 1502 4160 gravissimum,
1533 4086 1594 4142 et
1643 4098 1828 4159 poena
1861 4080 2150 4160 dignissi-

587 4196 798 4252 mum,
842 4175 999 4236 etin
1042 4174 1310 4236 Ecclesia
1362 4191 1484 4234 non
1541 4172 1710 4234 deest
1749 4172 2145 4252 jurisdicti03

581 4269 927 4350 p1·aese1tim
958 4269 1106 4348 quia
1145 4268 1254 4346 qui
1294 4267 1371 4328 ad
1401 4265 1634 4344 aliquid
1667 4263 1852 4328 habet
1880 4272 2148 4346 potesta-

587 4370 736 4438 tem,
767 4367 1216 4441 consequenter
1256 4359 1426 4421 illam
1458 4358 1674 4438 recipit
1696 4357 1775 4418 ad
1803 4360 2016 4419 omnia
2042 4377 2148 4420 ne-

586 4457 844 4518 cessaria
879 4456 957 4516 acl
1003 4453 1158 4514 illud
1195 4451 1621 4532 principaliter
1659 4452 1973 4511 intentum
1988 4471 2005 4525 3
2040 4469 2147 4529 po-

586 4554 772 4608 testas
805 4565 952 4628 ergo
1006 4545 1355 4625 extirpandi
1399 4544 1659 4606 haereses
1714 4548 1776 4603 et
1822 4542 2145 4602 haereticos

584 4639 664 4700 ad
702 4639 968 4701 fautores
1002 4640 1192 4700 etiam
1225 4636 1600 4700 extenditur.
1629 4635 1805 4698 Unde
1841 4637 2031 4696 etiam
2058 4635 2145 4696 le-

585 4752 693 4812 ges
739 4736 961 4794 merito
995 4731 1437 4808 extenduntur,
1482 4737 1550 4792 ut
1584 4749 1662 4792 ex
1693 4729 1835 4808 jure
1876 4734 2139 4802 constat,

586 4832 651 4887 et
676 4827 766 4888 ita
801 4834 969 4906 patet
1009 4825 1280 4888 secunda
1324 4843 1482 4904 pars.
1517 4825 1598 4884 Ut
1626 4829 1836 4886 autem
1879 4821 2142 4900 explice-

586 4937 728 4980 mus
755 4919 1025 4996 tertiam,
1055 4919 1329 4979 dicemus
1361 4917 1678 4998 sigillatim
1706 4915 1782 4978 de
1811 4913 2145 5000 spirituali-

587 5012 703 5073 bus
744 5017 807 5074 et
842 5011 1283 5092 temporalibus
1321 5013 1542 5090 poeniS.

673 5107 773 5166 11.
821 5105 1027 5164 Primo
1095 5121 1242 5182 ergo
1299 5105 1380 5164 sit
1424 5108 1660 5164 certum
1708 5101 1821 5162 hos
1871 5101 2144 5162 fautores

587 5218 716 5262 esse
745 5199 879 5280 ipso
904 5196 1068 5256 facto
1097 5197 1653 5258 excommunicatos
1692 5194 1760 5256 in
1799 5194 1962 5255 dicto
2000 5212 2136 5274 cap.

587 5291 1238 5362 lta-communicamus,
1271 5307 1413 5350 cum
1457 5289 1618 5363 aliis,
1659 5288 1736 5349 de
1778 5287 2038 5363 Haeret„
2082 5293 2143 5348 et

587 5387 656 5450 in
680 5405 813 5466 cap.
843 5383 1124 5459 Noverit,
1176 5381 1252 5444 de
1293 5383 1568 5443 Sentent.
1597 5383 2111 5443 excommunicat.
2120 5425 2141 5457 ,

589 5487 651 5541 et
676 5480 743 5540 in
763 5477 943 5540 Bulla
961 5477 1191 5551 Coenm,
1213 5471 1318 5536 ubi
1345 5475 1533 5536 etiam
1565 5475 1742 5554 Papae
1769 5478 2139 5538 reservatur.

2228 451 2401 514 Circa
2426 452 2589 514 hanc
2628 458 2837 513 autem
2864 468 3185 512 censuram
3224 449 3507 512 nonnulla
3542 459 3720 518 notan-

2226 542 2308 604 da
2342 551 2508 606 sunt.
2546 547 2821 608 Primum
2852 551 2968 620 est,
3007 545 3073 604 in
3120 543 3319 621 rigore
3362 561 3481 604 esse
3520 545 3723 608 distinc-

2228 642 2359 697 tam
2404 638 2483 700 ab
2518 636 3162 700 excommunicatione
3200 635 3324 698 lata
3350 643 3578 716 propter
3614 640 3725 704 11ae-

2226 731 2413 794 resim
2446 777 2465 806 ‚
2515 732 2663 811 quia
2714 731 2913 794 fertur
2966 735 3215 808 propter
3260 728 3538 790 delictum
3566 736 3727 810 specie

2222 821 2609 885 distinctum.
2654 823 2829 886 Unde
2856 822 2929 884 fit
2952 829 3045 896 nt,
3078 821 3133 882 si
3172 822 3373 882 fautor
3394 821 3641 885 haeretici
3664 830 3729 888 sit

2222 916 2411 978 etiam
2439 918 2567 998 ipse
2594 916 2922 983 haereticus
2946 961 2963 990 ‚
3010 917 3165 978 duas
3206 919 3731 990 excommunicatio-

2222 1026 2333 1070 nes
2361 1011 2663 1087 incurrat,
2692 1029 2887 1072 unam
2918 1011 3165 1070 ratione
3182 1009 3448 1084 haeresis,
3474 1010 3635 1074 aliam
3658 1033 3733 1078 ra-

2226 1103 2396 1166 tione
2434 1105 2699 1167 favoris:
2739 1103 3094 1168 catholicum
3140 1109 3357 1164 antem
3374 1102 3567 1164 fautor
3606 1103 3732 1168 lianc

2226 1196 2361 1256 sine
2386 1197 2495 1258 illa
2508 1197 2794 1260 incurrit.
2822 1197 2913 1257 lta
2930 1195 3115 1259 docet
3143 1193 3411 1273 Ugolin„
3428 1196 3579 1257 dieto
3594 1201 3727 1263 verb.

2224 1289 2663 1368 &captator-es,
2694 1289 2733 1369 ξ
2776 1290 2857 1364 1,
2906 1293 2970 1350 et
3016 1287 3299 1366 sequitur
3340 1288 3533 1348 Sanci.
3554 1333 3571 1360 ‚
3604 1290 3735 1352 dicto

2224 1399 2362 1460 cap.
2396 1383 2496 1456 10,
2532 1400 2708 1444 num.
2742 1384 2803 1456 Ἰ,
2840 1387 2905 1444 et
2928 1399 3011 1443 ex
3042 1379 3227 1440 dictis
3274 1380 3419 1440 satis
3460 1381 3736 1460 probatum

2222 1475 2614 1555 relinquitur.
2644 1475 2879 1538 Deinde
2904 1474 2977 1536 fit
3006 1474 3201 1554 quod,
3223 1473 3367 1534 licet
3390 1472 3515 1534 haec
3542 1495 3737 1536 excom-

2224 1570 2563 1632 municatio
2594 1570 2673 1632 sit
2700 1575 3011 1632 reservata
3032 1569 3101 1628 in
3132 1586 3205 1630 eo
3234 1567 3429 1644 gradu
3459 1573 3519 1630 et
3550 1569 3735 1646 rigore,

2225 1680 2351 1741 quo
2388 1661 2527 1724 alias
2554 1681 2829 1724 censuras
2872 1662 3088 1735 Bullm,
3136 1680 3267 1721 non
3298 1667 3505 1722 tamen
3530 1680 3653 1722 cum
3682 1682 3738 1722 ea

2226 1753 2603 1833 specialitate
2632 1773 2777 1822 cum
2798 1773 2925 1834 qna
2956 1754 3509 1816 excommunicatio
3540 1761 3738 1833 propter

2225 1848 2537 1924 haeresim,
2566 1850 2713 1928 qnia
2754 1847 2933 1910 nullo
2962 1849 3104 1926 jure
3144 1854 3439 1922 cavetur,
3486 1865 3661 1925 neque
3692 1851 3739 1907 in

2226 1939 2471 2002 delictis
2512 1942 2661 2022 ipsis
2706 1947 2801 2003 est
2836 1940 3181 2020 aequalitas,
3212 1945 3279 2002 et
3328 1939 3463 2000 ideo
3505 1959 3607 2020 per
3634 1941 3743 2002 uni·

2228 2033 2531 2096 versalem
2572 2034 2911 2099 clausulam
2954 2033 3396 2096 concedentem
3438 2051 3599 2096 casus
3644 2036 3743 2094 Goe·

2226 2145 2351 2203 nae,
2380 2127 2935 2207 comprehenditur
2974 2126 3079 2188 hic
3114 2144 3293 2188 casus
3334 2125 3597 2201 fautoris,
3634 2125 3743 2186 lieet

2228 2238 2355 2282 non
2382 2220 2945 2300 comprehendatur
2972 2237 3149 2280 castis
3184 2218 3458 2280 haeresis.
3490 2219 3644 2292 Quod
3660 2219 3743 2278 ob-

2226 2314 2495 2374 servavit
2523 2315 2895 2393 Henriquez,
2928 2312 3037 2374 lib.
3068 2313 3111 2374 6
3134 2311 3211 2374 de
3244 2311 3495 2385 Posuit„
3522 2329 3641 2389 cap.
3670 2311 3741 2382 16,

2228 2424 2407 2466 1111111.
2450 2407 2489 2466 6
2514 2424 2533 2484 3
2578 2413 2643 2468 et
2686 2406 2919 2482 sanci„
2950 2405 3061 2466 lib.
3095 2406 3159 2476 2,
3187 2422 3329 2483 cap.
3362 2404 3459 2478 12,
3484 2422 3638 2464 num.
3668 2405 3739 2464 19..

2230 2500 2463 2560 Ultimo
2490 2498 2945 2562 observandum
2986 2503 3078 2558 est
3118 2498 3438 2560 incurrere
3484 2495 3631 2556 hanc
3664 2513 3745 2554 ex-

2230 2593 2859 2656 communicationem
2884 2594 2993 2671 qui
3028 2591 3199 2652 favet
3221 2590 3511 2652 hmretico
3536 2589 3641 2650 sihi
3670 2608 3743 2650 co-

2234 2688 2411 2766 gnito
2434 2731 2455 2761 ,
2490 2689 2677 2748 etiam
2704 2705 2831 2748 non
2866 2687 3263 2758 denuntiato,
3288 2691 3361 2744 ut
3398 2684 3596 2744 notavi
3619 2683 3742 2742 dicta

2232 2779 2391 2858 disp.
2424 2781 2529 2855 21,
2561 2785 2708 2840 sect.
2742 2782 2781 2840 2
2808 2827 2821 2844 .
2867 2797 3039 2840 num.
3075 2779 3149 2854 9,
3202 2778 3387 2855 cujus
3418 2775 3745 2836 contrarium
3829 2801 3830 2834 1

2232 2878 2443 2952 postea
2470 2865 2715 2950 sci-ipsit
2760 2871 3008 2950 Ugolin.
3038 2888 3250 2949 supra,
3282 2885 3495 2948 parag.
3526 2869 3585 2938 2,
3614 2869 3669 2926 in
3695 2865 3745 2924 fi-

2230 2981 2347 3042 ne;
2378 2965 2553 3027 illum
2602 2972 2811 3026 tamen
2862 2966 3087 3026 merito
3123 2961 3528 3042 reprehendit
3558 2962 3744 3032 Sanni„

2226 3059 2392 3120 dicto
2418 3077 2553 3138 cap.
2600 3060 2697 3134 10,
2732 3075 2911 3121 num.
2940 3060 3001 3133 6,
3028 3057 3183 3136 quia
3216 3056 3351 3121 haec
3378 3071 3620 3116 censura
3648 3071 3746 3114 nun

2226 3152 2422 3212 fertur
2458 3157 2708 3230 propter
2748 3149 3385 3218 communicationem
3422 3165 3553 3211 cum
3594 3146 3749 3208 hiere-

2228 3245 2373 3318 tic-0,
2408 3249 2477 3304 nt
2508 3244 3085 3304 excommunicatus
3112 3249 3229 3314 est,
3266 3241 3375 3304 sed
3415 3246 3645 3320 propter
3678 3239 3747 3298 fa-

2230 3353 2441 3398 vorem
2462 3336 2555 3396 illi
2584 3337 2799 3398 datum
2830 3342 2899 3396 ut
2926 3335 3241 3410 hearetieO,
3266 3336 3345 3396 ad
3376 3333 3535 3414 quod
3560 3338 3639 3392 est
3658 3333 3747 3392 im-

2230 3433 2549 3510 pertinens
2592 3431 2759 3510 quod
2802 3431 2885 3490 sit
2928 3430 3341 3492 denunciatus
3366 3473 3387 3504 ,
3442 3428 3561 3491 imo
3592 3426 3747 3488 etiam

2228 3521 2395 3602 quod
2420 3524 2989 3583 excommunicatus
3014 3525 3115 3582 sit.

2314 3618 2409 3676 12.
2462 3605 2915 3688 Quoestiuncuza
2942 3616 3105 3678 circa
3138 3615 3501 3696 praedictam
3521 3629 3742 3698 mam.

2228 3741 2310 3758 --
2336 3710 2562 3769 Praeter
2607 3709 2737 3768 haec
2780 3710 3031 3784 possunt
3078 3708 3201 3768 alia
3251 3709 3373 3770 tria
3422 3709 3574 3769 circa
3618 3705 3745 3766 hanc

2228 3803 2931 3864 excommunicationem
2956 3803 3351 3880 interrogari.
3376 3802 3629 3864 Primum
3652 3805 3743 3868 est,

2228 3914 2309 3956 an
2354 3896 2465 3974 qui
2494 3895 2659 3954 favet
2703 3894 2990 3956 haeretico
3033 3895 3101 3956 in
3130 3913 3197 3957 re
3241 3896 3400 3976 ipsa,
3440 3900 3504 3957 ut
3544 3891 3744 3954 hoereti·
3826 3973 3828 3976 Α

2230 4006 2337 4050 cus
2370 3993 2483 4062 est,
2514 4004 2639 4048 non
2679 3993 2891 4050 tamen
2936 4005 3013 4048 ex
3058 3987 3433 4062 imentione,
3468 4002 3645 4064 neque
3680 3999 3740 4042 ex
3826 4023 3828 4062 4

2229 4089 2393 4144 certa
2420 4079 2697 4154 scientia,
2730 4081 2835 4142 sed
2866 4099 2942 4142 ex
2980 4080 3369 4160 negligentia
3398 4086 3460 4142 et
3495 4079 3738 4158 ignomn-
3826 4075 3828 4102 ²

2230 4175 2319 4236 tia
2354 4175 2629 4254 graviter
2674 4173 2967 4254 culpabili
3002 4219 3021 4248 ,
3062 4177 3344 4248 incurrat
3382 4175 3537 4236 hauc
3568 4187 3737 4232 censu-

2226 4287 2383 4330 ram.
2420 4267 2487 4328 ln
2521 4285 2646 4347 quo
2684 4269 2929 4330 omissis
2956 4270 3347 4346 argumentis
3386 4275 3448 4329 et
3482 4261 3735 4346 opinioni·

2226 4361 2340 4422 bus
2378 4361 2829 4440 pertinentibus
2876 4360 2957 4421 ad
2996 4359 3354 4438 generalem
3386 4359 3735 4440 quaestionem

2226 4453 2495 4514 similem
2526 4453 2602 4514 de
2633 4456 2803 4516 omni
2842 4454 3503 4526 excommunicatione,
3530 4465 3737 4528 respou-

2226 4548 2343 4608 deo
2368 4545 2529 4607 hanc
2556 4564 2885 4608 censuram
2926 4549 2991 4606 in
3036 4546 3144 4606 illo
3175 4564 3323 4606 casu
3358 4564 3481 4606 non
3506 4542 3734 4611 incurri3

2224 4658 2371 4700 nam
2421 4641 2488 4700 in
2542 4639 2649 4702 illo
2701 4640 2933 4718 optime
2983 4639 3258 4718 procedit
3312 4638 3517 4718 opinio
3568 4631 3736 4694 sancii

2223 4731 2411 4812 paulo
2466 4739 2653 4793 antea
2702 4739 2963 4794 tractata
3023 4732 3093 4792 in
3143 4731 3335 4794 dubio
3390 4725 3732 4811 praecedenti.

2224 4827 2375 4888 Item
2406 4825 2555 4906 quia
2588 4823 2923 4906 probabilis
2950 4833 3042 4886 est
3078 4825 3311 4904 opinio,
3342 4841 3477 4902 quai
3502 4818 3738 4885 absolute

2226 4918 2403 4980 docet
2464 4919 2743 4978 excusari
2804 4936 3127 4980 censuram
3192 4935 3303 4997 per
3366 4912 3739 5015 ignorantiam

2225 5009 2621 5092 culpabilem,
2653 5017 2957 5090 quatenus
2989 5009 3303 5092 propriam
3332 5005 3741 5070 contumaciam
3825 5043 3826 5092 3

2225 5109 2502 5166 excusat.
2534 5103 2856 5184 Denique'
2839 5123 2906 5166 ιιι
2934 5109 3229 5184 praesenti
3270 5108 3365 5164 est
3387 5098 3643 5182 specialis
3664 5114 3743 5156 ra·
3825 5095 3826 5136 l

2223 5199 2337 5274 tio,
2366 5215 2513 5278 qua,
2544 5197 2701 5258 sicut
2726 5195 2845 5260 hoc
2864 5203 3183 5276 peccatum
3210 5195 3324 5256 suh
3358 5211 3601 5256 censura
3624 5205 3741 5268 pro·

2222 5291 2472 5352 hibetur
2525 5297 2776 5372 propter
2842 5291 3173 5370 quamdam
3244 5285 3739 5367 participationem

2224 5383 2505 5460 haeresiS,
2535 5387 2646 5459 ita,
2678 5389 2750 5446 ut
2787 5384 2868 5444 sit
2904 5385 2969 5444 in
2996 5402 3108 5447 suo
3135 5399 3359 5464 genere
3386 5391 3739 5442 consumma·

2212 5483 2361 5558 „tum
2384 5521 2407 5552 ,
2450 5477 2713 5558 requirit
2752 5477 3086 5557 qnamdam
3126 5473 3541 5556 pertinaciam,
3574 5483 3737 5550 quam
