3900 6217
630 375 804 429 SECT.
837 375 877 429 1.
914 376 996 427 ΑΝ
1028 377 1112 429 ΑΙ)
1143 376 1426 429 CONCILlA
1457 377 1812 433 emmaus
1843 377 2128 431 DEBEANT
2161 375 2298 429 SOL}
2332 375 2605 429 Eplscom
2637 374 3005 427 coxvssnmz.

223 474 560 553 generales,
597 475 696 536 vel
739 476 1130 555 gravissimas
1183 495 1396 539 causas
1429 478 1778 539 tractandus

221 569 668 648 pernecessaria
713 574 861 629 sunt
911 568 1284 631 universalia
1331 570 1623 648 Concilia,
1667 571 1778 633 ubi

223 662 558 722 multorum
580 660 1020 723 deliberatione
1057 662 1280 723 melius
1321 662 1444 725 illae
1471 663 1779 725 definiun-

223 762 343 830 tur,
369 760 439 815 ut
457 755 686 816 dicitur
703 774 836 835 cap.
857 753 1198 819 Prudentia
1212 756 1288 817 de
1311 756 1520 817 Officio
1543 757 1772 837 deleg„

226 867 352 927 cap.
382 849 474 911 De
501 849 739 929 quibus,
770 848 832 911 d.
871 851 968 921 10,
995 867 1133 929 quoe
1157 851 1370 912 omnia
1393 850 1602 913 videre
1633 852 1777 913 licet

3300 369 3419 429 323

1857 483 2000 539 rant
2028 482 2089 551 *ς
2126 478 2211 539 sic
2234 477 2437 539 vocari
2466 450 2723 557 possunt
2742 474 3059 537 maulam-s
3082 475 3416 555 principes,

1855 578 1969 633 aut
1999 571 2212 649 legati,
2244 570 2343 631 vel
2364 570 2549 632 duces
2567 588 2801 631 eorum.
2834 568 3029 645 Alios,
3058 575 3129 630 ut
3172 571 3423 648 negotia

1857 670 2146 740 tractent,
2162 664 2263 725 vel
2292 665 2387 725 sui
2414 663 2719 725 rationem
2738 662 2805 723 in
2826 662 3095 723 Concilio
3118 662 3381 725 reddant
3398 685 3417 739 ;

1859 758 1946 819 sic
1970 759 2179 821 vocari
2204 764 2457 838 possunt
2494 774 2621 818 non
2650 757 2847 818 solum
2878 757 3187 836 principes
3232 774 3423 818 saecu-

1856 852 2039 926 lares,
2081 852 2185 913 sed
2222 852 2413 913 etiam
2458 850 2732 911 baeretici
2766 849 3163 923 schismatici,
3209 857 3270 910 et
3316 867 3424 910 cu-

225 942 284 1000 in
306 940 592 1001 Consiliis
613 941 1002 1019 generalibus
1029 942 1330 1003 hactenus
1357 948 1774 1023 congreg-atis3
1849 945 2050 1024 jnsvis
2102 945 2473 1005 conditionis
2515 943 2821 1005 homines.
2874 942 3063 1018 Alios,
3110 948 3181 1002 ut
3222 943 3427 1003 discu-

226 1053 358 1114 quae
393 1036 462 1095 in
501 1035 811 1116 principio
837 1035 1120 1097 Ecclesiae
1151 1042 1288 1115 post
1317 1037 1634 1117 Apostolos
1666 1057 1777 1119 per

225 1128 459 1208 aliquot
471 1146 674 1189 annos
683 1127 982 1191 celebrari
1003 1147 1128 1191 non
1150 1136 1510 1211 potuerunt,
1530 1138 1781 1211 propter

225 1223 670 1301 imperatorum
699 1228 762 1283 et
791 1223 1142 1302 principum
1175 1224 1694 1288 contradictiones
1719 1232 1783 1287 et

225 1334 264 1395 p
431 1316 697 1377 utiones.
733 1315 908 1377 Unde
933 1322 1084 1379 tunc
1137 1319 1432 1397 temporis
1459 1318 1782 1381 Pontifices

225 1426 334 1487 per
395 1408 656 1487 pistolas
699 1408 899 1471 solum
951 1409 1284 1471 decretales
1311 1411 1780 1475 necessitatibus

223 1501 504 1565 Ecclesiae
537 1510 766 1583 praesto
787 1510 987 1565 erant.

301 1597 360 1657 3.
409 1594 682 1661 concina
693 1597 1000 1679 generalia
1019 1601 1782 1663 renuentum—Postmo-

219 1689 372 1749 dum
418 1707 574 1753 vero
611 1709 652 1751 a
705 1690 1088 1769 temporibus
1141 1692 1554 1768 Constantini,
1587 1693 1784 1755 intro-

221 1781 360 1843 duci
405 1789 728 1862 coeperunt
781 1785 1099 1847 Nieaenum
1138 1786 1164 1846 1
1207 1790 1424 1847 contra
1489 1784 1779 1862 Arrium3

225 1877 691 1956 Constantinop.
738 1878 763 1938 Ι
794 1883 1006 1939 contra
1032 1877 1502 1953 Macedonium3
1533 1877 1785 1957 Ephesi-

221 1989 372 2031 nnm
401 1978 621 2031 contra
652 1971 998 2031 Nestorium
1011 1985 1032 2047 3
1051 1970 1544 2031 chalcedonense
1573 1977 1788 2031 contra

223 2062 546 2124 Eutichen.
577 2084 596 2139 ;
628 2063 1008 2125 Constantin.
1045 2064 1122 2137 11,
1149 2070 1363 2125 contra
1384 2064 1634 2125 Petrum
1661 2062 1788 2125 An-

223 2157 608 2231 tiochenum,
637 2164 702 2218 et
726 2156 1022 2235 reliquias
1051 2157 1597 2233 Nestorianorum3
1631 2158 1790 2219 Con-

227 2250 488 2311 stantia.
520 2250 624 2323 111,
645 2254 860 2311 contra
877 2249 1268 2311 Monotelitas
1301 2271 1320 2324 ;
1363 2250 1682 2311 Ninaeuum
1712 2251 1786 2321 11,

223 2352 438 2405 contra
493 2344 866 2415 lconomac.;
910 2349 1166 2405 octavus
1209 2343 1494 2421 Synodus
1533 2360 1668 2421 quae
1697 2349 1790 2405 est

221 2438 410 2497 etiam
425 2438 818 2501 constantin.
843 2438 942 2497 vu
950 2438 997 2514 1,
1017 2444 1232 2499 contra
1251 2438 1560 2512 Photium,
1587 2438 1794 2499 icono-

221 2545 412 2607 mae.;
437 2535 510 2591 et
533 2530 946 2591 Laterancnse
977 2529 1095 2591 sub
1145 2531 1504 2593 Innocentio
1545 2532 1642 2605 111,
1681 2548 1796 2612 pro

221 2622 628 2685 reformanda
652 2622 955 2700 Ecclesia;
983 2622 1396 2703 Lugdunense
1429 2622 1544 2683 sub
1571 2623 1798 2701 Grego-

220 2717 316 2777 rio
341 2716 396 2775 X
425 2732 548 2795 pro
575 2716 810 2777 unione
835 2715 1118 2777 Ecclesiae
1147 2716 1396 2793 Graecoe,
1415 2722 1479 2776 et
1493 2713 1792 2777 reforma-

223 2811 390 2869 tione
420 2809 796 2872 universalis
816 2809 1134 2886 Eoelesia23
1156 2809 1572 2888 Lugdunense
1593 2808 1788 2885 aliud,

227 2903 336 2963 sub
362 2903 730 2963 Innocentio
757 2903 860 2979 IV,
893 2908 1108 2963 contra
1157 2903 1543 2978 Pederieum,
1594 2902 1793 2982 impe·

235 3001 504 3057 rator-em
523 2995 990 3057 schismaticum
1009 3012 1030 3072 ;
1059 2996 1552 3070 Constantiana,
1577 2996 1656 3055 ad
1675 2994 1792 3055 tol-

233 3088 478 3149 lendum
509 3088 786 3151 schisma
811 3089 1288 3169 competitorum
1315 3090 1536 3165 trium,
1574 3088 1684 3167 qui
1729 3105 1794 3149 se

225 3180 556 3243 Pontifices
579 3180 1018 3261 appellabant3
1047 3180 1412 3257 Basiliense,
1445 3182 1524 3243 ad
1561 3186 1796 3242 restau-

217 3276 490 3337 randam
511 3274 906 3354 disciplinam
931 3276 1238 3351 Ecclesiae,
1283 3275 1448 3354 quod
1482 3281 1688 3335 tamen
1717 3273 1797 3334 ad

215 3368 510 3429 debitum
563 3368 754 3430 finem
799 3386 927 3429 non
977 3368 1264 3447 pervenit
1273 3384 1296 3444 3
1337 3368 1788 3441 Florentinum,

213 3478 328 3541 pro
370 3461 618 3523 unione
655 3460 942 3523 Ecclesiae
993 3461 1354 3537 Orientalis;
1399 3479 1470 3521 ac
1525 3462 1792 3541 denique

211 3554 691 3629 Tridentinum,
735 3562 954 3617 contra
1001 3555 1420 3617 Lutheranam
1481 3554 1790 3628 haeresim,

217 3649 510 3727 aliasque
568 3648 798 3727 plures,
833 3656 898 3711 et
957 3650 1037 3709 ad
1075 3648 1362 3711 Ecclesiae
1425 3648 1792 3709 universalis

215 3760 423 3803 mores
453 3742 858 3821 reparandos.
900 3742 1100 3822 Atque
1129 3741 1258 3803 haec
1303 3748 1447 3825 sunt
1473 3740 1794 3821 potissima

216 3836 502 3897 Consilia
527 3836 872 3914 generalia,
899 3854 980 3898 ex
1024 3835 1250 3915 quibus
1287 3836 1438 3898 satis
1475 3834 1793 3913 colligitur

218 3929 362 3989 finis
381 3934 452 3989 et
479 3930 812 3991 necessitas
837 3948 914 3993 ea
936 3926 1380 4008 congregandi,
1405 3934 1470 3989 et
1515 3926 1656 3989 talis
1677 3926 1792 3988 ali-

219 4040 348 4101 qua.
371 4021 868 4101 deprehenditur
896 4023 964 4085 in
989 4024 1246 4099 coeteris,
1279 4040 1418 4103 quae
1469 4020 1538 4083 in
1587 4021 1794 4083 Eccle-

219 4117 308 4176 sia
359 4114 632 4177 fuerunt
663 4124 898 4192 coacta,
929 4121 994 4177 et
1031 4115 1168 4175 haec
1221 4114 1300 4176 de
1343 4114 1680 4195 quaestione
1711 4130 1794 4174 an

217 4216 332 4283 est,
355 4207 663 4269 videntur
709 4209 880 4271 satis.
924 4209 1222 4287 Sequitur
1275 4208 1609 4269 dicendum
1645 4207 1796 4287 quid

213 4301 334 4363 hoc
367 4300 723 4363 Concilium
747 4302 852 4377 sit,
880 4302 980 4365 vel
1001 4319 1081 4365 ex
1105 4300 1330 4382 quibus
1347 4300 1626 4383 partibus
1647 4320 1794 4363 con-

213 4401 382 4459 stare
403 4394 658 4459 debeat.

867 4667 1086 4723 saeuo
1118 4668 1158 4723 1.

221 4884 464 4949 Utrum
485 4884 576 4948 ad
599 4882 1208 4995 Concilio-generalia
1235 4884 1478 4949 aetem
1502 4886 1620 4949 soli
1639 4888 1796 4968 epis—

761 4994 896 5061 copt
931 4994 1264 5043 cononum.

299 5249 362 5307 1.
387 5246 676 5318 Constat,
702 5243 886 5305 variis
913 5243 1260 5308 rationibus
1287 5250 1350 5307 et
1377 5243 1574 5307 titulis
1591 5247 1797 5307 varios

213 5339 418 5399 etiam
444 5336 740 5399 honunes
765 5337 844 5397 ad
868 5337 1236 5417 hujusmodi·
1270 5336 1542 5399 Consilia
1591 5338 1794 5399 vocari

213 5449 432 5509 posse,
453 5431 617 5492 alios
675 5430 929 5508 quidem
977 5434 1080 5510 qui
1138 5432 1346 5493 Patres
1394 5438 1798 5510 congregatos

212 5526 490 5587 tuentur
516 5566 534 5597 ,
591 5528 659 5585 et
707 5523 1035 5585 seditiones
1093 5541 1312 5590 omnes
1361 5525 1646 5587 vitandas
1691 5542 1798 5587 cu-

1855 1038 2019 1098 tiant
2044 1056 2143 1099 res
2173 1037 2546 1112 tractandas,
2577 1038 2825 1117 sintque
2874 1053 2911 1096 a
2952 1036 3225 1097 consiliis
3273 1037 3425 1115 ipsis

1859 1132 2147 1193 Patribus
2178 1154 2193 1192 ε
2219 1132 2307 1193 sic
2330 1132 2535 1193 vocari
2558 1130 2757 1193 solent
2782 1129 3089 1209 sapientes
3124 1132 3425 1210 cujusque

1859 1225 2231 1286 conditionis
2260 1224 2360 1286 vel
2396 1224 2714 1303 dignitatis
2760 1224 2901 1283 viri.
2947 1224 3115 1285 Alios
3158 1224 3429 1304 denique

1861 1325 2163 1399 tanquam
2188 1318 2439 1399 propria
2482 1317 2767 1379 membra
2804 1316 3153 1378 Concilium
3200 1318 3430 1377 consti-

1860 1412 2125 1486 tuentia,
2156 1411 2264 1492 qni
2294 1428 2371 1473 ex
2400 1412 2601 1471 officio
2628 1409 2961 1473 vendicant
2983 1409 3185 1471 activa
3208 1408 3428 1471 suffra·-

1861 1507 1967 1585 gia
2000 1506 2066 1566 in
2086 1504 2341 1567 Concilii
2364 1502 2834 1566 definitionibus
2862 1508 2925 1563 et
2951 1503 3218 1581 statutis;
3244 1510 3429 1583 atque

1862 1599 1930 1660 hi
1956 1604 2107 1659 sunt
2130 1597 2239 1678 qui
2274 1597 2519 1678 proprie
2544 1596 2948 1669 conveniunt,
2980 1601 3042 1657 et
3087 1595 3165 1657 de
3210 1597 3435 1676 quibus

1865 1692 2217 1753 instituitur
2243 1691 2602 1770 disputatio.

1945 1789 2007 1847 Ξ.
2047 1785 2271 1849 Pn'ma
2316 1783 2617 1849 sententia
2648 1784 3083 1847 hoerotioorum.
3102 1784 3432 1848 -B'orum

1865 1880 2355 1958 fundamentum.
2378 1910 2461 1925 —
2482 1875 2899 1955 Consti-maim·
2942 1879 3165 1959 primo.
3198 1910 3281 1925 --
3310 1878 3434 1941 Se-

1869 1972 2398 2037 cunda-Tertio.
2424 2002 2507 2017 --
2526 1971 2597 2031 In
2647 1986 2770 2050 qua
2795 2016 2817 2047 ,
2874 1972 3079 2050 prima
3128 1974 3435 2034 sententia

1868 2066 2299 2128 haereticorum
2323 2064 2633 2143 judicium
2674 2062 2821 2125 fidei
2862 2063 3080 2125 tribuit
3128 2082 3255 2125 non
3304 2065 3433 2125 mi·-

1869 2178 1989 2221 nus
2014 2159 2185 2221 laicis
2225 2174 2413 2237 quam
2460 2155 2905 2233 ecclesiasticis,
2955 2156 3203 2218 feminis
3240 2174 3433 2238 quam

1867 2256 2046 2326 viris,
2099 2252 2366 2313 indoctis
2420 2267 2613 2330 quam
2668 2250 2885 2311 doctis.
2932 2250 3433 2313 Fundamentum

1873 2354 1989 2421 est,
2017 2347 2164 2426 quia
2188 2346 2317 2406 sola
2350 2343 2719 2406 universalis
2760 2343 3027 2405 Ecclesia
3076 2343 3267 2405 habet
3310 2347 3437 2425 pri-

1873 2440 2171 2519 vilegium
2212 2456 2339 2499 non
2380 2436 2631 2499 errandi
2674 2437 2741 2497 in
2790 2435 2913 2497 fide
2938 2480 2955 2510 ,
2996 2442 3059 2497 ct
3118 2438 3261 2499 ideo
3312 2438 3439 2501 nisi

1875 2540 2007 2596 tota
2048 2532 2319 2595 Ecclesia
2382 2531 2735 2605 conveniat,
2781 2530 3087 2609 judicium
3140 2550 3269 2593 non
3316 2534 3441 2595 erit

1877 2626 2204 2687 infallibile
2234 2646 2249 2685 ε
2292 2642 2509 2687 omnes
2544 2633 2755 2685 autem
2808 2624 3117 2686 numerati
3157 2624 3441 2688 membra

1869 2725 2019 2779 sunt
2040 2716 2405 2779 universalis
2434 2717 2733 2778 Ecclesiae.
2768 2716 3182 2779 confirmatur
3208 2706 3443 2797 primo,

1871 2813 2021 2891 quia
2042 2811 2347 2873 certitudo
2365 2811 2552 2891 hujus
2568 2810 2785 2890 judicii
2808 2828 2936 2871 non
2956 2817 3142 2873 estex
3170 2829 3321 2873 sexu
3339 2812 3440 2875 vel

1874 2925 1950 2968 cx
1979 2906 2259 2966 humana
2299 2905 2602 2981 doctrina,
2650 2904 2755 2965 sed
2806 2922 2883 2968 ex
2932 2906 3199 2985 Spiritus
3226 2906 3440 2969 Sancti

1873 2998 2317 3079 inspiratione;
2371 3015 2586 3059 omnes
2639 3004 2850 3060 autem
2896 2999 3187 3059 recensiti
3228 2999 3439 3061 doceri

1873 3099 2130 3171 possunt
2158 3110 2197 3153 a
2214 3092 2447 3172 Spiritu
2482 3093 2731 3167 Sancto,
2752 3092 2807 3153 si
2835 3092 3055 3154 velint.
3092 3092 3435 3155 Confirma-

1875 3192 1979 3247 tur
2028 3186 2297 3247 secundo
2328 3230 2347 3260 ,
2396 3184 2696 3264 quoniam
2748 3184 2963 3245 fideles
3012 3202 3143 3246 esse
3206 3184 3439 3247 debent

1875 3280 1967 3341 ita
1998 3279 2064 3339 in
2095 3278 2219 3341 fide
2244 3278 2553 3352 instructi,
2585 3284 2657 3339 ut
2682 3278 2917 3361 possint
2960 3278 3265 3339 rationem
3299 3278 3438 3341 red-

1871 3373 2017 3433 dere
2042 3388 2167 3433 sua!
2195 3371 2361 3447 fidei,
2396 3375 2425 3432 1
2462 3373 2627 3433 Petri
2654 3373 2715 3431 3.
2748 3372 2825 3431 Et
2850 3371 3122 3431 Christus
3139 3372 3437 3431 Dominus

1871 3466 2165 3527 omnibus
2189 3464 2473 3525 fidelibus
2500 3464 2652 3525 dicit
2682 3484 2699 3523 ε
2738 3462 3126 3528 Scrutamini
3151 3464 3437 3544 Scriptu-

1871 3578 2007 3635 ras,
2036 3559 2215 3619 Joau.
2252 3561 2313 3619 ὃ.
2346 3558 2621 3619 Tandem
2654 3556 2804 3619 huic
2848 3557 3045 3617 errori
3086 3557 3296 3619 favere
3346 3559 3437 3617 vi-

1873 3652 2057 3715 detur
2102 3652 2392 3739 Nicotaus
2438 3652 2647 3733 Papa,
2699 3651 2767 3711 in
2812 3666 2949 3729 cap.
3016 3649 3317 3726 Πᾙπαυι,
3354 3650 3437 3711 96

1869 3747 1962 3821 (1.,
1988 3745 2099 3807 ubi
2124 3745 2337 3807 Glossa
2377 3745 2567 3807 verbo
2600 3742 2901 3818 Pertinet,
2937 3743 3006 3803 in
3046 3742 3225 3803 illum
3257 3743 3429 3805 incli-

1870 3844 2003 3901 nat.
3292 3900 3297 3905 .

1954 3934 2013 3995 3.
2065 3929 2347 3997 Secunda
2364 3930 2665 3995 sententia
2686 3934 2744 3994 st
2762 3931 2895 4010 ejus
2906 3932 3187 3995 ratio.-
3208 3928 3431 4011 Confir-

1871 4032 2193 4091 mam.-
2212 4023 2597 4089 Βουναία-
2614 4024 2901 4087 Secunda
2938 4026 3267 4099 sententia,
3295 4042 3435 4103 quse

1874 4117 2733 4199 praecedentcmmoderatur,
2758 4118 2855 4179 ait
2886 4135 3022 4179 non
3054 4134 3273 4179 omnes
3290 4116 3429 4196 qui·

1875 4213 2016 4275 dem
2052 4212 2260 4285 laicos,
2290 4210 2399 4273 sed
2429 4210 2757 4289 primarios
2803 4210 3101 4290 quosdam
3160 4210 3325 4271 viros
3372 4214 3427 4271 et

1876 4308 2165 4368 Doctores
2190 4303 2413 4367 debere
2441 4304 2675 4378 vocari,
2708 4314 2785 4364 ut
2802 4322 2881 4365 ex
2898 4302 3185 4365 omnibus
3222 4302 3434 4363 condi-

1873 4398 2149 4463 tionibus
2175 4403 2238 4460 et
2280 4397 2543 4461 statibus
2586 4397 2915 4461 hominum
2964 4397 3158 4477 aliqui
3210 4414 3435 4458 conve·

1873 4493 2077 4566 uiant,
2088 4496 2151 4553 et
2168 4496 2391 4569 utquae
2408 4490 2487 4551 ad
2500 4508 2715 4551 omncs
2730 4496 3029 4570 spectant,
3044 4490 3126 4552 ab
3144 4489 3435 4551 omnibus

1875 4584 2317 4666 approbentur,
2344 4586 2527 4663 juxta
2562 4584 2845 4663 regulam
2885 4586 3049 4663 juris
3078 4603 3212 4664 cap.
3266 4584 3441 4659 Quod

1873 4696 2098 4754 emm,
2146 4678 2224 4740 de
2252 4677 2505 4756 Regalis
2545 4679 2729 4756 juris,
2772 4679 2841 4739 in
2882 4680 2943 4742 6.
2994 4679 3433 4755 Confirmatur,

1873 4789 1986 4833 cur
2016 4771 2186 4833 enim
2220 4770 2273 4831 si
2300 4770 2445 4832 laici
2465 4770 2767 4832 doctiores
2784 4772 2911 4833 sint
2935 4789 3123 4851 quam
3146 4774 3437 4835 sacerdo-

1873 4870 1991 4939 tsS,
2035 4863 2449 4926 excludantur
2490 4882 2531 4925 a
2578 4864 2815 4943 judicio
2859 4866 3025 4944 quod
3062 4882 3141 4926 ex
3178 4866 3436 4927 scientia

1873 4964 1936 5019 et
2001 4957 2287 5019 doctrina
2340 4958 2611 5020 maxime
2677 4958 2951 5037 pendet?
3020 4958 3437 5022 confirmatur

1873 5052 2143 5113 secundo
2198 5049 2500 5131 exemplis
2542 5070 2559 5111 ε
2606 5068 2757 5112 nam
2790 5112 2793 5115 ,
2821 5051 3065 5131 Moyses
3127 5052 3317 5115 laicus
3371 5054 3437 5115 in

1962 5246 1978 5283 ¹
2025 5244 2109 5305 De
2147 5242 2263 5303 hoc
2294 5256 2667 5322 argumento
2716 5248 2997 5303 auctores
3042 5242 3111 5303 in
3162 5248 3313 5303 tom.
3362 5244 3435 5305 13

1875 5342 2277 5411 tractatuum,
2330 5355 2394 5416 p.
2456 5340 2529 5413 13
2588 5334 2811 5397 Bellar.
2844 5335 2954 5397 lib.
2998 5336 3074 5396 de
3120 5336 3331 5411 Cone„
3380 5355 3437 5397 c.

1881 5432 1961 5493 15
1984 5452 2003 5505 ;
2050 5428 2419 5505 Salmeron„
2468 5430 2533 5491 in
2562 5430 2735 5505 Aeta,
2768 5435 3031 5490 tractatu
3078 5433 3191 5507 78;
3232 5431 3440 5507 Azor.,

1875 5530 2033 5584 tom.
2058 5523 2123 5598 2,
2152 5522 2260 5584 lib.
2296 5524 2359 5583 5.
2380 5540 2437 5583 c.
2467 5525 2564 5584 11.
