3900 6217
498 339 614 399 762

499 448 554 508 ei
591 448 828 506 constat
867 441 1182 504 bominem
1211 448 1564 504 accusatum
1597 461 1727 504 esse
1755 444 2055 506 innocen-

496 546 648 614 tem,
686 538 786 600 vel
809 541 1158 612 nocentem,
1197 535 1296 596 vel
1321 543 1632 598 neutrum.
1655 537 1718 598 Si
1751 537 2047 616 primum,

496 638 744 694 tenetur
791 631 967 692 illum
1015 629 1354 702 absolvere,
1387 648 1590 707 neque
1636 635 1837 710 potest
1893 630 2053 708 peri-

499 727 640 787 culo
663 725 854 786 duelli
887 725 1146 788 honesta
1171 723 1409 785 ratione
1434 723 1612 786 illum
1635 722 2045 784 committere.

499 819 562 880 Si
601 818 878 892 tertium,
908 817 1076 880 ide-m
1118 815 1301 894 plane
1332 824 1424 878 est
1449 817 1870 892 asserendum,
1903 816 2053 894 quia

493 913 640 992 jura
667 918 728 973 et
749 911 907 974 ratio
927 911 1182 989 justitias
1228 911 1542 990 postulant
1565 919 1658 984 ut,
1693 918 2053 974 accusatore

500 1025 626 1068 non
657 1005 978 1085 probante,
1007 1023 1150 1066 reus
1202 1003 1556 1066 absolvatur
1580 1011 1682 1066 :et
1729 1006 1796 1066 in
1846 1004 2055 1066 dubiis

499 1099 834 1161 favendum
863 1104 961 1160 est
985 1115 1112 1160 reo.
1143 1099 1206 1162 si
1237 1116 1384 1160 vcro
1409 1099 1654 1162 dicatur
1681 1099 2051 1174 secundum,

497 1197 746 1254 tenetur
807 1191 1018 1271 iudex,
1079 1191 1415 1255 secundum
1481 1191 1866 1257 ordinarium
1932 1193 2054 1272 jus,

497 1284 677 1346 illum
697 1283 1132 1348 condemnare.
1151 1284 1330 1358 Quod
1357 1287 1408 1346 si
1423 1285 1664 1349 dicatur
1689 1303 2054 1364 supremum

498 1379 845 1459 principem
871 1396 950 1438 ex
972 1377 1358 1458 plenitudiue
1385 1380 1704 1459 potestatis
1729 1397 1910 1458 posse
1945 1378 2053 1440 ab·

501 1471 737 1534 solvere
761 1471 948 1532 etiam
975 1472 1348 1544 convictum,
1381 1473 1651 1534 maxime
1681 1472 1730 1532 si
1759 1472 2055 1552 privatim

500 1565 652 1626 sciat
681 1565 856 1626 illum
883 1583 1014 1626 esse
1055 1565 1470 1639 innocentem,
1509 1572 1760 1644 contra3
1805 1585 1950 1628 nam
2001 1566 2055 1628 si

498 1664 699 1740 potest
749 1657 1102 1735 absolvere,
1131 1658 1386 1720 honesta
1445 1659 1604 1720 ratio
1658 1659 1950 1738 postulat,
1982 1665 2053 1720 ut

499 1753 757 1814 omniuo
815 1751 1114 1827 absolvat,
1165 1763 1229 1814 et
1285 1771 1411 1816 non
1449 1758 1720 1832 exponat
1780 1752 2055 1832 periculo

500 1844 720 1921 duelli3
766 1851 1085 1921 proeterea,
1135 1846 1282 1924 quia
1331 1863 1410 1906 ex
1464 1853 1638 1925 parte
1685 1847 2057 1908 accusatoris

498 1938 908 1999 committitur
932 1938 1278 2018 injustitia;
1311 1956 1456 2002 nam
1500 1939 1643 2001 licet
1677 1941 1866 2020 possit
1889 1941 2055 2019 prin-

499 2049 644 2110 ceps
681 2031 996 2093 absolvere
1025 2033 1440 2103 innocentem,
1475 2033 1802 2111 probatum
1827 2051 2054 2094 nocen-

499 2128 650 2193 tem.
676 2141 804 2186 nou
837 2129 1048 2186 tamen
1071 2124 1200 2186 ullo
1235 2125 1420 2188 modo
1457 2131 1658 2204 potest
1694 2126 1917 2204 punire
1942 2145 2057 2186 no-

501 2223 768 2290 centem,
800 2218 854 2278 ai
903 2235 1030 2278 non
1065 2218 1452 2280 convincitur
1484 2237 1706 2280 nocens
1736 2225 1842 2278 :et
1879 2238 2056 2280 accu-

503 2315 670 2372 sator
717 2311 873 2390 ipse,
911 2310 1194 2387 quamvis
1238 2329 1454 2373 revera
1504 2312 1586 2372 sit
1621 2311 2053 2379 calumniator,

503 2409 866 2466 nontamen
903 2404 980 2466 de
1017 2405 1134 2467 boc
1183 2411 1272 2464 est
1305 2404 1620 2466 convictus
1671 2406 1736 2464 iu
1800 2405 2060 2484 judicic,

503 2504 687 2578 atque
714 2499 764 2560 si
801 2499 1012 2560 veniat
1041 2499 1414 2578 punienduS,
1447 2500 1618 2578 justa
1659 2505 1824 2560 certe
1853 2517 2060 2578 poeua,

503 2609 630 2652 non
653 2591 862 2654 duello
879 2593 1194 2672 punietur.
1229 2593 1420 2668 DiceS,
1449 2610 1586 2653 eam
1613 2611 1742 2652 non
1773 2611 1902 2654 esse
1928 2610 2064 2670 poe·

502 2702 651 2746 nam
691 2704 890 2764 neque
930 2685 1250 2763 injuriam,
1296 2686 1464 2764 quia,
1513 2693 1584 2746 ut
1629 2685 2055 2764 supponimus,

502 2778 854 2842 voluntarie
909 2779 1143 2859 petitur
1187 2778 1286 2840 vel
1343 2784 1696 2858 acceptatur
1757 2777 2055 2840 duellum.

503 2871 865 2951 Respondeo
892 2889 1109 2933 verum
1147 2889 1298 2943 esse,
1327 2870 1446 2932 hac
1491 2871 1742 2950 quidem
1793 2871 2057 2946 ratione,

501 2982 628 3024 non
659 2963 792 3025 fieri
821 2964 1118 3044 injuriam
1142 2963 1288 3025 huic
1317 2963 1722 3042 privato,fieri
1748 2963 2065 3025 nihilomi-

503 3076 625 3119 nus
646 3057 1018 3137 reipublicae‚
1046 3065 1110 3120 et
1149 3056 1328 3118 bonae
1377 3057 1836 3135 gubernationi,
1865 3077 2062 3138 quan·

504 3151 836 3230 doquidem
905 3157 1120 3212 contra
1167 3151 1449 3212 ordinem
1501 3152 1662 3229 juris
1731 3152 2063 3231 exponitur

504 3246 810 3323 quispiam
839 3245 1114 3323 periculo
1141 3244 1357 3308 mortis
1375 3245 1508 3306 sine
1529 3245 1855 3306 sufficienti
1879 3263 2063 3306 caiisa

502 3335 770 3416 publica.
795 3337 967 3410 Quod
999 3337 1051 3397 si
1079 3337 1331 3398 tandem
1363 3339 1500 3417 quis
1528 3337 1858 3398 contendat
1889 3356 2061 3416 posse

501 3430 571 3490 in
628 3429 838 3508 aliquo
881 3448 1060 3506 casu,
1129 3430 1204 3491 ad
1258 3432 1494 3510 majora
1557 3431 1724 3491 mala
1780 3431 2057 3508 vitanda,

502 3523 844 3602 principem
873 3522 992 3585 hoc
1019 3524 1392 3603 permittere,
1423 3532 1492 3586 ut
1519 3525 1594 3586 de
1621 3523 1784 3584 facto
1805 3526 2059 3604 permit-

502 3620 722 3675 tuntur
762 3617 1135 3694 meretrices,
1165 3617 1336 3677 nullo
1385 3625 1596 3678 tamen
1643 3617 1826 3678 modo
1861 3626 2059 3697 potest

503 3710 784 3771 conferre
807 3711 910 3789 jus
941 3717 1004 3772 et
1029 3715 1396 3792 potestatem
1437 3718 1508 3772 ut
1543 3711 1602 3772 id
1631 3712 1796 3791 juste
1824 3710 1955 3780 fiat,
1988 3713 2063 3774 li-

503 3809 599 3864 cet
623 3822 749 3864 non
785 3806 1126 3884 peccaverit
1155 3803 1594 3884 permittend03
1621 3805 1766 3883 quia
1815 3804 2061 3866 nullum

502 3897 690 3960 habet
709 3898 815 3977 jus
842 3897 950 3958 ille
993 3898 1290 3958 innocens
1330 3903 1438 3958 aut
1477 3905 1820 3972 accusatus,
1851 3905 1922 3958 ut
1954 3919 2061 3978 per

505 4009 570 4052 se
597 3997 659 4052 et
699 4009 808 4052 sua
835 3991 1196 4053 auctoritate
1222 3991 1482 4052 alterum
1517 3991 1779 4067 occidat,
1827 3993 1926 4053 vel
1952 4011 2060 4070 ag-

504 4084 820 4161 grediatur
838 4102 858 4163 3
889 4103 1037 4164 ergo
1063 4102 1262 4163 neque
1302 4089 1501 4162 potest
1531 4085 1812 4164 princeps
1856 4084 2060 4144 indul-

506 4195 653 4255 gere
690 4177 812 4237 illis
838 4178 998 4239 hanc
1037 4182 1424 4257 potestatem.
1454 4176 1630 4237 Patet
1676 4194 2060 4256 consequeu-

505 4269 614 4344 tio,
643 4270 788 4348 quia
807 4289 933 4332 non
958 4275 1157 4350 potest
1184 4269 1470 4350 princeps
1486 4270 1816 4331 concedere
1845 4269 2057 4344 alicui,

505 4366 576 4420 ut
631 4363 764 4422 sine
821 4369 1067 4442 peccato
1123 4361 1388 4424 alterum
1435 4363 1696 4436 occidat,
1733 4363 1854 4422 nisi
1891 4363 2062 4442 prius

510 4455 776 4534 juridice
831 4456 912 4516 sit
957 4457 1275 4516 convictus
1300 4462 1362 4518 et
1397 4457 1748 4530 damnatus,
1780 4456 1946 4536 quod
1994 4457 2062 4516 in

504 4549 816 4628 proposito
833 4567 976 4610 casu
999 4550 1235 4610 nonita
1269 4555 1380 4610 est.
1413 4551 1700 4624 Quocirca
1745 4548 2059 4610 conclusio

505 4642 702 4722 posita
731 4642 1102 4718 generaliter
1138 4643 1416 4722 procedit
1447 4643 1677 4722 absque
1712 4643 1840 4704 ulla
1895 4642 2061 4702 limi-

511 4731 763 4796 tatione.

585 4830 646 4890 8.
681 4829 890 4894 Tertia
929 4828 1226 4894 conclusio
1271 4831 1598 4894 communis
1642 4830 1955 4912 bipartita.
1980 4860 2059 4875 —-

503 4925 650 4985 Dico
679 4924 892 4986 tertio:
940 4925 1178 5003 privata
1205 4941 1434 5002 pugna,
1479 4924 1541 4983 id
1573 4930 1686 4998 est,
1721 4942 1860 5003 quae
1901 4925 2064 4985 inter

503 5018 658 5078 duos
686 5015 758 5077 fit
778 5017 876 5078 vel
899 5017 1062 5078 inter
1089 5034 1334 5096 paucOS,
1359 5017 1410 5075 si
1434 5018 1795 5077 auctoritate
1819 5017 2064 5096 publica

501 5109 635 5182 fiat,
683 5129 806 5171 non
849 5116 941 5170 est
983 5110 1315 5170 intrinsece
1363 5109 1549 5182 mala,
1571 5109 1674 5169 sed
1697 5111 1749 5169 si
1785 5110 2061 5189 alioquin

500 5201 727 5263 habeat
756 5203 949 5282 justas
993 5201 1140 5264 belli
1177 5201 1576 5275 conditiones,
1621 5201 1932 5270 honestari
1958 5221 2063 5280 po-

501 5303 653 5372 test3
690 5315 836 5358 nam
880 5297 1084 5376 potius
1126 5313 1199 5356 eo
1233 5295 1300 5354 in
1325 5300 1553 5356 eventu
1583 5296 1885 5356 rationem
1915 5295 2063 5358 belli

504 5389 715 5464 habet,
787 5387 1004 5450 saltem
1063 5386 1362 5468 partialis,
1419 5405 1608 5466 quam
1657 5387 1869 5448 duelli.
1919 5389 2065 5448 Haec

505 5482 817 5560 conclusio
867 5481 1216 5543 communis
1255 5491 1367 5542 est.
1421 5475 1892 5570 Ejusque‚prior
1923 5499 2065 5572 pars

1532 341 1770 398 msrm'.
1805 343 1932 396 xm.
1972 341 2051 394 ΕΤ
2082 341 2316 394 UL‘rfflA
2349 341 2427 396 ΒΕ
2454 340 2671 394 BELLo.

2133 443 2476 504 ostenditur
2503 442 2727 522 primo,
2760 457 2909 501 nam
2938 437 3156 500 occisio
3184 439 3431 500 auctori
3440 443 3559 500 tate
3584 459 3681 518 pu-

2132 535 2313 609 blica,
2362 542 2423 598 et
2474 555 2550 597 ex
2588 535 2761 613 justa
2812 550 3019 608 causa,
3050 550 3176 593 non
3228 537 3331 592 est
3376 531 3681 592 intrinsece

2131 630 2295 690 mala
2320 653 2336 704 3
2368 648 2517 708 ergo
2556 645 2671 688 nec
2698 626 2975 688 medium
2996 625 3261 702 aggredi
3303 626 3387 688 ad
3418 644 3555 686 eam
3594 645 3682 686 ne-

2132 725 2465 786 cessarium
2488 719 2855 801 (cujusmodi
2872 737 3003 780 esse
3022 725 3215 798 potest
3244 737 3470 800 pugna
3492 719 3565 778 de
3584 739 3687 800 qna

2130 820 2463 898 loquimur)
2490 817 2725 878 malum
2754 813 2892 876 erit.
2927 813 3379 888 Confirmatur,
3415 815 3685 892 quoniam

2132 913 2363 976 bellum
2394 913 2559 974 inter
2586 909 2835 978 multos,
2890 925 3035 968 cum
3067 906 3359 986 superius
3389 905 3687 968 declaratis

2134 1006 2613 1078 conditionibuS,
2646 1009 2846 1083 potest
2872 1021 3003 1064 esse
3028 1002 3265 1080 justum
3290 1016 3313 1078 ;
3358 1017 3509 1078 ergo
3536 1007 3593 1060 et
3612 1003 3688 1062 in·

2134 1114 2233 1162 ter
2274 1117 2521 1180 paucos.
2554 1097 2696 1160 Sola
2740 1095 2909 1158 enim
2952 1093 3307 1157 differentia
3366 1092 3688 1154 multitudi-

2136 1193 2237 1255 nis
2262 1209 2664 1271 personarum
2711 1208 2837 1253 non
2882 1189 3083 1253 variat
3118 1187 3547 1260 honestatem,
3580 1188 3688 1250 sive

2130 1287 2463 1366 justitiam.
2530 1284 2835 1358 Secundo,
2890 1283 3221 1345 damnatus
3265 1297 3465 1360 poena
3502 1281 3691 1359 capitis

2136 1379 2303 1442 licite
2329 1379 2493 1442 valet
2517 1398 2595 1440 ex
2624 1377 2921 1458 principis
2942 1373 3253 1440 facultate.
3290 1373 3349 1434 si
3378 1374 3691 1435 necessaria

2136 1472 2239 1547 sit,
2270 1491 2305 1534 a
2340 1471 2616 1551 quolibet
2641 1471 2885 1552 privato
2908 1468 3138 1539 necari,
3175 1472 3237 1528 et
3268 1473 3426 1530 tunc
3452 1465 3557 1526 ille
3584 1484 3693 1526 non

2136 1566 2414 1644 peccabit
2438 1564 2795 1638 occidendo,
2824 1582 2967 1626 cum
3011 1561 3073 1622 id
3118 1560 3309 1622 faciat
3338 1563 3413 1618 ut
3440 1558 3691 1622 minister

2130 1658 2421 1737 justitian
2454 1675 2604 1735 ergo
2619 1657 2787 1720 idem
2811 1656 3105 1718 licebitin
3126 1651 3445 1734 proposito
3466 1658 3687 1713 eventu.

2214 1755 2276 1816 9.
2326 1751 2639 1817 Suadam
2668 1745 3481 1830 emunda·pars.-Primus
3502 1746 3687 1808 modu

2121 1845 2517 1924 sactificandi
2554 1846 2660 1908 hoc
2700 1845 2985 1908 clitellam.
3010 1875 3093 1890 -
3118 1839 3445 1904 Secundus
3482 1839 3686 1900 modus.

2133 1973 2219 1987 —
2238 1941 2379 2000 Jam
2414 1939 2716 2020 posterior
2760 1936 3171 1998 conclusionis
3214 1951 3365 2013 pars
3393 1931 3683 2006 suadetur,

2135 2035 2411 2116 primum
2441 2079 2461 2108 ‚
2517 2051 2591 2096 ex
2642 2051 2761 2094 usu
2801 2029 3071 2092 nominis
3128 2027 3404 2092 duellum
3422 2051 3450 2100 ;
3490 2025 3691 2103 quippe

2136 2128 2549 2190 communiter
2594 2125 2905 2206 significat
2948 2139 3223 2203 pugnam
3275 2117 3534 2182 omnino
3584 2118 3692 2198 pri·

2136 2229 2369 2296 vatam,
2418 2221 2479 2282 id
2524 2226 2637 2292 est,
2668 2238 2747 2280 ex
2794 2218 2965 2278 nuda
2998 2215 3371 2276 auctoritate
3412 2229 3689 2288 causaque

2140 2316 2380 2395 privata
2406 2313 2828 2380 commissam:
2857 2310 2979 2372 tale
3006 2327 3153 2370 vero
3176 2306 3464 2368 duellum
3494 2305 3689 2366 intrin-

2142 2427 2280 2470 sece
2325 2407 2563 2468 malum
2590 2413 2718 2478 est;
2769 2413 2835 2466 at
2876 2421 3087 2484 pugna
3109 2401 3187 2462 de
3214 2419 3347 2480 qua
3378 2398 3687 2479 loquimur,

2144 2502 2259 2562 etsi
2308 2499 2589 2562 videatur
2634 2499 2898 2578 privata,
2949 2497 3099 2574 quia
3146 2497 3311 2559 inter
3360 2510 3596 2574 paucos,
3632 2510 3685 2552 re

2146 2600 2355 2656 autem
2383 2612 2529 2654 vera
2556 2591 2807 2670 publica
2830 2595 3135 2664 censetur,
3164 2588 3320 2668 quia
3350 2584 3685 2647 auctoritate

2139 2687 2414 2768 publica,
2464 2691 2525 2745 et
2564 2685 2643 2744 ob
2684 2701 2931 2746 causam
2975 2683 3293 2762 publicam
3343 2678 3647 2758 suscipitur
3663 2693 3681 2753 ς

2140 2799 2268 2841 nou
2299 2797 2447 2858 ergo
2489 2777 2677 2838 habet
2721 2778 3123 2840 intrinsecam
3154 2773 3465 2836 malitiam
3498 2771 3681 2844 duelli,

2142 2875 2249 2936 secl
2274 2890 2491 2936 veram
2530 2872 2833 2933 rationem
2862 2868 3028 2932 belli.
3058 2867 3257 2942 Unde,
3292 2874 3366 2928 ut
3404 2865 3556 2928 licite
3574 2863 3683 2936 fiat,

2138 2967 2285 3047 justi
2310 2966 2459 3026 belli
2490 2965 2873 3027 conditiones
2897 2963 3109 3026 sortiri
3138 2961 3348 3036 debet,
3376 2958 3532 3039 quod
3554 2958 3681 3016 duo-

2140 3063 2257 3124 bus
2286 3062 2391 3122 fiet
2445 3061 2667 3124 modis.
2731 3061 2959 3132 Primo,
3012 3058 3263 3138 quando
3322 3062 3519 3118 totum
3564 3052 3681 3114 belli

2140 3157 2460 3234 negotium
2489 3160 2815 3216 revocatur
2842 3154 2920 3216 ad
2948 3169 3219 3232 pugnam
3252 3151 3418 3212 inter
3464 3163 3679 3226 paucos,

2140 3249 2215 3310 de
2260 3267 2405 3327 quc,
2468 3267 2552 3322 an
2614 3248 2697 3310 sit
2752 3246 3101 3310 honestum.
3162 3245 3378 3306 nullus
3451 3239 3677 3309 dubitat,

2140 3341 2479 3402 dummodo
2526 3347 2745 3419 praeter
2787 3339 3089 3417 justitiam
3134 3337 3283 3400 belli
3330 3336 3395 3396 icl
3438 3333 3679 3395 observet

2138 3435 2445 3516 princeps,
2477 3440 2547 3493 ut
2570 3433 2895 3494 victoriam
2934 3449 3062 3492 non
3110 3430 3323 3491 trahat
3370 3428 3445 3489 ad
3489 3429 3679 3484 statum

2140 3528 2340 3608 magis
2380 3527 2665 3601 dubium,
2718 3543 2911 3606 quam
2966 3543 3075 3604 per
3131 3523 3371 3584 bellum
3422 3518 3675 3580 haberet}

2140 3621 2295 3681 adeo
2333 3626 2405 3680 ut
2449 3618 2601 3681 velit
2652 3619 2979 3697 Cajetanus
3027 3635 3155 3678 nou
3205 3616 3396 3678 licere
3446 3607 3675 3692 principi

2140 3730 2431 3774 revocare
2472 3711 2705 3774 bellum
2736 3711 2813 3772 ad
2858 3728 3197 3790 paucorum
3250 3722 3539 3788 pugnam,
3574 3699 3669 3761 nisi

2142 3813 2342 3868 certus
2368 3809 2448 3866 sit
2494 3805 2627 3866 fore
2684 3810 2753 3864 ut
2800 3806 2866 3865 in
2917 3803 3079 3865 bello
3128 3799 3449 3864 communi
3497 3796 3673 3856 vinca·

2142 3907 2264 3961 tur.
2290 3901 2523 3960 Verum
2547 3896 2762 3976 regula
2782 3897 2975 3977 posita
2996 3895 3350 3975 generalior
3366 3899 3474 3964 est,
3500 3907 3565 3950 ac
3588 3903 3669 3946 ve·

2140 3993 2295 4066 rior3
2328 4011 2497 4067 nam,
2517 3991 2763 4071 quando
2791 4009 2927 4069 spes
2952 3990 3227 4050 victoriae
3255 4006 3386 4048 non
3408 3981 3671 4045 minuitur

2140 4104 2252 4146 nec
2280 4087 2485 4146 minus
2529 4090 2696 4144 certa
2726 4083 2933 4145 evadit
2960 4102 3037 4144 ex
3066 4083 3421 4144 reductione
3446 4075 3575 4138 belli
3606 4069 3667 4131 ad

2140 4179 2439 4253 duellum,
2484 4177 2643 4237 nulli
2693 4175 2764 4237 fit
2809 4176 3272 4236 incommodum
3314 4166 3664 4246 autinjuria,

2140 4281 2202 4333 et
2228 4273 2378 4334 alias
2420 4272 2697 4331 vitantur
2721 4270 2913 4331 caedes
2954 4269 3239 4350 plurimae
3260 4290 3278 4344 3
3308 4284 3454 4345 ergo
3476 4279 3561 4323 res
3580 4259 3664 4318 ho-

2138 4371 2313 4426 nesta
2340 4371 2401 4426 et
2422 4365 2587 4444 justa
2612 4365 2749 4423 erit.
2780 4364 3085 4438 Quoniam
3109 4380 3258 4424 vero
3280 4361 3416 4422 haec
3435 4368 3663 4434 commo-

2140 4457 2223 4518 da
2255 4457 2530 4518 reductio
2583 4474 2724 4517 raro
2752 4456 2999 4530 accidit,
3051 4455 3384 4534 prudentia
3410 4449 3495 4512 uti
3516 4461 3660 4524 opor-

2139 4555 2229 4611 tet
2266 4552 2331 4611 in
2354 4569 2426 4612 ea
2467 4549 2892 4621 admittenda3
2924 4567 3115 4628 quam
3148 4549 3201 4609 si
3230 4549 3384 4608 forte
3422 4543 3660 4624 princeps

2140 4643 2409 4706 indebite
2432 4661 2505 4704 ac
2520 4650 2755 4704 temere
2781 4643 3090 4716 admittat,
3116 4659 3243 4702 non
3269 4637 3521 4720 peccabit
3546 4629 3656 4729 quit

2142 4738 2282 4798 dem
2336 4742 2551 4797 contra
2595 4736 2898 4816 justitiam
2943 4734 3297 4814 reipublicae
3325 4730 3657 4797 hostium‚s1

2143 4831 2295 4892 alias
2313 4831 2443 4910 ipse
2485 4831 2616 4909 agit
2640 4831 2877 4909 justum
2904 4828 3169 4906 bellum3
3198 4825 3465 4908 peccabit
3486 4827 3653 4880 tamen

2142 4930 2205 4984 et
2226 4931 2437 4983 contra
2458 4925 2565 5002 jus
2602 4922 2884 4982 debitum
2909 4939 3034 4982 suae
3076 4920 3447 5000 reipublicae,
3476 4911 3561 4975 cui
3595 4923 3653 4968 ex

2142 5015 2338 5076 officio
2364 5023 2607 5077 tenetur
2623 5023 2801 5076 caute
2831 5014 3153 5094 providere
3195 5020 3256 5073 et
3278 5009 3581 5078 consulere,
3604 5005 3653 5059 et

2142 5116 2357 5171 contra
2414 5129 2516 5170 eos
2561 5109 2856 5181 subditos,
2916 5127 3070 5188 quos
3127 5107 3378 5186 exponit
3432 5094 3650 5184 periculo

2142 5203 2332 5276 duelli
2373 5205 2506 5264 sine
2542 5203 2899 5265 rationabili
2938 5221 3140 5264 causa.
3198 5200 3463 5263 Secundo
3504 5187 3649 5254 modo

2144 5302 2343 5377 potest
2386 5297 2707 5376 negotium
2754 5296 2871 5358 hoc
2918 5313 3049 5358 esse
3088 5296 3355 5375 justum,
3400 5307 3507 5353 non
3534 5281 3647 5362 quia

2143 5395 2343 5450 totum
2370 5388 2682 5452 bellumin
2711 5389 2819 5450 illo
2846 5389 3022 5469 quasi
3036 5389 3264 5450 virtute
3288 5385 3641 5450 contineatur.

2146 5483 2249 5544 scd
2285 5484 2431 5574 quia
2459 5501 2601 5565 pars
2624 5488 2715 5543 est
2744 5481 2919 5556 belli,
2945 5483 3137 5574 quod,
3166 5482 3329 5562 juste
3355 5478 3641 5562 susceptum
