3900 6217
597 472 716 533 502
1063 473 1305 525 DISPUT.
1335 472 1439 525 XX.
1478 473 1557 525 DE
1588 470 1878 525 REmEnns
1911 470 2223 523 ECCLESIAE
2254 470 2499 523 CONTRA
2530 468 2827 522 afflat-:sas
2858 466 2938 519 m·
2969 462 3353 517 RAERETmos.

587 577 797 657 -capite
825 576 1065 655 quint0.
1120 576 1197 636 Et
1241 574 1398 635 ratio
1427 579 1540 650 est,
1577 574 1722 651 quia
1758 572 1862 633 ille
1895 592 2040 633 vere
2068 580 2160 633 est

597 670 779 746 liber,
811 680 872 730 et
901 670 988 731 ita
1011 670 1078 729 in
1107 670 1278 728 omni
1307 668 1677 748 proprietate
1705 666 1820 727 sub
1842 666 2046 727 verbis
2075 666 2161 726 le-

600 765 695 843 gis
721 763 1282 843 comprehenditur.
1311 762 1622 837 Secund0,
1649 761 1797 841 quia
1825 761 1983 822 ratio
2008 761 2161 838 legis

602 866 667 921 et
693 856 1040 937 periculum
1076 856 1426 917 infectionis
1460 875 1633 935 aeque
1660 856 1724 915 in
1753 855 1862 915 tali
1890 855 2051 915 libro
2074 854 2163 914 lo-

600 969 745 1013 cum
784 949 993 1011 habet.
1024 951 1254 1025 Terti0,
1286 949 1434 1028 quia
1471 949 1622 1009 alias
1664 967 1774 1029 per
1813 947 2061 1009 fraudes
2102 957 2164 1009 et

602 1044 781 1123 quasi
804 1062 916 1123 per
943 1042 1195 1103 insidias
1223 1048 1423 1122 posset
1461 1031 1711 1103 effectus
1755 1042 1942 1120 hujus
1984 1040 2161 1119 legis,

603 1145 666 1200 et
705 1136 973 1198 efficacia
1015 1136 1148 1214 ejus
1192 1135 1501 1213 impediri.
1547 1134 1925 1213 Interrogari
1956 1139 2163 1194 tamen

602 1231 864 1293 ulterius
889 1235 1107 1309 potest,
1137 1249 1218 1292 an
1247 1229 1452 1290 brevis
1475 1228 1797 1306 scriptura,
1829 1232 1900 1287 ut
1921 1228 2162 1301 concio,

603 1324 707 1385 vel
739 1323 1018 1404 epistola,
1045 1330 1154 1383 aut
1179 1323 1382 1385 brevis
1422 1324 1696 1401 q-uaestio.
1740 1321 1837 1381 vel
1874 1321 2168 1400 quicquid

603 1418 961 1499 hujusmodi
1017 1424 1131 1493 est,
1189 1417 1302 1479 sub
1354 1416 1470 1478 hac
1525 1416 1942 1495 prohibitione
2004 1434 2167 1475 com·

605 1512 1045 1593 prehendatur.
1102 1512 1308 1591 Aliqui
1349 1510 1708 1591 simpliciter
1755 1518 1990 1587 negant
2014 1553 2034 1584 ,
2096 1514 2166 1569 ut

605 1608 811 1680 Sanc„
843 1606 1030 1665 citato
1062 1622 1322 1665 numero
1357 1604 1658 1682 vigesimo
1703 1618 1906 1679 nono;
1946 1601 2167 1664 funda·

605 1705 733 1773 tur,
764 1700 906 1778 quia
943 1699 1044 1759 lex
1070 1697 1332 1778 poenalis
1358 1700 1586 1771 stricte,
1617 1701 1682 1757 et
1708 1695 1768 1755 in
1799 1696 2005 1774 rigore
2030 1714 2167 1755 ver-

605 1790 826 1852 borum
849 1790 1212 1869 explicanda
1241 1796 1367 1864 est3
1400 1788 1531 1849 hoec
1557 1795 1768 1848 autem
1793 1787 1895 1848 lex
1921 1793 2011 1849 est
2038 1804 2168 1867 poe·

608 1884 788 1959 naliS‚
814 1888 876 1945 et
893 1883 1096 1944 brevis
1115 1883 1415 1961 scriptura
1453 1898 1668 1942 revera
1694 1898 1818 1941 non
1848 1886 1940 1942 est
1965 1879 2165 1957 liber;

609 1996 779 2054 ergo.
833 1976 1224 2037 Contrarium
1265 1974 1675 2036 nihilominus
1717 1974 1914 2051 magis
1951 1972 2165 2052 probo,

612 2088 752 2131 cum
786 2068 1038 2147 Hugol„
1085 2069 1202 2129 loc.
1249 2068 1446 2141 citat„
1477 2083 1738 2127 numero
1779 2066 2068 2140 secundo,
2110 2071 2173 2127 et

609 2162 917 2241 imprimis
945 2180 1224 2240 suppono
1256 2160 1417 2220 hanc
1443 2160 1646 2236 legem
1701 2159 1902 2237 potius
1929 2159 2173 2219 favora-

610 2254 800 2316 bilem
847 2272 1034 2332 quam
1077 2256 1350 2315 odiosam
1395 2253 1766 2313 censendam
1812 2270 1984 2326 esse3
2036 2258 2171 2311 tum

613 2348 760 2427 quia
789 2348 951 2408 facta
980 2347 1158 2407 estin
1201 2347 1476 2408 favorem
1507 2344 1551 2406 fi
1578 2346 1675 2419 ἰοί,
1725 2346 1832 2423 qui
1865 2345 2173 2425 principa-

615 2440 760 2501 liter
787 2440 1269 2501 considerandus
1299 2446 1419 2513 est;
1451 2446 1584 2499 tum
1624 2440 1812 2499 etiam
1856 2441 2005 2519 quia
2029 2437 2175 2499 licet

615 2550 863 2613 posnam
909 2534 1243 2607 contineat,
1303 2532 1727 2612 principaliter
1769 2532 2016 2610 respicit
2072 2530 2176 2591 de-

615 2626 957 2687 fensionem
983 2633 1044 2687 et
1070 2626 1396 2685 tuitionem
1425 2625 1704 2685 fidelium
1729 2640 1750 2701 ;
1788 2644 1959 2702 ergo,
2003 2623 2178 2685 abso—

616 2718 747 2781 lute
793 2720 1124 2799 loquendo,
1187 2718 1392 2798 potius
1439 2718 1794 2798 amplianda
1844 2725 1936 2779 est
1989 2734 2177 2797 quam

615 2812 1065 2889 restringenda,
1089 2812 1252 2893 quod
1271 2830 1386 2892 pro
1409 2811 1697 2872 omnibus
1716 2829 1854 2890 quoe
1876 2810 2175 2881 dicemus,

618 2922 746 2983 prae
785 2906 977 2965 oculis
1009 2905 1364 2967 babendum
1397 2910 1508 2965 est.
1558 2903 1862 2979 Secundo,
1894 2903 2041 2984 quia
2083 2921 2179 2964 ra-

620 2996 710 3057 tio
744 2996 899 3075 legis
925 3000 1109 3059 etiam
1143 2998 1207 3058 in
1238 2997 1552 3077 scripturis
1587 2996 1685 3057 his
1719 2997 1924 3057 locum
1966 2995 2173 3068 habet,

621 3090 769 3169 quia
807 3108 1105 3169 magnum
1155 3090 1491 3171 periculum
1521 3090 1850 3150 imminere
1885 3096 2087 3168 potest
2105 3089 2179 3150 fi·

621 3182 863 3243 delibus
907 3202 982 3244 ex
1026 3182 1122 3245 his
1165 3182 1502 3262 scripturis,
1557 3200 1631 3243 eo
1678 3182 1930 3261 quidem
1978 3182 2180 3261 majus

623 3293 746 3355 quo
773 3275 1066 3338 latentius
1095 3275 1654 3337 communicantur.
1684 3276 1890 3336 Tertio
1931 3292 2183 3336 moveor

624 3386 702 3429 ex
753 3369 1021 3448 quadam
1057 3369 1457 3448 responsione
1493 3367 1829 3443 Cardinal.,
1871 3370 1938 3429 in
1992 3367 2183 3429 simili

624 3460 815 3522 dubio
857 3464 1021 3523 circa
1060 3462 1370 3524 decretu-m
1415 3462 1765 3523 Tridentini
1804 3478 2003 3541 nuper
2033 3460 2181 3522 alle·

623 3562 863 3632 gatum,
913 3555 1020 3615 ubi
1077 3555 1295 3615 eodem
1351 3554 1535 3615 modo
1587 3554 1927 3615 extendunt
1976 3554 2179 3631 legem

625 3648 903 3722 Concilii,
934 3648 1002 3709 iu
1025 3647 1188 3708 dicto
1212 3648 1384 3723 loco;
1417 3646 1606 3707 verba
1633 3652 1842 3707 autem
1875 3646 2053 3707 dictae
2079 3645 2183 3707 dc·

625 3739 976 3801 clarationis
1030 3740 1224 3801 videri
1277 3746 1530 3820 possunt
1581 3739 1748 3818 apud
1805 3738 2143 3801 Marzillam
2160 3783 2180 3813 ,

627 3831 778 3893 ibid.
803 3852 818 3906 ;
851 3834 1141 3912 quocirca
1177 3832 1326 3895 licet
1352 3833 1458 3894 illa
1484 3834 1783 3912 scriptura
1809 3850 1937 3893 non
1966 3832 2183 3892 sitaeiu—

627 3931 801 4001 teger
836 3925 1015 4001 liber,
1063 3944 1204 4006 pars
1251 3927 1384 4005 ejus
1425 3925 1660 3987 censeri
1705 3931 1924 4005 potest,
1958 3924 2009 3984 si
2054 3942 2181 3985 non

633 4023 801 4091 actu,
852 4019 1068 4079 saltem
1113 4019 1484 4098 aptitudine,
1533 4018 1698 4097 quod
1740 4018 1807 4077 in
1857 4016 1969 4078 tali
1992 4023 2185 4077 mate-

626 4110 722 4171 ria
761 4112 836 4172 ad
871 4112 1221 4191 praedictam
1247 4112 1667 4172 extensionem
1693 4112 1840 4171 satis
1865 4116 1977 4171 est.

711 4208 809 4265 Η.
861 4203 1022 4278 Quid
1073 4206 1308 4268 nomino
1357 4203 1626 4268 hoeretici
1681 4205 1778 4266 hic
1827 4203 2051 4267 veniat.
2102 4234 2186 4249 —

629 4296 911 4358 Secunda
956 4297 1255 4377 particula
1297 4303 1430 4358 erat
1477 4297 1890 4360 hoerotioorum
1907 4319 1935 4366 ,·
1973 4296 2184 4377 itaque

629 4390 914 4470 quamvis
961 4388 1118 4451 liber
1163 4390 1478 4452 contineat
1523 4389 1824 4462 haereses,
1869 4389 1922 4449 si
1970 4394 2185 4450 auctor

627 4499 754 4543 non
793 4483 873 4544 sit
904 4483 1252 4560 haereticus,
1303 4501 1381 4544 ex
1409 4483 1471 4544 vi
1504 4483 1692 4561 huJus
1731 4480 2019 4542 clausulae
2056 4499 2183 4543 non

625 4582 718 4639 est
745 4576 1088 4656 prohibitus
1118 4578 1186 4639 in
1221 4576 1398 4639 Bulla
1427 4577 1649 4652 Coenoe,
1679 4576 1826 4637 licet
1870 4576 2025 4636 alias
2050 4593 2184 4637 esse

627 4671 858 4749 possit,
905 4676 978 4731 ut
1023 4670 1188 4731 infra
1245 4670 1448 4731 dicam
1503 4671 1567 4730 in
1631 4686 1892 4730 numero
1941 4668 2182 4729 decimo

627 4769 870 4843 quarto.
927 4764 1297 4843 Inter-rogari
1363 4780 1508 4823 vero
1563 4769 1761 4842 potest
1812 4763 2041 4843 primo,
2098 4780 2182 4823 an

625 4860 906 4933 oporteat
924 4862 1238 4918 auctorem
1266 4855 1411 4917 libri
1455 4874 1586 4917 esse
1623 4855 1701 4917 de
1745 4856 1963 4917 haeresi
2010 4854 2181 4915 dam·

623 4954 842 5009 natum
863 4964 884 5026 3
913 4950 980 5011 id
1012 4950 1180 5012 enim
1199 4950 1468 5012 affirmat
1494 4950 1756 5031 Graphis
1780 4968 1989 5029 supra,
2019 4948 2179 5011 libro

2239 572 2380 634 ticis
2416 572 2605 633 talem
2646 568 3271 631 communicationem
3324 566 3548 626 vitane.
3580 568 3729 647 Neque
3779 556 3781 563 ’

2240 666 2573 749 prohibitio
2595 667 2727 727 hoec
2752 664 3094 743 regulanda
3116 669 3210 724 est
3240 680 3353 741 per
3392 664 3731 741 extravagan-

2240 768 2368 824 tem
2428 760 2527 823 Ad
2576 762 2878 836 evitanda,
2934 778 3072 837 quae
3124 756 3413 819 concedit
3454 762 3523 815 ut
3552 774 3647 816 non
3670 766 3735 821 ie-

2243 873 2504 939 neamur
2550 856 2743 915 vitare
2792 852 3383 921 excommunicatos,
3414 848 3535 910 nisi
3562 852 3737 928 publice

2243 948 2662 1024 denuntiatos,
2680 948 2829 1027 quia
2847 947 2979 1008 haec
3003 952 3094 1007 est
3112 943 3457 1025 probibitio
3478 960 3580 1020 per
3594 962 3643 1003 se
3656 946 3739 1007 dis·

2242 1044 2436 1103 tincta
2464 1043 2543 1104 ab
2580 1038 3215 1103 excommunicatione
3242 1042 3471 1099 contra
3500 1035 3742 1101 hereticos

2242 1138 2391 1198 lata.
2420 1136 2537 1198 Sed
2565 1135 2715 1216 quid
2736 1136 2813 1195 de
2836 1134 2973 1195 aliis
2998 1130 3385 1206 infidelibus,
3416 1136 3485 1191 et
3512 1131 3741 1193 similibus

2244 1231 2420 1291 libris
2462 1230 2541 1291 ab
2582 1229 2673 1289 eis
2716 1225 3119 1307 compositis?
3164 1223 3557 1304 Roepondeo,
3582 1224 3623 1282 si
3662 1242 3743 1287 non

2248 1324 2372 1385 sint
2397 1322 2691 1396 haeretici,
2723 1338 2837 1382 nec
2876 1326 3169 1398 apostatae
3218 1337 3259 1379 a
3284 1317 3415 1378 fide
3454 1316 3685 1395 professa
3703 1319 3745 1379 in

2245 1416 2574 1497 baptismo,
2597 1431 2813 1475 eorum
2839 1413 3027 1473 libros
3050 1412 3154 1472 hic
3180 1426 3309 1472 non
3332 1410 3745 1488 comprehendi:

2246 1510 2393 1589 quia
2422 1508 2513 1570 illi
2534 1508 2711 1569 nullo
2734 1506 2921 1568 modo
2948 1512 3095 1566 suut
3134 1501 3447 1573 haeretici,
3492 1520 3663 1581 neque
3680 1522 3749 1564 eo-

2246 1620 2386 1663 rum
2414 1602 2641 1681 scripta
2664 1599 3147 1671 considerantur,
3186 1598 3341 1677 quia
3383 1600 3451 1655 et
3480 1612 3605 1655 rara
3628 1606 3743 1673 sint,

2248 1702 2310 1756 ct
2340 1694 2421 1755 ab
2442 1695 2531 1755 eis
2558 1693 2792 1755 morale
2814 1690 3157 1772 periculum
3176 1708 3307 1751 non
3329 1690 3605 1750 timetur.
3620 1690 3667 1749 Si
3684 1698 3741 1749 ia-

2246 1808 2394 1851 men
2436 1790 2561 1849 siut
2606 1792 2899 1867 apostatae
2947 1784 3259 1864 baptizati,
3308 1783 3561 1844 etiamsi
3596 1783 3653 1842 ad
3680 1786 3739 1861 ju-

2248 1884 2556 1944 daismum
2583 1881 2683 1942 vel
2712 1880 3145 1961 paganismum
3191 1876 3645 1951 declinaverint,
3674 1896 3734 1939 eo-

2250 1994 2392 2037 rum
2426 1974 2571 2035 libri
2607 1974 2710 2035 hic
2733 1972 3369 2053 comprehenduntur.
3408 1968 3585 2049 quia,
3606 1980 3725 2029 utsu-

2252 2086 2363 2148 pra
2400 2068 2553 2141 dixi,
2577 2068 2645 2127 in
2674 2068 2889 2128 ordine
2927 2065 3009 2127 ad
3035 2065 3203 2141 leges
3238 2062 3544 2124 Ecclesia!
3578 2062 3735 2121 istimh

2253 2162 2504 2222 nomine
2529 2160 2949 2223 hereticorum
2976 2158 3257 2219 veniunt.

2338 2256 2431 2315 12.
2482 2254 2789 2336 oppositio
2813 2254 2879 2315 dc
2900 2252 3077 2314 libris
3102 2251 3463 2316 clv-cecorum
3483 2250 3741 2312 schismati

2254 2366 2479 2411 corum.
2550 2380 2613 2392 -
2654 2346 2774 2407 Sed
2818 2346 3001 2425 objici
3054 2350 3296 2424 potest,
3351 2345 3506 2421 quia
3550 2344 3743 2418 sequitu

2254 2440 2443 2501 libros
2485 2459 2523 2501 a
2554 2439 2784 2501 Graecis
2809 2438 3209 2499 schismaticis
3230 2436 3309 2497 de
3324 2436 3559 2496 ritibus
3576 2438 3677 2493 suis
3694 2453 3749 2493 es-

2256 2552 2321 2595 se
2350 2534 2465 2595 sub
2494 2534 2612 2594 hac
2634 2534 2769 2609 lege
2798 2530 3295 2610 comprehensos,
3318 2529 3489 2608 quod
3518 2546 3625 2588 non
3642 2528 3751 2586 tide·

2255 2632 2359 2686 tur
2378 2644 2505 2686 esse
2524 2626 2589 2685 in
2621 2642 2758 2685 usu.
2792 2623 2887 2683 Ad
2925 2622 3043 2682 hoc
3070 2622 3265 2701 aliqui
3308 2621 3649 2681 existimant
3678 2620 3753 2678 lm-

2251 2718 2525 2797 jusmodi
2560 2716 2748 2777 libros
2783 2734 2913 2776 non
2936 2732 3067 2775 esse
3100 2713 3447 2793 prohibitos
3486 2731 3560 2771 ex
3598 2714 3653 2770 vi
3682 2712 3751 2770 hu-

2251 2812 2356 2892 jus
2384 2812 2702 2884 clausulae,
2749 2809 2917 2890 quod
2968 2814 3141 2869 tenet
3168 2807 3350 2880 Azor,
3398 2813 3466 2869 et
3498 2807 3681 2876 Sane„
3718 2813 3759 2863 ti

2258 2906 2563 2967 rationem
2584 2904 2875 2978 reddunt,
2916 2902 3065 2982 quia
3110 2902 3217 2961 isti
3242 2903 3403 2961 ritus
3450 2899 3531 2960 ab
3554 2899 3759 2960 Emissis

2258 2998 2423 3059 inter
2467 2996 2731 3058 haereses
2781 3012 2910 3055 non
2960 2997 3421 3071 computantur.
3480 2992 3591 3053 Sed
3638 3010 3754 3050 nune

2258 3108 2387 3153 non
2414 3089 2657 3167 agimus
2682 3089 2804 3149 nisi
2836 3088 2915 3147 de
2940 3086 3297 3146 conditione
3334 3084 3615 3155 auctoris,
3642 3090 3691 3143 et
3710 3101 3757 3141 ex

2258 3184 2376 3245 bac
2394 3190 2567 3264 parte
2588 3202 2716 3243 nou
2746 3182 2927 3242 video
2952 3198 3061 3241 cur
3090 3178 3336 3239 excludi
3362 3176 3637 3250 debeant,
3654 3176 3757 3255 qnia

2260 3278 2354 3340 illi
2376 3284 2521 3339 sunt
2545 3277 2829 3339 homines
2856 3277 2975 3335 rite
3008 3272 3325 3351 baptizati.
3346 3278 3419 3332 ut
3442 3282 3761 3350 supponas

2261 3377 2410 3432 sunt
2436 3371 2623 3431 alieni
2670 3370 2749 3431 ab
2788 3367 3054 3430 Ecclesia
3090 3364 3409 3429 catholica
3435 3384 3451 3434 ;
3484 3382 3617 3425 nam
3646 3382 3763 3423 sem·

2261 3483 2373 3546 per
2400 3468 2611 3525 errant
2636 3463 2734 3525 vel
2768 3464 2835 3523 in
2862 3462 3123 3523 materia
3158 3458 3452 3539 symboli,
3481 3460 3763 3537 praesertim

2261 3562 2425 3620 circa
2450 3558 2969 3631 lucei-nationem,
2998 3556 3095 3617 vel
3120 3554 3505 3625 Trinitatem,
3526 3552 3615 3613 vel
3638 3558 3761 3609 cette

2260 3652 2329 3711 in
2382 3651 2643 3712 articulo
2685 3650 2763 3711 de
2814 3651 3073 3711 Summo
3128 3645 3423 3709 Pontffioe
3448 3690 3468 3721 ,
3518 3645 3669 3723 quo-l
3706 3646 3761 3701 sii

2262 3745 2485 3807 Christi
2510 3744 2809 3818 vicarius,
2840 3743 2941 3803 cui
2978 3758 3197 3802 omnes
3234 3740 3514 3819 baptizati
3556 3736 3758 3798 obedire

2262 3842 2593 3910 tenentur;
2624 3853 2772 3915 ergo
2811 3840 2956 3895 sunt
3001 3834 3276 3895 haeretici
3302 3855 3321 3907 3
3370 3848 3505 3909 ergo
3528 3830 3661 3889 libri
3686 3847 3761 3887 eo·

2260 3948 2399 3991 rum
2417 3976 2436 4004 ,
2480 3930 2533 3990 si
2586 3929 2725 3989 illas
2768 3927 3147 3989 conditiones
3190 3924 3485 3998 habeant,
3520 3922 3629 3982 sub
3670 3922 3753 3979 ha:

2263 4023 2680 4102 prohibitione
2720 4019 3327 4101 comprehenduntur
3353 4039 3368 4077 ε
3390 4023 3455 4077 ιιι
3478 4024 3671 4076 autem
3700 4012 3757 4073 il-

2264 4115 2355 4175 las
2384 4115 2678 4189 habeant,
2710 4115 2857 4175 satis
2894 4117 2986 4173 est
3023 4111 3190 4189 quod
3228 4110 3307 4169 de
3336 4108 3605 4185 religlone
3630 4114 3751 4165 tret-

2263 4215 2420 4282 tent,
2453 4213 2515 4269 et
2557 4207 2697 4269 ideo
2732 4206 2878 4268 licet
2912 4220 3130 4266 eorum
3172 4205 3329 4266 ritus
3364 4202 3615 4263 haeresim
3650 4216 3747 4257 nm

2264 4301 2623 4362 contineant
2642 4348 2656 4369 ,
2702 4298 3105 4359 nihilominus
3152 4297 3235 4358 ad
3278 4296 3605 4373 religionem
3640 4308 3747 4367 per-

2262 4394 2505 4466 tinent;
2552 4393 2671 4454 hoc
2708 4410 2855 4471 ergo
2884 4392 3033 4453 satis
3074 4396 3191 4451 est.
3232 4390 3402 4451 Addo
3432 4404 3557 4447 vero
3586 4385 3751 4445 etism

2261 4486 2330 4545 in
2370 4486 2467 4546 his
2505 4484 2748 4559 ritibus,
2794 4482 3161 4562 regulariter
3210 4480 3527 4562 loquendo,
3552 4474 3751 4554 aliquid

2260 4589 2477 4639 contra
2536 4578 2719 4639 tidem
2775 4577 3121 4650 admisceri,
3179 4582 3467 4654 quatenus
3512 4573 3583 4630 ita
3626 4584 3751 4626 sues

2262 4672 2419 4731 ritus
2465 4670 2827 4741 defendunt,
2876 4674 2948 4729 ut
2986 4670 3143 4729 ritus
3180 4667 3455 4728 Ecclesia&
3474 4661 3749 4724 camolia

2260 4771 2561 4843 tanquam
2613 4762 2809 4824 malos
2854 4762 3193 4838 damnent,
3231 4760 3391 4841 quod
3426 4774 3594 4820 encre
3634 4772 3749 4812 non

2260 4864 2446 4919 caret.

2342 4953 2440 5013 13.
2476 4949 2640 5025 Quid
2660 4952 2731 5015 de
2754 4950 2935 5013 libres
2964 4950 3200 5028 partim
3228 4948 3474 5013 mm
3492 4942 3747 5013 leutici,

625 5046 870 5121 quarto,
899 5043 1098 5122 capite
1123 5042 1363 5103 decimo
1390 5051 1626 5117 octav0,
1656 5059 1834 5104 num.
1865 5043 1948 5103 40
1969 5047 2032 5103 et
2054 5044 2176 5117 433
2250 5046 2494 5126 partim
2538 5042 2851 5108 Catholici.
2871 5074 2955 5090 -
2979 5044 3238 5106 Primus
3274 5042 3463 5105 modus
3500 5037 3617 5099 libri
3664 5036 3753 5095 fta

622 5135 728 5197 sed
759 5136 890 5197 sine
931 5135 1122 5196 dubio
1161 5136 1308 5198 satis
1345 5142 1434 5195 est
1476 5134 1639 5214 quod
1667 5152 2055 5214 quacumque
2082 5152 2180 5195 ra·

623 5230 792 5291 tione
831 5232 1070 5289 constet
1095 5246 1224 5289 esse
1251 5228 1637 5303 haereticum,
1689 5232 1758 5287 ut
1803 5226 2026 5287 melius
2072 5227 2179 5287 do·

621 5328 764 5382 cent
792 5321 1045 5399 Hugol„
1075 5322 1282 5396 Sanc„
1309 5322 1501 5395 citati,
1534 5326 1596 5381 et
1620 5318 1746 5382 alii.
1778 5322 1856 5382 Et
1881 5320 2041 5381 ratio
2064 5326 2176 5395 est,

622 5416 768 5493 qnia
793 5414 893 5475 lex
939 5414 1300 5493 simpliciter
1344 5413 1663 5493 loquitur3
1695 5431 1820 5474 non
1857 5430 2005 5491 ergo
2034 5412 2181 5475 licet

620 5507 799 5567 nobis
818 5506 1253 5568 limitationem
1277 5506 1526 5582 addere,
1553 5508 1896 5587 praesertim
1925 5508 2071 5585 quia
2098 5505 2179 5567 ad

620 5597 854 5660 bonum
883 5598 1161 5662 fidelium
1199 5600 1446 5681 expedit
1485 5618 1626 5662 cum
1659 5600 1949 5663 omnibus
1982 5599 2177 5663 baerc-

2258 5136 2463 5200 mixti.
2488 5168 2573 5183 -
2594 5136 2909 5201 Secundus
2946 5138 3177 5199 modus.
3207 5168 3289 5181 —
3310 5134 3520 5199 stritus
3560 5128 3751 5187 mlv-t

2258 5228 2618 5293 bimembri&
2650 5260 2733 5275 —
2756 5230 2987 5301 Tertio,
3032 5227 3393 5307 interrogari
3424 5218 3749 5305 potestquid

2260 5323 2591 5383 dicendum
2617 5322 2701 5383 sit
2732 5322 2811 5383 de
2852 5320 3062 5395 libris,
3093 5327 3163 5381 ut
3190 5322 3277 5381 ita
3314 5320 3505 5387 dicam,
3533 5312 3739 5381 mixtis,

2259 5417 2326 5477 in
2366 5415 2593 5495 quibus
2634 5415 2869 5495 aliquid
2914 5412 2995 5475 ab
3032 5414 3353 5489 haeretico,
3380 5418 3437 5473 ct
3466 5404 3657 5484 aliquid
3702 5422 3743 5461 ⁸

2259 5508 2570 5569 Catholico
2608 5510 2907 5589 scriptum
2940 5508 3277 5569 invenitur.
3310 5507 3421 5567 Hoc
3445 5508 3603 5564 autem
3625 5514 3737 5554 vz-

2257 5603 2365 5663 riis
2426 5601 2625 5693 modis
2684 5602 3044 5679 contingere
3105 5606 3215 5661 aut
3264 5596 3487 5678 cogitari
3530 5594 3733 5671 potest.
