3900 6217
453 468 608 521 smr.
639 466 722 519 lx,
758 467 844 519 AN
875 466 1096 531 CERTA,
1131 467 1212 519 ET
1245 466 1459 521 mva
1493 466 1634 519 FIDE
1666 464 1986 519 CONSTARE
2018 466 2230 519 Possm·
2262 465 2427 519 HANG
2458 465 2729 528 Numana,
2764 466 2900 519 ETC.

151 570 380 655 piendum
404 572 522 627 erat
537 564 594 624 id
613 562 924 625 Malachiae
945 566 1176 645 primo:
1209 566 1474 628 ,sn-omni
1490 566 1616 627 loco

151 668 348 745 offertur
379 658 518 721 mihi
560 656 772 721 oblatio
818 660 1064 731 munda,
1106 667 1290 739 atque
1327 659 1480 719 adeo
1515 660 1619 721 de-

149 758 344 817 lendum
364 754 478 814 fore
498 751 678 811 ritum
703 770 952 815 omnem
975 752 1196 812 veteris
1213 752 1390 830 legiS,
1409 754 1473 812 in
1498 771 1621 831 qua

148 854 490 911 nnnstautum
519 844 681 904 locus
709 850 771 904 et
800 859 992 905 uuum
1017 844 1285 923 Solymae
1318 845 1619 924 templum

146 944 201 1004 ad
223 940 546 1001 offerendum
603 938 722 996 Deo
754 936 1122 997 sacrificium
1152 937 1619 1017 designabatur,

144 1044 188 1097 et
207 1036 267 1095 ol»
291 1034 338 1093 id
355 1032 461 1092 ait:
485 1028 690 1109 Neque
719 1030 786 1089 in
809 1034 1006 1091 monte
1034 1032 1162 1103 hoc,
1187 1048 1369 1111 neque
1395 1030 1476 1092 H
1471 1034 1622 1094 iero-

141 1128 340 1205 solymis
361 1120 670 1185 advo-abicis
697 1118 972 1197 Patrem,
1031 1141 1158 1182 nou
1204 1122 1368 1202 quod
1399 1124 1462 1182 in
1497 1122 1620 1184 illis

137 1222 250 1281 locis
270 1216 612 1297 prohibitum
653 1214 813 1274 foret
861 1214 1143 1289 adorare,
1183 1216 1287 1275 sed
1318 1216 1480 1295 quod
1513 1235 1618 1276 ne-

135 1330 226 1391 que
261 1313 364 1371 ritu
397 1307 940 1383 Samaritanorum,
987 1326 1189 1388 neque
1230 1307 1615 1385 suarem-um,

135 1422 290 1484 neque
312 1420 377 1464 ex
402 1402 748 1461 necessitate
771 1402 834 1461 in
865 1418 936 1461 eo
957 1400 1114 1474 loco,
1145 1400 1244 1461 vel
1269 1400 1390 1461 alio
1419 1400 1619 1483 quoli-

134 1500 226 1569 bet,
254 1496 341 1556 sed
364 1496 579 1575 ubique
606 1493 905 1565 locorum,
938 1502 1002 1555 et
1029 1494 1516 1557 Christianorum
1537 1495 1619 1556 ri-

135 1600 200 1665 tu,
224 1590 308 1669 qni
330 1590 612 1668 praecipue
649 1588 722 1647 in
755 1606 894 1648 vera
923 1587 1046 1649 fide
1071 1595 1134 1648 et
1176 1588 1480 1649 charitate
1510 1606 1618 1667 po-

133 1686 246 1743 situs
260 1689 356 1754 cst,
375 1680 669 1742 adoretur.
705 1680 794 1741 lta
817 1680 1308 1759 chrysostomuS,
1328 1680 1614 1759 CyrilluS,

133 1773 570 1856 Theophylactns,
602 1774 1003 1855 Euthymius,
1034 1775 1215 1835 divus
1229 1775 1522 1851 Thomas,
1555 1782 1618 1837 et

139 1872 393 1948 Cajetauns
419 1869 479 1928 iu
507 1867 610 1927 illo
637 1868 796 1929 loco.
821 1862 960 1931 Jam
991 1868 1153 1947 apud
1181 1868 1432 1943 Lucam,
1457 1867 1620 1928 deci-

139 1982 214 2025 mo
249 1962 496 2041 septimo,
552 1978 761 2022 sermo
813 1970 1023 2041 aperte
1075 1972 1168 2023 est
1219 1962 1296 2021 de
1347 1960 1620 2022 adventu

137 2055 298 2119 christi
325 2054 546 2115 Domini
585 2054 654 2113 in
683 2055 1020 2129 mnndum,
1065 2074 1138 2116 ae
1181 2054 1364 2115 tacite
1397 2054 1618 2115 distin·

133 2150 294 2227 guitur
317 2147 424 2207 illic
465 2146 692 2225 duplex
743 2148 1079 2207 adventus:
1125 2147 1284 2209 alter
1302 2146 1432 2226 jam
1465 2164 1619 2225 proe·

133 2260 252 2316 sens,
275 2241 482 2300 ratione
510 2240 692 2318 cujus
729 2238 977 2316 dicitur,
1010 2258 1260 2324 reqnum
1291 2240 1407 2302 Dei
1449 2238 1620 2305 intra

137 2351 348 2408 mesu,
388 2334 540 2411 qum}
567 2332 646 2394 de
669 2333 940 2411 justitia,
977 2342 1038 2395 et
1079 2335 1280 2411 gratia
1319 2334 1618 2413 interpre-

139 2432 258 2487 tatur
273 2424 783 2504 Theophylactus3
819 2426 977 2487 alter
1023 2424 1270 2487 futurus
1325 2426 1402 2487 ad
1454 2425 1620 2486 diem

143 2519 326 2596 judicii3
351 2518 560 2579 dicitur
593 2528 810 2579 autem
854 2519 984 2581 rore
1025 2522 1155 2583 sine
1197 2518 1619 2593 observatione,

141 2612 244 2687 quia
264 2616 480 2690 repente
507 2612 671 2671 sicut
719 2611 932 2691 fulgur
967 2613 1275 2673 adveniet.
1321 2612 1474 2673 Vide
1515 2612 1626 2672 Bc·

137 2704 240 2763 dam
263 2709 312 2763 et
336 2703 724 2764 Ambrosium
753 2706 816 2765 in
837 2704 1015 2765 illum
1046 2705 1273 2766 locum.
1308 2705 1494 2766 Porro
1515 2722 1624 2765 au·

135 2804 228 2856 tem
245 2796 386 2857 divus
409 2796 614 2857 Petrus
639 2796 1034 2877 spiritualem
1051 2798 1287 2860 domum
1313 2803 1488 2858 vocat
1511 2798 1622 2859 Ec-

141 2886 352 2963 clesiam,
377 2906 410 2949 a
435 2890 754 2969 praecipua
781 2892 916 2969 ejus
945 2895 1137 2969 parte,
1177 2908 1324 2950 nam
1355 2890 1626 2951 maxime

147 2981 264 3040 vivit
299 2982 526 3062 spiritu3
571 2984 666 3045 sic
712 2984 884 3045 enim
917 2990 980 3045 et
1017 2984 1254 3061 justum
1302 2984 1623 3045 hominem

151 3075 441 3150 spiritualem
462 3094 804 3151 vocamus3
834 3076 1062 3137 hostias
1087 3094 1232 3138 vero
1273 3077 1620 3157 spirituales

137 3168 342 3245 appellat
381 3168 534 3229 bona
576 3188 776 3249 opera
811 3168 1320 3246 Christianorum,
1353 3160 1521 3249 quia,
1553 3175 1626 3230 ut

135 3259 224 3318 lJeo
243 3266 458 3341 accepta
477 3261 628 3338 sint,
651 3280 790 3324 esse
819 3261 1047 3323 debent
1071 3261 1194 3323 fide
1221 3269 1285 3323 et
1325 3262 1621 3324 charitate

131 3352 346 3416 formata.
403 3356 696 3431 Rursum,
759 3354 908 3436 quia
953 3356 1164 3417 omnia
1192 3374 1330 3437 quae
1379 3358 1448 3417 in
1483 3357 1621 3437 lege

129 3464 242 3506 nova
263 3448 708 3528 praecipiuntur,
743 3450 1026 3529 quamvis
1053 3455 1310 3511 externa
1337 3449 1485 3526 sint,
1538 3448 1618 3510 ad

125 3536 380 3601 fovendam
398 3540 882 3621 augendamque
905 3540 1290 3621 spiritualem
1311 3542 1620 3622 justitiam

121 3631 402 3694 referuntur
425 3652 440 3709 ;
467 3634 610 3695 ideo
655 3632 764 3695 lex
807 3632 937 3695 haec
977 3634 1313 3714 spiritualis
1355 3635 1581 3696 dicitur
1595 3651 1616 3713 3

121 3740 236 3803 sepe
281 3743 532 3807 namque
573 3724 904 3807 spirituale
943 3734 1198 3787 vocatur
1244 3746 1371 3788 non
1418 3727 1620 3787 solum

121 3816 236 3893 qnod
255 3818 310 3878 in
328 3819 664 3879 substantia
695 3836 810 3879 sua
829 3816 956 3880 tale
974 3825 1088 3895 est,
1121 3820 1225 3881 sed
1245 3821 1433 3880 etiam
1457 3819 1621 3899 quod

118 3908 310 3987 spiritui
340 3912 544 3987 servit,
576 3912 682 3973 vel
713 3912 805 3972 illi
833 3910 1175 3991 subjicitur,
1211 3913 1523 3973 autetiam
1549 3912 1624 3973 il-

120 4002 210 4061 lum
227 4005 497 4081 imitatur,
525 4024 656 4086 qua
676 4004 890 4086 phrasi
914 4004 1138 4067 Paulus
1163 4007 1618 4085 resurgentium

119 4110 316 4175 corpora
341 4099 686 4182 spiritualia
717 4099 978 4159 vocavit.
1013 4096 1106 4158 Ad
1136 4098 1426 4159 ultimum
1456 4098 1622 4178 quod

120 4188 339 4253 Brentius
373 4194 732 4274 objiciebat,
776 4192 1214 4273 respondetur:
1256 4195 1418 4255 sicut
1456 4193 1620 4255 Tho-

119 4300 212 4343 mas
237 4284 372 4347 vidit
412 4294 474 4349 et
515 4288 810 4365 credidit,
849 4286 1020 4367 quia,
1055 4294 1121 4350 ut
1147 4288 1476 4365 Gregorius
1505 4290 1612 4363 ait,

122 4374 240 4437 aliud
263 4380 402 4441 vidit
427 4388 486 4442 et
513 4380 688 4443 aliud
734 4380 1017 4457 credidit,
1068 4380 1156 4441 ita
1183 4400 1296 4441 nos
1333 4381 1617 4442 videmus

122 4469 312 4545 quidem
335 4472 696 4549 Ecclesiam,
725 4473 994 4536 videndo
1019 4474 1322 4535 exteriora
1344 4475 1522 4553 signa
1551 4480 1616 4535 et

121 4580 236 4623 verae
274 4568 538 4630 Ecclesiae
591 4568 989 4643 testimonia,
1043 4568 1350 4629 credimus
1405 4574 1614 4629 autem

122 4650 365 4719 internam
408 4662 941 4741 pulchritudinem
968 4668 1030 4723 et
1052 4660 1318 4721 formam
1354 4658 1510 4740 ejus,
1541 4666 1615 4721 ut

123 4746 209 4823 iam
237 4755 484 4816 sectione
513 4754 807 4835 sequenti
832 4754 1170 4815 videndum
1199 4759 1310 4815 est.

665 4958 880 5011 szc'rto
915 4959 998 5010 ix.

124 5114 200 5176 Aa
234 5126 376 5185 certa
418 5130 474 5187 et
507 5124 722 5189 divina
757 5126 874 5207 fide
920 5130 1194 5190 comem-e
1222 5126 1428 5208 possit
1463 5126 1618 5188 hanc

178 5227 386 5372 m
397 5222 584 5356 :itque
622 5218 1028 5300 ivs-individuo
1042 5265 1058 5295 ‚
1099 5236 1226 5284 esse
1255 5236 1461 5283 veram
1491 5219 1621 5282 Εσ-

181 5490 227 5547 1.
268 5490 340 5553 In
380 5508 490 5573 qno
524 5496 942 5560 consuamus
989 5512 1123 5559 eum
1176 5494 1498 5559 hoereticis.
1539 5525 1622 5544 --

126 5576 176 5637 ln
214 5586 547 5658 praecedenti
588 5589 852 5651 sectione
871 5633 892 5665 ,
950 5586 1018 5649 in
1069 5604 1296 5667 genere
1341 5588 1621 5650 definivi-

1547 5732 1616 5777 0

3149 458 3269 523 275

1699 582 1877 643 mus,
1927 565 2261 625 Ecclesiam
2334 581 2460 624 esse
2528 562 2873 638 visibilem,
2934 568 2997 626 et
3056 563 3267 645 aliquo

1701 658 1884 719 modo
1912 657 2291 732 credibilem,
2323 656 2541 718 saltem
2568 656 2852 717 humana
2878 662 2939 717 et
2974 657 3267 737 prudenti

1699 750 1860 828 fide;
1903 771 2069 812 nunc
2097 749 2527 831 explicandum
2574 756 2848 829 superest
2903 769 2983 810 an
3030 748 3148 811 hoc
3175 752 3269 832 ip-

1702 863 1840 906 sum
1878 843 2241 923 simpliciter
2277 843 2567 904 credibile
2611 844 2689 903 sit
2728 850 2916 923 atque
2953 842 3107 905 adeo
3138 862 3269 906 cre·

1700 937 1973 997 deudum
2002 936 2122 998 fide
2149 937 2359 997 divina
2387 940 2429 996 ¹.
2452 936 2662 1016 Neque
2690 936 2921 997 veroin
2952 937 3269 999 communi

1704 1036 1971 1104 tantum,
2004 1030 2109 1089 sed
2147 1030 2209 1089 in
2237 1029 2559 1089 individuo
2594 1031 2785 1091 etiam
2814 1030 3267 1093 ostendendum

1703 1130 1815 1201 est,
1861 1140 2150 1201 qua-nam
2198 1122 2598 1199 congregatio
2658 1139 2872 1184 earum
2906 1166 2925 1197 ,
2992 1141 3129 1201 quoe
3198 1124 3267 1183 in

1703 1215 1937 1276 mundo
1968 1220 2134 1291 sunt,
2173 1215 2481 1275 credenda
2524 1215 2604 1275 sit
2651 1232 2795 1275 vera
2826 1214 2930 1276 Dei
2972 1215 3264 1291 Ecclesia,

1701 1315 1909 1388 estque
1933 1308 2239 1387 ejusmodi
2277 1307 2533 1388 quaestio
2565 1308 2629 1367 in
2680 1308 2795 1368 hac
2823 1309 3083 1371 materia
3110 1327 3267 1389 pra!-

1701 1402 1902 1481 cipua,
1949 1409 2161 1482 utpote
2192 1419 2266 1462 ex
2312 1419 2435 1479 qua
2490 1418 2867 1481 magnopere
2915 1407 3268 1463 controver-

1697 1494 1927 1554 siarum
1973 1493 2448 1555 omuiunrinter
2486 1512 2597 1555 nos
2639 1498 2701 1554 et
2737 1494 3059 1557 haereticos
3099 1513 3266 1557 reso·

1697 1586 1851 1649 lutio
1889 1587 2116 1667 pendet
2137 1602 2158 1664 3
2202 1605 2343 1648 cum
2382 1586 2551 1647 enim
2594 1604 2955 1667 expressum
2999 1588 3065 1648 in
3106 1587 3267 1649 Scri·

1699 1685 1874 1759 ptura
1905 1681 1987 1740 sit
2027 1698 2239 1741 veram
2276 1680 2607 1741 Ecclesiam
2659 1696 2787 1741 esse
2832 1680 3169 1745 columnam
3206 1684 3267 1744 et

1699 1771 2151 1846 firmamentum
2204 1770 2487 1834 veritatis
2510 1817 2529 1847 ,
2581 1789 2797 1834 omnes
2864 1771 2982 1833 sibi
3048 1789 3262 1834 veram

1701 1862 2032 1925 Ecclesiam
2079 1864 2452 1940 attribuunt,
2499 1870 2569 1924 ut
2602 1882 2713 1925 sua
2764 1864 2919 1925 falsa
2972 1864 3265 1943 dogmata

1700 1972 1846 2017 vera
1882 1974 2013 2017 esse
2061 1957 2470 2037 persuadeant
2498 2000 2518 2031 ‚
2567 1958 2733 2037 qnod
2791 1964 3086 2020 notarunt
3141 1960 3266 2023 lre·

1702 2067 1896 2123 uaeuS,
1947 2049 2107 2111 libro
2155 2049 2425 2111 secundo
2474 2058 2689 2110 contra
2725 2050 3037 2111 valentin.
3061 2068 3082 2129 ;
3121 2052 3265 2114 Lac-

1699 2149 1885 2217 tant„
1911 2140 2071 2203 lii-ro
2096 2145 2135 2202 4
2175 2143 2453 2203 Divinar.
2496 2140 2791 2219 Institut„
2832 2162 2967 2223 cap.
3002 2145 3261 2223 ultim03

1699 2236 2063 2315 CyprianuS,
2096 2234 2253 2297 libro
2283 2239 2359 2297 de
2386 2237 2633 2298 Unitate
2674 2234 2978 2314 Ecclesiae,
3020 2245 3084 2299 et
3106 2238 3265 2300 libro

1699 2334 1762 2405 4,
1791 2329 2050 2409 epistola
2070 2332 2301 2408 prima3
2330 2330 2710 2407 Augustinus
2729 2330 2805 2390 de
2828 2330 2973 2392 Fide
3002 2339 3065 2392 et
3083 2332 3265 2411 Sym·

1699 2422 1865 2498 bolo,
1913 2441 2050 2502 cap.
2108 2427 2198 2498 10,
2234 2424 2310 2484 de
2338 2425 2553 2502 Agone
2586 2423 2957 2499 Christiano,
2989 2444 3125 2505 cap.
3159 2426 3265 2503 29,

1703 2523 1916 2576 contra
1958 2515 2149 2576 litter.
2206 2517 2487 2577 Petiliau.
2512 2560 2533 2593 ,
2583 2535 2717 2595 cap.
2768 2516 3077 2594 secund03
3120 2520 3267 2579 Ber-

1703 2608 1974 2684 nardus,
2028 2626 2310 2670 sermone
2368 2610 2448 2671 66
2500 2611 2562 2669 iu
2616 2610 2790 2671 Cant.
2848 2610 3265 2674 Convenimus

1706 2701 1898 2777 igitur
1934 2720 2076 2761 cum
2106 2702 2406 2763 haereticis
2447 2718 2584 2763 eam
2630 2720 2759 2764 esse
2803 2720 3011 2764 veram
3044 2703 3269 2767 Christi

1709 2794 2064 2866 Ecclesiam,
2104 2798 2169 2855 in
2200 2812 2322 2875 qua
2368 2812 2513 2857 vcra
2542 2796 2763 2856 Christi
2806 2796 3083 2859 doctrina
3128 2816 3267 2877 per-

1707 2897 1981 2965 severat3
2030 2886 2377 2949 differimus
2404 2894 2613 2949 tamen
2659 2888 2825 2969 quod
2863 2890 2980 2969 ipsi
3021 2888 3265 2951 nullum

1705 2980 1872 3042 aliud
1913 2982 2161 3061 signum
2197 2998 2359 3042 verae
2416 2981 2724 3071 Ecclesiae,
2776 2990 2999 3063 praeter
3052 3000 3267 3045 veram

1706 3078 2049 3153 doctrinam
2088 3078 2447 3155 admittunt,
2479 3090 2551 3138 ut
2579 3078 2787 3139 videre
2835 3083 2927 3139 est
2954 3078 3116 3159 apud
3141 3078 3268 3141 Ho-

1705 3172 1890 3249 sium,
1919 3174 1958 3233 5
1982 3177 2196 3231 contra
2240 3171 2477 3247 Brent.,
2510 3182 2571 3233 et
2601 3172 2760 3234 Petr.
2804 3170 2961 3247 Sot.,
3001 3174 3067 3232 in
3108 3170 3266 3233 Con·

1702 3264 1966 3327 fessione
2006 3262 2339 3339 catholica,
2386 3280 2521 3345 cap.
2582 3265 2623 3325 4
2643 3286 2662 3340 3
2718 3280 2892 3341 nam,
2946 3269 3061 3326 etsi
3109 3264 3266 3327 alias

1702 3365 1880 3419 notas
1903 3374 2063 3418 verae
2090 3356 2374 3418 Ecclesiae
2409 3357 2720 3418 interdum
2745 3356 3029 3433 afferant,
3052 3372 3267 3418 omnes

1699 3450 1882 3531 plane
1909 3448 2074 3511 hanc
2097 3449 2361 3530 primam
2392 3448 2754 3525 includunt3
2789 3450 3061 3513 fatentur
3093 3451 3263 3514 enim

1701 3544 1932 3623 requiri
1970 3560 2185 3605 verum
2236 3551 2769 3606 sacramentorum
2815 3561 3036 3623 usum3
3085 3544 3265 3606 illum

1702 3643 1912 3697 autem
1943 3655 2161 3699 verum
2208 3636 2535 3713 definiunt,
2567 3638 2672 3719 qui
2703 3658 2779 3700 ex
2808 3656 2957 3699 sana
2982 3637 3266 3700 doctrina

1705 3730 2003 3810 procedit.
2048 3730 2303 3793 Addunt
2352 3738 2651 3811 praeterea
2695 3732 2925 3811 requiri
2975 3731 3264 3792 obedieu-

1701 3824 1854 3885 tiam
1882 3842 2031 3903 erga
2058 3823 2381 3885 ministros·
2400 3824 2609 3900 verbi3
2640 3826 2745 3887 sed
2774 3824 3131 3905 intelligunt
3151 3831 3263 3885 aut

1701 3924 1865 3979 certe
1904 3917 2251 3995 intelligere
2295 3916 2525 3979 debent
2570 3918 2645 3981 de
2698 3936 2842 3980 vero
2884 3918 2991 3979 Dei
3040 3917 3254 3979 verbo.

1705 4012 1912 4091 ltaque
1938 4010 2057 4073 hoc
2082 3994 2327 4072 tanttfm
2355 4012 2532 4091 signo
2563 4030 2720 4072 verae
2758 4012 3050 4072 doctrinm
3074 4016 3261 4071 utun-

1701 4113 1826 4180 tur,
1856 4120 2077 4166 veram
2108 4109 2318 4165 autem
2347 4104 2687 4167 doctrinam
2734 4122 2811 4165 ex
2841 4104 2967 4165 sola
2989 4103 3259 4185 Scriptu-

1697 4216 1768 4260 ra
1794 4216 1947 4277 pure
1992 4204 2056 4259 et
2102 4196 2463 4277 simpliciter
2511 4196 2823 4259 intellecta
2872 4196 3125 4257 desumi·
3154 4214 3261 4257 vo-

1697 4290 1854 4353 lunt.
1898 4290 2122 4369 Sicque
2162 4290 2538 4351 concludunt
2567 4307 2778 4350 veram
2804 4288 3136 4350 Ecclesiam
3180 4304 3259 4351 ex

1696 4382 1824 4445 sola
1858 4383 2171 4464 Scriptura
2201 4400 2311 4463 per
2338 4402 2401 4444 sc
2430 4381 2749 4461 cognosci3
2782 4380 2858 4442 ad
2888 4381 3053 4464 quod
3081 4382 3257 4443 insti·

1696 4484 1902 4537 tutum
1939 4476 2209 4539 afferunt
2231 4476 2765 4555 chrysostomum,
2809 4473 3028 4535 homil.
3076 4474 3153 4535 49
3192 4477 3259 4537 in

1693 4568 1959 4645 Matth.;
1990 4570 2434 4648 Augustinum,
2460 4567 2621 4629 libro
2665 4567 2741 4628 dc
2782 4566 3028 4629 Unitate
3051 4566 3258 4629 Eccle-

1693 4666 1826 4739 siae,
1857 4681 1995 4743 cap.
2028 4664 2068 4725 2
2092 4675 2155 4723 et
2184 4664 2242 4738 3,
2267 4670 2329 4723 et
2355 4661 2616 4743 epistola
2644 4660 2782 4722 166.

1774 4761 1833 4819 2.
1880 4759 1964 4820 In
2011 4774 2125 4841 quo
2154 4756 2575 4839 discrepemus.
2618 4788 2699 4803 —
2730 4754 3027 4818 Catholici
3080 4773 3251 4831 vero,

1693 4852 1979 4932 quamvis
2031 4852 2146 4912 hoc
2194 4851 2440 4930 signum
2482 4866 2610 4911 non
2664 4849 3009 4911 detrectent
3060 4848 3259 4929 (ipsis

1694 4945 1864 5006 enim
1912 4944 2220 5007 haereticis
2272 4944 2541 5005 maxime
2592 4942 2999 5022 adversatur)
3035 4986 3056 5017 ,
3103 4946 3257 5001 atta-

1696 5056 1842 5100 men
1903 5037 2125 5099 volunt
2176 5036 2328 5099 illud
2398 5037 2603 5116 potius
2662 5036 2741 5097 ad
2796 5034 3251 5110 definiendam,

1697 5148 1885 5212 quam
1918 5131 1997 5192 ad
2028 5129 2499 5192 discernendam
2542 5146 2753 5189 veram
2790 5126 3117 5189 Ecclesiam
3151 5141 3257 5186 va-

1698 5223 1846 5285 lere.
1891 5224 1998 5283 Est
2042 5222 2348 5303 siquidem
2382 5221 2647 5283 Ecclesia
2672 5219 2952 5281 fidelium
3001 5232 3259 5297 congre·

1785 5406 1802 5440 ¹
1848 5400 1936 5461 De
1964 5399 2082 5461 hoc
2109 5404 2478 5479 argumento
2522 5398 2647 5461 late
2692 5396 3014 5459 Salmeron
3032 5442 3049 5469 ,
3100 5398 3251 5457 tom.

1702 5498 1733 5555 1
1767 5494 1834 5555 in
1882 5492 2162 5569 Paulum,
2200 5486 2309 5555 lib'.
2352 5496 2425 5570 t,
2463 5494 2501 5555 3
2528 5498 2703 5573 parte
2757 5508 2796 5551 a
2840 5488 3258 5569 disputatione

1697 5584 2049 5650 undecima.
