3900 6217
695 368 866 431 sssc'r.
899 368 962 419 11.
999 368 1080 419 AN
1115 367 1291 421 FmEs
1323 368 1564 423 salumn
1596 368 1692 421 sn·
1725 369 2105 423 NECESSAmA
2138 369 2201 421 ΙΝ
2233 369 2333 433 RE,
2368 370 2451 421 AN
2485 370 2861 433 AMQUANDO,
2894 369 3054 421 mc:

264 488 386 551 quo
421 469 966 546 8610101811861115,
997 469 1098 533 vel
1144 470 1212 531 in
1261 477 1404 532 actu
1459 470 1817 533 voluntatis.

263 566 396 625 Non
441 564 512 624 in
536 569 687 625 actu
714 562 1080 639 intellectus,
1107 564 1410 643 siquidem
1439 570 1585 627 ante
1613 571 1824 627 actum

264 660 406 723 fidei
443 659 648 721 omnis
683 665 853 721 actus
888 657 1274 735 intellectus,
1304 660 1416 741 qui
1453 678 1583 721 non
1616 666 1709 721 est
1748 678 1826 721 ex

263 753 638 815 revelatione
672 751 844 829 fide1,
873 758 964 813 est
993 752 1320 829 naturalis,
1355 758 1418 815 et
1455 752 1594 813 ideo
1623 770 1826 831 neque

265 844 514 918 virtute,
547 862 753 925 neque
782 842 1123 925 aequaliter,
1157 850 1228 905 ut
1255 846 1342 905 sic
1369 844 1596 921 dicam,
1627 849 1828 925 potest

265 946 471 1001 actum
501 938 650 1000 fidei
669 937 1008 1000 continere.
1043 939 1165 1001 Nec
1195 937 1382 1001 refert
1409 938 1575 1018 quod
1605 938 1828 1017 aliquis

263 1040 430 1095 actus
459 1032 808 1094 intellectus
835 1036 978 1092 ante
1019 1031 1210 1093 fidem
1237 1032 1429 1111 possit
1457 1049 1588 1093 esse
1622 1050 1700 1092 ex
1717 1029 1831 1092 ali-

261 1146 382 1207 quo
422 1124 660 1188 auxilio
709 1125 950 1204 gratias,
983 1124 1132 1203 quia
1151 1142 1395 1203 semper
1421 1123 1727 1186 auxilium
1756 1123 1829 1185 il-

259 1219 364 1281 lud
414 1220 536 1281 erit
577 1217 811 1279 ordinis
854 1216 1174 1290 naturalis,
1206 1216 1372 1296 quod
1401 1216 1660 1297 proinde
1699 1235 1828 1277 non

259 1313 485 1375 sufficit
522 1312 603 1373 ad
630 1310 1000 1373 elevandum
1027 1316 1234 1371 actum
1275 1309 1355 1371 ad
1383 1308 1688 1385 ordinem,
1720 1327 1823 1370 seu

257 1406 525 1487 speciem
587 1404 1160 1485 supernaturalem,
1197 1403 1267 1464 in
1303 1421 1426 1484 quo
1475 1403 1692 1465 ordine
1735 1409 1828 1465 est

257 1514 433 1563 aetus
483 1498 634 1561 fidei
673 1521 690 1575 ;
739 1516 1062 1577 nunquam
1107 1514 1256 1577 ergo
1306 1503 1506 1577 potest
1543 1496 1825 1577 supplere

259 1595 472 1657 fidem.
507 1596 628 1656 Nec
673 1593 864 1655 etiam
892 1592 1046 1653 illud
1084 1598 1298 1653 votum
1344 1610 1473 1653 esse
1513 1598 1713 1673 potest
1760 1593 1828 1655 in

255 1694 397 1749 actu
429 1686 796 1761 voluntatis,
845 1686 994 1765 quia
1048 1685 1435 1765 propositum
1490 1684 1826 1748 voluntatis

253 1787 398 1842 ante
445 1778 660 1854 fidem,
693 1778 1098 1858 quantumvis
1140 1776 1484 1858 perfectum
1514 1796 1592 1841 ex
1618 1778 1828 1857 aliquo

250 1872 490 1935 auxilio
529 1874 756 1953 gratiae
785 1874 1110 1952 cogitetur,
1139 1890 1269 1933 non
1297 1872 1536 1933 excedit
1573 1878 1827 1934 natura-

249 1966 336 2029 lia
367 1967 634 2047 objecta,
689 1966 958 2046 ideoque
1007 1983 1137 2027 non
1165 1966 1420 2045 attingit
1459 1971 1828 2047 supernatu-

247 2060 408 2121 ralia
463 2066 790 2140 praecepta‚
841 2078 1046 2139 neque
1091 2058 1200 2120 illa
1238 2060 1306 2121 in
1341 2066 1483 2121 voto
1525 2060 1823 2136 continet,

251 2160 364 2215 aut
405 2160 590 2215 actus
627 2152 900 2215 illorum.
934 2155 1088 2215 Cum
1131 2171 1278 2233 ergo
1326 2162 1500 2216 actus
1537 2152 1682 2215 fidei
1726 2172 1828 2215 su-

257 2246 686 2325 pernaturalis
717 2246 818 2322 sit,
845 2264 972 2327 000
991 2252 1193 2327 potest
1227 2246 1532 2309 contineri
1561 2246 1631 2307 10
1655 2252 1823 2323 voto,

248 2338 320 2398 in
369 2338 484 2399 tali
511 2342 824 2419 proposito
847 2355 869 2417 ;
900 2339 1046 2419 quia
1085 2357 1234 2419 ergo
1277 2346 1422 2401 ante
1451 2339 1639 2401 fidem
1673 2339 1826 2417 (sub

247 2449 378 2509 qua
427 2438 566 2493 tam
591 2450 912 2495 assensum
939 2452 1128 2513 quam
1161 2432 1547 2495 voluntatem
1575 2434 1828 2495 creden-

243 2524 312 2585 di
355 2524 956 2605 comprehendimus
988 2526 1006 2603 )
1053 2543 1182 2588 non
1237 2527 1606 2606 supponitur
1653 2532 1827 2589 actus

241 2618 748 2698 supernaturalis
808 2618 879 2679 10
921 2618 1262 2696 intellectu,
1305 2626 1415 2680 aut
1479 2619 1822 2697 voluntate,

241 2714 439 2792 plane
481 2730 618 2775 non
643 2718 846 2793 potest
890 2712 1216 2775 necessitas
1265 2712 1411 2775 fidei
1460 2732 1570 2809 per
1613 2721 1826 2776 votum

237 2806 551 2887 suppleri.
585 2806 759 2883 Quod
787 2807 873 2868 sic
900 2807 1195 2869 tandem
1177 2826 1246 2869 111
1268 2806 1386 2869 hac
1409 2792 1610 2869 forma
1632 2826 1824 2887 argu-

247 2900 586 2963 mentandi
638 2899 1052 2963 concluditur.
1098 2902 1357 2975 Quando
1391 2902 1668 2964 medium
1716 2920 1827 2983 per

247 3012 312 3055 se
333 2993 770 3057 necessarium
807 2993 877 3055 in
904 3012 974 3055 re
1001 2994 1322 3074 suppletur
1362 3013 1472 3075 per
1496 3002 1735 3074 votum,
1761 2997 1826 3057 id

243 3096 468 3149 votum
495 3088 572 3149 111
601 3105 672 3149 re
703 3086 838 3166 ipsa
865 3087 1196 3149 adhibetur
1238 3105 1351 3167 per
1376 3088 1569 3150 alium
1590 3095 1820 3165 actum,

227 3199 452 3260 neque
493 3182 570 3241 in
615 3180 733 3243 1106
785 3184 985 3261 potest
1031 3180 1098 3241 in
1155 3180 1478 3243 infinitum
1521 3182 1818 3263 procedi·
1798 3228 1819 3259 ,

229 3293 392 3353 ergo
433 3274 794 3337 sistendum
823 3280 918 3335 est
953 3274 1020 3335 in
1052 3274 1262 3353 aliquo
1291 3281 1455 3353 actu,
1485 3275 1595 3354 qui
1621 3276 1710 3338 ita
1741 3277 1823 3339 sit

227 3368 636 3431 necessarius
669 3366 737 3428 in
779 3386 871 3444 re,
919 3374 989 3429 ut
1029 3384 1156 3429 non
1207 3367 1398 3448 possit
1451 3386 1562 3447 per
1599 3368 1816 3445 alium,

229 3469 558 3543 tanquam
599 3481 711 3543 per
757 3471 998 3538 votum,
1025 3464 1338 3543 suppIeri;
1370 3480 1518 3543 ergo
1547 3464 1818 3525 maxime

221 3557 598 3619 sistendum
616 3557 686 3619 in
713 3562 858 3619 actu
885 3556 1030 3619 fidei
1058 3562 1310 3639 propter
1329 3556 1674 3621 discursum
1695 3558 1820 3619 fac-

227 3656 400 3713 tum.

317 3748 430 3809 13.
482 3744 772 3809 Solvitur
787 3744 1058 3827 primvm
1080 3745 1536 3821 fundamentum
1559 3743 1625 3807 in
1647 3762 1816 3810 num.

235 3844 300 3903 1.
331 3874 428 3887 -
451 3840 750 3921 Superest
775 3837 856 3899 ad
881 3837 1293 3900 fundamenta
1331 3838 1652 3899 contrariae
1681 3858 1820 3901 sen-

233 3934 467 3995 1601118
524 3931 920 4013 respondere.
977 3931 1256 3991 Primum
1331 3930 1691 3993 sumebatur
1741 3951 1821 3995 ex

235 4026 632 4107 quibusdam
683 4024 886 4095 verbis
949 4023 1121 4087 Pauli
1169 4024 1247 4085 ad
1299 4026 1478 4087 Rom.
1513 4028 1570 4087 1.
1611 4026 1822 4087 Priora

237 4120 444 4181 verba
470 4126 654 4181 erant
700 4118 778 4179 de
819 4118 1108 4199 gentibus
1131 4164 1154 4195 ,
1200 4116 1468 4199 quicum
1514 4120 1822 4200 110911ουὶ5-

239 4221 379 4277 seut
415 4216 614 4277 Deum
639 4258 658 4287 ,
709 4230 832 4275 non
877 4213 1040 4277 sicut
1074 4214 1265 4277 Deum
1304 4212 1816 4293 flammaverant,

241 4325 520 4385 quorum
567 4324 782 4369 sensus
825 4324 956 4367 non
993 4311 1087 4369 est
1140 4308 1410 4386 potuisse
1451 4312 1668 4386 gentes
1703 4324 1815 4386 per

245 4400 425 4462 illam
467 4400 886 4479 cognitionem
925 4400 1016 4460 ita
1049 4399 1328 4461 converti
1368 4398 1446 4459 ad
1493 4399 1710 4476 Deum,
1749 4405 1819 4460 ut

243 4495 762 4575 justificarentur,
800 4493 910 4555 sed
946 4493 1217 4573 potuisse
1256 4489 1562 4553 honorare
1608 4492 1817 4572 aliquo

247 4590 438 4651 modo
466 4604 686 4649 verum
715 4588 936 4659 Deum,
961 4591 1026 4649 61
1049 4602 1179 4647 non
1219 4585 1386 4645 idola
1409 4600 1432 4663 3
1468 4576 1818 4665 propterea'-

253 4702 400 4763 que,
429 4683 600 4765 quod
633 4682 723 4743 ita
751 4698 879 4743 non
914 4680 1222 4755 fecerunt,
1249 4678 1524 4759 posuisse
1558 4677 1818 4757 impedi-

249 4782 538 4837 mentum
589 4775 808 4855 gratiae
857 4774 968 4835 Dei
1000 4818 1016 4847 ‚
1061 4778 1124 4833 et
1182 4773 1322 4834 ideo
1366 4771 1556 4833 fuisse
1617 4771 1818 4833 deser-

245 4876 366 4947 tos,
414 4876 536 4931 etc.
567 4868 708 4931 Alia
737 4866 927 4930 verba
951 4873 1169 4929 erant:
1206 4865 1421 4934 Gentes
1457 4882 1590 4946 quoe
1630 4864 1816 4947 leqem

247 4980 370 5024 m
419 4964 662 5038 babent,
703 4967 846 5033 etc.‚
877 4962 954 5025 de
993 4960 1220 5039 quibus
1271 4964 1362 5021 est
1399 4957 1814 5020 controversia

241 5057 414 5117 inter
439 5056 867 5135 Augustinum
889 5059 952 5117 et
985 5053 1137 5115 alios
1186 5055 1417 5127 Patres,
1448 5070 1530 5112 an
1567 5052 1694 5113 sint
1719 5051 1813 5113 in·

245 5150 592 5229 telligenda
617 5149 696 5211 de
727 5148 1017 5228 gentibus
1043 5146 1421 5221 infidelibus,
1453 5146 1552 5206 vel
1579 5145 1656 5207 de
1680 5146 1813 5225 jam

245 5246 566 5307 conversis
593 5243 674 5305 ad
714 5242 928 5317 fidem,
959 5260 1151 5321 quam
1176 5240 1298 5301 late
1335 5239 1570 5317 agitavi
1605 5240 1670 5299 in
1697 5238 1810 5300 lib.

245 5344 278 5403 1
313 5341 394 5401 116
432 5338 670 5413 Gratia,
711 5357 764 5401 6.
797 5340 860 5413 8,
889 5355 925 5397 a
953 5355 1020 5398 n.
1052 5337 1126 5399 13
1151 5351 1176 5412 3
1219 5346 1387 5395 nunc
1420 5332 1690 5394 breviter
1723 5331 1816 5392 di-

245 5455 342 5511 eo,
374 5434 526 5495 licet
553 5432 985 5513 intelligantur
1020 5430 1099 5493 de
1126 5427 1504 5501 infidelibus,
1533 5446 1660 5509 non
1687 5444 1815 5489 esse

247 5545 504 5591 sensum
547 5544 654 5589 eos
700 5522 928 5603 fecisse,
941 5522 1154 5587 omnia
1179 5538 1318 5603 quas
1345 5524 1491 5585 sunt
1516 5518 1672 5601 legis
1707 5538 1816 5583 ua-

1907 470 2147 545 turalis‚
2175 472 2281 533 sed
2308 471 2635 545 nonnulla,
2664 471 2973 553 siquidem
3001 488 3201 551 neque
3246 472 3473 533 Paulus

1905 564 2039 643 ipse
2078 564 2280 625 dixit:
2330 563 2547 629 Omnia
2560 590 2587 638 ;
2628 565 2815 645 idque
2856 564 3199 627 sufficiebat
3246 564 3327 625 811
3375 583 3472 625 05-

1906 658 2291 721 tendendum
2346 658 2551 737 legem
2592 657 2943 719 naturalem
3004 676 3133 719 esse
3178 657 3470 739 scriptam

1907 753 1976 813 in
2035 752 2219 815 corde
2249 775 2267 827 ;
2308 752 2473 833 quod
2520 752 2745 814 Paulus
2794 750 3175 813 intendebat.
3211 752 3467 825 Quando

1909 863 2056 907 vero
2100 845 2273 907 addit
2318 850 2576 925 factores
2621 845 2771 929 lcyis
2796 844 3163 925 justificari,
3198 845 3473 925 loquitur

1909 941 1986 1002 de
2012 941 2112 1001 his
2152 940 2263 1020 qui
2304 946 2499 1003 totam
2528 940 2735 1019 legem
2766 940 3097 1001 observant
3138 940 3354 1019 spiritu
3396 941 3469 1001 fl-

1911 1034 2036 1111 dei,
2070 1034 2124 1094 si
2170 1052 2374 1096 sermo
2400 1034 2479 1095 sit
2508 1052 2583 1097 eo
2624 1032 2853 1095 101060
2898 1032 2975 1095 116
3024 1033 3265 1113 justitia
3308 1034 3473 1115 apud

1909 1128 2129 1191 Deum.

1990 1224 2089 1283 14.
2142 1220 2428 1287 Solvitwr
2464 1222 2785 1297 secundum
2818 1220 2888 1283 in
2930 1238 3095 1284 num.
3134 1225 3194 1283 2.
3223 1256 3305 1267 —
3332 1222 3464 1285 Lib.

1907 1314 1948 1373 4
1980 1315 2047 1376 de
2090 1311 2337 1387 Gratia,
2370 1333 2408 1379 a
2446 1334 2577 1395 cap.
2604 1317 2665 1387 8,
2698 1320 2752 1378 et
2779 1314 2884 1377 lib.
2917 1319 2956 1375 4
2984 1315 3053 1377 de
3073 1315 3470 1391 Proedescin.‚

1907 1426 2041 1487 cap.
2068 1410 2130 1469 3.
2152 1438 2234 1453 -—
2264 1408 2619 1470 Secundum
2661 1407 3147 1469 fundamentum
3185 1410 3479 1488 supponit

1906 1519 2087 1581 posse
2124 1500 2259 1561 dari
2295 1499 2364 1561 in
2404 1499 2717 1579 aliquibus
2784 1498 3135 1560 infidelibus
3178 1502 3472 1579 ignoran-

1906 1594 2061 1655 tiam
2104 1592 2531 1653 invincibilem
2571 1592 2741 1668 fidei,
2774 1590 2940 1673 quod
2988 1610 3155 1653 nunc
3204 1593 3473 1653 admitti-

1911 1706 2051 1749 mus
2080 1706 2095 1759 ;
2145 1686 2311 1747 infra
2345 1687 2512 1747 enim
2543 1685 2981 1766 disputandum
3030 1692 3137 1746 est.
3172 1684 3474 1767 Supponit

1869 1812 1884 1830 ·
1909 1781 2135 1855 deinde
2165 1780 2455 1843 omnibus
2496 1780 2721 1841 adultis
2749 1780 3015 1841 conferri
3053 1780 3260 1859 aliquo
3290 1782 3471 1843 modo

1907 1875 1978 1937 in
2030 1874 2149 1937 hac
2191 1876 2322 1936 vita
2364 1873 2672 1936 auxilium
2706 1872 3012 1934 sufficiens
3050 1872 3128 1933 ad
3183 1874 3467 1950 salutem,

1908 1968 2076 2047 quod
2121 1967 2313 2030 etiam
2356 1966 2743 2029 verissimum
2794 1971 2887 2027 est
2904 1956 2947 2043 ,’
2973 1969 3042 2025 111
3093 1983 3170 2027 ex
3212 1967 3471 2029 materia

1908 2060 1987 2123 de
2015 2061 2217 2141 gratia
2250 2066 2311 2123 et
2350 2059 2427 2123 de
2474 2059 3009 2141 praedestinatione
3033 2076 3334 2141 suppono.
3376 2062 3470 2123 Ex

1906 2154 2008 2217 his
2042 2162 2253 2217 autem
2288 2153 2631 2235 111-10610115,
2663 2171 2791 2215 000
2818 2166 2985 2213 recte
3025 2151 3291 2213 infertur
3332 2154 3468 2215 infi-

1907 2246 2111 2309 delem
2154 2248 2552 2328 ignorantem
2590 2246 2776 2309 fidem
2808 2244 3264 2325 inculpabiliter
3294 2266 3469 2327 posse

1905 2359 2019 2423 per
2046 2340 2466 2421 cognitionem
2490 2340 2837 2402 naturalem
2868 2338 3113 2413 salvari,
3136 2338 3243 2400 5811
3266 2342 3467 2403 solum

1905 2435 2187 2515 sequitur
2243 2452 2415 2513 posse
2456 2432 2685 2497 habere
2734 2434 2947 2514 fidem,
2995 2442 3057 2499 et
3100 2434 3290 2495 Deum
3338 2452 3467 2495 esse

1905 2534 2193 2609 paratum
2236 2527 2315 2589 ad
2356 2526 3034 2607 811101110101080111110,
3061 2536 3125 2591 et
3167 2528 3469 2589 auxilian-

1905 2622 2057 2683 dum
2100 2621 2215 2698 illi,
2249 2627 2319 2683 ut
2358 2620 2591 2695 credat,
2621 2622 2674 2683 si
2701 2641 2812 2703 per
2839 2642 2982 2687 eum
3028 2642 3157 2688 non
3203 2622 3461 2684 steterit.

1907 2717 2044 2778 Stat
2071 2723 2280 2778 autem
2310 2733 2420 2795 per
2446 2712 2791 2791 hominem,
2824 2718 3065 2797 quoties
3092 2718 3333 2779 ratione
3359 2735 3468 2776 na-

1907 2808 2095 2871 turali
2136 2826 2325 2888 prave
2364 2807 2583 2869 utitur.
2615 2808 2791 2871 Unde
2830 2812 2882 2871 si
2906 2811 3045 2871 talis
3084 2809 3348 2873 infidelis
3374 2809 3466 2869 fa-

1905 2908 2074 2965 ceret
2114 2900 2281 2983 quod
2318 2900 2386 2962 in
2422 2919 2485 2962 se
2534 2907 2625 2963 est
2654 2921 2764 2982 per
2790 2906 3093 2968 rationem
3122 2902 3469 2965 naturalem

1906 3001 1969 3059 et
1998 3014 2105 3075 per
2146 2993 2271 3057 alia
2314 2992 2587 3056 subsidia
2631 3014 2769 3075 quse
2810 2996 2968 3059 Deus
2995 3016 3107 3058 5118
3142 2995 3468 3077 providen-

1904 3090 1995 3151 tia
2032 3088 2125 3151 illi
2161 3088 2423 3165 confert,
2450 3088 2934 3164 illuminaretur,
2964 3109 3095 3153 non
3132 3107 3206 3152 ex
3242 3088 3467 3149 merito

1902 3184 2121 3265 ipsius,
2164 3182 2271 3245 sed
2322 3200 2400 3244 ex
2447 3200 2605 3262 pura
2650 3184 2900 3262 gratia,
2942 3202 3131 3281 quam
3176 3182 3464 3245 omnibus

1901 3278 2051 3341 dare
2085 3281 2335 3357 paratus
2364 3282 2477 3337 651.

1984 3372 2083 3433 15.
2140 3366 2243 3433 Aa
2278 3370 2787 3449 confirmationem
2844 3370 3017 3443 ibid„
3078 3376 3134 3433 et
3180 3370 3263 3433 ad
3317 3370 3346 3429 1
3406 3371 3467 3431 et

1900 3468 1940 3527 2
1967 3463 2302 3545 replioam
2276 3480 2345 3527 m
2366 3481 2533 3526 num.
2566 3465 2626 3525 3.
2632 3462 2891 3526 —Unde
2924 3462 3003 3524 ad
3049 3460 3463 3523 confirmatio-

1899 3577 2045 3621 nem
2080 3556 2157 3619 de
2198 3574 2389 3645 puero
2428 3558 2827 3636 perveniente
2858 3558 2939 3619 ad
2970 3575 3151 3621 usum
3179 3554 3458 3631 18110015,

1899 3652 2229 3717 dicendum
2278 3656 2369 3713 est
2412 3650 2742 3730 imprimis,
2785 3651 3087 3731 quidquid
3119 3650 3306 3712 faciat
3350 3669 3463 3731 per

1897 3747 2100 3809 solum
2148 3747 2361 3807 lumen
2404 3746 2665 3807 rationis
2710 3744 3009 3807 naturalis
3014 3791 3035 3822 ,
3088 3750 3251 3808 recte
3291 3745 3461 3825 judi-

1899 3838 2123 3915 cand0,
2158 3844 2269 3901 aut
2299 3838 2585 3913 volendo,
2611 3838 2677 3900 id
2720 3844 2922 3901 totum
2960 3856 3088 3901 non
3134 3838 3281 3900 satis
3332 3858 3463 3901 esse

1899 3939 1972 3995 ut
2020 3932 2379 3993 immediate
2412 3930 2809 4011 justificetur3
2850 3932 3017 4011 quod
3054 3937 3148 3993 est
3198 3931 3462 3994 certissi-

1901 4044 2101 4103 mum,
2126 4033 2191 4089 et
2214 4026 2293 4087 de
2332 4024 2476 4103 fide,
2508 4032 2580 4087 ut
2628 4044 2706 4087 ex
2746 4025 3009 4087 materia
3048 4024 3125 4085 de
3165 4024 3460 4104 justifica-

1901 4121 2071 4181 tione
2096 4136 2399 4200 suppono,
2440 4120 2588 4199 quia
2625 4118 2929 4181 naturalis
2966 4118 3285 4198 dispositio
3334 4135 3461 4179 non

1902 4214 2126 4277 sufficit
2153 4213 2234 4275 ad
2255 4212 2603 4292 justitiam3
2632 4230 2747 4275 066
2788 4212 2967 4275 divus
3013 4211 3281 4273 Thomas
3317 4230 3463 4272 con-

1894 4309 2156 4371 trarium
2189 4307 2368 4381 dixit,
2398 4310 2469 4367 ut
2496 4306 2686 4367 etiam
2732 4304 3019 4385 discipuli
3074 4305 3207 4385 ejus
3247 4322 3463 4366 omnes

1895 4403 2406 4479 intrepretantur.
2438 4398 2672 4461 Deinde
2692 4400 2792 4479 pie
2833 4398 3125 4473 creditur,
3172 4397 3225 4457 si
3275 4396 3464 4459 homo

1898 4496 1967 4556 in
1996 4495 2105 4557 illo
2131 4499 2295 4555 statu
2322 4493 2508 4554 faciat
2535 4492 2699 4574 quod
2733 4494 2801 4553 in
2838 4511 2903 4555 se
2940 4496 3055 4567 est,
3114 4491 3313 4553 Deum
3351 4508 3464 4552 sua

1900 4588 2293 4670 providentia
2314 4586 2683 4649 effecturum
2712 4590 2784 4647 ut
2810 4585 2869 4648 61
2904 4584 3281 4648 sufficienter
3321 4603 3463 4666 pro-

1899 4687 2167 4761 ponatur
2194 4678 2371 4757 fides,
2404 4679 2501 4742 vel
2530 4680 2801 4741 exterius
2843 4698 2954 4760 per
3006 4679 3313 4755 homines,
3365 4678 3469 4740 vel

1897 4775 2159 4837 interius
2220 4771 2566 4839 ministerio
2622 4772 3041 4851 Angelorum3
3090 4790 3293 4852 neque
3319 4790 3466 4833 vero

1896 4868 2015 4930 hoc
2056 4867 2359 4929 fundatur
2407 4867 2474 4929 in
2520 4866 2919 4947 dispositione
2966 4864 3103 4929 talis
3153 4864 3467 4943 hominis;

1893 4962 2044 5041 quia
2068 4960 2199 5021 haec
2220 4965 2312 5023 651
2355 4960 2709 5022 differentia
2739 4958 2903 5021 inter
2920 4958 3473 5039 primamgratiam

1888 5054 2357 5134 justificantem,
2390 5060 2451 5115 61
2477 5054 2749 5134 primam
2778 5052 3186 5115 auxiliantem
3212 5071 3320 5114 seu
3366 5070 3473 5113 vo-

1895 5153 2139 5208 cantem
2153 5193 2174 5222 ,
2206 5147 2369 5227 quod
2384 5146 2463 5208 ad
2482 5146 2653 5208 illam
2674 5147 3019 5209 necessaria
3041 5152 3131 5208 est
3148 5144 3463 5225 dispositio

1894 5241 1963 5301 in
2000 5238 2247 5317 81101115,
2280 5240 2349 5301 10
2378 5239 2494 5301 1106
2518 5257 2665 5302 vero
2692 5258 2821 5301 non
2844 5245 2937 5302 est
2962 5240 3324 5316 necessaria,
3359 5241 3465 5301 sed

1895 5333 2122 5395 suffieit
2160 5330 2327 5413 quod
2375 5331 2563 5395 homo
2606 5351 2735 5395 non
2784 5339 2976 5413 ponat
3016 5332 3280 5394 obicem.
3334 5333 3463 5394 Imo

1893 5445 2096 5507 neque
2129 5426 2247 5488 hoc
2278 5444 2519 5507 semper
2572 5426 2987 5489 necessarium
3029 5432 3143 5499 est,
3194 5426 3342 5507 quia
3368 5425 3466 5487 in-

1898 5518 2147 5583 terdum
2194 5520 2356 5583 Deus
2396 5526 2576 5583 vocat
2639 5518 2962 5583 hominem
3028 5519 3217 5581 etiam
3271 5536 3463 5601 prave
