<?xml version="1.0" encoding="UTF-8"?>
<!DOCTYPE html PUBLIC "-//W3C//DTD XHTML 1.0 Transitional//EN"
    "http://www.w3.org/TR/xhtml1/DTD/xhtml1-transitional.dtd">
<html xmlns="http://www.w3.org/1999/xhtml" xml:lang="en" lang="en">
 <head>
  <title>
</title>
<meta http-equiv="Content-Type" content="text/html;charset=utf-8" />
  <meta name='ocr-system' content='tesseract 3.04.00' />
  <meta name='ocr-capabilities' content='ocr_page ocr_carea ocr_par ocr_line ocrx_word'/>
</head>
<body>
  <div class='ocr_page' id='page_1' title='image "./rpfranciscisuar00duvagoog_0662.png"; bbox 0 0 3900 6217; ppageno 0'>
   <div class='ocr_carea' id='block_1_1' title="bbox 614 398 734 461">
    <p class='ocr_par' dir='ltr' id='par_1_1' title="bbox 614 398 734 461">
     <span class='ocr_line' id='line_1_1' title="bbox 614 398 734 461; baseline -0.017 0"><span class='ocrx_word' id='word_1_1' title='bbox 614 398 734 461; x_wconf 73' lang='lat'>644</span> 
     </span>
    </p>
   </div>
   <div class='ocr_carea' id='block_1_2' title="bbox 616 494 2186 4207">
    <p class='ocr_par' dir='ltr' id='par_1_2' title="bbox 618 494 2180 1693">
     <span class='ocr_line' id='line_1_2' title="bbox 618 494 2180 581; baseline -0.007 -15"><span class='ocrx_word' id='word_1_2' title='bbox 618 505 884 577; x_wconf 85' lang='lat' dir='ltr'>ximum,</span> <span class='ocrx_word' id='word_1_3' title='bbox 911 518 1098 581; x_wconf 87' lang='lat' dir='ltr'>quam</span> <span class='ocrx_word' id='word_1_4' title='bbox 1133 500 1292 560; x_wconf 86' lang='lat' dir='ltr'>circa</span> <span class='ocrx_word' id='word_1_5' title='bbox 1314 500 1507 561; x_wconf 88' lang='lat' dir='ltr'>Deum</span> <span class='ocrx_word' id='word_1_6' title='bbox 1532 545 1549 575; x_wconf 88' lang='lat'>,</span> <span class='ocrx_word' id='word_1_7' title='bbox 1580 498 1677 560; x_wconf 88' lang='lat' dir='ltr'>vel</span> <span class='ocrx_word' id='word_1_8' title='bbox 1701 516 1735 561; x_wconf 89' lang='lat' dir='ltr'>e</span> <span class='ocrx_word' id='word_1_9' title='bbox 1767 502 2002 569; x_wconf 86' lang='lat' dir='ltr'>contra,</span> <span class='ocrx_word' id='word_1_10' title='bbox 2033 494 2180 574; x_wconf 87' lang='lat' dir='ltr'>quia</span> 
     </span>
     <span class='ocr_line' id='line_1_3' title="bbox 619 586 2179 673; baseline -0.007 -16"><span class='ocrx_word' id='word_1_11' title='bbox 619 595 965 657; x_wconf 70' lang='lat' dir='ltr'>intenditur</span> <span class='ocrx_word' id='word_1_12' title='bbox 991 592 1530 673; x_wconf 83' lang='lat' dir='ltr'>proportionaliter</span> <span class='ocrx_word' id='word_1_13' title='bbox 1555 592 1633 653; x_wconf 87' lang='lat' dir='ltr'>ad</span> <span class='ocrx_word' id='word_1_14' title='bbox 1666 598 1837 651; x_wconf 91' lang='lat' dir='ltr'>actus</span> <span class='ocrx_word' id='word_1_15' title='bbox 1864 605 2027 648; x_wconf 89' lang='lat' dir='ltr'>suos.</span> <span class='ocrx_word' id='word_1_16' title='bbox 2060 586 2179 648; x_wconf 85' lang='lat' dir='ltr'>Sed</span> 
     </span>
     <span class='ocr_line' id='line_1_4' title="bbox 621 686 2178 765; baseline -0.008 -15"><span class='ocrx_word' id='word_1_17' title='bbox 621 688 908 765; x_wconf 84' lang='lat' dir='ltr'>neganda</span> <span class='ocrx_word' id='word_1_18' title='bbox 948 700 1041 747; x_wconf 83' lang='lat' dir='ltr'>est</span> <span class='ocrx_word' id='word_1_19' title='bbox 1083 686 1542 764; x_wconf 80' lang='lat' dir='ltr'>consequentia,</span> <span class='ocrx_word' id='word_1_20' title='bbox 1574 702 1720 745; x_wconf 89' lang='lat' dir='ltr'>nam</span> <span class='ocrx_word' id='word_1_21' title='bbox 1752 701 1861 763; x_wconf 90' lang='lat' dir='ltr'>per</span> <span class='ocrx_word' id='word_1_22' title='bbox 1899 698 2178 741; x_wconf 90' lang='lat' dir='ltr'>amorem</span> 
     </span>
     <span class='ocr_line' id='line_1_5' title="bbox 621 775 2175 858; baseline -0.006 -16"><span class='ocrx_word' id='word_1_23' title='bbox 621 783 728 842; x_wconf 85' lang='lat' dir='ltr'>Dei</span> <span class='ocrx_word' id='word_1_24' title='bbox 792 787 1057 858; x_wconf 87' lang='lat' dir='ltr'>augetur</span> <span class='ocrx_word' id='word_1_25' title='bbox 1110 777 1357 839; x_wconf 88' lang='lat' dir='ltr'>habitus</span> <span class='ocrx_word' id='word_1_26' title='bbox 1408 778 1720 839; x_wconf 88' lang='lat' dir='ltr'>charitatis</span> <span class='ocrx_word' id='word_1_27' title='bbox 1771 776 1961 837; x_wconf 90' lang='lat' dir='ltr'>etiam</span> <span class='ocrx_word' id='word_1_28' title='bbox 2014 775 2175 833; x_wconf 85' lang='lat' dir='ltr'>circa</span> 
     </span>
     <span class='ocr_line' id='line_1_6' title="bbox 620 867 2176 955; baseline -0.006 -21"><span class='ocrx_word' id='word_1_29' title='bbox 620 874 1019 955; x_wconf 82' lang='lat' dir='ltr'>proximum,</span> <span class='ocrx_word' id='word_1_30' title='bbox 1070 878 1133 931; x_wconf 88' lang='lat' dir='ltr'>et</span> <span class='ocrx_word' id='word_1_31' title='bbox 1186 889 1295 951; x_wconf 89' lang='lat' dir='ltr'>per</span> <span class='ocrx_word' id='word_1_32' title='bbox 1364 888 1637 931; x_wconf 89' lang='lat' dir='ltr'>amorem</span> <span class='ocrx_word' id='word_1_33' title='bbox 1694 867 1963 948; x_wconf 85' lang='lat' dir='ltr'>proximi</span> <span class='ocrx_word' id='word_1_34' title='bbox 2015 867 2176 927; x_wconf 91' lang='lat' dir='ltr'>circa</span> 
     </span>
     <span class='ocr_line' id='line_1_7' title="bbox 623 965 2174 1043; baseline -0.006 -16"><span class='ocrx_word' id='word_1_35' title='bbox 623 970 859 1043; x_wconf 82' lang='lat' dir='ltr'>Deum3</span> <span class='ocrx_word' id='word_1_36' title='bbox 894 983 1011 1025; x_wconf 87' lang='lat' dir='ltr'>nec</span> <span class='ocrx_word' id='word_1_37' title='bbox 1062 965 1162 1025; x_wconf 88' lang='lat' dir='ltr'>isti</span> <span class='ocrx_word' id='word_1_38' title='bbox 1225 972 1398 1025; x_wconf 89' lang='lat' dir='ltr'>actus</span> <span class='ocrx_word' id='word_1_39' title='bbox 1440 968 1760 1043; x_wconf 85' lang='lat' dir='ltr'>propterea</span> <span class='ocrx_word' id='word_1_40' title='bbox 1810 965 1955 1021; x_wconf 90' lang='lat' dir='ltr'>sunt</span> <span class='ocrx_word' id='word_1_41' title='bbox 1999 976 2174 1038; x_wconf 80' lang='lat' dir='ltr'>aeque</span> 
     </span>
     <span class='ocr_line' id='line_1_8' title="bbox 620 1055 2174 1135; baseline -0.006 -15"><span class='ocrx_word' id='word_1_42' title='bbox 620 1060 768 1120; x_wconf 87' lang='lat' dir='ltr'>boni</span> <span class='ocrx_word' id='word_1_43' title='bbox 809 1064 918 1119; x_wconf 90' lang='lat' dir='ltr'>aut</span> <span class='ocrx_word' id='word_1_44' title='bbox 962 1058 1300 1131; x_wconf 89' lang='lat' dir='ltr'>meritorii;</span> <span class='ocrx_word' id='word_1_45' title='bbox 1334 1058 1479 1135; x_wconf 81' lang='lat' dir='ltr'>quia</span> <span class='ocrx_word' id='word_1_46' title='bbox 1510 1104 1523 1124; x_wconf 87' lang='lat'>.</span> <span class='ocrx_word' id='word_1_47' title='bbox 1569 1055 1712 1115; x_wconf 89' lang='lat' dir='ltr'>licet</span> <span class='ocrx_word' id='word_1_48' title='bbox 1758 1060 2018 1131; x_wconf 89' lang='lat' dir='ltr'>uterque</span> <span class='ocrx_word' id='word_1_49' title='bbox 2065 1070 2174 1111; x_wconf 89' lang='lat' dir='ltr'>au-</span> 
     </span>
     <span class='ocr_line' id='line_1_9' title="bbox 621 1144 2178 1229; baseline -0.006 -18"><span class='ocrx_word' id='word_1_50' title='bbox 621 1156 765 1229; x_wconf 80' lang='lat' dir='ltr'>geat</span> <span class='ocrx_word' id='word_1_51' title='bbox 804 1148 1089 1210; x_wconf 87' lang='lat' dir='ltr'>habitum</span> <span class='ocrx_word' id='word_1_52' title='bbox 1138 1150 1204 1209; x_wconf 90' lang='lat' dir='ltr'>in</span> <span class='ocrx_word' id='word_1_53' title='bbox 1253 1149 1467 1209; x_wconf 90' lang='lat' dir='ltr'>ordine</span> <span class='ocrx_word' id='word_1_54' title='bbox 1514 1147 1593 1209; x_wconf 85' lang='lat' dir='ltr'>ad</span> <span class='ocrx_word' id='word_1_55' title='bbox 1626 1148 1820 1207; x_wconf 90' lang='lat' dir='ltr'>Deum</span> <span class='ocrx_word' id='word_1_56' title='bbox 1860 1151 1924 1206; x_wconf 89' lang='lat' dir='ltr'>et</span> <span class='ocrx_word' id='word_1_57' title='bbox 1972 1144 2178 1223; x_wconf 87' lang='lat' dir='ltr'>proxi·</span> 
     </span>
     <span class='ocr_line' id='line_1_10' title="bbox 620 1246 2178 1320; baseline -0.005 -16"><span class='ocrx_word' id='word_1_58' title='bbox 620 1261 821 1317; x_wconf 86' lang='lat' dir='ltr'>mum,</span> <span class='ocrx_word' id='word_1_59' title='bbox 852 1261 981 1303; x_wconf 89' lang='lat' dir='ltr'>non</span> <span class='ocrx_word' id='word_1_60' title='bbox 1026 1250 1238 1303; x_wconf 88' lang='lat' dir='ltr'>tamen</span> <span class='ocrx_word' id='word_1_61' title='bbox 1296 1258 1473 1320; x_wconf 78' lang='lat' dir='ltr'>oeque</span> <span class='ocrx_word' id='word_1_62' title='bbox 1526 1246 1755 1318; x_wconf 80' lang='lat' dir='ltr'>auget3</span> <span class='ocrx_word' id='word_1_63' title='bbox 1798 1256 1943 1298; x_wconf 90' lang='lat' dir='ltr'>nam</span> <span class='ocrx_word' id='word_1_64' title='bbox 1999 1254 2178 1298; x_wconf 89' lang='lat' dir='ltr'>amor</span> 
     </span>
     <span class='ocr_line' id='line_1_11' title="bbox 622 1332 2172 1414; baseline -0.006 -15"><span class='ocrx_word' id='word_1_65' title='bbox 622 1336 729 1398; x_wconf 88' lang='lat' dir='ltr'>Dei</span> <span class='ocrx_word' id='word_1_66' title='bbox 758 1342 944 1414; x_wconf 82' lang='lat' dir='ltr'>auget</span> <span class='ocrx_word' id='word_1_67' title='bbox 970 1336 1309 1397; x_wconf 88' lang='lat' dir='ltr'>secundum</span> <span class='ocrx_word' id='word_1_68' title='bbox 1333 1340 1528 1403; x_wconf 82' lang='lat' dir='ltr'>totam</span> <span class='ocrx_word' id='word_1_69' title='bbox 1558 1332 1948 1393; x_wconf 87' lang='lat' dir='ltr'>latitudinem</span> <span class='ocrx_word' id='word_1_70' title='bbox 1979 1337 2172 1405; x_wconf 83' lang='lat' dir='ltr'>actus,</span> 
     </span>
     <span class='ocr_line' id='line_1_12' title="bbox 622 1424 2178 1508; baseline -0.005 -17"><span class='ocrx_word' id='word_1_71' title='bbox 622 1431 865 1491; x_wconf 90' lang='lat' dir='ltr'>nonita</span> <span class='ocrx_word' id='word_1_72' title='bbox 894 1447 1041 1490; x_wconf 83' lang='lat' dir='ltr'>vero</span> <span class='ocrx_word' id='word_1_73' title='bbox 1079 1447 1256 1490; x_wconf 90' lang='lat' dir='ltr'>amor</span> <span class='ocrx_word' id='word_1_74' title='bbox 1280 1427 1582 1508; x_wconf 81' lang='lat' dir='ltr'>proximi:</span> <span class='ocrx_word' id='word_1_75' title='bbox 1626 1428 1771 1505; x_wconf 88' lang='lat' dir='ltr'>quia</span> <span class='ocrx_word' id='word_1_76' title='bbox 1798 1444 1925 1487; x_wconf 89' lang='lat' dir='ltr'>non</span> <span class='ocrx_word' id='word_1_77' title='bbox 1958 1430 2052 1485; x_wconf 90' lang='lat' dir='ltr'>est</span> <span class='ocrx_word' id='word_1_78' title='bbox 2088 1424 2178 1484; x_wconf 90' lang='lat' dir='ltr'>ita</span> 
     </span>
     <span class='ocr_line' id='line_1_13' title="bbox 622 1517 2172 1603; baseline -0.005 -19"><span class='ocrx_word' id='word_1_79' title='bbox 622 1524 947 1603; x_wconf 78' lang='lat' dir='ltr'>perfectus,</span> <span class='ocrx_word' id='word_1_80' title='bbox 984 1524 1163 1601; x_wconf 90' lang='lat' dir='ltr'>juxta</span> <span class='ocrx_word' id='word_1_81' title='bbox 1188 1522 1355 1582; x_wconf 89' lang='lat' dir='ltr'>dicta</span> <span class='ocrx_word' id='word_1_82' title='bbox 1392 1521 1460 1581; x_wconf 92' lang='lat' dir='ltr'>in</span> <span class='ocrx_word' id='word_1_83' title='bbox 1501 1522 1763 1581; x_wconf 87' lang='lat' dir='ltr'>materia</span> <span class='ocrx_word' id='word_1_84' title='bbox 1812 1520 1888 1579; x_wconf 89' lang='lat' dir='ltr'>de</span> <span class='ocrx_word' id='word_1_85' title='bbox 1928 1517 2172 1578; x_wconf 88' lang='lat' dir='ltr'>merito.</span> 
     </span>
     <span class='ocr_line' id='line_1_14' title="bbox 620 1612 2175 1693; baseline -0.006 -14"><span class='ocrx_word' id='word_1_86' title='bbox 620 1618 774 1679; x_wconf 80' lang='lat' dir='ltr'>Vide</span> <span class='ocrx_word' id='word_1_87' title='bbox 816 1616 925 1677; x_wconf 85' lang='lat' dir='ltr'>lib.</span> <span class='ocrx_word' id='word_1_88' title='bbox 962 1619 1036 1677; x_wconf 79' lang='grc'>12</span> <span class='ocrx_word' id='word_1_89' title='bbox 1066 1615 1142 1675; x_wconf 92' lang='lat' dir='ltr'>de</span> <span class='ocrx_word' id='word_1_90' title='bbox 1167 1614 1363 1688; x_wconf 87' lang='lat' dir='ltr'>Grat.,</span> <span class='ocrx_word' id='word_1_91' title='bbox 1404 1632 1538 1693; x_wconf 84' lang='lat' dir='ltr'>cap.</span> <span class='ocrx_word' id='word_1_92' title='bbox 1588 1614 1690 1687; x_wconf 75' lang='lat'>20,</span> <span class='ocrx_word' id='word_1_93' title='bbox 1722 1630 1898 1673; x_wconf 89' lang='lat' dir='ltr'>num.</span> <span class='ocrx_word' id='word_1_94' title='bbox 1934 1612 1976 1671; x_wconf 88' lang='grc'><strong>6</strong></span> <span class='ocrx_word' id='word_1_95' title='bbox 2015 1616 2079 1671; x_wconf 88' lang='lat' dir='ltr'>et</span> <span class='ocrx_word' id='word_1_96' title='bbox 2113 1612 2175 1669; x_wconf 84' lang='lat'>7.</span> 
     </span>
    </p>

    <p class='ocr_par' dir='ltr' id='par_1_3' title="bbox 616 1702 2186 4207">
     <span class='ocr_line' id='line_1_15' title="bbox 702 1702 2181 1773; baseline -0.006 -2"><span class='ocrx_word' id='word_1_97' title='bbox 702 1712 800 1772; x_wconf 89' lang='grc'>13.</span> <span class='ocrx_word' id='word_1_98' title='bbox 858 1709 1095 1773; x_wconf 75' lang='lat' dir='ltr'>Ultima</span> <span class='ocrx_word' id='word_1_99' title='bbox 1118 1705 1434 1771; x_wconf 74' lang='lat' dir='ltr'>conclusio.</span> <span class='ocrx_word' id='word_1_100' title='bbox 1456 1738 1539 1752; x_wconf 89' lang='lat'><em>-</em></span> <span class='ocrx_word' id='word_1_101' title='bbox 1560 1704 1713 1767; x_wconf 85' lang='lat' dir='ltr'>Dico</span> <span class='ocrx_word' id='word_1_102' title='bbox 1740 1704 2000 1765; x_wconf 86' lang='lat' dir='ltr'>ultimo:</span> <span class='ocrx_word' id='word_1_103' title='bbox 2030 1702 2181 1765; x_wconf 92' lang='lat' dir='ltr'>ordo</span> 
     </span>
     <span class='ocr_line' id='line_1_16' title="bbox 624 1798 2180 1879; baseline -0.005 -15"><span class='ocrx_word' id='word_1_104' title='bbox 624 1803 943 1864; x_wconf 87' lang='lat' dir='ltr'>charitatis</span> <span class='ocrx_word' id='word_1_105' title='bbox 976 1801 1253 1861; x_wconf 81' lang='lat' dir='ltr'>consistit</span> <span class='ocrx_word' id='word_1_106' title='bbox 1286 1800 1356 1859; x_wconf 90' lang='lat' dir='ltr'>in</span> <span class='ocrx_word' id='word_1_107' title='bbox 1380 1798 1599 1879; x_wconf 89' lang='lat' dir='ltr'>majori</span> <span class='ocrx_word' id='word_1_108' title='bbox 1639 1798 2092 1877; x_wconf 81' lang='lat' dir='ltr'>appretiatione</span> <span class='ocrx_word' id='word_1_109' title='bbox 2117 1802 2180 1857; x_wconf 85' lang='lat' dir='ltr'>et</span> 
     </span>
     <span class='ocr_line' id='line_1_17' title="bbox 626 1892 2173 1972; baseline -0.005 -15"><span class='ocrx_word' id='word_1_110' title='bbox 626 1896 1036 1957; x_wconf 82' lang='lat' dir='ltr'>aestimatione</span> <span class='ocrx_word' id='word_1_111' title='bbox 1063 1893 1465 1972; x_wconf 86' lang='lat' dir='ltr'>objectorum.</span> <span class='ocrx_word' id='word_1_112' title='bbox 1492 1892 1767 1952; x_wconf 82' lang='lat' dir='ltr'>Breviter</span> <span class='ocrx_word' id='word_1_113' title='bbox 1791 1892 1879 1952; x_wconf 85' lang='lat' dir='ltr'>ita</span> <span class='ocrx_word' id='word_1_114' title='bbox 1906 1906 2173 1969; x_wconf 79' lang='lat' dir='ltr'>expono·</span> 
     </span>
     <span class='ocr_line' id='line_1_18' title="bbox 623 1983 2178 2059; baseline -0.006 -8"><span class='ocrx_word' id='word_1_115' title='bbox 623 1990 779 2052; x_wconf 89' lang='lat' dir='ltr'>Nam</span> <span class='ocrx_word' id='word_1_116' title='bbox 808 1988 1072 2049; x_wconf 82' lang='lat' dir='ltr'>charitas</span> <span class='ocrx_word' id='word_1_117' title='bbox 1108 1994 1329 2046; x_wconf 78' lang='lat' dir='ltr'>natura</span> <span class='ocrx_word' id='word_1_118' title='bbox 1352 2003 1489 2059; x_wconf 88' lang='lat' dir='ltr'>sua,</span> <span class='ocrx_word' id='word_1_119' title='bbox 1528 1984 1735 2045; x_wconf 88' lang='lat' dir='ltr'>ablata</span> <span class='ocrx_word' id='word_1_120' title='bbox 1770 1983 1941 2045; x_wconf 90' lang='lat' dir='ltr'>omni</span> <span class='ocrx_word' id='word_1_121' title='bbox 1969 1985 2178 2043; x_wconf 88' lang='lat' dir='ltr'>inten-</span> 
     </span>
     <span class='ocr_line' id='line_1_19' title="bbox 624 2078 2177 2158; baseline -0.005 -15"><span class='ocrx_word' id='word_1_122' title='bbox 624 2083 820 2158; x_wconf 85' lang='lat' dir='ltr'>sione,</span> <span class='ocrx_word' id='word_1_123' title='bbox 848 2079 1035 2141; x_wconf 87' lang='lat' dir='ltr'>hahet</span> <span class='ocrx_word' id='word_1_124' title='bbox 1061 2079 1359 2157; x_wconf 86' lang='lat' dir='ltr'>majorem</span> <span class='ocrx_word' id='word_1_125' title='bbox 1401 2078 1845 2138; x_wconf 85' lang='lat' dir='ltr'>connexionem</span> <span class='ocrx_word' id='word_1_126' title='bbox 1881 2094 2022 2137; x_wconf 89' lang='lat' dir='ltr'>cum</span> <span class='ocrx_word' id='word_1_127' title='bbox 2051 2093 2177 2136; x_wconf 90' lang='lat' dir='ltr'>uno</span> 
     </span>
     <span class='ocr_line' id='line_1_20' title="bbox 624 2170 2179 2254; baseline -0.005 -18"><span class='ocrx_word' id='word_1_128' title='bbox 624 2174 862 2254; x_wconf 86' lang='lat' dir='ltr'>objecto</span> <span class='ocrx_word' id='word_1_129' title='bbox 890 2190 1078 2253; x_wconf 91' lang='lat' dir='ltr'>quam</span> <span class='ocrx_word' id='word_1_130' title='bbox 1102 2190 1243 2232; x_wconf 90' lang='lat' dir='ltr'>cum</span> <span class='ocrx_word' id='word_1_131' title='bbox 1290 2171 1436 2243; x_wconf 89' lang='lat' dir='ltr'>alio,</span> <span class='ocrx_word' id='word_1_132' title='bbox 1471 2178 1719 2250; x_wconf 87' lang='lat' dir='ltr'>propter</span> <span class='ocrx_word' id='word_1_133' title='bbox 1746 2170 2048 2247; x_wconf 90' lang='lat' dir='ltr'>majorem</span> <span class='ocrx_word' id='word_1_134' title='bbox 2073 2186 2179 2229; x_wconf 90' lang='lat' dir='ltr'>ex-</span> 
     </span>
     <span class='ocr_line' id='line_1_21' title="bbox 624 2261 2177 2344; baseline -0.005 -15"><span class='ocrx_word' id='word_1_135' title='bbox 624 2268 973 2329; x_wconf 86' lang='lat' dir='ltr'>cellentiam</span> <span class='ocrx_word' id='word_1_136' title='bbox 1013 2266 1148 2344; x_wconf 80' lang='lat' dir='ltr'>ejus</span> <span class='ocrx_word' id='word_1_137' title='bbox 1159 2280 1180 2342; x_wconf 85' lang='lat'>3</span> <span class='ocrx_word' id='word_1_138' title='bbox 1228 2264 1391 2325; x_wconf 91' lang='lat' dir='ltr'>unde</span> <span class='ocrx_word' id='word_1_139' title='bbox 1420 2264 1493 2324; x_wconf 84' lang='lat' dir='ltr'>fit</span> <span class='ocrx_word' id='word_1_140' title='bbox 1533 2266 1718 2325; x_wconf 89' lang='lat' dir='ltr'>etiam</span> <span class='ocrx_word' id='word_1_141' title='bbox 1760 2268 1831 2323; x_wconf 87' lang='lat' dir='ltr'>ut</span> <span class='ocrx_word' id='word_1_142' title='bbox 1872 2263 2032 2323; x_wconf 89' lang='lat' dir='ltr'>circa</span> <span class='ocrx_word' id='word_1_143' title='bbox 2071 2261 2177 2321; x_wconf 91' lang='lat' dir='ltr'>illa</span> 
     </span>
     <span class='ocr_line' id='line_1_22' title="bbox 623 2355 2181 2435; baseline -0.004 -12"><span class='ocrx_word' id='word_1_144' title='bbox 623 2365 904 2423; x_wconf 88' lang='lat' dir='ltr'>exerceat</span> <span class='ocrx_word' id='word_1_145' title='bbox 948 2367 1117 2420; x_wconf 89' lang='lat' dir='ltr'>actus</span> <span class='ocrx_word' id='word_1_146' title='bbox 1155 2357 1341 2418; x_wconf 86' lang='lat' dir='ltr'>etiam</span> <span class='ocrx_word' id='word_1_147' title='bbox 1384 2355 1643 2417; x_wconf 80' lang='lat' dir='ltr'>diversae</span> <span class='ocrx_word' id='word_1_148' title='bbox 1682 2355 2073 2435; x_wconf 82' lang='lat' dir='ltr'>perfectionis</span> <span class='ocrx_word' id='word_1_149' title='bbox 2119 2360 2181 2416; x_wconf 89' lang='lat' dir='ltr'>et</span> 
     </span>
     <span class='ocr_line' id='line_1_23' title="bbox 623 2448 2178 2533; baseline -0.005 -18"><span class='ocrx_word' id='word_1_150' title='bbox 623 2462 861 2516; x_wconf 80' lang='lat' dir='ltr'>naturae</span> <span class='ocrx_word' id='word_1_151' title='bbox 890 2476 908 2530; x_wconf 93' lang='lat'>;</span> <span class='ocrx_word' id='word_1_152' title='bbox 941 2452 1107 2533; x_wconf 90' lang='lat' dir='ltr'>quod</span> <span class='ocrx_word' id='word_1_153' title='bbox 1135 2451 1416 2531; x_wconf 87' lang='lat' dir='ltr'>exemplo</span> <span class='ocrx_word' id='word_1_154' title='bbox 1447 2450 1782 2513; x_wconf 82' lang='lat' dir='ltr'>voluntatis</span> <span class='ocrx_word' id='word_1_155' title='bbox 1815 2448 2178 2529; x_wconf 84' lang='lat' dir='ltr'>explicatur,</span> 
     </span>
     <span class='ocr_line' id='line_1_24' title="bbox 621 2541 2185 2627; baseline -0.006 -18"><span class='ocrx_word' id='word_1_156' title='bbox 621 2550 690 2609; x_wconf 90' lang='lat' dir='ltr'>in</span> <span class='ocrx_word' id='word_1_157' title='bbox 722 2566 845 2627; x_wconf 90' lang='lat' dir='ltr'>qua</span> <span class='ocrx_word' id='word_1_158' title='bbox 871 2548 1043 2607; x_wconf 91' lang='lat' dir='ltr'>nulla</span> <span class='ocrx_word' id='word_1_159' title='bbox 1074 2552 1165 2606; x_wconf 87' lang='lat' dir='ltr'>est</span> <span class='ocrx_word' id='word_1_160' title='bbox 1214 2545 1505 2609; x_wconf 89' lang='lat' dir='ltr'>intensio.</span> <span class='ocrx_word' id='word_1_161' title='bbox 1551 2542 1657 2604; x_wconf 85' lang='lat' dir='ltr'>sed</span> <span class='ocrx_word' id='word_1_162' title='bbox 1695 2547 1786 2604; x_wconf 87' lang='lat' dir='ltr'>est</span> <span class='ocrx_word' id='word_1_163' title='bbox 1835 2542 2059 2602; x_wconf 86' lang='lat' dir='ltr'>entitas</span> <span class='ocrx_word' id='word_1_164' title='bbox 2088 2541 2185 2601; x_wconf 92' lang='lat' dir='ltr'>in-</span> 
     </span>
     <span class='ocr_line' id='line_1_25' title="bbox 622 2630 2185 2720; baseline -0.006 -17"><span class='ocrx_word' id='word_1_165' title='bbox 622 2640 971 2716; x_wconf 86' lang='lat' dir='ltr'>divisibilis,</span> <span class='ocrx_word' id='word_1_166' title='bbox 1024 2656 1163 2720; x_wconf 82' lang='lat' dir='ltr'>qnae</span> <span class='ocrx_word' id='word_1_167' title='bbox 1210 2646 1340 2699; x_wconf 90' lang='lat' dir='ltr'>tota</span> <span class='ocrx_word' id='word_1_168' title='bbox 1385 2638 1649 2699; x_wconf 77' lang='lat' dir='ltr'>inc-linat</span> <span class='ocrx_word' id='word_1_169' title='bbox 1699 2636 1779 2697; x_wconf 88' lang='lat' dir='ltr'>ad</span> <span class='ocrx_word' id='word_1_170' title='bbox 1836 2630 2022 2696; x_wconf 88' lang='lat' dir='ltr'>suum</span> <span class='ocrx_word' id='word_1_171' title='bbox 2079 2634 2185 2695; x_wconf 90' lang='lat' dir='ltr'>ob-</span> 
     </span>
     <span class='ocr_line' id='line_1_26' title="bbox 616 2729 2181 2816; baseline -0.006 -19"><span class='ocrx_word' id='word_1_172' title='bbox 616 2736 873 2816; x_wconf 82' lang='lat' dir='ltr'>jectum,</span> <span class='ocrx_word' id='word_1_173' title='bbox 920 2741 982 2795; x_wconf 90' lang='lat' dir='ltr'>et</span> <span class='ocrx_word' id='word_1_174' title='bbox 1037 2741 1243 2794; x_wconf 88' lang='lat' dir='ltr'>tamen</span> <span class='ocrx_word' id='word_1_175' title='bbox 1293 2734 1491 2811; x_wconf 81' lang='lat' dir='ltr'>magis</span> <span class='ocrx_word' id='word_1_176' title='bbox 1544 2730 1809 2793; x_wconf 84' lang='lat' dir='ltr'>inclinat</span> <span class='ocrx_word' id='word_1_177' title='bbox 1856 2729 1933 2789; x_wconf 87' lang='lat' dir='ltr'>ad</span> <span class='ocrx_word' id='word_1_178' title='bbox 1990 2730 2181 2789; x_wconf 90' lang='lat' dir='ltr'>Deum</span> 
     </span>
     <span class='ocr_line' id='line_1_27' title="bbox 622 2821 2177 2910; baseline -0.006 -20"><span class='ocrx_word' id='word_1_179' title='bbox 622 2848 812 2910; x_wconf 89' lang='lat' dir='ltr'>quam</span> <span class='ocrx_word' id='word_1_180' title='bbox 854 2828 932 2888; x_wconf 91' lang='lat' dir='ltr'>ad</span> <span class='ocrx_word' id='word_1_181' title='bbox 968 2827 1113 2900; x_wconf 86' lang='lat' dir='ltr'>alia,</span> <span class='ocrx_word' id='word_1_182' title='bbox 1150 2832 1212 2887; x_wconf 89' lang='lat' dir='ltr'>et</span> <span class='ocrx_word' id='word_1_183' title='bbox 1254 2826 1328 2887; x_wconf 93' lang='lat' dir='ltr'>ad</span> <span class='ocrx_word' id='word_1_184' title='bbox 1370 2824 1559 2887; x_wconf 86' lang='lat' dir='ltr'>finem</span> <span class='ocrx_word' id='word_1_185' title='bbox 1601 2842 1789 2903; x_wconf 87' lang='lat' dir='ltr'>quam</span> <span class='ocrx_word' id='word_1_186' title='bbox 1828 2823 1905 2883; x_wconf 92' lang='lat' dir='ltr'>ad</span> <span class='ocrx_word' id='word_1_187' title='bbox 1936 2821 2177 2896; x_wconf 89' lang='lat' dir='ltr'>media;</span> 
     </span>
     <span class='ocr_line' id='line_1_28' title="bbox 624 2915 2183 3001; baseline -0.006 -19"><span class='ocrx_word' id='word_1_188' title='bbox 624 2922 771 3001; x_wconf 90' lang='lat' dir='ltr'>quia</span> <span class='ocrx_word' id='word_1_189' title='bbox 805 2921 941 2981; x_wconf 83' lang='lat' dir='ltr'>haec</span> <span class='ocrx_word' id='word_1_190' title='bbox 968 2920 1295 3000; x_wconf 85' lang='lat' dir='ltr'>propensio</span> <span class='ocrx_word' id='word_1_191' title='bbox 1328 2936 1456 2979; x_wconf 92' lang='lat' dir='ltr'>non</span> <span class='ocrx_word' id='word_1_192' title='bbox 1484 2924 1575 2979; x_wconf 91' lang='lat' dir='ltr'>est</span> <span class='ocrx_word' id='word_1_193' title='bbox 1613 2915 2018 2994; x_wconf 80' lang='lat' dir='ltr'>intelligenda</span> <span class='ocrx_word' id='word_1_194' title='bbox 2051 2931 2183 2972; x_wconf 93' lang='lat' dir='ltr'>om-</span> 
     </span>
     <span class='ocr_line' id='line_1_29' title="bbox 625 3010 2181 3090; baseline -0.007 -13"><span class='ocrx_word' id='word_1_195' title='bbox 625 3016 778 3077; x_wconf 88' lang='lat' dir='ltr'>nino</span> <span class='ocrx_word' id='word_1_196' title='bbox 814 3013 1161 3090; x_wconf 77' lang='lat' dir='ltr'>uniformia,</span> <span class='ocrx_word' id='word_1_197' title='bbox 1193 3011 1299 3072; x_wconf 90' lang='lat' dir='ltr'>sed</span> <span class='ocrx_word' id='word_1_198' title='bbox 1340 3012 1516 3090; x_wconf 88' lang='lat' dir='ltr'>quasi</span> <span class='ocrx_word' id='word_1_199' title='bbox 1544 3010 1892 3090; x_wconf 82' lang='lat' dir='ltr'>multiplex,</span> <span class='ocrx_word' id='word_1_200' title='bbox 1938 3025 2050 3087; x_wconf 90' lang='lat' dir='ltr'>pro</span> <span class='ocrx_word' id='word_1_201' title='bbox 2073 3025 2181 3066; x_wconf 85' lang='lat' dir='ltr'>va.-</span> 
     </span>
     <span class='ocr_line' id='line_1_30' title="bbox 624 3101 2182 3185; baseline -0.005 -16"><span class='ocrx_word' id='word_1_202' title='bbox 624 3108 843 3169; x_wconf 83' lang='lat' dir='ltr'>rietate</span> <span class='ocrx_word' id='word_1_203' title='bbox 867 3106 1243 3185; x_wconf 85' lang='lat' dir='ltr'>objectorum</span> <span class='ocrx_word' id='word_1_204' title='bbox 1255 3151 1270 3165; x_wconf 92' lang='lat'>.</span> <span class='ocrx_word' id='word_1_205' title='bbox 1288 3104 1584 3166; x_wconf 85' lang='lat' dir='ltr'>Similiter</span> <span class='ocrx_word' id='word_1_206' title='bbox 1605 3103 1871 3164; x_wconf 86' lang='lat' dir='ltr'>charitas</span> <span class='ocrx_word' id='word_1_207' title='bbox 1886 3101 1966 3163; x_wconf 87' lang='lat' dir='ltr'>ad</span> <span class='ocrx_word' id='word_1_208' title='bbox 1984 3118 2182 3161; x_wconf 87' lang='lat' dir='ltr'>unum</span> 
     </span>
     <span class='ocr_line' id='line_1_31' title="bbox 625 3194 2178 3279; baseline -0.006 -17"><span class='ocrx_word' id='word_1_209' title='bbox 625 3200 938 3279; x_wconf 80' lang='lat' dir='ltr'>objectum</span> <span class='ocrx_word' id='word_1_210' title='bbox 962 3198 1223 3259; x_wconf 89' lang='lat' dir='ltr'>inclinat</span> <span class='ocrx_word' id='word_1_211' title='bbox 1249 3215 1327 3259; x_wconf 85' lang='lat' dir='ltr'>ex</span> <span class='ocrx_word' id='word_1_212' title='bbox 1372 3196 1732 3258; x_wconf 83' lang='lat' dir='ltr'>necessitate</span> <span class='ocrx_word' id='word_1_213' title='bbox 1766 3194 2178 3274; x_wconf 80' lang='lat' dir='ltr'>diligendum,</span> 
     </span>
     <span class='ocr_line' id='line_1_32' title="bbox 626 3286 2182 3371; baseline -0.008 -14"><span class='ocrx_word' id='word_1_214' title='bbox 626 3295 705 3357; x_wconf 88' lang='lat' dir='ltr'>ad</span> <span class='ocrx_word' id='word_1_215' title='bbox 732 3292 903 3354; x_wconf 88' lang='lat' dir='ltr'>aliud</span> <span class='ocrx_word' id='word_1_216' title='bbox 930 3292 1144 3366; x_wconf 89' lang='lat' dir='ltr'>libere,</span> <span class='ocrx_word' id='word_1_217' title='bbox 1188 3296 1259 3351; x_wconf 89' lang='lat' dir='ltr'>ut</span> <span class='ocrx_word' id='word_1_218' title='bbox 1308 3296 1478 3371; x_wconf 88' lang='lat' dir='ltr'>patet</span> <span class='ocrx_word' id='word_1_219' title='bbox 1524 3290 1593 3350; x_wconf 90' lang='lat' dir='ltr'>in</span> <span class='ocrx_word' id='word_1_220' title='bbox 1636 3288 1937 3350; x_wconf 81' lang='lat' dir='ltr'>charitate</span> <span class='ocrx_word' id='word_1_221' title='bbox 1967 3286 2182 3347; x_wconf 87' lang='lat' dir='ltr'>Beato-</span> 
     </span>
     <span class='ocr_line' id='line_1_33' title="bbox 626 3379 2181 3467; baseline -0.006 -18"><span class='ocrx_word' id='word_1_222' title='bbox 626 3406 767 3449; x_wconf 86' lang='lat' dir='ltr'>rum</span> <span class='ocrx_word' id='word_1_223' title='bbox 796 3393 1077 3467; x_wconf 87' lang='lat' dir='ltr'>respectu</span> <span class='ocrx_word' id='word_1_224' title='bbox 1104 3386 1213 3447; x_wconf 88' lang='lat' dir='ltr'>Dei</span> <span class='ocrx_word' id='word_1_225' title='bbox 1241 3384 1403 3447; x_wconf 89' lang='lat' dir='ltr'>clare</span> <span class='ocrx_word' id='word_1_226' title='bbox 1436 3383 1578 3459; x_wconf 84' lang='lat' dir='ltr'>visi,</span> <span class='ocrx_word' id='word_1_227' title='bbox 1607 3390 1670 3446; x_wconf 88' lang='lat' dir='ltr'>et</span> <span class='ocrx_word' id='word_1_228' title='bbox 1706 3387 1992 3464; x_wconf 85' lang='lat' dir='ltr'>respectu</span> <span class='ocrx_word' id='word_1_229' title='bbox 2029 3379 2181 3440; x_wconf 87' lang='lat' dir='ltr'>alia-</span> 
     </span>
     <span class='ocr_line' id='line_1_34' title="bbox 628 3477 2182 3557; baseline -0.008 -14"><span class='ocrx_word' id='word_1_230' title='bbox 628 3496 767 3543; x_wconf 91' lang='lat' dir='ltr'>rum</span> <span class='ocrx_word' id='word_1_231' title='bbox 808 3496 1041 3553; x_wconf 87' lang='lat' dir='ltr'>rerum,</span> <span class='ocrx_word' id='word_1_232' title='bbox 1071 3477 1357 3557; x_wconf 84' lang='lat' dir='ltr'>quamvis</span> <span class='ocrx_word' id='word_1_233' title='bbox 1393 3477 1472 3537; x_wconf 89' lang='lat' dir='ltr'>ad</span> <span class='ocrx_word' id='word_1_234' title='bbox 1514 3483 1811 3555; x_wconf 88' lang='lat' dir='ltr'>utrosque</span> <span class='ocrx_word' id='word_1_235' title='bbox 1846 3480 2018 3535; x_wconf 89' lang='lat' dir='ltr'>actus</span> <span class='ocrx_word' id='word_1_236' title='bbox 2053 3478 2182 3532; x_wconf 86' lang='lat' dir='ltr'>tota</span> 
     </span>
     <span class='ocr_line' id='line_1_35' title="bbox 628 3566 2185 3648; baseline -0.007 -13"><span class='ocrx_word' id='word_1_237' title='bbox 628 3590 741 3635; x_wconf 80' lang='lat' dir='ltr'>sua</span> <span class='ocrx_word' id='word_1_238' title='bbox 768 3571 1115 3633; x_wconf 84' lang='lat' dir='ltr'>intensione</span> <span class='ocrx_word' id='word_1_239' title='bbox 1140 3570 1393 3631; x_wconf 87' lang='lat' dir='ltr'>inclinet</span> <span class='ocrx_word' id='word_1_240' title='bbox 1406 3585 1429 3647; x_wconf 89' lang='lat'>;</span> <span class='ocrx_word' id='word_1_241' title='bbox 1450 3568 1597 3648; x_wconf 91' lang='lat' dir='ltr'>quia</span> <span class='ocrx_word' id='word_1_242' title='bbox 1620 3567 1725 3629; x_wconf 88' lang='lat' dir='ltr'>ille</span> <span class='ocrx_word' id='word_1_243' title='bbox 1747 3566 2025 3628; x_wconf 85' lang='lat' dir='ltr'>diversus</span> <span class='ocrx_word' id='word_1_244' title='bbox 2055 3582 2185 3625; x_wconf 89' lang='lat' dir='ltr'>mo-</span> 
     </span>
     <span class='ocr_line' id='line_1_36' title="bbox 626 3658 2184 3737; baseline -0.004 -10"><span class='ocrx_word' id='word_1_245' title='bbox 626 3666 741 3727; x_wconf 87' lang='lat' dir='ltr'>dus</span> <span class='ocrx_word' id='word_1_246' title='bbox 772 3684 899 3725; x_wconf 90' lang='lat' dir='ltr'>non</span> <span class='ocrx_word' id='word_1_247' title='bbox 928 3666 1123 3727; x_wconf 88' lang='lat' dir='ltr'>oritur</span> <span class='ocrx_word' id='word_1_248' title='bbox 1162 3682 1239 3725; x_wconf 87' lang='lat' dir='ltr'>ex</span> <span class='ocrx_word' id='word_1_249' title='bbox 1280 3662 1649 3737; x_wconf 81' lang='lat' dir='ltr'>intensione,</span> <span class='ocrx_word' id='word_1_250' title='bbox 1680 3660 1785 3721; x_wconf 87' lang='lat' dir='ltr'>sed</span> <span class='ocrx_word' id='word_1_251' title='bbox 1824 3677 1901 3720; x_wconf 87' lang='lat' dir='ltr'>ex</span> <span class='ocrx_word' id='word_1_252' title='bbox 1942 3658 2184 3720; x_wconf 87' lang='lat' dir='ltr'>diversa</span> 
     </span>
     <span class='ocr_line' id='line_1_37' title="bbox 628 3748 2185 3839; baseline -0.006 -19"><span class='ocrx_word' id='word_1_253' title='bbox 628 3758 1000 3839; x_wconf 79' lang='lat' dir='ltr'>perfectione</span> <span class='ocrx_word' id='word_1_254' title='bbox 1051 3755 1457 3835; x_wconf 84' lang='lat' dir='ltr'>objectorum.</span> <span class='ocrx_word' id='word_1_255' title='bbox 1488 3754 1763 3833; x_wconf 89' lang='lat' dir='ltr'>Denique</span> <span class='ocrx_word' id='word_1_256' title='bbox 1811 3751 2077 3813; x_wconf 88' lang='lat' dir='ltr'>minima</span> <span class='ocrx_word' id='word_1_257' title='bbox 2116 3748 2185 3811; x_wconf 83' lang='lat' dir='ltr'>fl·</span> 
     </span>
     <span class='ocr_line' id='line_1_38' title="bbox 628 3842 2186 3930; baseline -0.005 -19"><span class='ocrx_word' id='word_1_258' title='bbox 628 3852 735 3911; x_wconf 80' lang='lat' dir='ltr'>dea</span> <span class='ocrx_word' id='word_1_259' title='bbox 762 3851 959 3930; x_wconf 81' lang='lat' dir='ltr'>magis</span> <span class='ocrx_word' id='word_1_260' title='bbox 990 3848 1395 3929; x_wconf 86' lang='lat' dir='ltr'>appretiative</span> <span class='ocrx_word' id='word_1_261' title='bbox 1419 3846 1679 3907; x_wconf 90' lang='lat' dir='ltr'>inclinat</span> <span class='ocrx_word' id='word_1_262' title='bbox 1706 3845 1785 3906; x_wconf 88' lang='lat' dir='ltr'>ad</span> <span class='ocrx_word' id='word_1_263' title='bbox 1822 3861 2001 3905; x_wconf 91' lang='lat' dir='ltr'>suam</span> <span class='ocrx_word' id='word_1_264' title='bbox 2029 3842 2186 3905; x_wconf 85' lang='lat' dir='ltr'>veri-</span> 
     </span>
     <span class='ocr_line' id='line_1_39' title="bbox 630 3936 2181 4022; baseline -0.006 -18"><span class='ocrx_word' id='word_1_265' title='bbox 630 3950 842 4019; x_wconf 86' lang='lat' dir='ltr'>tatem,</span> <span class='ocrx_word' id='word_1_266' title='bbox 873 3960 1061 4022; x_wconf 92' lang='lat' dir='ltr'>quam</span> <span class='ocrx_word' id='word_1_267' title='bbox 1104 3942 1357 4002; x_wconf 87' lang='lat' dir='ltr'>scientia</span> <span class='ocrx_word' id='word_1_268' title='bbox 1395 3940 1813 4001; x_wconf 88' lang='lat' dir='ltr'>intensissima</span> <span class='ocrx_word' id='word_1_269' title='bbox 1848 3936 1929 3999; x_wconf 90' lang='lat' dir='ltr'>ad</span> <span class='ocrx_word' id='word_1_270' title='bbox 1981 3952 2181 4010; x_wconf 88' lang='lat' dir='ltr'>suam,</span> 
     </span>
     <span class='ocr_line' id='line_1_40' title="bbox 630 4027 2185 4117; baseline -0.006 -20"><span class='ocrx_word' id='word_1_271' title='bbox 630 4038 779 4117; x_wconf 90' lang='lat' dir='ltr'>quia</span> <span class='ocrx_word' id='word_1_272' title='bbox 809 4037 917 4097; x_wconf 91' lang='lat' dir='ltr'>illa</span> <span class='ocrx_word' id='word_1_273' title='bbox 958 4034 1320 4097; x_wconf 84' lang='lat' dir='ltr'>excellentia</span> <span class='ocrx_word' id='word_1_274' title='bbox 1363 4033 1508 4095; x_wconf 86' lang='lat' dir='ltr'>fidei</span> <span class='ocrx_word' id='word_1_275' title='bbox 1549 4032 1846 4093; x_wconf 82' lang='lat' dir='ltr'>fundatur</span> <span class='ocrx_word' id='word_1_276' title='bbox 1887 4030 1956 4090; x_wconf 92' lang='lat' dir='ltr'>in</span> <span class='ocrx_word' id='word_1_277' title='bbox 1988 4027 2185 4091; x_wconf 86' lang='lat' dir='ltr'>excel·</span> 
     </span>
     <span class='ocr_line' id='line_1_41' title="bbox 626 4126 1733 4207; baseline -0.005 -16"><span class='ocrx_word' id='word_1_278' title='bbox 626 4128 821 4191; x_wconf 86' lang='lat' dir='ltr'>lentia</span> <span class='ocrx_word' id='word_1_279' title='bbox 846 4130 943 4191; x_wconf 87' lang='lat' dir='ltr'>sui</span> <span class='ocrx_word' id='word_1_280' title='bbox 969 4127 1215 4207; x_wconf 88' lang='lat' dir='ltr'>objecti;</span> <span class='ocrx_word' id='word_1_281' title='bbox 1244 4128 1332 4189; x_wconf 89' lang='lat' dir='ltr'>sic</span> <span class='ocrx_word' id='word_1_282' title='bbox 1359 4132 1422 4189; x_wconf 88' lang='lat' dir='ltr'>et</span> <span class='ocrx_word' id='word_1_283' title='bbox 1446 4126 1733 4189; x_wconf 86' lang='lat' dir='ltr'>charitas.</span> 
     </span>
    </p>
   </div>
   <div class='ocr_carea' id='block_1_3' title="bbox 1252 4326 1559 4381">
    <p class='ocr_par' dir='ltr' id='par_1_4' title="bbox 1252 4326 1559 4381">
     <span class='ocr_line' id='line_1_42' title="bbox 1252 4326 1559 4381; baseline -0.007 0"><span class='ocrx_word' id='word_1_284' title='bbox 1252 4328 1468 4381; x_wconf 63' lang='lat' dir='ltr'>saeuo</span> <span class='ocrx_word' id='word_1_285' title='bbox 1499 4326 1559 4379; x_wconf 82' lang='lat' dir='ltr'>V.</span> 
     </span>
    </p>
   </div>
   <div class='ocr_carea' id='block_1_4' title="bbox 642 4502 2185 4667">
    <p class='ocr_par' dir='ltr' id='par_1_5' title="bbox 642 4502 2185 4667">
     <span class='ocr_line' id='line_1_43' title="bbox 642 4502 2185 4590; baseline -0.007 -13"><span class='ocrx_word' id='word_1_286' title='bbox 642 4513 861 4577; x_wconf 77' lang='lat' dir='ltr'>Utrum</span> <span class='ocrx_word' id='word_1_287' title='bbox 887 4512 985 4575; x_wconf 71' lang='lat' dir='ltr'>hic</span> <span class='ocrx_word' id='word_1_288' title='bbox 1007 4512 1145 4573; x_wconf 80' lang='lat' dir='ltr'>ordo</span> <span class='ocrx_word' id='word_1_289' title='bbox 1167 4508 1402 4590; x_wconf 71' lang='lat' dir='ltr'>positus</span> <span class='ocrx_word' id='word_1_290' title='bbox 1444 4507 1529 4571; x_wconf 74' lang='lat' dir='ltr'>sit</span> <span class='ocrx_word' id='word_1_291' title='bbox 1558 4510 1984 4570; x_wconf 73' lang='lat' dir='ltr'>consentaneus</span> <span class='ocrx_word' id='word_1_292' title='bbox 2012 4502 2185 4567; x_wconf 78' lang='lat' dir='ltr'>incli-</span> 
     </span>
     <span class='ocr_line' id='line_1_44' title="bbox 922 4599 1885 4667; baseline -0.005 -2"><span class='ocrx_word' id='word_1_293' title='bbox 922 4605 1161 4667; x_wconf 76' lang='lat' dir='ltr'>nationi</span> <span class='ocrx_word' id='word_1_294' title='bbox 1202 4600 1483 4666; x_wconf 70' lang='lat' dir='ltr'>naturali</span> <span class='ocrx_word' id='word_1_295' title='bbox 1529 4599 1885 4663; x_wconf 74' lang='lat' dir='ltr'>voluntatis.</span> 
     </span>
    </p>
   </div>
   <div class='ocr_carea' id='block_1_5' title="bbox 623 4786 2190 5619">
    <p class='ocr_par' dir='ltr' id='par_1_6' title="bbox 623 4786 2190 5619">
     <span class='ocr_line' id='line_1_45' title="bbox 712 4786 2187 4870; baseline -0.005 -17"><span class='ocrx_word' id='word_1_296' title='bbox 712 4796 769 4853; x_wconf 81' lang='grc'>1.</span> <span class='ocrx_word' id='word_1_297' title='bbox 816 4788 1125 4855; x_wconf 76' lang='lat' dir='ltr'>Resolutio</span> <span class='ocrx_word' id='word_1_298' title='bbox 1152 4787 1500 4870; x_wconf 68' lang='lat' dir='ltr'>quaestionis</span> <span class='ocrx_word' id='word_1_299' title='bbox 1517 4786 1715 4869; x_wconf 76' lang='lat' dir='ltr'>quoad</span> <span class='ocrx_word' id='word_1_300' title='bbox 1734 4786 1959 4863; x_wconf 70' lang='lat' dir='ltr'>objecta</span> <span class='ocrx_word' id='word_1_301' title='bbox 1981 4801 2187 4849; x_wconf 74' lang='lat' dir='ltr'>secun·</span> 
     </span>
     <span class='ocr_line' id='line_1_46' title="bbox 632 4876 2187 4963; baseline -0.009 -12"><span class='ocrx_word' id='word_1_302' title='bbox 632 4887 831 4951; x_wconf 79' lang='lat' dir='ltr'>daria.</span> <span class='ocrx_word' id='word_1_303' title='bbox 863 4916 942 4931; x_wconf 91' lang='lat'><em>-</em></span> <span class='ocrx_word' id='word_1_304' title='bbox 1002 4884 1187 4949; x_wconf 74' lang='lat' dir='ltr'>Verus</span> <span class='ocrx_word' id='word_1_305' title='bbox 1236 4882 1590 4963; x_wconf 73' lang='lat' dir='ltr'>quoestionis</span> <span class='ocrx_word' id='word_1_306' title='bbox 1636 4896 1870 4942; x_wconf 73' lang='lat' dir='ltr'>sensus.</span> <span class='ocrx_word' id='word_1_307' title='bbox 1918 4911 1998 4922; x_wconf 94' lang='lat'>-</span> <span class='ocrx_word' id='word_1_308' title='bbox 2045 4876 2187 4937; x_wconf 85' lang='lat' dir='ltr'>Haec</span> 
     </span>
     <span class='ocr_line' id='line_1_47' title="bbox 630 4971 2190 5059; baseline -0.007 -19"><span class='ocrx_word' id='word_1_309' title='bbox 630 4979 888 5059; x_wconf 80' lang='lat' dir='ltr'>quaestio</span> <span class='ocrx_word' id='word_1_310' title='bbox 926 4974 1191 5037; x_wconf 89' lang='lat' dir='ltr'>difficilis</span> <span class='ocrx_word' id='word_1_311' title='bbox 1222 4993 1347 5035; x_wconf 92' lang='lat' dir='ltr'>non</span> <span class='ocrx_word' id='word_1_312' title='bbox 1376 4980 1486 5049; x_wconf 87' lang='lat' dir='ltr'>est,</span> <span class='ocrx_word' id='word_1_313' title='bbox 1530 4972 1582 5033; x_wconf 88' lang='lat' dir='ltr'>si</span> <span class='ocrx_word' id='word_1_314' title='bbox 1623 4972 1951 5051; x_wconf 89' lang='lat' dir='ltr'>loquamur</span> <span class='ocrx_word' id='word_1_315' title='bbox 1978 4971 2054 5031; x_wconf 88' lang='lat' dir='ltr'>de</span> <span class='ocrx_word' id='word_1_316' title='bbox 2092 4988 2190 5029; x_wconf 92' lang='lat' dir='ltr'>or-</span> 
     </span>
     <span class='ocr_line' id='line_1_48' title="bbox 630 5063 2189 5147; baseline -0.006 -14"><span class='ocrx_word' id='word_1_317' title='bbox 630 5074 777 5133; x_wconf 88' lang='lat' dir='ltr'>dine</span> <span class='ocrx_word' id='word_1_318' title='bbox 815 5072 980 5131; x_wconf 88' lang='lat' dir='ltr'>inter</span> <span class='ocrx_word' id='word_1_319' title='bbox 1019 5068 1261 5147; x_wconf 69' lang='lat' dir='ltr'>ohJecta</span> <span class='ocrx_word' id='word_1_320' title='bbox 1294 5064 1659 5128; x_wconf 86' lang='lat' dir='ltr'>secundaria</span> <span class='ocrx_word' id='word_1_321' title='bbox 1687 5066 1851 5125; x_wconf 90' lang='lat' dir='ltr'>inter</span> <span class='ocrx_word' id='word_1_322' title='bbox 1874 5083 1972 5139; x_wconf 81' lang='lat' dir='ltr'>se3</span> <span class='ocrx_word' id='word_1_323' title='bbox 2021 5063 2189 5123; x_wconf 89' lang='lat' dir='ltr'>clara</span> 
     </span>
     <span class='ocr_line' id='line_1_49' title="bbox 630 5158 2188 5243; baseline -0.008 -16"><span class='ocrx_word' id='word_1_324' title='bbox 630 5173 722 5227; x_wconf 86' lang='lat' dir='ltr'>est</span> <span class='ocrx_word' id='word_1_325' title='bbox 772 5166 939 5226; x_wconf 87' lang='lat' dir='ltr'>enim</span> <span class='ocrx_word' id='word_1_326' title='bbox 984 5181 1125 5243; x_wconf 83' lang='lat' dir='ltr'>pars</span> <span class='ocrx_word' id='word_1_327' title='bbox 1152 5160 1504 5223; x_wconf 81' lang='lat' dir='ltr'>affirmans:</span> <span class='ocrx_word' id='word_1_328' title='bbox 1554 5176 1703 5220; x_wconf 88' lang='lat' dir='ltr'>nam</span> <span class='ocrx_word' id='word_1_329' title='bbox 1747 5158 2032 5218; x_wconf 83' lang='lat' dir='ltr'>voluntas</span> <span class='ocrx_word' id='word_1_330' title='bbox 2061 5174 2188 5216; x_wconf 88' lang='lat' dir='ltr'>ma-</span> 
     </span>
     <span class='ocr_line' id='line_1_50' title="bbox 627 5248 2180 5337; baseline -0.006 -18"><span class='ocrx_word' id='word_1_331' title='bbox 627 5258 722 5337; x_wconf 82' lang='lat' dir='ltr'>gis</span> <span class='ocrx_word' id='word_1_332' title='bbox 770 5256 1030 5317; x_wconf 90' lang='lat' dir='ltr'>inclinat</span> <span class='ocrx_word' id='word_1_333' title='bbox 1066 5253 1431 5315; x_wconf 86' lang='lat' dir='ltr'>naturaliter</span> <span class='ocrx_word' id='word_1_334' title='bbox 1458 5252 1535 5313; x_wconf 92' lang='lat' dir='ltr'>ad</span> <span class='ocrx_word' id='word_1_335' title='bbox 1567 5270 1655 5327; x_wconf 88' lang='lat' dir='ltr'>se,</span> <span class='ocrx_word' id='word_1_336' title='bbox 1686 5267 1873 5330; x_wconf 88' lang='lat' dir='ltr'>quam</span> <span class='ocrx_word' id='word_1_337' title='bbox 1929 5249 2005 5309; x_wconf 88' lang='lat' dir='ltr'>ad</span> <span class='ocrx_word' id='word_1_338' title='bbox 2058 5248 2180 5309; x_wconf 88' lang='lat' dir='ltr'>alia</span> 
     </span>
     <span class='ocr_line' id='line_1_51' title="bbox 626 5342 2152 5425; baseline -0.008 -12"><span class='ocrx_word' id='word_1_339' title='bbox 626 5356 851 5425; x_wconf 88' lang='lat' dir='ltr'>creata,</span> <span class='ocrx_word' id='word_1_340' title='bbox 878 5356 940 5411; x_wconf 88' lang='lat' dir='ltr'>et</span> <span class='ocrx_word' id='word_1_341' title='bbox 966 5349 1131 5410; x_wconf 88' lang='lat' dir='ltr'>inter</span> <span class='ocrx_word' id='word_1_342' title='bbox 1152 5347 1277 5409; x_wconf 87' lang='lat' dir='ltr'>alia</span> <span class='ocrx_word' id='word_1_343' title='bbox 1302 5346 1383 5409; x_wconf 89' lang='lat' dir='ltr'>ad</span> <span class='ocrx_word' id='word_1_344' title='bbox 1402 5364 1479 5408; x_wconf 90' lang='lat' dir='ltr'>ea</span> <span class='ocrx_word' id='word_1_345' title='bbox 1505 5362 1645 5425; x_wconf 82' lang='lat' dir='ltr'>quae</span> <span class='ocrx_word' id='word_1_346' title='bbox 1674 5348 1820 5405; x_wconf 88' lang='lat' dir='ltr'>sunt</span> <span class='ocrx_word' id='word_1_347' title='bbox 1856 5342 2054 5420; x_wconf 84' lang='lat' dir='ltr'>magis</span> <span class='ocrx_word' id='word_1_348' title='bbox 2079 5360 2152 5402; x_wconf 86' lang='lat' dir='ltr'>ra</span> 
     </span>
     <span class='ocr_line' id='line_1_52' title="bbox 626 5436 2172 5522; baseline -0.008 -16"><span class='ocrx_word' id='word_1_349' title='bbox 626 5445 785 5506; x_wconf 88' lang='lat' dir='ltr'>tioni</span> <span class='ocrx_word' id='word_1_350' title='bbox 813 5448 1265 5519; x_wconf 68' lang='lat' dir='ltr'>consentanea,</span> <span class='ocrx_word' id='word_1_351' title='bbox 1318 5457 1521 5522; x_wconf 87' lang='lat' dir='ltr'>neque</span> <span class='ocrx_word' id='word_1_352' title='bbox 1549 5438 1739 5500; x_wconf 88' lang='lat' dir='ltr'>etiam</span> <span class='ocrx_word' id='word_1_353' title='bbox 1771 5436 2035 5497; x_wconf 83' lang='lat' dir='ltr'>difficilis</span> <span class='ocrx_word' id='word_1_354' title='bbox 2063 5439 2172 5508; x_wconf 87' lang='lat' dir='ltr'>est,</span> 
     </span>
     <span class='ocr_line' id='line_1_53' title="bbox 623 5531 2179 5619; baseline -0.006 -20"><span class='ocrx_word' id='word_1_355' title='bbox 623 5538 673 5599; x_wconf 80' lang='lat' dir='ltr'>si</span> <span class='ocrx_word' id='word_1_356' title='bbox 705 5544 1094 5619; x_wconf 85' lang='lat' dir='ltr'>comparetur</span> <span class='ocrx_word' id='word_1_357' title='bbox 1122 5538 1278 5600; x_wconf 80' lang='lat' dir='ltr'>Deus</span> <span class='ocrx_word' id='word_1_358' title='bbox 1313 5536 1625 5617; x_wconf 86' lang='lat' dir='ltr'>objectum</span> <span class='ocrx_word' id='word_1_359' title='bbox 1643 5531 2012 5617; x_wconf 87' lang='lat' dir='ltr'>primarium</span> <span class='ocrx_word' id='word_1_360' title='bbox 2037 5545 2179 5593; x_wconf 90' lang='lat' dir='ltr'>cum</span> 
     </span>
    </p>
   </div>
   <div class='ocr_carea' id='block_1_6' title="bbox 1243 393 3187 457">
    <p class='ocr_par' dir='ltr' id='par_1_7' title="bbox 1243 393 3187 457">
     <span class='ocr_line' id='line_1_54' title="bbox 1243 393 3187 457; baseline -0.003 -3"><span class='ocrx_word' id='word_1_361' title='bbox 1243 400 1477 454; x_wconf 73' lang='lat' dir='ltr'>msmrr.</span> <span class='ocrx_word' id='word_1_362' title='bbox 1514 402 1553 453; x_wconf 84' lang='lat'>1.</span> <span class='ocrx_word' id='word_1_363' title='bbox 1589 400 1669 453; x_wconf 77' lang='lat' dir='ltr'>m:</span> <span class='ocrx_word' id='word_1_364' title='bbox 1702 395 1964 451; x_wconf 69' lang='lat' dir='ltr'>omnem</span> <span class='ocrx_word' id='word_1_365' title='bbox 1996 394 2352 457; x_wconf 66' lang='lat' dir='ltr'>umanum.</span> <span class='ocrx_word' id='word_1_366' title='bbox 2389 396 2466 447; x_wconf 83' lang='lat' dir='ltr'>ET</span> <span class='ocrx_word' id='word_1_367' title='bbox 2500 394 2768 447; x_wconf 74' lang='lat' dir='ltr'>FonuALt</span> <span class='ocrx_word' id='word_1_368' title='bbox 2801 393 3187 449; x_wconf 63' lang='lat' dir='ltr'>cuminus.</span> 
     </span>
    </p>
   </div>
   <div class='ocr_carea' id='block_1_7' title="bbox 2251 492 3764 5403">
    <p class='ocr_par' dir='ltr' id='par_1_8' title="bbox 2253 492 3753 1414">
     <span class='ocr_line' id='line_1_55' title="bbox 2257 492 3745 573; baseline 0.004 -18"><span class='ocrx_word' id='word_1_369' title='bbox 2257 494 2417 571; x_wconf 83' lang='lat' dir='ltr'>aliis,</span> <span class='ocrx_word' id='word_1_370' title='bbox 2467 501 2691 572; x_wconf 82' lang='lat' dir='ltr'>praeter</span> <span class='ocrx_word' id='word_1_371' title='bbox 2739 492 3130 572; x_wconf 84' lang='lat' dir='ltr'>diligentem.</span> <span class='ocrx_word' id='word_1_372' title='bbox 3175 492 3427 565; x_wconf 77' lang='lat' dir='ltr'>Quaestio</span> <span class='ocrx_word' id='word_1_373' title='bbox 3464 494 3633 573; x_wconf 78' lang='lat' dir='ltr'>igitur</span> <span class='ocrx_word' id='word_1_374' title='bbox 3671 508 3745 561; x_wconf 86' lang='lat' dir='ltr'>cst</span> 
     </span>
     <span class='ocr_line' id='line_1_56' title="bbox 2257 585 3744 664; baseline 0.005 -17"><span class='ocrx_word' id='word_1_375' title='bbox 2257 587 2422 647; x_wconf 88' lang='lat' dir='ltr'>inter</span> <span class='ocrx_word' id='word_1_376' title='bbox 2461 588 2654 649; x_wconf 88' lang='lat' dir='ltr'>Deum</span> <span class='ocrx_word' id='word_1_377' title='bbox 2713 594 2775 647; x_wconf 91' lang='lat' dir='ltr'>et</span> <span class='ocrx_word' id='word_1_378' title='bbox 2818 604 2919 647; x_wconf 90' lang='lat' dir='ltr'>me</span> <span class='ocrx_word' id='word_1_379' title='bbox 2987 585 3405 664; x_wconf 83' lang='lat' dir='ltr'>diligendum:</span> <span class='ocrx_word' id='word_1_380' title='bbox 3443 588 3538 649; x_wconf 91' lang='lat' dir='ltr'>hic</span> <span class='ocrx_word' id='word_1_381' title='bbox 3571 598 3744 653; x_wconf 88' lang='lat' dir='ltr'>autem</span> 
     </span>
     <span class='ocr_line' id='line_1_57' title="bbox 2259 677 3747 763; baseline 0.004 -24"><span class='ocrx_word' id='word_1_382' title='bbox 2259 698 2386 742; x_wconf 90' lang='lat' dir='ltr'>non</span> <span class='ocrx_word' id='word_1_383' title='bbox 2415 688 2504 741; x_wconf 88' lang='lat' dir='ltr'>est</span> <span class='ocrx_word' id='word_1_384' title='bbox 2531 698 2732 741; x_wconf 86' lang='lat' dir='ltr'>sermo</span> <span class='ocrx_word' id='word_1_385' title='bbox 2759 696 2842 739; x_wconf 89' lang='lat' dir='ltr'>an</span> <span class='ocrx_word' id='word_1_386' title='bbox 2872 678 3168 739; x_wconf 88' lang='lat' dir='ltr'>naturalis</span> <span class='ocrx_word' id='word_1_387' title='bbox 3195 677 3498 740; x_wconf 87' lang='lat' dir='ltr'>inclinatio</span> <span class='ocrx_word' id='word_1_388' title='bbox 3519 682 3747 763; x_wconf 80' lang='lat' dir='ltr'>attingat</span> 
     </span>
     <span class='ocr_line' id='line_1_58' title="bbox 2259 772 3747 853; baseline 0.001 -18"><span class='ocrx_word' id='word_1_389' title='bbox 2259 773 2417 835; x_wconf 87' lang='lat' dir='ltr'>illud</span> <span class='ocrx_word' id='word_1_390' title='bbox 2463 774 2794 853; x_wconf 82' lang='lat' dir='ltr'>objectum,</span> <span class='ocrx_word' id='word_1_391' title='bbox 2819 774 2897 833; x_wconf 89' lang='lat' dir='ltr'>ad</span> <span class='ocrx_word' id='word_1_392' title='bbox 2923 772 3089 851; x_wconf 87' lang='lat' dir='ltr'>quod</span> <span class='ocrx_word' id='word_1_393' title='bbox 3117 772 3374 833; x_wconf 88' lang='lat' dir='ltr'>charitas</span> <span class='ocrx_word' id='word_1_394' title='bbox 3400 774 3648 851; x_wconf 85' lang='lat' dir='ltr'>inclinat,</span> <span class='ocrx_word' id='word_1_395' title='bbox 3675 786 3747 837; x_wconf 88' lang='lat' dir='ltr'>at-</span> 
     </span>
     <span class='ocr_line' id='line_1_59' title="bbox 2253 868 3748 949; baseline 0.003 -22"><span class='ocrx_word' id='word_1_396' title='bbox 2253 888 2375 947; x_wconf 89' lang='lat' dir='ltr'>que</span> <span class='ocrx_word' id='word_1_397' title='bbox 2408 869 2584 943; x_wconf 89' lang='lat' dir='ltr'>adeo,</span> <span class='ocrx_word' id='word_1_398' title='bbox 2615 888 2696 928; x_wconf 90' lang='lat' dir='ltr'>an</span> <span class='ocrx_word' id='word_1_399' title='bbox 2734 868 2968 927; x_wconf 83' lang='lat' dir='ltr'>feratur</span> <span class='ocrx_word' id='word_1_400' title='bbox 3003 868 3070 927; x_wconf 88' lang='lat' dir='ltr'>in</span> <span class='ocrx_word' id='word_1_401' title='bbox 3101 868 3315 939; x_wconf 89' lang='lat' dir='ltr'>Deum,</span> <span class='ocrx_word' id='word_1_402' title='bbox 3351 874 3419 927; x_wconf 90' lang='lat' dir='ltr'>ut</span> <span class='ocrx_word' id='word_1_403' title='bbox 3453 876 3536 929; x_wconf 88' lang='lat' dir='ltr'>est</span> <span class='ocrx_word' id='word_1_404' title='bbox 3585 870 3748 949; x_wconf 83' lang='lat' dir='ltr'>objec-</span> 
     </span>
     <span class='ocr_line' id='line_1_60' title="bbox 2253 959 3748 1039; baseline 0.003 -18"><span class='ocrx_word' id='word_1_405' title='bbox 2253 968 2390 1021; x_wconf 90' lang='lat' dir='ltr'>tum</span> <span class='ocrx_word' id='word_1_406' title='bbox 2455 961 2855 1022; x_wconf 87' lang='lat' dir='ltr'>beatitudinis</span> <span class='ocrx_word' id='word_1_407' title='bbox 2917 959 3396 1039; x_wconf 80' lang='lat' dir='ltr'>supernaturalis</span> <span class='ocrx_word' id='word_1_408' title='bbox 3431 975 3452 1037; x_wconf 84' lang='lat'>3</span> <span class='ocrx_word' id='word_1_409' title='bbox 3511 963 3605 1021; x_wconf 84' lang='lat' dir='ltr'>sed</span> <span class='ocrx_word' id='word_1_410' title='bbox 3645 970 3748 1025; x_wconf 82' lang='lat' dir='ltr'>tota</span> 
     </span>
     <span class='ocr_line' id='line_1_61' title="bbox 2255 1053 3752 1134; baseline 0.001 -19"><span class='ocrx_word' id='word_1_411' title='bbox 2255 1057 2513 1134; x_wconf 57' lang='lat' dir='ltr'>quaestio</span> <span class='ocrx_word' id='word_1_412' title='bbox 2541 1060 2630 1116; x_wconf 81' lang='lat' dir='ltr'>est</span> <span class='ocrx_word' id='word_1_413' title='bbox 2669 1073 2776 1130; x_wconf 92' lang='lat' dir='ltr'>an,</span> <span class='ocrx_word' id='word_1_414' title='bbox 2812 1054 2970 1115; x_wconf 87' lang='lat' dir='ltr'>sicut</span> <span class='ocrx_word' id='word_1_415' title='bbox 3016 1053 3284 1115; x_wconf 83' lang='lat' dir='ltr'>charitas</span> <span class='ocrx_word' id='word_1_416' title='bbox 3323 1054 3562 1115; x_wconf 84' lang='lat' dir='ltr'>inclinat</span> <span class='ocrx_word' id='word_1_417' title='bbox 3592 1057 3656 1117; x_wconf 90' lang='lat' dir='ltr'>ad</span> <span class='ocrx_word' id='word_1_418' title='bbox 3680 1057 3752 1117; x_wconf 78' lang='lat' dir='ltr'>di-</span> 
     </span>
     <span class='ocr_line' id='line_1_62' title="bbox 2257 1147 3751 1229; baseline 0.001 -20"><span class='ocrx_word' id='word_1_419' title='bbox 2257 1149 2578 1228; x_wconf 81' lang='lat' dir='ltr'>ligendum</span> <span class='ocrx_word' id='word_1_420' title='bbox 2619 1149 2813 1209; x_wconf 91' lang='lat' dir='ltr'>Deum</span> <span class='ocrx_word' id='word_1_421' title='bbox 2855 1148 3044 1209; x_wconf 88' lang='lat' dir='ltr'>finem</span> <span class='ocrx_word' id='word_1_422' title='bbox 3081 1147 3607 1227; x_wconf 84' lang='lat' dir='ltr'>supernaturalem,</span> <span class='ocrx_word' id='word_1_423' title='bbox 3645 1150 3751 1229; x_wconf 86' lang='lat' dir='ltr'>plus</span> 
     </span>
     <span class='ocr_line' id='line_1_63' title="bbox 2257 1241 3753 1323; baseline 0.003 -22"><span class='ocrx_word' id='word_1_424' title='bbox 2257 1262 2444 1323; x_wconf 85' lang='lat' dir='ltr'>quam</span> <span class='ocrx_word' id='word_1_425' title='bbox 2483 1261 2620 1313; x_wconf 88' lang='lat' dir='ltr'>me,</span> <span class='ocrx_word' id='word_1_426' title='bbox 2661 1243 2748 1303; x_wconf 90' lang='lat' dir='ltr'>ita</span> <span class='ocrx_word' id='word_1_427' title='bbox 2790 1242 3074 1303; x_wconf 81' lang='lat' dir='ltr'>voluntas</span> <span class='ocrx_word' id='word_1_428' title='bbox 3118 1242 3375 1305; x_wconf 88' lang='lat' dir='ltr'>inclinet</span> <span class='ocrx_word' id='word_1_429' title='bbox 3419 1241 3495 1303; x_wconf 87' lang='lat' dir='ltr'>ad</span> <span class='ocrx_word' id='word_1_430' title='bbox 3539 1242 3753 1321; x_wconf 81' lang='lat' dir='ltr'>diligen·</span> 
     </span>
     <span class='ocr_line' id='line_1_64' title="bbox 2261 1334 3686 1414; baseline -0.001 -17"><span class='ocrx_word' id='word_1_431' title='bbox 2261 1337 2410 1397; x_wconf 89' lang='lat' dir='ltr'>dum</span> <span class='ocrx_word' id='word_1_432' title='bbox 2457 1337 2650 1397; x_wconf 91' lang='lat' dir='ltr'>Deum</span> <span class='ocrx_word' id='word_1_433' title='bbox 2701 1334 2890 1397; x_wconf 84' lang='lat' dir='ltr'>finem</span> <span class='ocrx_word' id='word_1_434' title='bbox 2919 1343 3182 1407; x_wconf 66' lang='lat' dir='ltr'>naturai,</span> <span class='ocrx_word' id='word_1_435' title='bbox 3217 1334 3356 1414; x_wconf 87' lang='lat' dir='ltr'>plus</span> <span class='ocrx_word' id='word_1_436' title='bbox 3381 1352 3558 1414; x_wconf 86' lang='lat' dir='ltr'>quam</span> <span class='ocrx_word' id='word_1_437' title='bbox 3589 1353 3686 1395; x_wconf 89' lang='lat' dir='ltr'>me.</span> 
     </span>
    </p>

    <p class='ocr_par' dir='ltr' id='par_1_9' title="bbox 2251 1428 3763 3371">
     <span class='ocr_line' id='line_1_65' title="bbox 2339 1428 3751 1507; baseline 0.001 -16"><span class='ocrx_word' id='word_1_438' title='bbox 2339 1432 2400 1491; x_wconf 75' lang='lat'>2.</span> <span class='ocrx_word' id='word_1_439' title='bbox 2445 1429 2669 1491; x_wconf 79' lang='lat' dir='ltr'>Prima</span> <span class='ocrx_word' id='word_1_440' title='bbox 2715 1430 3036 1492; x_wconf 70' lang='lat' dir='ltr'>sententia.</span> <span class='ocrx_word' id='word_1_441' title='bbox 3067 1461 3151 1475; x_wconf 95' lang='lat'><em>-</em></span> <span class='ocrx_word' id='word_1_442' title='bbox 3175 1428 3457 1491; x_wconf 66' lang='lat' dir='ltr'>Primum</span> <span class='ocrx_word' id='word_1_443' title='bbox 3495 1446 3751 1507; x_wconf 66' lang='lat' dir='ltr'>arqumen·</span> 
     </span>
     <span class='ocr_line' id='line_1_66' title="bbox 2263 1522 3752 1601; baseline -0.003 -16"><span class='ocrx_word' id='word_1_444' title='bbox 2263 1528 2411 1585; x_wconf 77' lang='lat' dir='ltr'>tum.</span> <span class='ocrx_word' id='word_1_445' title='bbox 2441 1554 2522 1569; x_wconf 91' lang='lat'><em>-</em></span> <span class='ocrx_word' id='word_1_446' title='bbox 2547 1523 2750 1583; x_wconf 86' lang='lat' dir='ltr'>Prima</span> <span class='ocrx_word' id='word_1_447' title='bbox 2773 1522 3078 1583; x_wconf 88' lang='lat' dir='ltr'>sententia</span> <span class='ocrx_word' id='word_1_448' title='bbox 3109 1526 3319 1600; x_wconf 84' lang='lat' dir='ltr'>negat,</span> <span class='ocrx_word' id='word_1_449' title='bbox 3353 1526 3414 1581; x_wconf 88' lang='lat' dir='ltr'>et</span> <span class='ocrx_word' id='word_1_450' title='bbox 3437 1538 3752 1601; x_wconf 82' lang='lat' dir='ltr'>consequen·</span> 
     </span>
     <span class='ocr_line' id='line_1_67' title="bbox 2262 1613 3752 1677; baseline -0.001 0"><span class='ocrx_word' id='word_1_451' title='bbox 2262 1624 2358 1677; x_wconf 88' lang='lat' dir='ltr'>ter</span> <span class='ocrx_word' id='word_1_452' title='bbox 2389 1615 2657 1675; x_wconf 78' lang='lat' dir='ltr'>affirmat</span> <span class='ocrx_word' id='word_1_453' title='bbox 2683 1614 3150 1675; x_wconf 82' lang='lat' dir='ltr'>inclinationem</span> <span class='ocrx_word' id='word_1_454' title='bbox 3195 1613 3499 1675; x_wconf 84' lang='lat' dir='ltr'>charitatis</span> <span class='ocrx_word' id='word_1_455' title='bbox 3539 1632 3646 1673; x_wconf 88' lang='lat' dir='ltr'>non</span> <span class='ocrx_word' id='word_1_456' title='bbox 3681 1632 3752 1675; x_wconf 89' lang='lat' dir='ltr'>so-</span> 
     </span>
     <span class='ocr_line' id='line_1_68' title="bbox 2259 1705 3748 1787; baseline -0.003 -16"><span class='ocrx_word' id='word_1_457' title='bbox 2259 1709 2395 1771; x_wconf 89' lang='lat' dir='ltr'>lum</span> <span class='ocrx_word' id='word_1_458' title='bbox 2434 1727 2562 1771; x_wconf 88' lang='lat' dir='ltr'>esse</span> <span class='ocrx_word' id='word_1_459' title='bbox 2606 1725 2792 1787; x_wconf 91' lang='lat' dir='ltr'>supra</span> <span class='ocrx_word' id='word_1_460' title='bbox 2817 1713 3154 1783; x_wconf 89' lang='lat' dir='ltr'>naturam,</span> <span class='ocrx_word' id='word_1_461' title='bbox 3205 1706 3310 1767; x_wconf 88' lang='lat' dir='ltr'>sed</span> <span class='ocrx_word' id='word_1_462' title='bbox 3362 1705 3748 1784; x_wconf 82' lang='lat' dir='ltr'>quodammodo</span> 
     </span>
     <span class='ocr_line' id='line_1_69' title="bbox 2261 1799 3748 1879; baseline -0.003 -16"><span class='ocrx_word' id='word_1_463' title='bbox 2261 1809 2498 1864; x_wconf 85' lang='lat' dir='ltr'>contra.</span> <span class='ocrx_word' id='word_1_464' title='bbox 2521 1801 2701 1863; x_wconf 88' lang='lat' dir='ltr'>Ratio</span> <span class='ocrx_word' id='word_1_465' title='bbox 2732 1807 2844 1875; x_wconf 79' lang='lat' dir='ltr'>est,</span> <span class='ocrx_word' id='word_1_466' title='bbox 2876 1802 3024 1879; x_wconf 88' lang='lat' dir='ltr'>quia</span> <span class='ocrx_word' id='word_1_467' title='bbox 3051 1799 3348 1879; x_wconf 87' lang='lat' dir='ltr'>quicquid</span> <span class='ocrx_word' id='word_1_468' title='bbox 3377 1804 3578 1859; x_wconf 88' lang='lat' dir='ltr'>natura</span> <span class='ocrx_word' id='word_1_469' title='bbox 3601 1804 3748 1875; x_wconf 84' lang='lat' dir='ltr'>amat,</span> 
     </span>
     <span class='ocr_line' id='line_1_70' title="bbox 2259 1891 3752 1967; baseline -0.004 -10"><span class='ocrx_word' id='word_1_470' title='bbox 2259 1902 2432 1957; x_wconf 85' lang='lat' dir='ltr'>amat</span> <span class='ocrx_word' id='word_1_471' title='bbox 2475 1902 2544 1955; x_wconf 89' lang='lat' dir='ltr'>ut</span> <span class='ocrx_word' id='word_1_472' title='bbox 2590 1893 2708 1955; x_wconf 89' lang='lat' dir='ltr'>sibi</span> <span class='ocrx_word' id='word_1_473' title='bbox 2735 1894 3008 1967; x_wconf 88' lang='lat' dir='ltr'>unitum,</span> <span class='ocrx_word' id='word_1_474' title='bbox 3053 1899 3125 1952; x_wconf 91' lang='lat' dir='ltr'>ut</span> <span class='ocrx_word' id='word_1_475' title='bbox 3163 1892 3430 1953; x_wconf 84' lang='lat' dir='ltr'>sumitur</span> <span class='ocrx_word' id='word_1_476' title='bbox 3473 1909 3544 1953; x_wconf 82' lang='lat' dir='ltr'>ex</span> <span class='ocrx_word' id='word_1_477' title='bbox 3573 1891 3752 1951; x_wconf 79' lang='lat' dir='ltr'>Aristo-</span> 
     </span>
     <span class='ocr_line' id='line_1_71' title="bbox 2259 1982 3754 2065; baseline -0.001 -16"><span class='ocrx_word' id='word_1_478' title='bbox 2259 1990 2404 2065; x_wconf 87' lang='lat' dir='ltr'>tele,</span> <span class='ocrx_word' id='word_1_479' title='bbox 2437 1988 2666 2063; x_wconf 64' lang='lat' dir='ltr'>Ethic„</span> <span class='ocrx_word' id='word_1_480' title='bbox 2697 2006 2754 2048; x_wconf 91' lang='lat' dir='ltr'>c.</span> <span class='ocrx_word' id='word_1_481' title='bbox 2799 1988 2837 2047; x_wconf 65' lang='grc' dir='ltr'>Ξ</span> <span class='ocrx_word' id='word_1_482' title='bbox 2867 2008 2881 2047; x_wconf 88' lang='lat'>:</span> <span class='ocrx_word' id='word_1_483' title='bbox 2919 1984 3203 2049; x_wconf 75' lang='lat' dir='ltr'>Amabilc</span> <span class='ocrx_word' id='word_1_484' title='bbox 3236 1985 3475 2058; x_wconf 75' lang='lat' dir='ltr'>bonum,</span> <span class='ocrx_word' id='word_1_485' title='bbox 3503 1982 3754 2063; x_wconf 75' lang='lat' dir='ltr'>unicuique</span> 
     </span>
     <span class='ocr_line' id='line_1_72' title="bbox 2251 2075 3758 2167; baseline -0.003 -24"><span class='ocrx_word' id='word_1_486' title='bbox 2251 2081 2596 2167; x_wconf 81' lang='lat' dir='ltr'>proprium,</span> <span class='ocrx_word' id='word_1_487' title='bbox 2619 2087 2680 2141; x_wconf 90' lang='lat' dir='ltr'>et</span> <span class='ocrx_word' id='word_1_488' title='bbox 2707 2080 2818 2142; x_wconf 88' lang='lat' dir='ltr'>lib.</span> <span class='ocrx_word' id='word_1_489' title='bbox 2847 2082 2908 2153; x_wconf 91' lang='lat'>8,</span> <span class='ocrx_word' id='word_1_490' title='bbox 2939 2098 2993 2140; x_wconf 89' lang='lat' dir='ltr'>c.</span> <span class='ocrx_word' id='word_1_491' title='bbox 3021 2082 3084 2151; x_wconf 68' lang='lat'>4,</span> <span class='ocrx_word' id='word_1_492' title='bbox 3111 2078 3294 2139; x_wconf 88' lang='lat' dir='ltr'>initio</span> <span class='ocrx_word' id='word_1_493' title='bbox 3319 2075 3676 2139; x_wconf 80' lang='lat' dir='ltr'>:Amicabilia</span> <span class='ocrx_word' id='word_1_494' title='bbox 3697 2079 3758 2139; x_wconf 78' lang='lat' dir='ltr'>ad</span> 
     </span>
     <span class='ocr_line' id='line_1_73' title="bbox 2261 2168 3757 2257; baseline -0.007 -18"><span class='ocrx_word' id='word_1_495' title='bbox 2261 2178 2521 2239; x_wconf 77' lang='lat' dir='ltr'>alterum</span> <span class='ocrx_word' id='word_1_496' title='bbox 2549 2180 2874 2239; x_wconf 74' lang='lat' dir='ltr'>sumuntur</span> <span class='ocrx_word' id='word_1_497' title='bbox 2899 2190 2974 2257; x_wconf 62' lang='lat' dir='ltr'>ea,-</span> <span class='ocrx_word' id='word_1_498' title='bbox 3002 2168 3417 2235; x_wconf 75' lang='lat' dir='ltr'>amicabilibus</span> <span class='ocrx_word' id='word_1_499' title='bbox 3453 2170 3530 2232; x_wconf 85' lang='lat' dir='ltr'>ad</span> <span class='ocrx_word' id='word_1_500' title='bbox 3545 2188 3757 2249; x_wconf 58' lang='lat' dir='ltr'>remigo</span> 
     </span>
     <span class='ocr_line' id='line_1_74' title="bbox 2259 2263 3759 2349; baseline -0.003 -22"><span class='ocrx_word' id='word_1_501' title='bbox 2259 2286 2384 2349; x_wconf 88' lang='lat' dir='ltr'>quo</span> <span class='ocrx_word' id='word_1_502' title='bbox 2409 2268 2610 2347; x_wconf 80' lang='lat' dir='ltr'>magis</span> <span class='ocrx_word' id='word_1_503' title='bbox 2641 2280 2734 2327; x_wconf 86' lang='lat' dir='ltr'>est</span> <span class='ocrx_word' id='word_1_504' title='bbox 2777 2283 3000 2340; x_wconf 78' lang='lat' dir='ltr'>unum,</span> <span class='ocrx_word' id='word_1_505' title='bbox 3035 2265 3240 2343; x_wconf 80' lang='lat' dir='ltr'>magis</span> <span class='ocrx_word' id='word_1_506' title='bbox 3264 2270 3429 2325; x_wconf 87' lang='lat' dir='ltr'>amat</span> <span class='ocrx_word' id='word_1_507' title='bbox 3445 2280 3466 2341; x_wconf 88' lang='lat'>;</span> <span class='ocrx_word' id='word_1_508' title='bbox 3493 2263 3656 2324; x_wconf 92' lang='lat' dir='ltr'>homo</span> <span class='ocrx_word' id='word_1_509' title='bbox 3677 2282 3759 2323; x_wconf 85' lang='lat' dir='ltr'>au·</span> 
     </span>
     <span class='ocr_line' id='line_1_75' title="bbox 2261 2356 3756 2438; baseline -0.004 -17"><span class='ocrx_word' id='word_1_510' title='bbox 2261 2368 2389 2421; x_wconf 91' lang='lat' dir='ltr'>tem</span> <span class='ocrx_word' id='word_1_511' title='bbox 2424 2360 2625 2438; x_wconf 85' lang='lat' dir='ltr'>magis</span> <span class='ocrx_word' id='word_1_512' title='bbox 2655 2360 2867 2421; x_wconf 87' lang='lat' dir='ltr'>unitus</span> <span class='ocrx_word' id='word_1_513' title='bbox 2911 2364 3006 2419; x_wconf 88' lang='lat' dir='ltr'>est</span> <span class='ocrx_word' id='word_1_514' title='bbox 3043 2357 3162 2417; x_wconf 88' lang='lat' dir='ltr'>sibi</span> <span class='ocrx_word' id='word_1_515' title='bbox 3179 2373 3204 2435; x_wconf 84' lang='lat'>3</span> <span class='ocrx_word' id='word_1_516' title='bbox 3237 2374 3410 2436; x_wconf 78' lang='lat' dir='ltr'>ergO,</span> <span class='ocrx_word' id='word_1_517' title='bbox 3440 2362 3548 2418; x_wconf 89' lang='lat' dir='ltr'>etc.</span> <span class='ocrx_word' id='word_1_518' title='bbox 3578 2356 3756 2417; x_wconf 79' lang='lat' dir='ltr'>Secun-</span> 
     </span>
     <span class='ocr_line' id='line_1_76' title="bbox 2263 2448 3758 2530; baseline -0.005 -14"><span class='ocrx_word' id='word_1_519' title='bbox 2263 2454 2369 2530; x_wconf 90' lang='lat' dir='ltr'>do,</span> <span class='ocrx_word' id='word_1_520' title='bbox 2401 2453 2646 2515; x_wconf 87' lang='lat' dir='ltr'>facilius</span> <span class='ocrx_word' id='word_1_521' title='bbox 2679 2471 2744 2514; x_wconf 87' lang='lat' dir='ltr'>se</span> <span class='ocrx_word' id='word_1_522' title='bbox 2763 2453 2952 2514; x_wconf 89' lang='lat' dir='ltr'>homo</span> <span class='ocrx_word' id='word_1_523' title='bbox 2979 2456 3150 2513; x_wconf 90' lang='lat' dir='ltr'>amat</span> <span class='ocrx_word' id='word_1_524' title='bbox 3191 2467 3376 2530; x_wconf 87' lang='lat' dir='ltr'>quam</span> <span class='ocrx_word' id='word_1_525' title='bbox 3403 2449 3602 2524; x_wconf 88' lang='lat' dir='ltr'>Deum,</span> <span class='ocrx_word' id='word_1_526' title='bbox 3635 2448 3758 2509; x_wconf 81' lang='lat' dir='ltr'>unde</span> 
     </span>
     <span class='ocr_line' id='line_1_77' title="bbox 2263 2541 3761 2625; baseline -0.005 -16"><span class='ocrx_word' id='word_1_527' title='bbox 2263 2566 2390 2609; x_wconf 88' lang='lat' dir='ltr'>non</span> <span class='ocrx_word' id='word_1_528' title='bbox 2437 2546 2680 2624; x_wconf 80' lang='lat' dir='ltr'>indiget</span> <span class='ocrx_word' id='word_1_529' title='bbox 2726 2562 2929 2625; x_wconf 87' lang='lat' dir='ltr'>neque</span> <span class='ocrx_word' id='word_1_530' title='bbox 2963 2543 3445 2617; x_wconf 85' lang='lat' dir='ltr'>consuetudine,</span> <span class='ocrx_word' id='word_1_531' title='bbox 3487 2558 3660 2620; x_wconf 87' lang='lat' dir='ltr'>neque</span> <span class='ocrx_word' id='word_1_532' title='bbox 3681 2541 3761 2601; x_wconf 85' lang='lat' dir='ltr'>ha·</span> 
     </span>
     <span class='ocr_line' id='line_1_78' title="bbox 2265 2633 3758 2717; baseline -0.006 -16"><span class='ocrx_word' id='word_1_533' title='bbox 2265 2640 2426 2701; x_wconf 86' lang='lat' dir='ltr'>bitu.</span> <span class='ocrx_word' id='word_1_534' title='bbox 2459 2640 2688 2713; x_wconf 87' lang='lat' dir='ltr'>Tertio,</span> <span class='ocrx_word' id='word_1_535' title='bbox 2720 2638 2918 2717; x_wconf 83' lang='lat' dir='ltr'>magis</span> <span class='ocrx_word' id='word_1_536' title='bbox 2945 2636 3234 2699; x_wconf 80' lang='lat' dir='ltr'>adhaeret</span> <span class='ocrx_word' id='word_1_537' title='bbox 3255 2636 3441 2697; x_wconf 90' lang='lat' dir='ltr'>homo</span> <span class='ocrx_word' id='word_1_538' title='bbox 3467 2634 3644 2695; x_wconf 89' lang='lat' dir='ltr'>amori</span> <span class='ocrx_word' id='word_1_539' title='bbox 3671 2633 3758 2707; x_wconf 87' lang='lat' dir='ltr'>sui,</span> 
     </span>
     <span class='ocr_line' id='line_1_79' title="bbox 2263 2730 3760 2813; baseline -0.005 -21"><span class='ocrx_word' id='word_1_540' title='bbox 2263 2751 2452 2813; x_wconf 90' lang='lat' dir='ltr'>quam</span> <span class='ocrx_word' id='word_1_541' title='bbox 2473 2733 2582 2793; x_wconf 89' lang='lat' dir='ltr'>Dei</span> <span class='ocrx_word' id='word_1_542' title='bbox 2596 2754 2617 2807; x_wconf 82' lang='lat'>3</span> <span class='ocrx_word' id='word_1_543' title='bbox 2648 2750 2795 2793; x_wconf 84' lang='lat' dir='ltr'>nam</span> <span class='ocrx_word' id='word_1_544' title='bbox 2824 2732 2874 2791; x_wconf 91' lang='lat' dir='ltr'>si</span> <span class='ocrx_word' id='word_1_545' title='bbox 2899 2736 3056 2791; x_wconf 86' lang='lat' dir='ltr'>esset</span> <span class='ocrx_word' id='word_1_546' title='bbox 3080 2747 3328 2791; x_wconf 87' lang='lat' dir='ltr'>necesse</span> <span class='ocrx_word' id='word_1_547' title='bbox 3356 2730 3540 2791; x_wconf 81' lang='lat' dir='ltr'>Deum</span> <span class='ocrx_word' id='word_1_548' title='bbox 3566 2739 3658 2787; x_wconf 88' lang='lat' dir='ltr'>aut</span> <span class='ocrx_word' id='word_1_549' title='bbox 3689 2744 3760 2787; x_wconf 84' lang='lat' dir='ltr'>me</span> 
     </span>
     <span class='ocr_line' id='line_1_80' title="bbox 2263 2823 3762 2903; baseline -0.007 -16"><span class='ocrx_word' id='word_1_550' title='bbox 2263 2826 2543 2887; x_wconf 86' lang='lat' dir='ltr'>desinere</span> <span class='ocrx_word' id='word_1_551' title='bbox 2593 2844 2758 2901; x_wconf 87' lang='lat' dir='ltr'>esse,</span> <span class='ocrx_word' id='word_1_552' title='bbox 2815 2824 3016 2903; x_wconf 89' lang='lat' dir='ltr'>potius</span> <span class='ocrx_word' id='word_1_553' title='bbox 3065 2823 3392 2903; x_wconf 74' lang='lat' dir='ltr'>diligerem</span> <span class='ocrx_word' id='word_1_554' title='bbox 3443 2838 3630 2882; x_wconf 87' lang='lat' dir='ltr'>meum</span> <span class='ocrx_word' id='word_1_555' title='bbox 3667 2836 3762 2879; x_wconf 84' lang='lat' dir='ltr'>esse</span> 
     </span>
     <span class='ocr_line' id='line_1_81' title="bbox 2263 2912 3759 3001; baseline -0.007 -20"><span class='ocrx_word' id='word_1_556' title='bbox 2263 2938 2449 3001; x_wconf 86' lang='lat' dir='ltr'>quam</span> <span class='ocrx_word' id='word_1_557' title='bbox 2475 2918 2578 2980; x_wconf 88' lang='lat' dir='ltr'>Dei</span> <span class='ocrx_word' id='word_1_558' title='bbox 2589 2964 2606 2995; x_wconf 94' lang='lat'>,</span> <span class='ocrx_word' id='word_1_559' title='bbox 2632 2918 2778 2997; x_wconf 90' lang='lat' dir='ltr'>quia</span> <span class='ocrx_word' id='word_1_560' title='bbox 2809 2920 2860 2978; x_wconf 90' lang='lat' dir='ltr'>si</span> <span class='ocrx_word' id='word_1_561' title='bbox 2883 2918 3026 2991; x_wconf 88' lang='lat' dir='ltr'>sim,</span> <span class='ocrx_word' id='word_1_562' title='bbox 3057 2915 3261 2978; x_wconf 87' lang='lat' dir='ltr'>habeo</span> <span class='ocrx_word' id='word_1_563' title='bbox 3292 2913 3532 2995; x_wconf 87' lang='lat' dir='ltr'>aliquod</span> <span class='ocrx_word' id='word_1_564' title='bbox 3556 2912 3759 2985; x_wconf 85' lang='lat' dir='ltr'>bonum,</span> 
     </span>
     <span class='ocr_line' id='line_1_82' title="bbox 2263 3006 3762 3092; baseline -0.008 -17"><span class='ocrx_word' id='word_1_565' title='bbox 2263 3012 2504 3075; x_wconf 87' lang='lat' dir='ltr'>etiamsi</span> <span class='ocrx_word' id='word_1_566' title='bbox 2547 3030 2658 3092; x_wconf 88' lang='lat' dir='ltr'>per</span> <span class='ocrx_word' id='word_1_567' title='bbox 2702 3012 2786 3070; x_wconf 90' lang='lat' dir='ltr'>im</span> <span class='ocrx_word' id='word_1_568' title='bbox 2795 3009 3082 3089; x_wconf 89' lang='lat' dir='ltr'>possibile</span> <span class='ocrx_word' id='word_1_569' title='bbox 3113 3009 3279 3069; x_wconf 88' lang='lat' dir='ltr'>Deus</span> <span class='ocrx_word' id='word_1_570' title='bbox 3308 3026 3431 3068; x_wconf 88' lang='lat' dir='ltr'>non</span> <span class='ocrx_word' id='word_1_571' title='bbox 3475 3010 3546 3068; x_wconf 92' lang='lat' dir='ltr'>sit</span> <span class='ocrx_word' id='word_1_572' title='bbox 3565 3023 3582 3083; x_wconf 81' lang='lat'><em>3</em></span> <span class='ocrx_word' id='word_1_573' title='bbox 3615 3006 3658 3065; x_wconf 88' lang='lat' dir='ltr'>si</span> <span class='ocrx_word' id='word_1_574' title='bbox 3681 3024 3762 3065; x_wconf 85' lang='lat' dir='ltr'>au-</span> 
     </span>
     <span class='ocr_line' id='line_1_83' title="bbox 2262 3096 3762 3182; baseline -0.008 -15"><span class='ocrx_word' id='word_1_575' title='bbox 2262 3112 2390 3167; x_wconf 89' lang='lat' dir='ltr'>tem</span> <span class='ocrx_word' id='word_1_576' title='bbox 2415 3122 2532 3182; x_wconf 83' lang='lat' dir='ltr'>ego</span> <span class='ocrx_word' id='word_1_577' title='bbox 2572 3121 2698 3163; x_wconf 90' lang='lat' dir='ltr'>non</span> <span class='ocrx_word' id='word_1_578' title='bbox 2727 3120 2894 3176; x_wconf 87' lang='lat' dir='ltr'>sum,</span> <span class='ocrx_word' id='word_1_579' title='bbox 2926 3102 3069 3163; x_wconf 89' lang='lat' dir='ltr'>licet</span> <span class='ocrx_word' id='word_1_580' title='bbox 3095 3102 3260 3161; x_wconf 89' lang='lat' dir='ltr'>Deus</span> <span class='ocrx_word' id='word_1_581' title='bbox 3299 3101 3411 3176; x_wconf 90' lang='lat' dir='ltr'>sit,</span> <span class='ocrx_word' id='word_1_582' title='bbox 3443 3097 3656 3161; x_wconf 88' lang='lat' dir='ltr'>nullum</span> <span class='ocrx_word' id='word_1_583' title='bbox 3685 3096 3762 3155; x_wconf 86' lang='lat' dir='ltr'>bo·</span> 
     </span>
     <span class='ocr_line' id='line_1_84' title="bbox 2261 3188 3763 3275; baseline -0.009 -15"><span class='ocrx_word' id='word_1_584' title='bbox 2261 3216 2418 3260; x_wconf 88' lang='lat' dir='ltr'>num</span> <span class='ocrx_word' id='word_1_585' title='bbox 2456 3194 2680 3273; x_wconf 90' lang='lat' dir='ltr'>habeo,</span> <span class='ocrx_word' id='word_1_586' title='bbox 2710 3197 2860 3275; x_wconf 90' lang='lat' dir='ltr'>quia</span> <span class='ocrx_word' id='word_1_587' title='bbox 2908 3195 3398 3255; x_wconf 82' lang='lat' dir='ltr'>fundamentum</span> <span class='ocrx_word' id='word_1_588' title='bbox 3442 3191 3614 3253; x_wconf 84' lang='lat' dir='ltr'>totius</span> <span class='ocrx_word' id='word_1_589' title='bbox 3651 3188 3763 3249; x_wconf 84' lang='lat' dir='ltr'>honi</span> 
     </span>
     <span class='ocr_line' id='line_1_85' title="bbox 2263 3291 2759 3371; baseline 0 -18"><span class='ocrx_word' id='word_1_590' title='bbox 2263 3297 2355 3353; x_wconf 89' lang='lat' dir='ltr'>est</span> <span class='ocrx_word' id='word_1_591' title='bbox 2379 3291 2583 3371; x_wconf 89' lang='lat' dir='ltr'>ipsum</span> <span class='ocrx_word' id='word_1_592' title='bbox 2603 3306 2759 3353; x_wconf 87' lang='lat' dir='ltr'>esse.</span> 
     </span>
    </p>

    <p class='ocr_par' dir='ltr' id='par_1_10' title="bbox 2259 3377 3764 5403">
     <span class='ocr_line' id='line_1_86' title="bbox 2342 3377 3762 3461; baseline -0.007 -16"><span class='ocrx_word' id='word_1_593' title='bbox 2342 3386 2402 3445; x_wconf 88' lang='grc'>3.</span> <span class='ocrx_word' id='word_1_594' title='bbox 2430 3384 2652 3447; x_wconf 74' lang='lat' dir='ltr'>Prima</span> <span class='ocrx_word' id='word_1_595' title='bbox 2685 3380 3008 3457; x_wconf 80' lang='lat' dir='ltr'>conclusio,</span> <span class='ocrx_word' id='word_1_596' title='bbox 3037 3398 3152 3461; x_wconf 77' lang='lat' dir='ltr'>pro</span> <span class='ocrx_word' id='word_1_597' title='bbox 3197 3398 3318 3461; x_wconf 77' lang='lat' dir='ltr'>qua</span> <span class='ocrx_word' id='word_1_598' title='bbox 3353 3379 3478 3443; x_wconf 77' lang='lat' dir='ltr'>tide</span> <span class='ocrx_word' id='word_1_599' title='bbox 3502 3377 3564 3439; x_wconf 78' lang='lat' dir='ltr'>in</span> <span class='ocrx_word' id='word_1_600' title='bbox 3593 3377 3762 3448; x_wconf 82' lang='lat' dir='ltr'>simili,</span> 
     </span>
     <span class='ocr_line' id='line_1_87' title="bbox 2261 3470 3764 3556; baseline -0.01 -15"><span class='ocrx_word' id='word_1_601' title='bbox 2261 3478 2366 3541; x_wconf 76' lang='lat' dir='ltr'>lib.</span> <span class='ocrx_word' id='word_1_602' title='bbox 2397 3482 2420 3539; x_wconf 83' lang='lat'><strong>1</strong></span> <span class='ocrx_word' id='word_1_603' title='bbox 2455 3478 2523 3541; x_wconf 73' lang='lat' dir='ltr'>dc</span> <span class='ocrx_word' id='word_1_604' title='bbox 2545 3474 2826 3556; x_wconf 67' lang='lat' dir='ltr'>Amyclis,</span> <span class='ocrx_word' id='word_1_605' title='bbox 2857 3493 2910 3536; x_wconf 89' lang='lat' dir='ltr'>c.</span> <span class='ocrx_word' id='word_1_606' title='bbox 2941 3476 3003 3549; x_wconf 80' lang='lat'>5,</span> <span class='ocrx_word' id='word_1_607' title='bbox 3035 3492 3098 3535; x_wconf 78' lang='lat' dir='ltr'>n.</span> <span class='ocrx_word' id='word_1_608' title='bbox 3131 3474 3194 3535; x_wconf 89' lang='grc'>3.</span> <span class='ocrx_word' id='word_1_609' title='bbox 3217 3474 3456 3535; x_wconf 89' lang='lat' dir='ltr'>—Dico</span> <span class='ocrx_word' id='word_1_610' title='bbox 3483 3478 3664 3533; x_wconf 87' lang='lat' dir='ltr'>tamen</span> <span class='ocrx_word' id='word_1_611' title='bbox 3687 3470 3764 3527; x_wconf 87' lang='lat' dir='ltr'>iu·</span> 
     </span>
     <span class='ocr_line' id='line_1_88' title="bbox 2263 3566 3764 3647; baseline -0.008 -15"><span class='ocrx_word' id='word_1_612' title='bbox 2263 3572 2656 3633; x_wconf 88' lang='lat' dir='ltr'>clinationem</span> <span class='ocrx_word' id='word_1_613' title='bbox 2721 3566 3040 3631; x_wconf 88' lang='lat' dir='ltr'>charitatis</span> <span class='ocrx_word' id='word_1_614' title='bbox 3096 3586 3231 3629; x_wconf 86' lang='lat' dir='ltr'>esse</span> <span class='ocrx_word' id='word_1_615' title='bbox 3294 3584 3476 3647; x_wconf 89' lang='lat' dir='ltr'>supra</span> <span class='ocrx_word' id='word_1_616' title='bbox 3529 3572 3764 3625; x_wconf 87' lang='lat' dir='ltr'>naturam</span> 
     </span>
     <span class='ocr_line' id='line_1_89' title="bbox 2262 3656 3763 3737; baseline -0.008 -11"><span class='ocrx_word' id='word_1_617' title='bbox 2262 3672 2486 3727; x_wconf 82' lang='lat' dir='ltr'>nostrae</span> <span class='ocrx_word' id='word_1_618' title='bbox 2515 3662 2870 3737; x_wconf 75' lang='lat' dir='ltr'>voluntatiS,</span> <span class='ocrx_word' id='word_1_619' title='bbox 2904 3660 3078 3722; x_wconf 89' lang='lat' dir='ltr'>nullo</span> <span class='ocrx_word' id='word_1_620' title='bbox 3121 3668 3338 3721; x_wconf 86' lang='lat' dir='ltr'>tamen</span> <span class='ocrx_word' id='word_1_621' title='bbox 3384 3658 3554 3719; x_wconf 92' lang='lat' dir='ltr'>modo</span> <span class='ocrx_word' id='word_1_622' title='bbox 3598 3656 3763 3716; x_wconf 86' lang='lat' dir='ltr'>illire-</span> 
     </span>
     <span class='ocr_line' id='line_1_90' title="bbox 2263 3754 3762 3840; baseline -0.009 -20"><span class='ocrx_word' id='word_1_623' title='bbox 2263 3775 2565 3840; x_wconf 82' lang='lat' dir='ltr'>pugnare,</span> <span class='ocrx_word' id='word_1_624' title='bbox 2591 3763 2776 3836; x_wconf 88' lang='lat' dir='ltr'>atque</span> <span class='ocrx_word' id='word_1_625' title='bbox 2802 3756 2956 3817; x_wconf 88' lang='lat' dir='ltr'>adeo</span> <span class='ocrx_word' id='word_1_626' title='bbox 2983 3754 3370 3816; x_wconf 83' lang='lat' dir='ltr'>voluntatem</span> <span class='ocrx_word' id='word_1_627' title='bbox 3395 3758 3642 3813; x_wconf 85' lang='lat' dir='ltr'>nostram</span> <span class='ocrx_word' id='word_1_628' title='bbox 3667 3767 3762 3808; x_wconf 86' lang='lat' dir='ltr'>ma-</span> 
     </span>
     <span class='ocr_line' id='line_1_91' title="bbox 2263 3840 3764 3933; baseline -0.01 -19"><span class='ocrx_word' id='word_1_629' title='bbox 2263 3854 2358 3933; x_wconf 71' lang='lat' dir='ltr'>gis</span> <span class='ocrx_word' id='word_1_630' title='bbox 2386 3852 2685 3913; x_wconf 87' lang='lat' dir='ltr'>inclinare</span> <span class='ocrx_word' id='word_1_631' title='bbox 2725 3850 2803 3910; x_wconf 91' lang='lat' dir='ltr'>ad</span> <span class='ocrx_word' id='word_1_632' title='bbox 2851 3848 3251 3911; x_wconf 86' lang='lat' dir='ltr'>dilectionem</span> <span class='ocrx_word' id='word_1_633' title='bbox 3301 3848 3446 3921; x_wconf 90' lang='lat' dir='ltr'>Dei,</span> <span class='ocrx_word' id='word_1_634' title='bbox 3493 3861 3657 3924; x_wconf 88' lang='lat' dir='ltr'>quam</span> <span class='ocrx_word' id='word_1_635' title='bbox 3693 3840 3764 3901; x_wconf 89' lang='lat' dir='ltr'>sui</span> 
     </span>
     <span class='ocr_line' id='line_1_92' title="bbox 2265 3938 3760 4027; baseline -0.01 -19"><span class='ocrx_word' id='word_1_636' title='bbox 2265 3946 2479 4027; x_wconf 86' lang='lat' dir='ltr'>ipsius.</span> <span class='ocrx_word' id='word_1_637' title='bbox 2513 3946 2604 4006; x_wconf 90' lang='lat' dir='ltr'>Ita</span> <span class='ocrx_word' id='word_1_638' title='bbox 2629 3946 2697 4005; x_wconf 92' lang='lat' dir='ltr'>D.</span> <span class='ocrx_word' id='word_1_639' title='bbox 2726 3942 3017 4017; x_wconf 89' lang='lat' dir='ltr'>Thomas,</span> <span class='ocrx_word' id='word_1_640' title='bbox 3043 3943 3106 4002; x_wconf 75' lang='lat'>2.</span> <span class='ocrx_word' id='word_1_641' title='bbox 3136 3943 3203 4017; x_wconf 73' lang='lat'>2,</span> <span class='ocrx_word' id='word_1_642' title='bbox 3231 3947 3449 4021; x_wconf 82' lang='lat' dir='ltr'>quaest.</span> <span class='ocrx_word' id='word_1_643' title='bbox 3485 3940 3574 4014; x_wconf 71' lang='lat'>26,</span> <span class='ocrx_word' id='word_1_644' title='bbox 3595 3942 3690 3997; x_wconf 82' lang='lat' dir='ltr'>art.</span> <span class='ocrx_word' id='word_1_645' title='bbox 3717 3938 3760 4007; x_wconf 85' lang='lat'>3,</span> 
     </span>
     <span class='ocr_line' id='line_1_93' title="bbox 2263 4032 3762 4118; baseline -0.011 -17"><span class='ocrx_word' id='word_1_646' title='bbox 2263 4045 2326 4101; x_wconf 88' lang='lat' dir='ltr'>et</span> <span class='ocrx_word' id='word_1_647' title='bbox 2367 4038 2500 4118; x_wconf 89' lang='lat' dir='ltr'>ejus</span> <span class='ocrx_word' id='word_1_648' title='bbox 2537 4036 2769 4098; x_wconf 83' lang='lat' dir='ltr'>schola.</span> <span class='ocrx_word' id='word_1_649' title='bbox 2805 4036 2985 4097; x_wconf 87' lang='lat' dir='ltr'>Ratio</span> <span class='ocrx_word' id='word_1_650' title='bbox 3018 4041 3109 4095; x_wconf 90' lang='lat' dir='ltr'>est</span> <span class='ocrx_word' id='word_1_651' title='bbox 3147 4034 3379 4115; x_wconf 87' lang='lat' dir='ltr'>primo,</span> <span class='ocrx_word' id='word_1_652' title='bbox 3424 4032 3560 4113; x_wconf 89' lang='lat' dir='ltr'>quia</span> <span class='ocrx_word' id='word_1_653' title='bbox 3586 4044 3762 4109; x_wconf 63' lang='lat' dir='ltr'>praece-</span> 
     </span>
     <span class='ocr_line' id='line_1_94' title="bbox 2265 4126 3762 4213; baseline -0.009 -21"><span class='ocrx_word' id='word_1_654' title='bbox 2265 4137 2442 4213; x_wconf 88' lang='lat' dir='ltr'>ptum</span> <span class='ocrx_word' id='word_1_655' title='bbox 2471 4130 2547 4191; x_wconf 89' lang='lat' dir='ltr'>de</span> <span class='ocrx_word' id='word_1_656' title='bbox 2575 4128 2890 4209; x_wconf 83' lang='lat' dir='ltr'>diligendo</span> <span class='ocrx_word' id='word_1_657' title='bbox 2913 4128 3038 4189; x_wconf 89' lang='lat' dir='ltr'>Deo</span> <span class='ocrx_word' id='word_1_658' title='bbox 3061 4146 3252 4208; x_wconf 87' lang='lat' dir='ltr'>super</span> <span class='ocrx_word' id='word_1_659' title='bbox 3280 4126 3488 4187; x_wconf 87' lang='lat' dir='ltr'>omnia</span> <span class='ocrx_word' id='word_1_660' title='bbox 3526 4128 3606 4184; x_wconf 89' lang='lat' dir='ltr'>est</span> <span class='ocrx_word' id='word_1_661' title='bbox 3625 4128 3762 4181; x_wconf 86' lang='lat' dir='ltr'>natu·</span> 
     </span>
     <span class='ocr_line' id='line_1_95' title="bbox 2265 4212 3762 4303; baseline -0.013 -14"><span class='ocrx_word' id='word_1_662' title='bbox 2265 4226 2418 4297; x_wconf 86' lang='lat' dir='ltr'>rale,</span> <span class='ocrx_word' id='word_1_663' title='bbox 2457 4230 2528 4285; x_wconf 88' lang='lat' dir='ltr'>ut</span> <span class='ocrx_word' id='word_1_664' title='bbox 2571 4224 2728 4303; x_wconf 85' lang='lat' dir='ltr'>disp.</span> <span class='ocrx_word' id='word_1_665' title='bbox 2763 4224 2837 4297; x_wconf 76' lang='lat'>5,</span> <span class='ocrx_word' id='word_1_666' title='bbox 2868 4227 3017 4282; x_wconf 90' lang='lat' dir='ltr'>sect.</span> <span class='ocrx_word' id='word_1_667' title='bbox 3069 4222 3126 4297; x_wconf 85' lang='grc'>1,</span> <span class='ocrx_word' id='word_1_668' title='bbox 3159 4219 3513 4292; x_wconf 83' lang='lat' dir='ltr'>ostendam3</span> <span class='ocrx_word' id='word_1_669' title='bbox 3540 4232 3665 4293; x_wconf 87' lang='lat' dir='ltr'>ergo</span> <span class='ocrx_word' id='word_1_670' title='bbox 3693 4212 3762 4271; x_wconf 79' lang='lat' dir='ltr'>cst</span> 
     </span>
     <span class='ocr_line' id='line_1_96' title="bbox 2267 4311 3762 4389; baseline -0.01 -9"><span class='ocrx_word' id='word_1_671' title='bbox 2267 4318 2581 4381; x_wconf 82' lang='lat' dir='ltr'>conforme</span> <span class='ocrx_word' id='word_1_672' title='bbox 2616 4314 3009 4377; x_wconf 86' lang='lat' dir='ltr'>inclinationi</span> <span class='ocrx_word' id='word_1_673' title='bbox 3047 4312 3348 4389; x_wconf 87' lang='lat' dir='ltr'>naturali,</span> <span class='ocrx_word' id='word_1_674' title='bbox 3374 4311 3574 4373; x_wconf 85' lang='lat' dir='ltr'>saltem</span> <span class='ocrx_word' id='word_1_675' title='bbox 3599 4323 3762 4387; x_wconf 86' lang='lat' dir='ltr'>supre-</span> 
     </span>
     <span class='ocr_line' id='line_1_97' title="bbox 2265 4402 3760 4486; baseline -0.011 -13"><span class='ocrx_word' id='word_1_676' title='bbox 2265 4430 2510 4486; x_wconf 81' lang='lat' dir='ltr'>mae‚ex</span> <span class='ocrx_word' id='word_1_677' title='bbox 2537 4410 2610 4471; x_wconf 91' lang='lat' dir='ltr'>D.</span> <span class='ocrx_word' id='word_1_678' title='bbox 2639 4407 2893 4477; x_wconf 86' lang='lat' dir='ltr'>Thoma‚</span> <span class='ocrx_word' id='word_1_679' title='bbox 2925 4410 2981 4469; x_wconf 81' lang='lat' dir='ltr'>l.</span> <span class='ocrx_word' id='word_1_680' title='bbox 3011 4408 3074 4481; x_wconf 59' lang='grc' dir='ltr'>ἢ,</span> <span class='ocrx_word' id='word_1_681' title='bbox 3097 4413 3318 4486; x_wconf 82' lang='lat' dir='ltr'>quaest.</span> <span class='ocrx_word' id='word_1_682' title='bbox 3351 4407 3450 4481; x_wconf 69' lang='lat'>94,</span> <span class='ocrx_word' id='word_1_683' title='bbox 3480 4402 3577 4463; x_wconf 90' lang='lat' dir='ltr'>ubi</span> <span class='ocrx_word' id='word_1_684' title='bbox 3604 4406 3760 4461; x_wconf 88' lang='lat' dir='ltr'>osten-</span> 
     </span>
     <span class='ocr_line' id='line_1_98' title="bbox 2265 4491 3762 4584; baseline -0.01 -21"><span class='ocrx_word' id='word_1_685' title='bbox 2265 4502 2358 4564; x_wconf 92' lang='lat' dir='ltr'>dit</span> <span class='ocrx_word' id='word_1_686' title='bbox 2383 4503 2584 4584; x_wconf 81' lang='lat' dir='ltr'>legem</span> <span class='ocrx_word' id='word_1_687' title='bbox 2613 4507 2850 4562; x_wconf 85' lang='lat' dir='ltr'>naturae</span> <span class='ocrx_word' id='word_1_688' title='bbox 2879 4518 3006 4561; x_wconf 86' lang='lat' dir='ltr'>esse</span> <span class='ocrx_word' id='word_1_689' title='bbox 3033 4504 3509 4559; x_wconf 86' lang='lat' dir='ltr'>consentaneam</span> <span class='ocrx_word' id='word_1_690' title='bbox 3553 4491 3762 4554; x_wconf 85' lang='lat' dir='ltr'>inclina·</span> 
     </span>
     <span class='ocr_line' id='line_1_99' title="bbox 2267 4582 3760 4667; baseline -0.012 -9"><span class='ocrx_word' id='word_1_691' title='bbox 2267 4595 2423 4657; x_wconf 89' lang='lat' dir='ltr'>tioni</span> <span class='ocrx_word' id='word_1_692' title='bbox 2451 4592 2755 4667; x_wconf 86' lang='lat' dir='ltr'>naturali;</span> <span class='ocrx_word' id='word_1_693' title='bbox 2782 4610 2932 4653; x_wconf 89' lang='lat' dir='ltr'>nam</span> <span class='ocrx_word' id='word_1_694' title='bbox 2971 4591 3262 4653; x_wconf 87' lang='lat' dir='ltr'>voluntas</span> <span class='ocrx_word' id='word_1_695' title='bbox 3313 4588 3650 4652; x_wconf 86' lang='lat' dir='ltr'>naturaliter</span> <span class='ocrx_word' id='word_1_696' title='bbox 3688 4582 3760 4641; x_wconf 89' lang='lat' dir='ltr'>iu·</span> 
     </span>
     <span class='ocr_line' id='line_1_100' title="bbox 2267 4676 3760 4767; baseline -0.011 -16"><span class='ocrx_word' id='word_1_697' title='bbox 2267 4689 2457 4751; x_wconf 90' lang='lat' dir='ltr'>clinat</span> <span class='ocrx_word' id='word_1_698' title='bbox 2477 4689 2556 4750; x_wconf 90' lang='lat' dir='ltr'>ad</span> <span class='ocrx_word' id='word_1_699' title='bbox 2583 4690 2673 4764; x_wconf 92' lang='lat' dir='ltr'>id,</span> <span class='ocrx_word' id='word_1_700' title='bbox 2698 4686 2863 4767; x_wconf 90' lang='lat' dir='ltr'>quod</span> <span class='ocrx_word' id='word_1_701' title='bbox 2892 4685 3194 4747; x_wconf 86' lang='lat' dir='ltr'>naturalis</span> <span class='ocrx_word' id='word_1_702' title='bbox 3221 4684 3382 4745; x_wconf 86' lang='lat' dir='ltr'>ratio</span> <span class='ocrx_word' id='word_1_703' title='bbox 3421 4682 3626 4753; x_wconf 80' lang='lat' dir='ltr'>dictat3</span> <span class='ocrx_word' id='word_1_704' title='bbox 3661 4676 3760 4735; x_wconf 84' lang='lat' dir='ltr'>haec</span> 
     </span>
     <span class='ocr_line' id='line_1_101' title="bbox 2267 4770 3759 4857; baseline -0.011 -14"><span class='ocrx_word' id='word_1_705' title='bbox 2267 4801 2413 4843; x_wconf 88' lang='lat' dir='ltr'>vero</span> <span class='ocrx_word' id='word_1_706' title='bbox 2439 4782 2630 4842; x_wconf 88' lang='lat' dir='ltr'>dictat</span> <span class='ocrx_word' id='word_1_707' title='bbox 2667 4782 2862 4841; x_wconf 91' lang='lat' dir='ltr'>Deum</span> <span class='ocrx_word' id='word_1_708' title='bbox 2908 4796 3041 4840; x_wconf 89' lang='lat' dir='ltr'>esse</span> <span class='ocrx_word' id='word_1_709' title='bbox 3079 4795 3268 4857; x_wconf 88' lang='lat' dir='ltr'>super</span> <span class='ocrx_word' id='word_1_710' title='bbox 3319 4774 3520 4837; x_wconf 91' lang='lat' dir='ltr'>omnia</span> <span class='ocrx_word' id='word_1_711' title='bbox 3547 4770 3759 4846; x_wconf 83' lang='lat' dir='ltr'>diligen-</span> 
     </span>
     <span class='ocr_line' id='line_1_102' title="bbox 2267 4864 3759 4937; baseline -0.01 0"><span class='ocrx_word' id='word_1_712' title='bbox 2267 4876 2438 4937; x_wconf 89' lang='lat' dir='ltr'>dum.</span> <span class='ocrx_word' id='word_1_713' title='bbox 2480 4875 2756 4937; x_wconf 90' lang='lat' dir='ltr'>Tandem</span> <span class='ocrx_word' id='word_1_714' title='bbox 2787 4872 3070 4934; x_wconf 83' lang='lat' dir='ltr'>voluntas</span> <span class='ocrx_word' id='word_1_715' title='bbox 3100 4870 3360 4931; x_wconf 88' lang='lat' dir='ltr'>inclinat</span> <span class='ocrx_word' id='word_1_716' title='bbox 3399 4866 3474 4930; x_wconf 88' lang='lat' dir='ltr'>ad</span> <span class='ocrx_word' id='word_1_717' title='bbox 3511 4866 3672 4926; x_wconf 89' lang='lat' dir='ltr'>Deum</span> <span class='ocrx_word' id='word_1_718' title='bbox 3709 4864 3759 4918; x_wconf 77' lang='lat' dir='ltr'>ut</span> 
     </span>
     <span class='ocr_line' id='line_1_103' title="bbox 2269 4962 3758 5043; baseline -0.011 -14"><span class='ocrx_word' id='word_1_719' title='bbox 2269 4968 2348 5031; x_wconf 85' lang='lat' dir='ltr'>ad</span> <span class='ocrx_word' id='word_1_720' title='bbox 2388 4968 2578 5030; x_wconf 86' lang='lat' dir='ltr'>finem</span> <span class='ocrx_word' id='word_1_721' title='bbox 2609 4966 2923 5041; x_wconf 90' lang='lat' dir='ltr'>ultimum,</span> <span class='ocrx_word' id='word_1_722' title='bbox 2964 4969 3026 5025; x_wconf 90' lang='lat' dir='ltr'>et</span> <span class='ocrx_word' id='word_1_723' title='bbox 3053 4982 3179 5023; x_wconf 91' lang='lat' dir='ltr'>non</span> <span class='ocrx_word' id='word_1_724' title='bbox 3227 4962 3457 5043; x_wconf 88' lang='lat' dir='ltr'>aliquid</span> <span class='ocrx_word' id='word_1_725' title='bbox 3503 4962 3758 5022; x_wconf 67' lang='lat' dir='ltr'>creatum</span> 
     </span>
     <span class='ocr_line' id='line_1_104' title="bbox 2269 5047 3761 5141; baseline -0.013 -18"><span class='ocrx_word' id='word_1_726' title='bbox 2269 5080 2416 5141; x_wconf 82' lang='lat' dir='ltr'>ergo</span> <span class='ocrx_word' id='word_1_727' title='bbox 2445 5062 2642 5140; x_wconf 80' lang='lat' dir='ltr'>magis</span> <span class='ocrx_word' id='word_1_728' title='bbox 2669 5060 2748 5119; x_wconf 90' lang='lat' dir='ltr'>ad</span> <span class='ocrx_word' id='word_1_729' title='bbox 2775 5060 2994 5133; x_wconf 91' lang='lat' dir='ltr'>Deum,</span> <span class='ocrx_word' id='word_1_730' title='bbox 3025 5075 3214 5135; x_wconf 88' lang='lat' dir='ltr'>quam</span> <span class='ocrx_word' id='word_1_731' title='bbox 3239 5055 3320 5117; x_wconf 85' lang='lat' dir='ltr'>ad</span> <span class='ocrx_word' id='word_1_732' title='bbox 3359 5059 3580 5117; x_wconf 83' lang='lat' dir='ltr'>caetera.</span> <span class='ocrx_word' id='word_1_733' title='bbox 3607 5047 3761 5107; x_wconf 79' lang='lat' dir='ltr'>Ante-</span> 
     </span>
     <span class='ocr_line' id='line_1_105' title="bbox 2267 5134 3762 5230; baseline -0.016 -13"><span class='ocrx_word' id='word_1_734' title='bbox 2267 5156 2494 5217; x_wconf 84' lang='lat' dir='ltr'>cedens</span> <span class='ocrx_word' id='word_1_735' title='bbox 2521 5158 2779 5224; x_wconf 88' lang='lat' dir='ltr'>constat,</span> <span class='ocrx_word' id='word_1_736' title='bbox 2812 5152 2960 5230; x_wconf 88' lang='lat' dir='ltr'>quia</span> <span class='ocrx_word' id='word_1_737' title='bbox 2983 5150 3184 5211; x_wconf 88' lang='lat' dir='ltr'>solum</span> <span class='ocrx_word' id='word_1_738' title='bbox 3213 5150 3370 5209; x_wconf 91' lang='lat' dir='ltr'>Deus</span> <span class='ocrx_word' id='word_1_739' title='bbox 3398 5153 3485 5206; x_wconf 86' lang='lat' dir='ltr'>est</span> <span class='ocrx_word' id='word_1_740' title='bbox 3513 5160 3670 5203; x_wconf 81' lang='lat' dir='ltr'>verus</span> <span class='ocrx_word' id='word_1_741' title='bbox 3691 5134 3762 5195; x_wconf 90' lang='lat' dir='ltr'>ul·</span> 
     </span>
     <span class='ocr_line' id='line_1_106' title="bbox 2267 5232 3760 5318; baseline -0.012 -10"><span class='ocrx_word' id='word_1_742' title='bbox 2267 5248 2458 5308; x_wconf 87' lang='lat' dir='ltr'>timus</span> <span class='ocrx_word' id='word_1_743' title='bbox 2486 5246 2628 5307; x_wconf 84' lang='lat' dir='ltr'>finis</span> <span class='ocrx_word' id='word_1_744' title='bbox 2653 5244 3007 5318; x_wconf 78' lang='lat' dir='ltr'>voluntatiS,</span> <span class='ocrx_word' id='word_1_745' title='bbox 3028 5249 3100 5302; x_wconf 89' lang='lat' dir='ltr'>ut</span> <span class='ocrx_word' id='word_1_746' title='bbox 3124 5242 3276 5302; x_wconf 87' lang='lat' dir='ltr'>alias</span> <span class='ocrx_word' id='word_1_747' title='bbox 3304 5246 3596 5300; x_wconf 88' lang='lat' dir='ltr'>ostensum</span> <span class='ocrx_word' id='word_1_748' title='bbox 3619 5238 3694 5293; x_wconf 70' lang='lat' dir='ltr'>aet</span> <span class='ocrx_word' id='word_1_749' title='bbox 3713 5232 3760 5301; x_wconf 79' lang='lat'>¹3</span> 
     </span>
     <span class='ocr_line' id='line_1_107' title="bbox 2259 5323 3752 5403; baseline -0.014 0"><span class='ocrx_word' id='word_1_750' title='bbox 2259 5340 2555 5403; x_wconf 87' lang='lat' dir='ltr'>naturalis</span> <span class='ocrx_word' id='word_1_751' title='bbox 2578 5344 2789 5400; x_wconf 86' lang='lat' dir='ltr'>autem</span> <span class='ocrx_word' id='word_1_752' title='bbox 2815 5336 3138 5397; x_wconf 85' lang='lat' dir='ltr'>inclinatio</span> <span class='ocrx_word' id='word_1_753' title='bbox 3169 5340 3260 5396; x_wconf 86' lang='lat' dir='ltr'>est</span> <span class='ocrx_word' id='word_1_754' title='bbox 3297 5333 3374 5394; x_wconf 88' lang='lat' dir='ltr'>ad</span> <span class='ocrx_word' id='word_1_755' title='bbox 3415 5346 3612 5392; x_wconf 89' lang='lat' dir='ltr'>verum</span> <span class='ocrx_word' id='word_1_756' title='bbox 3638 5323 3752 5384; x_wconf 85' lang='lat' dir='ltr'>ulti-</span> 
     </span>
    </p>
   </div>
   <div class='ocr_carea' id='block_1_8' title="bbox 2345 5510 3614 5591">
    <p class='ocr_par' dir='ltr' id='par_1_11' title="bbox 2345 5510 3614 5591">
     <span class='ocr_line' id='line_1_108' title="bbox 2345 5510 3614 5591; baseline -0.013 -6"><span class='ocrx_word' id='word_1_757' title='bbox 2345 5528 2361 5563; x_wconf 87' lang='lat'><strong>¹</strong></span> <span class='ocrx_word' id='word_1_758' title='bbox 2411 5525 2481 5585; x_wconf 88' lang='lat' dir='ltr'>ln</span> <span class='ocrx_word' id='word_1_759' title='bbox 2505 5528 2774 5584; x_wconf 85' lang='lat' dir='ltr'>tractatu</span> <span class='ocrx_word' id='word_1_760' title='bbox 2798 5520 2875 5582; x_wconf 93' lang='lat' dir='ltr'>de</span> <span class='ocrx_word' id='word_1_761' title='bbox 2897 5520 3049 5581; x_wconf 85' lang='lat' dir='ltr'>Fine</span> <span class='ocrx_word' id='word_1_762' title='bbox 3071 5516 3362 5591; x_wconf 85' lang='lat' dir='ltr'>hominis,</span> <span class='ocrx_word' id='word_1_763' title='bbox 3393 5512 3541 5591; x_wconf 87' lang='lat' dir='ltr'>disp.</span> <span class='ocrx_word' id='word_1_764' title='bbox 3562 5510 3614 5569; x_wconf 88' lang='grc'>3.</span> 
     </span>
    </p>
   </div>
  </div>
 </body>
</html>
