3900 6217
557 466 693 541 buS,
729 483 806 525 ne
831 462 1177 525 sacrificent
1203 461 1471 524 infantes
1497 462 1624 523 Diis
1657 461 1803 539 suis,
1833 462 1980 542 quia
2007 462 2124 525 hoc

555 561 730 640 juxta
761 557 1040 619 ordinem
1064 556 1376 617 charitatis
1403 556 1568 630 licet,
1599 557 1727 616 imo
1747 562 2124 635 praeceptum

557 659 668 728 est,
702 652 753 711 si
802 648 1120 712 commode
1169 648 1297 709 fieri
1351 650 1561 729 possit.
1617 646 1790 709 Addo
1842 650 2028 709 etiam
2058 648 2123 708 id

557 746 694 807 fieri
740 763 911 825 posse
941 762 1065 803 non
1099 740 1300 802 solum
1349 741 1427 802 ad
1456 742 1804 803 liberandos
1831 740 2119 817 infantes„

555 838 659 897 sed
690 839 876 897 etiam
905 834 1166 909 adultos.
1198 835 1437 895 etiamsi
1486 835 1604 913 ipsi
1651 836 2036 896 consentiant
2062 840 2125 895 et

555 931 746 991 velint
791 929 1117 990 sacrificari
1173 928 1376 1003 idolis,
1407 928 1554 1007 quia
1595 929 1660 989 in
1717 928 1835 988 hoc
1888 928 2125 1007 lejores

556 1042 741 1105 quam
768 1030 1045 1084 amentes
1083 1029 1248 1095 snut,
1300 1028 1362 1083 et
1388 1023 1533 1102 quia
1563 1041 1687 1083 nou
1713 1028 1857 1082 sunt
1885 1021 2124 1083 domini

557 1118 817 1197 propriae
843 1117 1011 1191 vitae,
1049 1120 1299 1195 propter
1325 1116 1486 1195 quod
1526 1115 1785 1195 quilibet
1818 1121 2016 1196 potest
2043 1114 2122 1175 ab

557 1210 677 1271 alio
733 1210 871 1289 cog-i
919 1228 996 1270 ne
1045 1226 1107 1269 se
1135 1208 1387 1270 occidat.
1442 1208 1865 1269 Limitandum
1910 1214 2122 1270 autem

555 1304 672 1365 hoc
695 1310 808 1381 est,
847 1304 1095 1383 quando
1123 1302 1263 1363 talis
1289 1302 1510 1363 occisio
1545 1308 1636 1363 est
1675 1302 1905 1380 injusta
1921 1318 1942 1381 3
1973 1320 2124 1363 nam

557 1398 608 1457 si
664 1398 940 1458 infideles
987 1396 1291 1457 haberent
1333 1394 1839 1456 consuetudinem
1889 1395 2123 1457 sacrifi-

557 1492 737 1552 candi
762 1490 939 1552 idolis
966 1489 1122 1551 solos
1147 1487 1568 1549 malefactores
1598 1488 1762 1567 juste
1801 1488 2124 1550 damnatos

557 1586 632 1646 ad
679 1590 966 1659 mortem,
997 1602 1124 1645 non
1165 1598 1405 1663 possent
1429 1581 1534 1643 illo
1574 1582 1704 1643 solo
1741 1582 1921 1643 titulo
1950 1600 2123 1642 com-

556 1678 734 1758 pelli3
757 1678 904 1757 quia
933 1678 997 1737 in
1019 1695 1090 1737 eo
1115 1695 1242 1737 non
1272 1682 1485 1738 contra
1499 1674 1829 1754 justitiam,
1856 1675 1963 1735 scd
1984 1682 2127 1736 tan-

555 1780 688 1831 tum
720 1777 934 1831 contra
981 1769 1346 1847 religionem
1377 1774 1660 1849 peccant,
1710 1773 1772 1829 et
1799 1768 1887 1829 ita
1934 1773 2129 1829 cessat

558 1864 832 1925 defensio
874 1864 1242 1924 innocentis.

637 1958 697 2019 5.
742 1954 844 2019 Ad
885 1957 1204 2019 secundam
1260 1953 1995 2033 confirmationem—Ad
2037 1972 2131 2015 se·

557 2050 824 2111 cundam
852 2047 1380 2110 confirmationem
1403 2049 1832 2129 respondetur,
1847 2066 1975 2108 non
1996 2047 2131 2109 lau-

557 2144 692 2206 dari
721 2144 950 2205 factum
980 2142 1400 2204 Romanorum
1437 2150 1734 2225 tanquam
1764 2142 2131 2223 simpliciter

556 2237 908 2312 honestum,
946 2236 1050 2297 sed
1076 2246 1370 2315 tanquam
1402 2236 1610 2297 minus
1640 2234 1896 2310 malum,
1932 2241 1995 2295 et
2014 2234 2130 2294 ha-

555 2330 708 2391 beus
733 2330 1002 2409 aliquam
1034 2330 1292 2409 speciem
1331 2328 1668 2390 honestatis
1699 2348 1776 2389 ex
1818 2326 2129 2389 materiali

558 2422 818 2504 objecto.
849 2424 1092 2483 Dictum
1122 2439 1266 2482 vero
1291 2422 1632 2483 Aristotelis
1658 2422 1721 2483 in
1741 2420 1964 2495 ultima
1983 2439 2127 2481 con·

555 2516 909 2579 firmatione
932 2515 1266 2597 allegatum
1298 2514 1555 2577 haberet
1582 2516 1813 2591 locum,
1849 2514 1898 2576 si
1925 2520 2131 2577 essent

557 2610 750 2690 aliqui
800 2610 1082 2671 homines
1108 2608 1262 2669 adeo
1305 2608 1510 2684 rudes,
1563 2616 1634 2669 ut
1679 2627 1794 2671 nec
1843 2609 1908 2668 in
1935 2625 2130 2668 unam

557 2703 1008 2783 rempublicam
1037 2701 1463 2775 convenirent,
1487 2720 1600 2763 nec
1621 2708 1884 2782 ,possent
1905 2700 2129 2781 guber-

558 2798 694 2858 nari
707 2814 728 2875 3
760 2804 908 2858 tunc
937 2797 1104 2857 enim
1124 2814 1250 2855 non
1283 2793 1465 2855 titulo
1487 2794 1824 2873 religioniS,
1857 2796 1963 2856 sed
1983 2796 2129 2855 titu-

555 2890 639 2965 lo,
666 2902 737 2951 111
764 2892 851 2951 ita
877 2889 1102 2964 dicam,
1150 2888 1520 2949 defensionis
1565 2888 1854 2949 humanae
1885 2894 2129 2949 naturae

558 2998 804 3067 possent
830 2985 906 3046 ad
957 2986 1226 3064 aliquam
1257 2983 1537 3063 politiam
1565 2982 1882 3062 compelli3
1924 2982 2131 3045 hacte-

555 3097 675 3139 nus
703 3088 935 3154 tamen,
985 3083 1056 3137 ut
1111 3076 1416 3153 existim0,
1451 3083 1578 3137 tam
1608 3075 1886 3137 barbarae
1914 3082 2131 3155 gentes

561 3172 832 3233 inventae
857 3190 982 3232 non
1021 3177 1186 3231 sunt.

641 3266 702 3324 6.
744 3264 1024 3344 Infideles
1049 3266 1276 3329 subditi
1302 3266 1434 3349 ooqi
1455 3270 1712 3343 possunt
1741 3263 1825 3326 ad
1847 3260 1973 3325 veri
2016 3262 2133 3325 Dei

563 3358 790 3421 cultum
804 3360 1202 3441 profitendum
1231 3378 1269 3422 a
1291 3378 1400 3423 suo
1423 3356 1720 3441 principe.
1735 3391 1814 3400 —
1830 3354 2139 3419 Probatur

558 3452 759 3532 primo
789 3470 858 3514 ex
886 3452 1064 3515 Dent.
1101 3453 1197 3513 13.
1224 3487 1305 3500 —
1346 3450 1619 3517 Semmdo
1659 3469 1729 3514 ea:
1780 3468 1897 3513 usu
1923 3448 2139 3513 Eccle-

567 3550 784 3609 sioe.—
797 3545 969 3606 Circa
993 3546 1350 3625 hujusmodi
1371 3545 1650 3607 infideles
1672 3544 1948 3605 subditos
1968 3543 2137 3623 prin-

569 3640 808 3721 cipibus
836 3640 1209 3717 christianis,
1243 3641 1576 3702 dicendum
1600 3647 1694 3699 cst
1712 3638 2019 3719 imprimis
2039 3656 2138 3697 co-

571 3736 632 3813 gi
669 3750 839 3813 posse
863 3752 972 3813 per
991 3733 1344 3807 huiusmodi
1369 3733 1676 3813 principes
1703 3730 1780 3791 ad
1799 3732 1985 3791 unius
2007 3730 2141 3791 veri

571 3828 682 3888 Dei
737 3828 975 3887 cultum
1023 3827 1463 3907 profitendum,
1494 3833 1556 3886 et
1589 3830 2033 3906 consequenter
2060 3822 2139 3885 ad

575 3940 699 3981 non
726 3921 1100 4003 profitendos
1129 3939 1365 3983 errores
1387 3927 1601 3982 contra
1627 3920 1932 3981 rationem
1957 3923 2140 3979 natu-

574 4013 789 4091 ralem,
841 4021 903 4075 et
943 4014 1087 4075 fidei
1132 4016 1492 4075 contrarios
1546 4016 1635 4074 lta
1684 4013 1908 4073 docent
1957 4012 2139 4072 divus

575 4108 863 4184 ThomaS,
891 4114 952 4169 et
980 4108 1086 4169 alii
1125 4108 1426 4187 'l’heologi
1456 4107 1524 4168 in
1551 4106 1703 4168 locis
1726 4104 2033 4183 allegatis,
2079 4108 2142 4165 et

576 4201 825 4282 probari
841 4207 1040 4282 potest
1063 4202 1261 4281 primo
1287 4219 1365 4262 ex
1388 4201 1851 4274 Deuteronom.,
1873 4197 2142 4259 decimo-

575 4295 782 4371 terti0,
831 4296 938 4356 ubi
961 4296 1119 4357 Deus
1147 4296 1423 4376 praecipit
1469 4292 1738 4355 interfici
1785 4291 2143 4371 hujusmodi

579 4387 858 4449 infideles
892 4396 1140 4471 propter
1170 4387 1318 4448 talia
1341 4388 1586 4463 delicta,
1618 4387 1920 4447 nimirum
1948 4403 2143 4465 quan-

583 4480 662 4541 do
699 4488 842 4542 sunt
891 4483 1099 4563 aliquo
1150 4482 1333 4543 modo
1361 4480 1646 4559 subjecti,
1681 4478 1758 4540 de
1806 4495 1931 4557 quo
1970 4476 2145 4537 testi-

583 4576 795 4637 monio
849 4582 910 4636 et
959 4574 1264 4636 similibus
1315 4574 1507 4634 videri
1551 4577 1752 4653 potest
1777 4571 2142 4651 CyprianuS,

581 4670 1006 4733 Exhortation.
1039 4669 1118 4730 ad
1152 4674 1438 4747 martyr„
1469 4670 1651 4747 capit.
1687 4668 1748 4742 5,
1775 4673 1836 4727 ct
1858 4665 1981 4725 alia
2010 4680 2147 4743 quae

582 4763 671 4825 ibi
725 4765 874 4824 citat
931 4762 1255 4823 Pamelius.
1303 4761 1604 4839 Secundo,
1653 4758 1904 4841 probari
1954 4762 2151 4838 potest

585 4876 664 4921 ex
699 4877 814 4919 usu
846 4858 1128 4919 Ecclesiae
1154 4878 1172 4934 3
1223 4875 1370 4917 nam
1401 4856 1720 4917 christiani
1751 4855 2151 4935 imperatores

587 4972 624 5015 a
675 4953 973 5033 principio
1011 4970 1122 5031 pro
1164 4959 1514 5031 temporum
1557 4948 1993 5010 commoditate
2030 4946 2151 5007 hoo

587 5046 1029 5121 observarunt,
1087 5063 1233 5104 nam
1287 5042 1718 5104 Constantinus
1759 5041 1968 5102 statim
2000 5058 2153 5120 prse-

588 5142 750 5220 cepit
777 5145 846 5199 ut
865 5139 1095 5216 templa
1119 5138 1427 5198 idolorum
1451 5136 1902 5209 clauderentur,
1931 5140 1994 5195 et
2016 5134 2154 5195 ido·

589 5234 834 5296 lolatria
854 5239 1136 5307 cessaret,
1153 5239 1224 5292 ut
1249 5232 1452 5293 videre
1477 5230 1700 5291 licetin
1740 5228 2026 5303 EusebiO,
2048 5227 2091 5289 1.
2115 5228 2155 5289 2

591 5329 668 5389 de
699 5327 842 5387 Vita
889 5326 1295 5400 Constantini,
1336 5344 1391 5385 c.
1423 5324 1500 5384 43
1525 5325 1713 5399 0144,
1747 5330 1808 5384 et
1847 5322 1957 5384 lib.
2000 5326 2061 5399 4,
2096 5342 2151 5385 c.

590 5424 708 5498 23;
736 5419 970 5496 Rufin„
999 5419 1107 5480 lib.
1142 5420 1179 5479 2
1205 5420 1459 5494 Biston,
1501 5436 1633 5498 cap.
1662 5422 1773 5495 19;
1803 5417 2155 5499 Nicephor„

594 5516 752 5578 libro
791 5515 854 5589 8,
885 5531 1020 5595 cap.
1055 5515 1157 5589 33,
1190 5513 1298 5593 qni
1335 5514 1502 5577 idem
1537 5518 1726 5575 refiert
1771 5512 1848 5574 de
1884 5512 2159 5575 Jovinia-

1055 362 1292 417 nlspn‘r.
1329 362 1499 416 xvm.
1537 362 1618 415 me:
1651 361 1859 415 uenus
1892 362 2116 425 QUIBUS
2151 365 2255 417 UTI
2292 364 2470 417 Llcn‘r
2502 366 2587 417 AD
2620 360 3123 425 convssn‘rssnnos,
3158 364 3293 417 mc,

2202 483 2307 540 no,
2339 465 2479 526 nbr.
2511 467 2611 541 10,
2638 466 2822 546 capit.
2857 466 2955 527 39.
2986 465 3197 526 Postea
3222 482 3373 528 vero
3394 464 3725 530 Theodosius
3826 444 3828 465 ³

2203 560 2457 619 omnino
2502 559 2734 638 templa
2790 558 3115 630 destruxit,
3176 575 3253 617 ex
3300 556 3502 619 Rufin.
3548 577 3724 639 supra,
3826 550 3828 587 ³

2204 668 2337 733 cap.
2370 654 2447 713 22
2490 659 2552 712 et
2592 654 2707 726 233
2763 658 2823 712 et
2852 650 3207 731 Nicephor.,
3250 649 3411 711 libro
3440 654 3535 725 12,
3571 656 3725 731 capit.

2204 744 2304 806 25.
2338 744 2512 806 Unde
2551 744 2719 805 idem
2760 744 3139 805 Theodosius
3182 742 3393 823 plures
3417 741 3571 823 leges
3592 746 3728 821 tulit,

2206 837 2431 917 quibus
2472 836 2784 898 idolorum
2830 836 3099 899 cultores
3132 836 3473 911 damnavit,
3496 856 3623 917 quae
3648 840 3732 901 ba·

2204 931 2427 992 bentur
2448 932 2517 992 in
2550 932 2766 992 Codice
2786 930 3233 1005 Theodosiano,
3267 928 3449 989 titulo
3476 931 3539 991 de
3559 931 3733 1013 Paga-

2204 1023 2337 1097 πέδη·
2396 1040 2457 1086 et
2488 1026 2651 1087 idem
2686 1026 2963 1087 imitatus
2992 1031 3086 1085 est
3124 1023 3510 1084 Justinianus
3544 1024 3601 1085 111
3644 1044 3733 1086 suo

2204 1118 2449 1194 Codice,
2474 1117 2691 1179 codem
2720 1117 2922 1179 titulo.
2953 1116 3113 1191 Quas
3136 1115 3305 1194 leges
3324 1114 3607 1195 approbat
3632 1120 3734 1179 Au-

2204 1210 2507 1289 gustinus,
2552 1210 2727 1289 epist.
2778 1210 2883 1284 48,
2911 1211 2990 1272 50
3017 1214 3079 1269 et
3131 1208 3247 1283 21,
3300 1213 3363 1268 et
3393 1208 3732 1285 Ambrosius,

2206 1302 2381 1383 epist.
2428 1304 2539 1377 3ος
2574 1308 2635 1363 et
2661 1308 2955 1383 praeterea
3008 1299 3205 1363 multa
3252 1300 3523 1362 Concilia
3559 1300 3735 1379 hujus-

2204 1396 2376 1457 modi
2436 1415 2618 1457 usum
2671 1394 3089 1475 approbarunt
3134 1410 3157 1472 ;
3214 1412 3368 1455 nam
3436 1392 3736 1455 Concilium

2206 1489 2687 1568 Carthaginense
2710 1488 2785 1563 V,
2818 1507 2952 1567 cap.
2992 1488 3088 1563 15,
3124 1487 3273 1549 dicit
3296 1484 3617 1566 petendum
3634 1506 3737 1549 esse

2205 1582 2283 1645 ab
2311 1583 2684 1662 imperatore
2725 1588 2794 1643 ut
2816 1580 3089 1661 reliquias
3130 1579 3496 1641 idololatriae
3526 1579 3737 1641 delean-

2204 1682 2331 1753 tur,
2367 1676 2533 1755 qnod
2561 1676 2750 1736 etiam
2784 1674 3051 1737 habetur
3072 1676 3139 1735 in
3164 1672 3439 1734 Concilio
3466 1672 3735 1747 Africano,

2208 1770 2323 1830 sub
2350 1768 2683 1843 BonifaciO,
2706 1787 2840 1848 cap.
2860 1769 2940 1831 25
2956 1785 2977 1845 3
2994 1774 3056 1829 et
3069 1766 3425 1829 Concilium
3450 1765 3631 1827 Tolet.
3654 1767 3734 1843 111,
3827 1786 3828 1789 ¹

2209 1864 2393 1945 capit.
2454 1862 2552 1939 16,
2589 1862 3002 1924 idololatriam
3034 1880 3071 1923 a
3120 1858 3456 1943 provinciis
3502 1858 3737 1921 fidelium

2210 1957 2515 2019 eradicari
2559 1955 2762 2035 jubet,
2788 1956 2951 2037 quod
2988 1955 3173 2017 ctiam
3220 1952 3415 2015 habet
3442 1952 3737 2014 Concilium

2212 2050 2575 2111 Toletanum
2599 2048 2729 2126 ΧΠ,
2752 2067 2885 2130 cap.
2918 2052 3016 2123 11,
3042 2045 3391 2110 Concilium
3408 2047 3593 2106 Tolet.
3610 2046 3733 2120 XVI,

2210 2162 2347 2224 cap.
2384 2146 2422 2205 2
2441 2165 2460 2218 3
2502 2162 2572 2205 ac
2608 2143 2873 2225 denique
2904 2140 3247 2205 Concilium
3282 2138 3585 2217 Eliberit„
3628 2158 3733 2221 cap.

2209 2240 2311 2313 41,
2341 2236 2523 2315 jubet
2549 2236 2831 2297 fidelibus
2864 2234 3239 2298 habentibus
3264 2232 3537 2295 famulos
3561 2232 3737 2293 infide-

2207 2330 2313 2404 leS,
2338 2336 2408 2389 ut
2435 2348 2561 2391 non
2580 2330 2943 2411 permittant
2967 2346 3069 2391 eos
3094 2330 3163 2389 in
3190 2326 3485 2389 domibus
3506 2327 3621 2387 suis
3636 2326 3737 2387 ido-

2206 2422 2269 2483 la
2290 2422 2542 2485 habere.
2892 2410 2897 2421 ’
3239 2498 3245 2503 ,

2270 2519 2347 2583 ,7.
2394 2516 2656 2581 Ratione
2688 2520 3078 2599 confirmatior·
3112 2515 3353 2579 tradita
3376 2512 3663 2577 resolutio.
3678 2545 3738 2561 -·-

2210 2610 2387 2672 Ratio
2411 2630 2555 2673 vero
2593 2618 2706 2687 est,
2733 2612 2879 2691 quia
2909 2612 2975 2671 in
3005 2610 3101 2671 his
3126 2608 3518 2691 principibus
3539 2624 3739 2687 respec*
3827 2600 3828 2683 g

2210 2713 2278 2766 tu
2337 2705 2555 2767 talium
2602 2704 2949 2767 infidelium
2994 2724 3121 2765 non
3164 2702 3343 2767 deest
3392 2702 3735 2783 jurisdictio,
3827 2714 3828 2773 ζ

2210 2818 2352 2860 cum
2402 2814 2829 2879 supponantur
2868 2797 3123 2873 subditi,
3162 2804 3229 2859 et
3276 2797 3385 2857 liic
3430 2802 3596 2857 actus
3639 2813 3739 2857 non
3827 2782 3828 2859 ἦ

2211 2894 2449 2955 excedit
2482 2892 2783 2971 sphaeram
2814 2891 2953 2953 talis
2976 2892 3455 2970 jurisdictionis.
3484 2890 3741 2951 Probatur

2211 2987 2329 3049 hoc
2359 2986 2733 3062 secundum,
2779 2985 2929 3064 quia
2968 2986 3047 3045 ad
3085 2984 3537 3065 rempublicam
3562 2984 3741 3044 huma·
3827 3038 3828 3059 ἶ

2210 3099 2357 3141 nam
2382 3100 2458 3141 ex
2487 3080 2549 3141 vi
2578 3079 2834 3141 rationis
2880 3088 2943 3140 et
2969 3078 3125 3159 legis
3155 3077 3467 3141 naturalis
3494 3078 3740 3157 pertinet,
3827 3080 3828 3161 Ῑ

2211 3180 2283 3235 ut
2331 3174 2398 3235 in
2432 3192 2507 3235 ea
2546 3179 2827 3235 servetur
2852 3190 3036 3233 verus
3079 3171 3279 3234 cultus
3318 3170 3431 3234 Dei
3448 3193 3467 3246 3
3502 3188 3637 3248 ergo
3673 3174 3743 3229 est

2213 3266 2278 3327 in
2320 3284 2394 3327 ea
2438 3273 2705 3346 potestas
2740 3265 3035 3327 directiva
3081 3262 3163 3324 ad
3207 3262 3637 3341 gubernandos
3656 3261 3743 3321 ho-

2220 3362 2415 3422 mines
2445 3362 2511 3420 in
2540 3360 2756 3421 ordine
2791 3359 2871 3419 ad
2916 3358 3281 3437 hujusmodi
3332 3358 3599 3431 cultum3
3626 3372 3742 3433 ergo
3827 3354 3828 3437 ξ

2217 3463 2310 3517 est
2338 3455 2525 3515 etiam
2555 3460 2820 3533 potestas
2854 3452 3128 3515 coer-civa
3178 3450 3261 3511 ad
3294 3451 3607 3531 punienda
3632 3466 3747 3509 con-

2218 3550 2406 3611 traria
2435 3549 2675 3619 delicta,
2714 3553 2778 3607 et
2804 3546 3109 3625 cogendos
3134 3545 3425 3607 homines
3467 3563 3545 3606 ne
3570 3543 3746 3621 hujus-
3827 3554 3828 3629 3

2218 3642 2387 3706 modi
2418 3641 2731 3703 erroribus
2754 3638 3175 3714 involvantur,
3210 3640 3361 3719 quia
3391 3644 3643 3719 potestas
3674 3635 3749 3695 di·
3827 3650 3828 3703 3

2217 3736 2448 3798 rectiva
2488 3738 2624 3799 sine
2654 3734 2933 3796 coerciva
2964 3731 3253 3793 inefficax
3282 3739 3466 3808 esset,
3500 3739 3560 3793 et
3579 3731 3749 3811 reipu-
3827 3776 3828 3815 ᾧ

2218 3830 2394 3891 blicae
2426 3847 2645 3909 parum
2670 3827 2864 3887 utilis.
2898 3827 3041 3888 Hoeo
3077 3833 3291 3890 autem
3328 3832 3609 3906 potestas,
3630 3841 3749 3902 qua·
3827 3816 3828 3901 3

2218 3930 2397 3985 tenus
2458 3920 2759 3983 naturalis
2816 3928 2943 3994 est,
3000 3918 3227 3981 residet
3283 3920 3353 3995 in
3410 3917 3750 3999 principibus
3827 3912 3828 3981 j

2220 4015 2603 4090 christianis3
2626 4032 2774 4093 ergo
2798 4032 2909 4094 per
2936 4012 3108 4074 illam
3135 4019 3397 4093 possunt
3422 4012 3580 4073 dicto
3598 4010 3751 4072 modo
3827 4072 3828 4075 Ἴ

2220 4127 2439 4188 cogere
2488 4126 2632 4169 suos
2683 4106 2963 4169 subditos
2978 4152 3002 4185 ,
3044 4106 3288 4170 etiamsi
3319 4104 3595 4169 infideles
3630 4104 3748 4165 sint.
3827 4124 3828 4181 }

2220 4205 2407 4265 Totus
2436 4202 2747 4265 discursus
2790 4208 2885 4265 est
2914 4200 3147 4277 clarus3
3172 4200 3641 4263 fundamentum
3664 4214 3752 4257 au·
3827 4200 3828 4273 j

2222 4303 2349 4359 tem
2389 4297 2545 4376 ejus,
2592 4294 2756 4375 quod
2782 4300 2874 4357 est
2906 4295 2977 4357 111
3007 4295 3207 4375 primo
3237 4293 3638 4369 antecedenti,
3666 4307 3753 4369 po-

2222 4391 2393 4451 nitur
2420 4409 2457 4451 a
2481 4391 2549 4450 D.
2576 4390 2836 4463 Thoma,
2876 4389 2941 4447 in
2964 4388 3007 4449 l.
3044 4391 3074 4449 1
3109 4388 3187 4470 de
3216 4387 3463 4467 Regim.
3494 4388 3752 4464 Princip„

2224 4503 2357 4564 cap.
2392 4486 2492 4560 14,
2522 4490 2584 4545 et
2612 4482 2721 4545 lib.
2770 4484 2831 4557 2,
2862 4500 2995 4563 cap.
3042 4482 3283 4559 ultim0,
3316 4489 3382 4545 et
3424 4488 3519 4543 est
3560 4499 3661 4562 per
3700 4496 3754 4539 se
3827 4528 3828 4543 .

2226 4577 2504 4639 evidens.
2549 4578 2703 4638 Nam
2741 4575 2847 4636 illa
2884 4582 3151 4655 potestas
3195 4581 3291 4637 est
3340 4594 3379 4637 a
3426 4576 3581 4650 Deo,
3626 4578 3753 4634 teste

2230 4670 2441 4746 Paulo,
2466 4669 2543 4731 ad
2569 4671 2829 4732 Roman.
2862 4668 2977 4731 13:
3016 4668 3159 4743 Quoe
3182 4674 3389 4733 autom
3414 4686 3456 4732 a
3472 4669 3589 4733 Deo
3614 4668 3753 4739 sunt,

2230 4764 2511 4827 ordinata
2563 4766 2708 4826 sunt
2730 4809 2753 4841 ,
2812 4768 2885 4823 ut
2942 4761 3173 4823 ibidem
3232 4760 3536 4823 subinfert
3548 4783 3567 4837 3
3632 4774 3755 4837 ergo
3827 4808 3828 4813 ,

2231 4858 2503 4918 maxime
2539 4856 2685 4917 data
2712 4862 2804 4917 est
2844 4856 2977 4917 haee
3028 4862 3293 4935 potestas
3342 4854 3411 4915 in
3462 4854 3665 4916 ordine
3690 4850 3755 4913 ad
3827 4848 3828 4851 ’

2230 4951 2530 5013 honorem
2560 4958 2621 5010 et
2648 4949 2885 5012 cultum
2924 4949 3111 5009 unius
3147 4948 3281 5024 Dei,
3306 4949 3485 5027 cujus
3518 4944 3753 5007 ministri
3827 5022 3828 5025 Ἴ

2230 5051 2377 5105 511111
2408 5044 2673 5105 humani
2712 5044 3038 5123 priucipes,
3064 5048 3135 5103 ut
3174 5042 3402 5105 ibidem
3430 5041 3517 5103 ait
3538 5038 3753 5101 Paulus.

2234 5140 2312 5199 Et
2337 5136 2759 5213 confirmatur,
2790 5155 2937 5197 nam
2966 5135 3107 5197 finis
3143 5136 3327 5217 hujus
3354 5135 3653 5215 potestatis
3681 5135 3757 5191 est

2236 5232 2553 5295 continere
2605 5230 3051 5310 rempublicam
3092 5230 3160 5290 111
3210 5247 3360 5309 pace
3412 5235 3479 5290 et
3510 5225 3752 5307 justitia,

2237 5326 2403 5407 quod
2426 5324 2563 5387 fieri
2592 5342 2721 5385 non
2751 5330 2972 5404 potest,
2998 5323 3119 5385 nisi
3146 5325 3335 5385 etiam
3362 5321 3674 5383 inducatur
3697 5321 3755 5375 ut

2236 5418 2573 5481 secundum
2625 5417 2920 5479 virtutem
2954 5416 3165 5492 vivat3
3206 5434 3331 5477 non
3379 5419 3623 5494 possunt
3662 5426 3755 5471 au-

2238 5520 2364 5575 tem
2392 5512 2677 5575 homines
2717 5512 2923 5573 vivere
2960 5510 3299 5573 secundum
3336 5509 3619 5569 virtutem
3642 5520 3755 5567 mo·-
