3900 6217
543 256 664 319 296

542 362 815 425 Timoth.
863 366 923 437 3,
973 369 1034 425 ct
1085 363 1154 425 in
1185 382 1322 441 cap.
1371 365 1410 426 9
1443 364 1644 441 Lucoe,
1685 364 1949 427 habetur
1997 367 2100 441 24,

545 458 883 537 quaestione
909 458 1138 539 prima,
1169 475 1302 538 cap.
1349 457 1495 533 Qwoe
1537 457 1809 549 diffiniam
1842 460 2105 522 Basilius

543 570 829 614 sermone
853 551 930 612 de
947 552 1190 614 Judicio
1209 552 1339 629 Dei,
1365 559 1427 615 et
1445 553 1704 633 epistola
1725 555 1806 615 ad
1833 555 2105 618 Athana·

545 645 746 721 sium3
784 644 1220 723 Hieronymus,
1270 646 1338 707 in
1383 647 1672 707 omnihus
1727 648 1997 728 epistolis
2022 647 2103 708 ad

1607 264 1844 317 DlSPUT.
1879 264 1940 317 X.
1979 264 2061 317 DE
2092 264 2302 319 SUHHO
2334 266 2673 323 roNTfflcE.

2182 386 2368 429 renus
2430 367 2616 429 simul
2671 384 2815 429 cum
2870 366 3243 447 imperatore
3293 366 3605 431 roelestium
3652 378 3705 433 et

2180 460 2557 523 Sanctorum
2598 462 2667 521 in
2712 460 2992 523 eamdem
3026 460 3249 521 urbem
3288 471 3703 525 concurrerent.

2182 554 2339 615 Vide
2384 553 2683 617 Clement.
2740 554 3101 636 Uniyenitus
3122 598 3139 626 ,
3192 552 3271 613 de
3311 554 3619 615 Poenitent.
3654 564 3708 617 et

2185 646 2709 721 Remissionibus,
2758 652 2821 707 et
2872 646 3175 709 Clement.
3218 644 3403 707 unica
3450 646 3523 707 de
3558 648 3707 709 Jurc-

545 740 904 812 Damasum,
941 743 1003 798 et
1047 736 1302 816 Dialogo
1355 744 1570 801 contra
1599 740 1999 815 Luciferian.,
2044 745 2108 801 et
2178 738 2473 818 jurando,
2498 745 2561 801 et
2582 756 2716 817 cap.
2744 738 3187 811 Fundamenta,
3212 737 3291 799 de
3316 737 3627 813 Electione,
3654 742 3709 803 in

545 832 615 893 in
641 830 941 909 Apologia
975 837 1192 892 contra
1231 831 1467 908 Rufin.,
1503 841 1570 893 et
1607 834 1864 912 epistola
1891 832 1969 893 ad
1996 836 2107 895 Pa-

546 922 864 985 machium
923 928 984 983 et
1040 924 1350 985 Oceanum
1401 924 1478 987 de
1527 943 1734 987 errore
1781 926 2101 1004 Origenis;

546 1017 812 1097 Cyrillus
831 1016 1452 1097 Hierosolymitanus,
1475 1018 1779 1081 catechesi
1798 1020 2103 1095 secunda3

544 1110 810 1189 Cyrillus
835 1110 1312 1187 Alexandrinus,
1346 1115 1421 1173 12
1468 1112 1534 1172 in
1561 1113 1769 1188 Joan.,
1813 1131 1948 1193 cap.
1994 1114 2105 1192 643

545 1204 956 1283 Augustinus,
1013 1209 1228 1265 contra
1281 1204 1602 1285 epistolam
1645 1206 2059 1268 Fundamenti
2084 1253 2105 1284 ,

517 1316 681 1377 cap.
711 1299 772 1371 4,
805 1304 865 1357 et
891 1295 1150 1377 epistola
1194 1298 1310 1359 165
1353 1297 1434 1358 ad
1489 1297 1893 1374 Genemsum,
1947 1305 2011 1361 et
2040 1300 2109 1360 in

547 1389 835 1451 omnibus
857 1389 1130 1471 epistolis
1149 1391 1228 1451 ad
1248 1391 1702 1468 Innocentium,
1730 1400 1794 1453 et
1821 1397 1859 1455 2
1883 1393 1961 1454 de
1986 1394 2107 1454 Ba·

547 1484 776 1563 ptismo
803 1483 1069 1563 parvul„
1099 1502 1234 1563 cap.
1282 1487 1340 1559 l,
1370 1503 1444 1545 ac
1477 1485 1744 1564 denique
1773 1488 1838 1547 in
1861 1486 2104 1567 epistol.

553 1580 706 1651 1723
744 1576 1230 1656 chrysostomus»,
1261 1577 1500 1659 epistol.
1543 1579 1622 1638 ad
1655 1580 2107 1652 Innocentium,

551 1676 612 1730 et
627 1669 883 1749 epistola
907 1670 984 1731 ad
1004 1671 1267 1731 Leonem
1289 1693 1306 1746 ;
1331 1670 1724 1749 Theodoret.‚
1756 1672 2016 1752 epistola
2034 1672 2109 1732 ad

553 1764 858 1824 Renatum
879 1786 898 1839 3
951 1764 1282 1839 Maximus,
1312 1764 1569 1843 epistola
1620 1765 1700 1825 ad
1740 1766 2001 1839 Orient.,
2053 1770 2116 1827 et

551 1856 810 1917 homilia
835 1861 872 1919 2
902 1858 980 1918 de
1003 1858 1190 1918 Beato
1216 1858 1509 1919 Laurent.
1540 1874 1558 1935 ;
1593 1858 1870 1937 OptatuS,
1902 1862 1940 1919 2
1970 1876 2116 1919 con-

554 1956 648 2011 tra
691 1951 1122 2028 Parmenian.;
1167 1951 1442 2033 Prosper,
1473 1956 1510 2012 2
1550 1950 1626 2012 de
1660 1952 1874 2021 Vocat.
1911 1958 2113 2031 gent„

553 2062 687 2123 cap.
722 2045 822 2121 16,
848 2050 910 2105 et
937 2062 1094 2124 saepe
1117 2044 1228 2105 lib.
1263 2044 1344 2105 ad
1385 2043 1770 2121 Objectiones
1795 2044 2113 2118 vincent„

554 2137 664 2216 qui
706 2156 818 2218 pro
872 2137 1218 2216 Augustino
1281 2137 1730 2201 Caelestinuml
1779 2136 2114 2213 consuluit,

555 2230 732 2308 cujus
761 2230 1052 2309 rescripto
1072 2235 1134 2291 et
1157 2228 1520 2291 auctoritate
1540 2230 1836 2305 munitus,
1863 2249 1977 2309 pro
1993 2229 2120 2291 Au-

557 2324 809 2403 gustino
839 2324 1083 2403 scripsit
1101 2322 1332 2383 librum
1379 2328 1596 2384 eontra
1632 2323 1957 2400 Collator.;
2002 2325 2121 2383 Eu-

562 2415 714 2490 seb.,
741 2416 807 2475 in
838 2414 1124 2476 Chronic.
1156 2433 1306 2475 ann.
1339 2416 1584 2477 Domini
1611 2418 1714 2493 44,
1744 2416 1852 2477 lib.
1895 2420 1958 2492 2,
1984 2435 2118 2496 cap.

565 2510 679 2586 {33
705 2509 982 2590 Niceph„
1020 2508 1130 2569 lib.
1164 2512 1224 2583 2,
1256 2508 1439 2589 capit.
1485 2511 1582 2584 14,
1615 2509 1692 2569 ad
1720 2508 1948 2585 finem;
1981 2509 2125 2570 Ber·-

561 2602 739 2664 nard.
749 2648 768 2677 ,
786 2602 1044 2687 epistola
1067 2604 1208 2674 137,
1226 2608 1288 2661 et
1310 2602 1482 2663 libris
1501 2601 1576 2663 de
1601 2602 2121 2677 Consideratione,

559 2696 667 2776 qui
688 2714 903 2756 omnes
928 2696 1262 2775 primatum
1287 2694 1566 2757 Ecclesia-2
1590 2696 1883 2758 Romanae
1917 2695 2127 2755 claris-

562 2790 718 2849 sime
763 2788 1152 2867 profitentur.
1194 2788 1325 2850 Etsi
1374 2788 1546 2849 enim
1597 2789 1662 2849 in
1703 2788 2021 2849 nonnullis
2048 2788 2125 2848 dc

561 2882 762 2941 citatis
803 2881 953 2941 locis
981 2882 1060 2943 de
1087 2882 1358 2962 primatu
1400 2881 1562 2942 Petri
1602 2880 1961 2960 loquantur,
2005 2880 2125 2943 hoc

562 2981 773 3037 tamen
818 2975 887 3035 in
914 2974 1050 3037 loco
1083 2974 1356 3053 ejusdem
1385 2992 1512 3036 esse
1547 2974 1806 3035 rationis
1833 2992 1979 3035 cum
2008 2974 2126 3035 Ro-

564 3087 750 3131 mano
807 3068 1026 3151 liquet.
1080 3069 1230 3131 Vide
1271 3069 1460 3129 etiam
1517 3070 1866 3145 Sozomen.,
1893 3068 2005 3129 lib.
2061 3070 2125 3143 4,

568 3180 704 3243 cap.
739 3166 836 3225 15.

649 3260 743 3321 13.
798 3257 1096 3333 Quartum
1121 3274 1312 3337 ,cycnus
1351 3254 1852 3332 testimoniorum,
1873 3257 2137 3337 impera-

569 3356 748 3416 tores.
787 3384 869 3399 —
899 3353 1131 3426 Quarto
1149 3397 1170 3427 ,
1219 3350 1562 3413 ostenditur
1600 3350 1736 3412 haec
1783 3351 2013 3413 veritas
2058 3367 2138 3413 ex

568 3446 748 3507 dictis
775 3452 838 3506 et
862 3444 1041 3507 factis
1054 3444 1550 3523 ⁴imperatorum,
1581 3444 1820 3525 primus
1843 3444 2015 3505 enim
2044 3442 2139 3503 in-

569 3544 666 3599 ter
687 3538 1064 3600 Christianos
1087 3536 1290 3599 extitit
1322 3535 1662 3617 Philippus,
1694 3554 1880 3616 quem
1922 3535 2139 3613 Fabia-5

569 3650 688 3691 nus
717 3633 882 3710 Papa
923 3630 1005 3691 ob
1035 3629 1284 3711 publica
1310 3635 1561 3709 peccata
1600 3647 1640 3690 a
1695 3629 2135 3690 communione

571 3724 836 3786 semovit
852 3740 873 3802 ;
923 3724 1100 3805 cujus
1149 3728 1519 3803 potestatem
1571 3722 1676 3784 ille
1731 3739 2133 3801 cognoscem,

573 3818 884 3899 publicam
927 3818 1056 3897 egit
1099 3817 1529 3897 poenitentiam
1559 3862 1580 3893 ,
1627 3821 1782 3877 teste
1825 3814 2089 3877 Eusebio
2109 3859 2130 3890 ,

573 3912 733 3973 libro
791 3913 994 3993 primo
1053 3910 1468 3973 Historiarum
1491 3956 1512 3986 ,
1576 3910 1776 3989 capite
1838 3908 2135 3987 vigesimo

573 4006 813 4085 quinto.
850 4004 1164 4067 Secundus
1191 4003 1396 4065 extitit
1419 4003 1876 4077 Constantinus,
1903 4002 2013 4081 qui
2040 4001 2137 4061 in-

576 4098 853 4159 numeris
889 4098 1066 4159 factis
1095 4102 1158 4158 et
1187 4096 1368 4157 dictis
1391 4096 1653 4157 Romani
1698 4094 2007 4157 Pontificis
2046 4094 2139 4154 di·-

575 4192 875 4269 gnitatem
906 4196 1236 4251 veneratus
1271 4194 1384 4265 est,
1420 4188 1498 4249 de
1537 4207 1661 4267 qua
1695 4206 1762 4249 re
1795 4187 1948 4248 duos
1977 4188 2137 4248 inte-

577 4303 719 4364 gros
785 4283 974 4345 libros
1021 4284 1215 4345 edidit
1265 4281 1630 4361 Eugubinus
1645 4326 1666 4358 ,
1719 4280 2139 4359 Eusebiusque

579 4377 777 4439 multa
831 4378 1022 4439 refert
1089 4377 1158 4437 in
1206 4376 1352 4439 Vita
1397 4374 1824 4451 Constantini3
1881 4373 2142 4434 historia

577 4472 766 4533 etiam
796 4470 872 4533 de
907 4470 1216 4549 Baptismo
1241 4467 1625 4531 Constantini
1652 4467 1720 4527 in
1749 4466 1903 4527 urbe
1943 4468 2141 4527 Roma

581 4569 886 4644 suscepto,
918 4564 1309 4624 ministrante
1339 4559 1632 4623 Pontifice
1667 4558 2003 4639 sylvestro,
2035 4576 2139 4621 re-

577 4660 775 4721 fertur
801 4676 840 4718 a
865 4658 1128 4731 Zonara,
1172 4655 1518 4735 Nicephoro
1536 4702 1550 4723 ‚
1592 4659 1656 4715 et
1678 4653 1816 4715 aliis
1854 4652 2143 4733 historio-

579 4752 851 4832 graphis,
907 4749 1294 4830 habeturque
1339 4750 1410 4810 in
1463 4748 1614 4809 actis
1657 4746 1981 4827 Sylvestri,
2030 4745 2140 4825 qui

579 4844 922 4924 probantur
947 4861 1082 4923 cap.
1133 4842 1374 4907 Sancta
1401 4841 1684 4905 Romana
1705 4884 1722 4915 ,
1769 4845 1832 4901 et
1875 4839 1944 4899 in
1990 4838 2141 4899 actis

580 4936 828 5000 Liberii.
887 4936 1185 4997 Eamdem
1231 4936 1418 4997 refert
1467 4934 1794 4995 historiam
1853 4930 2141 4993 Nicolaus

580 5032 842 5112 primus,
879 5029 1138 5111 epistola
1175 5028 1256 5090 ad
1288 5028 1649 5091 Michaelem
1677 5027 2140 5107 imperatorem,

581 5133 644 5187 et
704 5126 826 5187 Leo
893 5142 1096 5185 nonus
1161 5128 1376 5185 contra
1441 5119 1801 5183 Michaelem
1823 5162 1841 5194 ,
1913 5120 2144 5196 episco-

582 5236 733 5297 pum
767 5215 1533 5297 constantinopolitanum,
1556 5215 1758 5295 capite
1787 5213 1995 5274 terti0.
2023 5210 2139 5285 Qui

575 5312 770 5383 ,etiam
826 5310 1000 5372 addit
1049 5310 1189 5373 ideo
1239 5309 1744 5382 Constantinum,
1790 5306 2143 5368 Romanum

583 5404 914 5487 imperium
944 5404 1292 5465 Bizantium
1320 5401 1724 5479 transtulisse,
1767 5416 1845 5460 ne
1881 5414 1994 5458 rex
2020 5402 2142 5461 ter·

2184 839 2381 913 sext0‚
2410 840 2473 894 et
2514 852 2651 914 cap.
2686 830 3093 904 Constantini,
3124 832 3515 893 distinctione
3540 836 3631 909 96,
3652 843 3713 897 ut
3809 836 3810 841 ’

2188 918 2422 990 mirum
2468 929 2549 989 sit
2598 946 2786 1008 quam
2836 927 3235 1006 impudenter
3282 925 3547 988 haeretici
3582 948 3713 991 non-

2190 1022 2347 1083 nulli
2372 1021 2695 1083 historiam
2728 1020 3114 1083 Constantini
3138 1020 3377 1098 Magni,
3404 1025 3581 1099 atque
3605 1024 3713 1099 ejus

2187 1115 2255 1175 in
2280 1116 2607 1177 Ecclesiam
2634 1117 2979 1178 Romanam
3018 1114 3481 1174 venerationem
3514 1114 3712 1175 falsita-

2186 1209 2266 1269 tis
2292 1214 2580 1284 arguant.
2613 1208 2855 1269 Tertius
2883 1206 3003 1267 fuit
3023 1206 3519 1283 Valentinianus,
3546 1209 3713 1286 quiin

2188 1300 2446 1380 epistola
2466 1302 2546 1362 ad
2568 1300 3007 1375 Theodosium,
3032 1300 3243 1380 etipse
3266 1316 3409 1359 cum
3430 1299 3713 1378 Marciam,

2189 1395 2257 1455 in
2284 1394 2539 1473 epistola
2574 1394 2657 1455 ad
2692 1395 2960 1455 Leonem
2988 1392 3290 1473 primum,
3322 1398 3527 1470 aperte
3558 1412 3717 1471 agno-

2189 1495 2370 1549 scunt
2416 1488 2698 1568 Episcopi
2751 1486 3016 1548 Romani
3067 1503 3431 1565 supremam
3487 1486 3719 1564 dignita·
3808 1504 3810 1509 ¹

2190 1586 2339 1641 tem.
2370 1580 2526 1640 Vide
2550 1580 2673 1658 leg.
2706 1578 2963 1643 Cunctos
3002 1580 3284 1661 populos,
3316 1578 3450 1639 cod.
3472 1578 3547 1638 de
3570 1579 3721 1639 Sum·

2194 1690 2297 1734 ma
2324 1674 2644 1756 Trinitate.
2678 1673 2965 1748 QuartuS,
2993 1672 3389 1734 Justinianus
3424 1671 3579 1733 idem
3606 1690 3721 1733 sen-

2197 1768 2269 1827 tit
2303 1766 2368 1827 in
2397 1768 2584 1845 gestis
2608 1767 2785 1829 Joan.
2823 1767 2870 1842 1,
2899 1772 2962 1828 et
2991 1765 3340 1827 Hormisdae
3370 1765 3719 1839 Pontificum,

2194 1862 2261 1921 in
2286 1860 2424 1937 lege
2450 1859 2597 1925 Non
2624 1861 2954 1933 reddentes,
2981 1860 3115 1922 cod.
3154 1860 3235 1919 de
3276 1858 3527 1921 Summa
3554 1859 3725 1918 Trini-

2196 1958 2341 2013 tate.
2374 1953 2527 2013 Vide
2578 1954 2647 2014 D.
2691 1954 3019 2023 Thomam‚
3064 1959 3175 2014 aut
3203 1952 3384 2029 cujus
3410 1950 3544 2025 erit,
3570 1970 3723 2029 opus-

2196 2046 2335 2107 culo
2379 2048 2458 2107 24
2486 2046 2562 2109 de
2590 2046 2916 2126 Regimine
2942 2046 3302 2126 principum
3325 2089 3348 2120 ,
3386 2063 3425 2105 a
3462 2064 3512 2105 c.
3552 2049 3619 2105 16
3647 2063 3724 2105 us-

2198 2157 2319 2217 que
2350 2140 2425 2199 ad
2457 2141 2554 2201 20.
2584 2140 2871 2215 QuintuS,
2895 2140 3207 2200 Honorius
3231 2140 3565 2217 Imperator
3588 2139 3725 2198 idem

2198 2231 2449 2293 fatetur.
2477 2233 2633 2293 Vide
2664 2233 2849 2312 capit.
2917 2232 3171 2305 Victor„
3218 2233 3299 2293 97
3348 2231 3721 2292 distinctione.

2200 2324 2397 2385 Multa
2444 2326 2633 2385 etiam
2688 2344 2765 2387 ex
2812 2325 3027 2387 Carolo
3090 2325 3365 2403 MagnO,
3415 2324 3724 2398 Ludovico,

2204 2418 2494 2492 Henrico,
2532 2419 2775 2481 Othone
2802 2418 3167 2479 referuntur
3205 2419 3274 2479 in
3306 2418 3560 2478 decretis
3582 2462 3597 2489 ‚
3632 2417 3730 2475 dis-

2205 2511 2501 2572 tinctione
2554 2520 2750 2573 sexta.
2814 2511 2901 2573 Ac
2954 2512 3227 2590 denique
3272 2510 3517 2571 Carolus
3562 2511 3637 2585 V,
3677 2511 3730 2570 in

2206 2604 2405 2666 edicto
2430 2604 2897 2679 wormaciensi,
2930 2604 3095 2683 quod
3132 2604 3327 2665 refert
3366 2602 3649 2674 Coclaeus,
3680 2602 3734 2661 in
3809 2668 3810 2671 Ἴ

2206 2696 2331 2757 fine
2374 2698 2517 2758 libri
2560 2697 2637 2759 de
2664 2698 2833 2757 Actis
2861 2697 3115 2759 Lutheri
3159 2694 3313 2760 :Ad
3346 2695 3495 2767 veri,
3540 2694 3729 2772 inquit,

2204 2790 2615 2855 Romam-um
2634 2790 3038 2870 Imperatoris
3066 2790 3342 2868 officium
3362 2786 3629 2871 pertinet,
3652 2804 3731 2847 ns-

2204 2902 2316 2965 que
2342 2884 2425 2947 ad
2442 2884 2796 2965 sanquinem
2826 2884 3103 2947 laborare
3134 2884 3203 2945 ob
3229 2889 3460 2945 sanctoe
3482 2880 3730 2943 Romam
3808 2922 3810 2933 ε

2204 2977 2503 3041 Ecclesiae
2540 2974 2961 3053 defensionem.
3002 2978 3138 3037 Huc
3176 2994 3329 3037 vero
3376 2971 3727 3035 annumerari

2206 3078 2461 3152 possunt
2486 3071 2753 3132 honores
2798 3088 2953 3149 quos
2996 3068 3295 3132 Catholici
3348 3070 3719 3147 Imperatores,

2206 3165 2478 3226 fremant
2505 3164 2647 3225 licet
2674 3164 3039 3244 Apostolicae
3080 3163 3261 3225 Sedis
3299 3163 3525 3224 hostes.
3548 3162 3722 3223 Roma-

2214 3258 2313 3317 nis
2352 3256 2747 3337 pontificibus
2780 3257 3132 3318 exhibuisse
3167 3256 3519 3335 accepimus
3534 3299 3553 3330 ,
3590 3252 3731 3331 pedes

2216 3348 2447 3411 scilicet
2490 3348 2872 3412 exosculatos
2906 3348 3095 3410 fuisse
3113 3394 3133 3424 ,
3182 3366 3421 3428 equum
3472 3347 3629 3407 freno
3666 3350 3735 3403 te·

2218 3444 2447 3517 nuisse,
2487 3450 2550 3503 et
2594 3441 2845 3503 similia.
2888 3442 3036 3517 Quae
3060 3443 3127 3503 in
3167 3442 3376 3503 edicto
3400 3435 3740 3501 Constantini

2218 3542 2662 3597 memorantur.
2715 3536 2797 3595 De
2830 3535 2971 3596 aliis
3004 3553 3250 3615 quoque
3311 3529 3740 3611 imperatoribus

2220 3634 2283 3691 et
2320 3627 2705 3708 principibus
2734 3628 3002 3707 vulgatae
3022 3635 3169 3689 sunt
3194 3627 3497 3689 historias.

2298 3722 2397 3783 14.
2458 3721 2747 3795 Quinum
2796 3739 2981 3802 ponus
3032 3722 3510 3785 testimoniorum
3528 3764 3545 3793 ,
3588 3716 3737 3777 luere-

2216 3814 2347 3880 tici.
2377 3845 2459 3860 —
2488 3814 2789 3887 Quintum
2820 3832 3015 3891 genus
3058 3814 3551 3875 testimoniorum
3580 3808 3737 3871 sumi-

2214 3915 2319 3969 tur
2356 3926 2435 3969 ex
2482 3907 2973 3971 confessionibus
3016 3907 3451 3969 haereticorum
3484 3950 3504 3980 ,
3552 3904 3649 3984 qui
3684 3902 3737 3960 in

2216 4001 2522 4081 principio
2552 4001 2833 4076 haeresis,
2868 4008 3203 4081 antequam
3244 4001 3333 4062 ab
3366 3998 3615 4061 Ecclesia
3638 3995 3739 4054 dis-

2216 4093 2529 4165 cederent,
2559 4092 2787 4155 obnixe
2814 4101 3109 4156 curarunt
3144 4094 3465 4155 adhaerere
3501 4092 3738 4152 Romano

2221 4186 2524 4261 Pontifici,
2568 4188 2630 4249 id
2668 4188 2856 4267 quod,
2895 4189 3005 4267 qui
3048 4190 3255 4249 minus
3290 4186 3529 4265 assequi
3564 4194 3740 4263 potue·

2218 4285 2389 4355 runt,
2432 4288 2583 4341 tunc
2617 4279 2869 4341 demum
2890 4281 3023 4341 ausi
3052 4287 3199 4341 sunt
3224 4290 3290 4343 et
3316 4279 3631 4341 Ecclesiam
3653 4273 3739 4333 dc-

2219 4391 2421 4435 serere
2473 4381 2537 4435 et
2583 4373 2753 4435 illius
2788 4376 3221 4435 auctoritatem
3268 4390 3535 4452 negare3
3584 4374 3739 4443 atque

2219 4467 2554 4548 aliquando
2582 4469 2835 4531 tandem
2862 4468 2943 4529 ad
2968 4466 3307 4529 Ecclesiam
3328 4463 3615 4537 conversi,
3640 4462 3736 4521 Ro-

2220 4561 2392 4623 mani
2449 4560 2764 4624 Pontificis
2815 4562 3251 4624 auctoritatem
3298 4566 3443 4622 sunt
3492 4552 3733 4638 professi.

2223 4654 2397 4715 Prior
2424 4672 2565 4733 pars
2591 4654 2903 4733 colligitur
2934 4672 3010 4716 ex
3046 4654 3199 4715 actis
3224 4653 3496 4733 plurium,
3531 4647 3736 4711 hereti-

2222 4765 2437 4809 corum
2482 4748 3052 4823 schismaticorum;
3090 4765 3239 4809 nam
3279 4748 3652 4815 Fortunatus,
3686 4740 3735 4797 in

2220 4858 2335 4910 sua
2378 4859 2566 4903 causa
2590 4888 2608 4914 ,
2660 4841 2740 4903 ad
2784 4843 2947 4903 Petri
3007 4840 3363 4903 cathedram
3408 4832 3731 4919 appellavit.

2220 4934 2386 5013 apud
2429 4934 2831 5015 Cyprianum,
2869 4933 2915 4994 l.
2963 4937 3023 5011 1,
3066 4932 3307 5013 epistol.
3353 4935 3395 4995 3
3428 4938 3487 4993 et
3511 4932 3569 4990 4.
3612 4928 3737 4986 Item

2221 5027 2610 5109 Abaylardus
2647 5028 2813 5107 apud
2850 5027 3256 5103 Bernardum,
3298 5026 3473 5105 epist.
3514 5022 3655 5097 1095
3688 5022 3737 5076 et

2220 5120 2624 5199 Augustinus,
2645 5120 2757 5181 lib.
2777 5124 2815 5183 2
2836 5120 2913 5181 de
2938 5121 3191 5183 Peccato
3210 5118 3513 5199 originali,
3536 5133 3657 5192 cap.
3684 5112 3732 5177 7.

2222 5220 2286 5275 et
2312 5214 2419 5274 lib.
2448 5218 2485 5275 2
2504 5219 2718 5275 contra
2742 5213 3085 5289 Julianum,
3106 5214 3175 5273 in
3200 5212 3358 5286 fine,
3372 5209 3573 5271 scribit
3598 5203 3736 5265 Pela-

2220 5308 2397 5385 gium
2452 5312 2515 5367 et
2562 5306 2889 5369 Celestium
2944 5304 3299 5386 promisisse
3354 5305 3421 5365 in
3468 5294 3732 5381 principio

2222 5400 2621 5463 damnaturos
2652 5418 2717 5463 se
2753 5400 2967 5461 omnia
3000 5416 3139 5481 quae
3177 5395 3559 5461 Innocentius
3594 5391 3730 5471 Papa
