3900 6217
713 411 882 464 SECT.
917 411 1002 463 m.
1039 410 1204 474 QUOD
1235 409 1461 472 nomm,
1498 410 1578 461 ΕΤ
1609 409 1726 461 SUB
1755 409 1881 472 QUA
1913 409 2185 465 RATIONE
2216 412 2315 465 sn·
2346 413 2676 478 omi-:crum
2712 415 2847 468 ETC.

215 523 306 576 tur
327 513 442 594 ipsi
471 513 592 572 Deo
613 557 632 588 ,
675 523 750 571 ut
775 511 1082 591 principio
1117 513 1320 573 omnis
1347 512 1540 572 nostri
1569 510 1740 571 boni.

211 609 294 670 Ad
321 605 724 684 objectionem
761 623 909 684 ergo
937 605 1001 664 in
1026 604 1248 680 forma,
1301 609 1567 683 negatur
1600 604 1746 664 hinc

211 701 368 779 sequi
395 698 808 759 confusionem
841 698 1064 758 harum
1097 697 1398 758 virtutum
1433 715 1450 758 ε
1496 715 1642 758 nam
1671 696 1744 756 li-

211 801 293 854 cct
318 799 480 854 actus
505 809 721 852 earum
756 793 820 852 in
857 791 1216 852 nominibus
1251 791 1581 852 convenire
1608 808 1746 869 pos-

207 888 340 960 sint,
369 891 570 946 tamen
599 903 666 946 re
691 885 909 964 ipsaet
935 885 1136 963 specie
1163 890 1309 944 sunt
1337 883 1634 948 distincti.
1665 882 1743 942 si-

209 985 300 1040 cut
320 995 489 1038 amor
504 977 950 1039 benevolentiae
976 984 1038 1038 et
1065 977 1377 1051 amicitias,
1409 982 1478 1035 ut
1509 975 1744 1036 dictum

209 1080 308 1134 est.
353 1071 520 1144 Quod
567 1089 715 1131 vero
757 1071 981 1130 attinet
1025 1071 1102 1130 ad
1151 1069 1741 1143 denominationem,

209 1181 570 1243 unaquaeque
619 1164 844 1224 harum
899 1164 1298 1224 denominata
1348 1162 1467 1221 fuit
1513 1163 1594 1220 ab
1643 1177 1742 1234 eo,

199 1258 354 1338 quod
395 1264 485 1317 est
517 1257 937 1332 excellentiuS,
973 1257 1073 1317 vel
1113 1255 1447 1330 difficilius»,
1495 1261 1746 1334 propter

210 1351 353 1429 quod
383 1351 682 1429 proecipue
708 1349 927 1424 datm-3
966 1349 1030 1410 in
1055 1347 1353 1410 charitate
1384 1353 1590 1408 autem
1623 1348 1745 1425 pri-

207 1459 360 1503 mum
415 1448 480 1502 et
521 1442 902 1520 praecipuum
947 1449 1060 1520 est,
1085 1443 1216 1519 ipsa
1264 1441 1423 1502 ratio
1459 1440 1746 1501 amicitiae

207 1538 435 1610 divinae,
466 1541 527 1596 et
552 1535 704 1596 hinc
721 1536 890 1597 dicta
916 1536 1034 1596 fuit
1063 1534 1329 1596 charitas
1354 1557 1371 1608 3
1404 1551 1550 1593 nam
1579 1533 1748 1612 quod

209 1629 502 1692 interdum
541 1630 748 1690 eliciat
771 1635 982 1689 actum
1023 1627 1307 1691 desiderii
1333 1628 1430 1689 vel
1460 1628 1608 1707 spei,
1657 1633 1746 1688 est

205 1742 330 1784 raro
355 1731 416 1784 et
439 1725 616 1802 quasi
654 1741 764 1802 per
791 1722 1074 1784 accidens
1107 1722 1222 1797 illi,
1251 1726 1501 1801 propter
1531 1721 1746 1782 absen-

205 1818 340 1878 tiam
387 1822 449 1877 et
493 1815 923 1876 difficultatem
979 1815 1128 1876 boni
1183 1815 1347 1894 quod
1407 1815 1746 1893 quaerimus

206 1909 382 1972 amico
399 1932 417 1984 ;
459 1915 526 1970 at
563 1927 708 1972 vero
749 1910 816 1970 in
845 1927 975 1988 spe,
1024 1909 1086 1970 id
1125 1908 1292 1988 quod
1333 1915 1426 1968 est
1463 1907 1749 1968 difficilli-

205 2021 382 2074 mum,
415 2009 477 2062 et
512 2009 763 2082 propter
788 2001 954 2082 quod
981 2019 1292 2081 praecapue
1323 2002 1529 2076 datur,
1562 2006 1654 2061 est
1681 2007 1750 2061 ut

205 2095 513 2157 efficaciter
567 2096 965 2156 intendamus
1029 2095 1474 2156 beatitudinem
1537 2092 1750 2154 absen-

207 2205 346 2260 tem,
397 2189 682 2268 quamvis
722 2190 982 2248 arduam
1024 2193 1086 2248 et
1126 2187 1475 2261 difficilem
1517 2195 1578 2248 et
1601 2187 1750 2248 hinc

205 2283 348 2344 dicta
373 2282 488 2342 fuit
521 2280 629 2343 illa
657 2284 855 2345 virtus
883 2300 1042 2364 spes,
1073 2280 1358 2360 quamvis
1389 2298 1515 2340 non
1545 2280 1744 2342 solum

207 2375 354 2436 hunc
389 2381 603 2436 actum
631 2374 858 2450 eliciat,
899 2376 1058 2435 sicut
1091 2373 1468 2448 Aristotelea,
1501 2376 1540 2435 2
1583 2380 1648 2434 et
1681 2374 1745 2448 6,

209 2467 412 2544 Ethic„
443 2471 621 2548 ponit
655 2467 1084 2528 fortitudinem
1109 2467 1338 2528 versari
1367 2466 1430 2525 in
1464 2465 1748 2547 periculis

205 2559 354 2635 belli,
381 2562 862 2640 temperantiam
891 2561 954 2620 in
981 2559 1490 2620 delectationibus
1515 2565 1740 2632 tactus;

204 2671 314 2714 non
349 2655 494 2732 quia
533 2671 658 2714 non
693 2653 964 2715 habeant
999 2653 1151 2714 alias
1194 2653 1482 2713 materias
1509 2652 1611 2712 vel
1651 2671 1747 2714 ac-

205 2753 311 2820 ιιιε,
337 2747 438 2808 sed
465 2747 620 2826 quia
641 2747 710 2808 hi
735 2753 882 2808 sunt
902 2746 1192 2828 praecipui
1217 2753 1280 2808 ct
1307 2745 1698 2808 difficiliores.

275 2843 362 2902 19.
403 2841 792 2904 Extenditur
813 2841 1112 2922 proediota
1133 2838 1546 2921 responsio-
1569 2839 1744 2900 Addo

207 2951 352 3008 vcro,
377 2933 566 3011 juxta
595 2934 667 2994 D.
707 2934 1030 3008 Thomam,
1063 2933 1382 2996 interdum
1415 2950 1592 3012 posse
1633 2950 1744 2994 nos

211 3047 298 3106 per
320 3029 618 3090 virtutem
645 3030 774 3108 spei
839 3047 1082 3108 sperare
1127 3027 1291 3090 bona
1329 3027 1645 3106 proximis,
1689 3027 1742 3088 si

206 3120 296 3182 illa
321 3140 452 3200 spes
491 3141 626 3183 non
655 3123 1010 3184 immediate
1053 3141 1130 3183 ex
1168 3121 1402 3182 motivo
1427 3120 1743 3181 charitatis

203 3216 432 3283 oriatur.
475 3216 586 3278 sed
633 3217 920 3296 respiciat
944 3217 1180 3278 honum
1231 3222 1295 3278 et
1346 3216 1742 3276 commodum

204 3309 468 3385 proximi,
505 3317 816 3389 quatenus
861 3310 1017 3370 mihi
1075 3327 1153 3370 ex
1201 3309 1409 3388 aliquo
1473 3308 1746 3368 naturali

201 3401 366 3462 modo
413 3403 984 3480 conjunctus;non
1025 3403 1192 3482 quod
1227 3401 1336 3464 illa
1391 3401 1746 3479 conjunctio

205 3494 271 3554 sit
315 3497 468 3556 ratio
514 3496 770 3556 amandi
841 3513 1052 3558 amorc
1113 3495 1592 3576 supernaturali,
1639 3494 1748 3555 sed

203 3587 346 3666 quod
385 3590 462 3654 sit
515 3589 790 3650 conditio
835 3591 1145 3668 quaedam,
1190 3607 1313 3668 qua
1367 3589 1588 3668 posita,
1632 3605 1748 3665 ego

205 3681 498 3744 considero
533 3682 930 3742 commodum
963 3681 1216 3744 alterius
1259 3687 1556 3760 tanquam
1583 3697 1750 3740 com-

205 3773 440 3836 modum
461 3792 624 3836 mete
650 3780 924 3849 naturoe3
958 3791 1105 3835 nam
1143 3774 1304 3835 sicut
1331 3791 1446 3851 ego
1467 3792 1566 3834 me
1605 3791 1748 3833 amo

203 3883 392 3928 amore
439 3868 961 3946 concupiscentioe
1017 3866 1494 3948 supernaturali,
1526 3885 1750 3946 suppo—

201 3957 306 4018 sita
335 3960 774 4038 conjunctione
819 3959 1087 4022 nanu-ali
1129 3959 1206 4020 ad
1257 3977 1359 4020 me
1401 3959 1628 4038 ipsum,
1661 3961 1748 4020 ita

205 4069 433 4128 possum
478 4071 694 4116 amare
721 4053 944 4116 eodem
981 4071 1194 4114 amore
1239 4053 1747 4131 concupiscentiae

205 4160 290 4204 res
313 4145 458 4207 alias
483 4145 646 4208 mihi
683 4145 1046 4208 naturaliter
1073 4145 1456 4224 conjunctas,
1481 4151 1552 4204 ut
1597 4144 1748 4206 tales

208 4245 363 4310 sunu
394 4237 710 4318 quomodo
751 4244 952 4300 mater
977 4244 1172 4318 potest
1196 4255 1404 4300 amare
1447 4237 1577 4298 filio
1605 4238 1748 4299 bea·

207 4329 514 4394 titudinem
533 4331 1068 4411 supernaturalem
1085 4331 1153 4393 in
1175 4331 1572 4392 commodum
1593 4331 1745 4408 ejus,

209 4422 356 4484 nihil
375 4425 706 4504 cogitando
733 4425 808 4486 de
827 4425 936 4486 Dei
965 4425 1184 4502 gloria,
1216 4423 1314 4484 vel
1340 4424 1416 4486 de
1443 4423 1566 4484 alio
1613 4441 1750 4502 pro-

207 4515 324 4591 prio
347 4518 576 4578 motivo
597 4517 942 4596 charitatis3
977 4517 1140 4578 unde
1165 4517 1408 4578 etiamsi
1433 4518 1562 4596 ipsa
1587 4518 1666 4577 sit
1685 4516 1752 4574 in

207 4616 431 4685 peccato
459 4611 730 4683 mortali,
773 4617 971 4690 potest
1010 4610 1238 4672 habore
1272 4610 1441 4670 hunc
1476 4627 1752 4670 amorem

207 4719 337 4780 erga
361 4701 583 4765 filium.
617 4704 788 4764 Patet
811 4704 1000 4766 etiam
1029 4721 1067 4765 a
1083 4703 1275 4764 simili
1288 4719 1306 4778 ;
1333 4721 1480 4764 nam
1507 4709 1754 4783 appete-

205 4811 264 4854 re
279 4795 575 4858 honorem
593 4797 1080 4875 consanguineo,
1105 4797 1552 4858 considerando
1571 4797 1752 4856 illum

207 4895 490 4966 quatenus
539 4891 620 4952 ad
679 4909 780 4952 me
809 4897 1065 4970 spectat,
1105 4908 1320 4952 revera
1367 4895 1459 4951 est
1497 4889 1752 4969 quidam

209 4997 370 5042 amor
407 4984 914 5063 concupiscentiae
955 4983 1298 5044 naturalis:
1328 4987 1392 5042 et
1432 4983 1592 5042 ratio
1635 4985 1749 5056 est,

211 5074 344 5151 qaia
379 5078 448 5136 in
467 5076 588 5137 hoc
612 5094 824 5138 amore
859 5077 1098 5138 bonum
1121 5077 1378 5138 alterius
1405 5076 1752 5138 considera-

207 5171 316 5242 tur,
357 5175 662 5247 quatenus
707 5169 917 5250 aliquo
956 5171 1141 5232 modo
1167 5171 1236 5230 in
1277 5189 1378 5230 me
1417 5169 1747 5245 redundat,

208 5264 264 5318 et
303 5268 368 5320 ut
415 5261 654 5322 bonum
693 5281 848 5324 meae
897 5267 1172 5339 naturae3
1203 5269 1268 5322 et
1299 5263 1462 5336 ideo,
1507 5267 1574 5321 ut
1637 5261 1746 5338 sic,

207 5355 746 5432 concupiscentiam
787 5361 1026 5434 spectat
1046 5399 1067 5430 ,
1121 5363 1186 5416 et
1225 5356 1432 5418 differt
1472 5375 1510 5417 a
1549 5357 1752 5418 chari-

210 5449 342 5520 tate,
369 5449 518 5526 quia
541 5446 672 5510 haee
699 5449 886 5510 etiam
907 5449 976 5508 in
1003 5449 1271 5510 amando
1297 5449 1458 5511 bono
1487 5449 1754 5529 proximi

211 5553 434 5617 semper
475 5540 831 5604 immediate
878 5541 1148 5604 intendit
1187 5544 1292 5604 Dei
1321 5543 1608 5621 gloriam,
1644 5541 1754 5604 ho·

518 5661 618 5705 111.

3263 415 3384 476 60⁹

1827 529 2082 588 norem,
2136 519 2198 573 et
2240 513 2670 577 excellentiam
2714 513 2863 577 boni
2908 516 3103 579 divini
3158 537 3379 582 secun-

1825 603 1974 663 dum
2002 623 2087 664 se.

1903 698 2006 758 20.
2058 697 2294 772 Quarto
2331 701 2649 764 conclusio
2690 734 2770 748 —
2808 703 3027 766 Prima
3054 707 3384 771 observatio

1825 791 1993 853 circo
2036 793 2487 857 conclusionem.
2528 827 2611 842 -
2652 797 2799 858 Dico
2828 805 3046 878 quarto
3079 801 3383 862 rationem

1822 883 2149 945 formalem
2172 885 2396 964 objecti
2420 888 2549 966 spei
2580 907 2712 949 0550
2749 890 2969 967 Deum,
3002 898 3070 951 ut
3097 901 3188 954 est
3219 913 3383 955 sum-

1823 993 1999 1038 mum
2039 975 2271 1039 bonum
2312 987 2614 1057 nostrum,
2648 987 2710 1042 et
2748 983 2813 1042 in
2854 983 2973 1044 hoc
3015 984 3262 1048 differre
3302 987 3381 1048 ab

1823 1071 2065 1151 objecto
2094 1073 2171 1133 fo.
2191 1074 2337 1135 mali
2361 1075 2696 1137 charitatis
2728 1079 2873 1138 Haec
2898 1081 3205 1142 conclusio
3234 1083 3382 1144 satis

1823 1171 1993 1246 patet
2025 1187 2100 1228 ex
2129 1168 2340 1229 dictis:
2387 1169 2585 1230 solum
2632 1177 2777 1230 sunt
2811 1173 2934 1233 duo
2974 1174 3377 1239 observanda.

1827 1260 2129 1336 Primum,
2184 1281 2326 1321 cum
2369 1261 2685 1341 loquimur
2720 1265 2795 1325 de
2834 1265 3108 1328 bonitate
3157 1269 3287 1345 Dei,
3318 1271 3380 1332 id

1825 1370 1999 1434 posse
2038 1354 2302 1433 intelligi
2347 1361 2455 1415 aut
2483 1355 2558 1416 de
2592 1357 2719 1417 sola
2758 1357 3033 1420 bonitate
3068 1361 3379 1438 increata,

1827 1450 1936 1505 aut
1962 1446 2041 1507 de
2078 1452 2250 1507 omni
2283 1449 2751 1528 participatione
2796 1452 3071 1528 ejusdem
3114 1453 3344 1516 ordinis
3365 1472 3385 1532 ;

1826 1543 1888 1599 et
1908 1544 2169 1620 utroque
2187 1541 2367 1602 modo
2382 1549 2577 1620 potest
2600 1543 2900 1622 assignari
2914 1545 3029 1605 hoc
3046 1546 3378 1625 objectum,

1825 1638 2072 1693 servata
2120 1633 2514 1712 proportione
2564 1635 2638 1694 ad
2688 1652 2761 1695 ea
2795 1654 2934 1715 quae
2986 1636 3255 1700 diximus
3308 1641 3385 1704 de

1827 1723 2149 1800 charitate,
2182 1725 2408 1805 disput.
2448 1729 2505 1801 ¹,
2542 1728 2791 1790 section.
2850 1733 2911 1791 2.
2958 1730 3235 1792 Alterum
3267 1740 3383 1810 est,

1827 1815 1946 1877 hoc
1988 1817 2297 1896 objectum
2339 1818 2677 1880 secundum
2719 1837 2783 1880 50
2820 1839 2950 1882 0550
2992 1823 3381 1904 adaequatum

1825 1909 1942 1989 ipsi
1986 1911 2221 1987 virtuti,
2272 1911 2459 1972 etiam
2498 1913 2837 1974 secundum
2882 1933 2965 1987 50,
3013 1923 3071 1977 et
3106 1917 3386 1981 absolute

1827 2003 2226 2064 consideratae
2240 2025 2257 2079 ;
2311 2009 2521 2064 tamen
2564 2005 2614 2065 si
2642 2013 3030 2086 comparetur
3072 2009 3147 2070 ad
3186 2013 3387 2075 varios

1829 2102 2002 2157 actus
2024 2096 2211 2175 hujus
2235 2097 2504 2173 virtutiS,
2534 2097 2688 2160 illud
2728 2098 2985 2174 bonum,
3018 2109 3088 2163 ut
3109 2103 3387 2166 absolute

1829 2189 2153 2268 diligibile,
2190 2195 2281 2251 est
2308 2190 2618 2269 ohJectum
2652 2194 2914 2272 amoris3
2966 2202 3035 2256 ut
3077 2215 3223 2258 vero
3277 2199 3387 2259 ab·

1828 2299 1989 2356 seua,
2038 2289 2101 2343 et
2148 2301 2291 2344 cum
2331 2283 2691 2347 difficultate
2740 2290 3247 2368 comparandum,
3298 2299 3389 2354 est

1827 2373 2140 2452 objectum
2168 2377 2335 2455 spei3
2372 2382 2443 2437 ut
2466 2377 2733 2457 denique
2769 2379 3111 2458 obtentum,
3136 2383 3255 2444 erit
3281 2385 3389 2445 ob-

1820 2467 2056 2546 jectum
2098 2469 2420 2548 cujusdam
2468 2470 2779 2532 fruitionis
2820 2480 2882 2533 et
2926 2474 3385 2555 delectationis;

1826 2579 1977 2622 nam
2010 2559 2151 2623 licet
2170 2563 2268 2622 hae
2292 2564 2675 2625 conditiones
2694 2565 2996 2629 sufficiant
3019 2569 3096 2628 ad
3126 2570 3389 2632 diversi·

1825 2659 2017 2714 tatem
2048 2661 2297 2716 actuum
2330 2662 2578 2734 propter
2606 2657 2879 2719 diversos
2898 2661 3108 2722 modos
3136 2663 3392 2725 tenden-

1826 2747 1916 2822 di,
1951 2755 2163 2808 tamen
2193 2747 2463 2823 habituS,
2490 2750 2597 2828 qui
2634 2753 2982 2830 generalius
3010 2755 3387 2836 principium

1827 2846 1940 2916 est,
1982 2847 2194 2901 manet
2230 2840 2419 2909 idem,
2453 2847 2513 2901 et
2540 2843 2736 2903 tendit
2764 2843 2828 2903 in
2856 2849 3056 2906 totum
3083 2846 3391 2926 objectum

1821 2932 2164 2992 secundum
2190 2951 2278 3008 se,
2326 2941 2396 2994 ut
2434 2941 2603 3016 patet
2656 2936 2938 2999 similiter
2975 2939 3037 2998 in
3066 2937 3387 3018 charitate,

1824 3027 1977 3086 etin
2006 3041 2237 3102 amore,
2271 3033 2332 3086 et
2360 3027 2525 3104 odio,
2554 3035 2618 3088 et
2644 3029 2781 3089 aliis
2812 3029 3136 3092 similibus

1905 3120 2009 3178 2¹.
2061 3119 2487 3195 corollarium,
2510 3139 2629 3182 non
2674 3137 2850 3204 posse
2900 3127 3389 3206 omnipotentiam

1825 3215 1940 3277 Dei
1971 3213 2283 3292 asaiynari
2316 3231 2433 3295 pro
2457 3216 2706 3292 formali
2734 3215 2955 3295 objecto
2982 3219 3391 3302 speie—Unde

1827 3305 2099 3367 habetur
2126 3321 2253 3366 non
2287 3323 2460 3385 posse
2488 3313 2656 3368 recte
2705 3309 3026 3388 assignari,
3074 3311 3141 3372 in
3191 3313 3394 3394 objec-

1831 3406 1973 3460 tum
2022 3399 2215 3478 hujus
2260 3399 2506 3460 virtutis
2550 3401 2847 3476 formale,
2878 3407 3391 3484 omnipotentiam

1831 3493 1987 3568 Dei;
2030 3510 2179 3552 nam
2220 3491 2349 3554 haec
2376 3499 2469 3552 est
2513 3495 2829 3556 materiale
2858 3497 3165 3575 quoddam
3190 3499 3393 3580 ohJ'ec-

1830 3592 1993 3659 tum,
2029 3584 2127 3646 vel
2170 3585 2338 3660 fidei,
2364 3585 2465 3645 vel
2513 3588 2969 3665 quodammodo
3015 3593 3203 3653 etiam
3237 3595 3388 3673 spei,

1831 3685 2137 3758 quatenus
2154 3679 2287 3756 ejus
2306 3679 2469 3738 actio
2495 3680 2726 3758 sperari
2756 3689 2973 3760 potest.
3000 3685 3173 3758 Quod
3203 3688 3393 3748 etiam

1829 3770 2268 3847 confirmatur-3
2300 3787 2447 3830 nam
2474 3772 2527 3830 si
2570 3770 2703 3832 haec
2730 3775 2890 3834 ratio
2940 3783 3097 3836 esset
3145 3781 3392 3858 propria

1829 3865 2091 3944 alicujus
2119 3864 2386 3939 virtutiS,
2420 3871 2731 3944 oporteret
2778 3874 3065 3945 quartam
3095 3869 3388 3932 virtutem

1819 3958 2267 4035 -Theologicam
2306 3957 2590 4018 invenire
2606 3971 2627 4035 3
2677 3965 2993 4021 ostensum
3048 3965 3140 4022 est
3192 3966 3382 4037 enim,

1835 4058 2060 4131 praeter
2080 4050 2265 4112 fidem
2300 4057 2362 4112 et
2388 4050 2775 4128 charitatem,
2810 4071 2937 4114 esse
2984 4058 3394 4120 necessariam

1829 4145 2078 4206 tertiam
2100 4143 2311 4216 aliam,
2338 4161 2479 4223 qnae
2507 4145 2774 4224 perfecte
2803 4153 2971 4209 amat
3002 4150 3193 4210 Deum
3228 4169 3398 4211 amo-

1830 4255 1899 4298 m
1966 4237 2483 4316 concupiscentiae
2556 4242 3035 4318 supernaturali,
3075 4248 3136 4303 et
3191 4243 3395 4305 eliciat

1829 4335 2003 4390 actus
2026 4330 2137 4408 qui
2164 4336 2627 4409 consequuntur
2642 4331 2807 4392 hunc
2826 4351 3099 4396 amorem
3130 4351 3150 4412 3
3176 4337 3227 4398 si
3248 4353 3395 4415 ergo

1830 4423 2283 4502 omnipotentia
2334 4428 2433 4482 est
2472 4441 2634 4483 nova
2692 4425 2850 4485 ratio
2905 4426 3091 4505 hujus
3140 4428 3391 4508 objecti,

1831 4516 2141 4594 oportebit
2164 4521 2449 4595 quartam
2476 4517 2772 4577 virtutem
2800 4519 3110 4597 assignare
3134 4528 3196 4582 et
3218 4539 3397 4583 exco-

1835 4610 2069 4686 gitare3
2103 4609 2269 4687 quod
2300 4609 2557 4670 omnino
2588 4609 2809 4670 falsum
2840 4619 2949 4673 est.

1914 4705 2015 4764 22.
2092 4701 2330 4765 Ultima
2386 4703 2699 4764 conclusio.
2736 4733 2819 4749 -
2850 4701 3027 4769 Sooti
3065 4713 3120 4768 ol
3173 4705 3399 4772 Ochum

1835 4797 2134 4860 sententia
2172 4793 2495 4871 refellitur.
2516 4797 2749 4858 -Dico
2800 4799 3020 4859 ultimo
3070 4819 3240 4880 spem
3270 4820 3398 4864 esse

1834 4893 2133 4952 virtutem
2164 4908 2229 4949 re
2262 4889 2614 4950 distinctam
2640 4907 2678 4950 a
2710 4891 3027 4954 charitate.
3054 4893 3199 4955 Haec
3252 4914 3397 4956 con·

1833 4985 2049 5061 clusio,
2078 4989 2383 5062 quantum
2410 4983 2487 5043 ad
2522 4983 2981 5046 distinctionem
3012 4988 3391 5068 simpliciter,

1831 5079 2079 5138 videtur
2106 5093 2235 5138 esse
2265 5077 2341 5136 de
2387 5076 2527 5150 fide,
2558 5093 2637 5136 ex
2668 5077 2853 5138 citato
2881 5077 3016 5140 loco
3072 5082 3099 5139 1
3155 5081 3231 5140 ad
3286 5083 3399 5142 Co·

1833 5171 2031 5232 rinth.
2074 5171 2173 5245 13,
2209 5173 2273 5230 et
2313 5169 2458 5229 facit
2505 5171 2543 5229 2
2591 5167 2669 5228 ad
2714 5170 2983 5232 Timoth.
3017 5176 3087 5233 2:
3149 5172 3400 5237 Sectam

1820 5264 2167 5344 factitiam,
2216 5263 2419 5340 fidant,
2466 5279 2657 5344 spem,
2719 5263 3094 5340 chao-itatem,
3140 5271 3284 5341 etc„
3340 5273 3402 5326 et

1831 5357 2235 5418 Ecclesiastici
2254 5357 2333 5417 24
2352 5373 2367 5415 ε
2394 5355 2533 5434 Eoo
2548 5359 2741 5418 mater
2748 5357 3025 5434 pulchrae
3039 5357 3398 5428 dilectionis,

1835 5459 1888 5514 et
1927 5451 2313 5530 coquitionis,
2342 5456 2396 5510 el
2421 5452 2649 5510 sanotae
2676 5455 2823 5528 spei.
2851 5451 2925 5509 Et
2958 5450 3122 5511 favet
3146 5452 3403 5511 Triden-

1835 5543 2065 5617 tinum,
2092 5559 2241 5603 sesa.
2270 5546 2337 5617 6,
2376 5559 2512 5602 can.
2560 5543 2619 5601 3.
2658 5542 2733 5600 Et
2760 5553 2855 5601 cst
2874 5543 3221 5604 communis
3270 5561 3402 5606 mo-

3004 5649 3083 5710 39
