3900 6217
790 394 964 454 silc-T.
997 396 1077 456 vl.
1115 399 1199 458 Art
1232 396 1417 461 Palm
1454 398 1719 467 tumus
1750 392 2190 467 utrumn-rrae
2223 394 2508 466 cocum,
2547 394 2680 454 Ετε.

138 486 235 567 qui
272 494 489 554 autem
519 492 715 557 credit
742 514 859 577 per
896 496 1087 561 fidem
1130 498 1404 581 divinam
1432 499 1695 579 aliquid,

142 582 271 661 quia
300 580 540 672 dictum
568 606 607 649 a
654 588 807 665 Deo,
834 592 1191 655 necessario
1214 582 1435 669 credit,
1473 594 1699 659 saltem

143 676 373 749 virtute,
408 680 607 743 Deum
642 698 783 745 esse
812 702 1102 749 veracem
1136 683 1204 748 in
1240 686 1533 749 omnibus
1554 704 1699 765 quoe

142 768 295 841 dicit,
330 778 392 833 et
417 770 629 837 dicere
674 780 903 857 potest.
956 779 1209 844 Etratio
1240 785 1357 853 est,
1402 779 1554 859 quia
1584 779 1695 859 qui

144 864 321 925 credit
347 864 637 946 aliquam
664 868 989 933 veritatem
1014 870 1185 947 fidei,
1206 873 1402 935 credit
1431 872 1599 949 illam
1630 878 1699 933 ut

148 956 386 1023 omnino
428 958 863 1035 infallibilem
898 982 1046 1043 crgo
1106 964 1303 1029 credit
1339 966 1465 1027 Deo
1506 970 1575 1027 ut
1608 964 1696 1027 di·

151 1052 301 1116 centi
334 1073 580 1129 renim,
642 1075 771 1117 non
819 1058 1023 1119 solum
1064 1059 1131 1121 in
1175 1060 1279 1123 illa
1333 1058 1695 1141 particulari

146 1146 585 1227 propositione,
630 1150 745 1211 sed
774 1150 975 1213 etiam
1010 1157 1077 1213 ut
1116 1152 1170 1214 ei
1202 1152 1309 1235 qui
1340 1170 1461 1215 non
1494 1158 1701 1232 potest

140 1238 391 1301 fallere
375 1260 440 1303 ιιι
479 1234 881 1328 quacumque
915 1245 1058 1305 alia.
1092 1244 1162 1307 In
1185 1246 1303 1323 hoc
1332 1263 1481 1325 ergo
1512 1244 1700 1317 modo

137 1328 453 1407 credendi,
484 1334 590 1417 qui
622 1329 887 1401 fortasse
920 1344 1017 1399 est
1034 1357 1151 1423 per
1190 1358 1259 1401 se
1308 1339 1700 1403 necessarius

135 1424 209 1485 ad
252 1422 472 1507 fidem,
530 1429 689 1491 ratio
744 1426 1027 1495 formalis
1088 1432 1314 1513 objecti
1352 1431 1522 1505 fidei,
1571 1450 1701 1495 non

136 1536 241 1597 per
282 1518 693 1595 euidentiam,
729 1524 841 1585 sed
888 1544 1005 1607 per
1039 1512 1231 1587 fidem
1276 1526 1697 1605 cognoscitur,

142 1614 277 1692 quia
320 1617 731 1698 cognoscitur
790 1618 1013 1683 eodem
1048 1622 1191 1681 actu
1246 1636 1371 1699 quo
1422 1637 1524 1681 res
1565 1619 1657 1702 ip
1632 1636 1699 1680 sa

149 1706 365 1769 credita
394 1709 819 1788 cognoscitur.

216 1806 269 1863 7.
306 1802 629 1869 Probatur
648 1806 719 1868 de
746 1811 886 1871 actu
916 1806 1169 1889 duplici.
1182 1837 1263 1852 —-
1287 1804 1699 1885 confirmatur

134 1898 345 1978 primo.
378 1930 465 1943 —
507 1894 919 1988 Confirmatur
952 1902 1230 1965 secundo.
1248 1901 1693 1983 —Effupium

132 2022 207 2034 -—
233 1984 615 2055 obstruitur.
640 2024 723 2039 —
752 1992 1154 2075 conlimatur
1202 2012 1275 2057 ex
1302 1995 1385 2057 D.
1443 1994 1693 2059 Thoma-

128 2116 204 2129 —
230 2084 291 2145 Si
330 2092 551 2147 autem
592 2106 707 2167 per
748 2086 1068 2149 distinctos
1104 2094 1281 2149 actus
1309 2088 1535 2169 aliquis
1562 2108 1699 2149 cre-

128 2178 227 2239 dat
254 2177 455 2241 Deum
502 2198 642 2243 esse
671 2200 981 2257 veracem,
1018 2185 1079 2242 et
1109 2201 1244 2245 esse
1276 2200 1472 2243 unum
1505 2188 1563 2243 et
1589 2182 1698 2245 tri-

126 2290 301 2343 num,
338 2276 497 2335 tunc
542 2272 863 2355 interrogo
908 2276 1190 2351 ulterius,
1224 2294 1307 2345 an
1332 2293 1493 2335 unus
1522 2281 1697 2337 actus

124 2364 426 2432 fundetur
466 2368 531 2428 in
584 2368 731 2443 alio,
786 2370 886 2430 vel
914 2372 1157 2431 tantum
1210 2368 1701 2451 concomitanter

128 2478 189 2520 se
218 2460 462 2523 habeat
496 2482 511 2520 :
544 2479 707 2524 nam.
724 2460 775 2521 si
798 2462 917 2523 hoc
943 2454 1267 2541 posteriori
1297 2462 1483 2526 modo
1512 2461 1698 2524 simul

130 2560 537 2630 concurrant,
572 2552 839 2617 fortasse
870 2574 999 2618 non
1025 2556 1400 2637 repugnabit
1425 2555 1699 2637 priorem

128 2666 261 2709 esse
290 2654 545 2710 tantum
580 2650 957 2725 evidentem,
1006 2654 1071 2711 et
1118 2650 1528 2730 posteriorem
1558 2668 1699 2713 esse

123 2740 201 2801 de
230 2741 385 2817 fide,
428 2748 503 2805 ut
520 2749 742 2826 postea
764 2743 1196 2817 tractabimus3
1232 2744 1353 2805 hoc
1370 2748 1585 2805 autem
1609 2743 1701 2803 ni-

124 2832 217 2893 hil
250 2834 445 2897 refert
486 2835 567 2899 ad
615 2844 985 2917 praesentem
1028 2855 1306 2915 causam,
1364 2837 1515 2915 quia
1550 2843 1701 2898 tunc

142 2934 316 2989 actus
370 2929 624 2993 evidens
669 2949 799 2991 non
852 2930 1071 2993 fundat
1116 2928 1332 3007 fidem,
1382 2934 1445 2991 et
1482 2948 1701 3013 conso-

148 3026 407 3101 quenter
426 3022 588 3097 Deus
618 3042 751 3088 non.
776 3030 871 3096 est
900 3024 1219 3103 objectum
1253 3023 1539 3100 formale,
1568 3030 1701 3085 tan-

148 3122 271 3179 tum
316 3118 693 3203 tit-cognitus
724 3135 839 3199 per
866 3124 1073 3182 actum
1115 3117 1291 3181 illum
1318 3118 1695 3195 evidentem,

136 3208 651 3290 quandoquidem
676 3211 741 3274 in
760 3210 869 3273 illo
897 3230 1029 3273 non
1058 3210 1354 3290 fundatur
1402 3230 1699 3275 assensus

128 3298 297 3375 fidei,
330 3308 398 3364 ut
422 3304 836 3387 supponitur;
858 3304 911 3383 si
932 3310 1143 3366 autem
1171 3322 1331 3365 unus
1358 3310 1532 3368 actus
1557 3304 1699 3367 fun-

127 3394 313 3457 datur
335 3397 403 3459 in
428 3397 581 3474 alio,
610 3397 997 3479 impossibile
1042 3404 1139 3459 est
1190 3404 1399 3486 actum
1450 3397 1701 3461 eviden-

126 3492 247 3551 tem
272 3488 559 3554 fundare
582 3508 911 3553 assensum
936 3490 1107 3563 fidei,
1122 3496 1378 3572 propter
1390 3491 1699 3556 rationem

126 3580 379 3655 factam,
420 3582 597 3663 quod
638 3590 817 3647 actus
863 3585 1075 3647 minus
1106 3582 1443 3665 perfectus,
1480 3589 1544 3646 et
1589 3584 1700 3645 mi-

124 3692 233 3747 nus
268 3681 511 3749 certus.
546 3695 675 3741 non
694 3681 899 3759 potest
926 3696 1041 3759 per
1063 3696 1131 3740 se
1175 3677 1461 3741 sufficere
1490 3678 1573 3740 ad
1600 3696 1698 3739 ac-

122 3775 249 3829 tum
284 3770 805 3833 excellentiorem
840 3778 905 3835 et
926 3775 1279 3835 certiorem.
1310 3770 1695 3847 Declaratur,

108 3868 173 3922 et
198 3863 630 3927 confirmatur
664 3865 891 3945 primo,
918 3865 1065 3947 quia
1088 3872 1237 3933 tunc
1262 3866 1345 3927 illi
1369 3866 1495 3929 duo
1523 3872 1699 3929 actus

104 3957 407 4019 efficiunt
437 3958 779 4037 quemdam
798 3958 1173 4035 discursum,
1198 3966 1511 4039 quatenus
1533 3978 1698 4021 unus

108 4058 429 4133 causatur
454 4070 533 4113 ex
562 4051 707 4126 alio,
741 4058 803 4115 et
838 4060 933 4115 est
958 4052 1118 4115 ratio
1143 4053 1443 4127 alterius;
1492 4052 1605 4115 sed
1633 4053 1697 4113 in

114 4144 452 4219 discursu,
474 4146 859 4227 impossibile
885 4154 979 4209 est
1008 4165 1341 4211 assensum
1368 4146 1458 4210 rei
1490 4147 1699 4227 cogni·

114 4242 189 4299 1ae
218 4257 373 4302 esse
402 4241 739 4305 certiorem
759 4259 947 4321 quam
977 4241 1055 4302 sit
1077 4259 1373 4305 assensus
1387 4240 1691 4321 principii,

118 4350 223 4393 seu
286 4333 568 4395 rationis
616 4334 1034 4409 assentiendi3
1088 4353 1244 4415 ergo
1294 4334 1483 4397 etiam
1532 4335 1698 4395 inter

111 4426 255 4487 illos
304 4432 515 4505 actus,
574 4427 957 4509 impossibile
1016 4434 1115 4491 est
1150 4427 1322 4508 quod
1374 4446 1695 4503 assensuS,

108 4527 337 4581 certus
362 4526 617 4582 tantum
658 4539 775 4600 per
816 4520 1033 4583 lumen
1060 4522 1371 4597 naturale,
1416 4521 1495 4581 sit
1532 4520 1698 4583 suffi-

106 4615 293 4677 ciens
336 4614 721 4695 principium
748 4634 1045 4679 assensus
1092 4616 1259 4679 fidei.
1306 4615 1695 4695 Quapropter

108 4710 209 4769 vel
246 4710 397 4771 talis
412 4710 647 4775 modus
682 4710 1001 4773 discursus
1026 4710 1095 4771 in
1132 4709 1261 4773 fide
1307 4710 1519 4771 locum
1564 4727 1693 4771 non

112 4802 337 4878 hahet,
380 4810 459 4865 ut
480 4804 661 4868 multi
689 4805 929 4879 volunt,
974 4811 1036 4867 et
1081 4808 1301 4885 postea
1352 4801 1696 4883 disputabi-

114 4914 259 4959 mus
284 4896 620 4962 tractando
646 4898 725 4963 de
758 4904 904 4963 actu
922 4898 1091 4972 fidei,
1122 4898 1417 4978 disputat.
1447 4900 1509 4971 6,
1538 4901 1689 4959 sect.

108 4990 185 5061 4;
214 4990 326 5053 vel
360 4998 563 5067 certe,
594 4990 651 5053 si
674 4992 819 5065 talis
842 4990 1157 5053 discursus
1186 4989 1553 5065 admittitur,
1583 5008 1697 5051 ne-

110 5085 475 5148 cessarium
496 5090 687 5148 estut
710 5084 1031 5164 objectum
1062 5083 1325 5146 formale
1352 5082 1693 5163 proecedat,

111 5184 177 5237 ut
213 5179 551 5259 cognitum
580 5178 703 5241 fide
726 5178 953 5252 infusa,
984 5184 1049 5259 et
1072 5196 1199 5239 non
1225 5182 1468 5241 tantum
1510 5181 1697 5238 natu-

106 5272 357 5335 raliter.
394 5272 812 5351 Cpniinuatur
854 5270 1133 5333 secundo
1176 5290 1253 5333 ex
1294 5269 1496 5345 dictis,
1546 5270 1693 5350 quia

104 5362 255 5425 haec
304 5366 575 5430 veritas:
607 5367 779 5443 Dm
822 5385 949 5429 m
990 5371 1187 5446 potest
1216 5365 1409 5429 dicere
1435 5364 1689 5443 falsum,

102 5477 245 5521 non
278 5466 385 5523 est
410 5465 539 5538 tam
560 5460 831 5537 evidens
851 5458 1242 5531 naturaliter,
1276 5456 1429 5537 quin
1458 5457 1541 5520 ab
1580 5456 1693 5519 ali-

106 5554 355 5633 quibus
388 5554 609 5634 negari
656 5555 953 5635 potuerit,
1007 5552 1197 5617 etiam
1228 5552 1427 5615 doctu
1468 5558 1531 5615 et
1586 5568 1691 5615 ca-

448 5672 557 5723 ιιι.

3265 384 3348 457 65

1778 499 2056 573 tholicis;
2111 518 2262 579 ergo
2315 498 2696 579 impossibile
2727 504 2830 566 est,
2847 496 3046 562 utilia
3087 498 3342 567 veritas

1776 598 2021 657 tantum
2049 592 2420 657 naturaliter
2448 592 2720 671 cognita,
2769 591 2844 652 sit
2891 589 3204 655 sufficiens
3261 592 3344 653 ad

1777 686 2246 762 assentiendum
2276 686 2518 749 ratione
2545 685 2706 745 illius
2733 684 2910 749 alteri
2934 686 3340 764 propositioni

1778 781 2150 855 certitudine
2179 780 2325 843 fidei
2369 780 2614 857 infusae,
2651 780 2798 858 quia
2845 779 3006 841 sicut
3037 780 3338 841 motivum

1774 873 1923 937 fidei
1963 892 2088 938 non
2119 873 2356 935 inducit
2395 874 2477 935 nd
2508 892 2835 937 assensum
2887 880 3124 938 eertum
3157 879 3221 935 et
3251 874 3344 935 in-

1774 965 2120 1039 fallibilem,
2150 966 2265 1026 nisi
2304 971 2368 1028 ut
2409 966 2730 1047 cognitum
2759 970 3060 1045 uinquam
3099 972 3338 1027 certum

1776 1066 1841 1123 et
1879 1058 2225 1132 infallibile‚
2256 1059 2340 1119 ita
2387 1078 2518 1121 non
2571 1066 2780 1123 movet
2831 1060 2914 1125 ad
2961 1058 3226 1139 gradum
3279 1066 3344 1121 et

1780 1153 2040 1215 modum
2080 1150 2488 1229 certitudinis,
2559 1154 2674 1217 nisi
2707 1156 2888 1233 juxta
2946 1155 3231 1234 gradum,
3281 1159 3344 1215 et

1780 1247 2040 1307 modum
2069 1264 2194 1327 quo
2223 1247 2560 1327 ipsummet
2598 1250 2992 1329 cognoscitur
3020 1255 3085 1310 ιιι
3123 1266 3340 1311 verum

1782 1346 1843 1405 et
1870 1340 2213 1403 infallibile.
2248 1342 2468 1405 Posset
2509 1338 2772 1406 fortasse
2819 1342 2958 1421 quis
3001 1340 3207 1407 dicere
3237 1360 3342 1403 co«

1782 1433 2124 1513 gnitionem
2165 1433 2328 1495 illius
2352 1432 2665 1514 principii,
2700 1442 3013 1514 quatenus
3047 1441 3142 1497 est
3167 1442 3346 1499 aetus

1779 1527 2074 1601 hominiS,
2117 1546 2246 1589 non
2277 1546 2416 1589 esse
2465 1547 2720 1591 causam
2759 1548 2873 1608 per
2926 1548 2998 1591 se
3050 1547 3344 1597 assensus

1778 1618 1948 1694 fidei,
1997 1640 2204 1701 neque
2243 1621 2550 1686 rationem
2566 1622 2892 1685 formalem
2933 1622 3336 1701 assentiendi,

1780 1713 1893 1775 scd
1930 1718 2176 1777 tantum
2230 1733 2370 1777 esse
2406 1714 2884 1795 applicationem
2941 1716 3168 1795 objecti
3215 1714 3342 1789 foi-7

1776 1806 1984 1879 maliS,
2029 1812 2090 1869 et
2115 1808 2254 1869 ideo
2291 1809 2532 1869 ratione
2558 1809 2786 1889 objecti
2823 1810 3110 1891 applicati
3155 1828 3338 1889 posse

1778 1901 2064 1963 sufficere
2126 1902 2207 1963 ad
2261 1902 2592 1965 certiorem
2647 1922 2997 1979 assensum,
3031 1920 3222 1983 quam
3265 1903 3336 1963 sit

1778 1995 2049 2075 cognitio
2105 1996 2389 2075 ejusdem
2436 1996 2742 2076 principii,
2793 1998 2951 2060 sicut
3005 2003 3226 2077 postea
3277 1998 3339 2057 in

1778 2088 2195 2168 disputatione
2215 2090 2500 2169 sequenti
2522 2090 2802 2152 dicemus
2821 2090 2902 2151 de
2917 2090 3340 2171 propositione

1778 2182 1946 2247 fidei.
1985 2182 2106 2246 Sed
2139 2184 2256 2261 hoc
2298 2201 2424 2245 non
2451 2186 2712 2245 enervat
2737 2184 2860 2245 vim
2890 2184 3164 2255 rationis.
3193 2184 3340 2264 qnia

1780 2275 1835 2337 si
1878 2282 2054 2344 actus
2089 2276 2389 2339 naturalis
2435 2276 2553 2339 hoc
2589 2280 2831 2340 tantum
2866 2278 3056 2341 modo
3087 2296 3342 2342 concur·

1778 2376 1896 2445 rat,
1959 2370 2316 2436 neccssaria
2361 2370 2478 2434 erit
2519 2370 2642 2433 alia
2693 2371 2964 2451 cognitio
3011 2371 3343 2451 perfectior

1777 2462 1970 2543 ipsius
2001 2464 2240 2543 obJecti.
2270 2463 2574 2537 formalis,
2613 2470 2682 2525 ut
2705 2465 2904 2542 possit
2953 2464 3344 2529 intellectum

1777 2576 2029 2621 movere
2044 2557 2126 2619 ad
2152 2574 2480 2621 assensum
2495 2556 2669 2631 fidei,
2689 2557 2836 2636 quia
2861 2576 2989 2619 non
3003 2566 3208 2621 movet
3223 2558 3352 2633 nisi,

1776 2655 1849 2711 ut
1878 2650 2221 2729 cognitum,
2257 2656 2320 2713 et
2357 2651 2474 2713 hoc
2503 2655 2600 2713 est
2629 2668 2742 2729 per
2783 2668 2850 2713 se
2888 2652 3336 2725 necessarium,

1780 2749 1847 2805 ut
1882 2746 2080 2823 possit
2115 2740 2410 2806 inducere
2440 2742 2824 2805 intellectum
2859 2744 2941 2805 ad
2978 2762 3337 2818 assensium

1780 2836 1921 2899 ideo
1970 2842 2212 2917 oportet
2249 2842 2318 2899 ut
2353 2837 2420 2897 in
2447 2836 2672 2899 eodem
2697 2836 2938 2910 ordine,
2974 2844 3204 2904 etcum
3241 2858 3344 2903 ea·

1781 2930 1927 2993 dem
1955 2930 2324 2993 certitudine
2342 2936 2756 3010 cognoscatur
2780 2948 2896 3011 per
2917 2932 3113 2993 alium
3127 2940 3342 2996 actum

1782 3021 2142 3087 distinctum
2171 3024 2253 3085 ab
2273 3028 2418 3085 actu
2445 3022 2884 3097 naturali,sive
2913 3025 3016 3089 illc
3053 3026 3127 3089 sit
3155 3026 3342 3089 etiam

1780 3115 2110 3182 distinctus
2140 3113 2218 3179 ab
2243 3122 2408 3189 actu,
2441 3134 2566 3195 quo
2601 3118 2872 3181 creditur
2900 3135 3001 3181 res
3026 3119 3150 3181 alia
3173 3136 3344 3181 reve-

1778 3210 1927 3287 lata,
1955 3210 2083 3272 sive
2115 3210 2282 3273 idem
2315 3228 2460 3273 cum
2489 3211 2619 3273 illo.
2639 3212 2922 3275 Tandem
2941 3212 3344 3283 confirmatur

1779 3322 1855 3367 ex
1893 3305 2180 3384 generali
2211 3304 2494 3367 doctrina
2539 3306 2612 3367 D.
2645 3305 2900 3367 'rhomae
2937 3312 2996 3367 t.
3031 3309 3092 3383 ἓ,
3119 3314 3336 3387 quaest.

1780 3398 1881 3473 63,
1924 3398 2170 3461 articul.
2225 3399 2286 3473 3,
2315 3398 2380 3459 in
2413 3416 2616 3477 corp„
2673 3398 2844 3461 etad
2883 3400 2942 3473 3,
2973 3401 3144 3479 quod
3181 3402 3340 3463 ratio

1779 3492 2082 3553 naturalis
2099 3510 2232 3553 non
2255 3497 2618 3572 potestesse
2643 3492 2957 3555 sufficiens
2976 3494 3196 3574 regula
3219 3494 3347 3557 vir-

1779 3590 1982 3647 tutum
2001 3603 2110 3663 per
2137 3601 2203 3647 se
2229 3583 2597 3657 infusarum,
2625 3583 2796 3662 quod
2825 3585 3012 3646 etiam
3038 3587 3118 3647 de
3139 3604 3341 3649 mora·

1778 3678 1943 3739 libus
1983 3678 2190 3753 tradit,
2224 3684 2290 3738 ut
2319 3678 2728 3757 explicuimus
2755 3676 2940 3739 latius
2989 3679 3051 3739 in
3079 3681 3341 3741 materia

1780 3772 1857 3833 de
1888 3772 2120 3847 Gratia,
2148 3772 2254 3833 lib.
2285 3773 2347 3847 2,
2380 3790 2518 3849 cap.
2557 3773 2664 3845 463
2700 3776 2794 3833 est
2819 3788 2970 3851 ergo
3007 3772 3209 3851 magis
3233 3789 3344 3833 ne·

1781 3866 2122 3929 cessarium
2177 3866 2246 3927 in
2313 3865 2644 3927 virtutihus
2690 3866 3080 3945 Theologicis
3111 3912 3130 3939 ,
3193 3865 3340 3944 quia

1780 3964 1927 4021 sunt
1952 3960 2358 4039 perfectiores
2397 3960 2459 4020 in
2493 3958 2716 4021 eodem
2759 3960 3215 4039 supernaturali
3246 3978 3340 4020 or-

1778 4051 1961 4125 dine;
2009 4070 2307 4113 mensura
2335 4059 2572 4126 autem,
2603 4070 2715 4115 seu
2745 4053 2988 4133 regula,
3030 4051 3126 4113 vel
3151 4050 3340 4115 debet

1779 4164 1915 4207 esse
1946 4145 2346 4225 homogenea
2373 4162 2520 4205 cum
2545 4144 2853 4225 regulato,
2885 4144 2986 4207 vel
3013 4150 3181 4207 certe
3209 4162 3336 4207 non

1776 4242 1984 4319 potest
2003 4256 2142 4301 esse
2169 4237 2478 4301 inferioris
2512 4237 2782 4311 ordinis;
2815 4257 2968 4319 ergo
2996 4244 3174 4301 actus
3193 4238 3338 4302 fidei

1778 4332 1998 4395 infusae
2021 4350 2150 4393 non
2178 4337 2380 4412 potest
2405 4331 2678 4412 regulari
2709 4348 2822 4411 per
2851 4340 3058 4393 actum
3081 4332 3338 4393 rationis

1778 4425 2098 4500 naturalis,
2143 4442 2348 4504 neque
2389 4444 2501 4503 per
2539 4425 2738 4486 Deum
2771 4425 2998 4504 ipsum,
3030 4432 3098 4487 ut
3123 4426 3340 4505 cogni-

1777 4525 1909 4580 tum
1961 4518 2200 4581 ratione
2239 4518 2529 4591 naturali,
2571 4518 2720 4597 quia
2757 4524 2822 4579 ut
2855 4520 2940 4579 sic
2967 4519 3150 4580 etiam
3192 4536 3336 4581 con·

1778 4613 2010 4675 tinetur
2036 4611 2101 4673 in
2129 4610 2402 4675 inferiori
2437 4611 2678 4673 ordine.

1826 4707 1915 4769 .8.
1957 4704 2060 4769 Aa
2086 4706 2282 4769 locum
2323 4722 2398 4769 em
2444 4702 2600 4767 Heb.
2633 4707 2702 4769 u
2733 4705 2803 4766 in
2827 4723 2998 4785 nm..
3037 4708 3098 4769 2.
3136 4706 3342 4771 -Ad

1764 4802 2038 4883 primam
2063 4798 2356 4863 rationem
2395 4798 2537 4861 ibid.
2567 4832 2648 4845 --
2674 4796 2776 4861 Aa
2793 4801 3107 4863 secundun
3142 4800 3336 4863 ratio-

1773 4890 2116 4955 nem-Ad
2137 4892 2384 4955 tertiata
2415 4892 2936 4955 rationem—Ad
2965 4898 3334 4973 argumenta

1774 4986 2000 5066 prioris
2021 4985 2352 5065 opinioniS‚
2387 4982 2693 5065 imprimis
2719 4986 2884 5049 male
2921 4987 3234 5055 inducitur
3275 4994 3338 5051 et

1775 5080 2106 5159 exponitur
2129 5079 2302 5139 locus
2333 5078 2546 5139 Pauli:
2594 5078 2976 5145 Acamantem
3001 5082 3084 5147 ad
3119 5082 3334 5156 Deum,

1773 5190 1933 5253 opor.
1944 5178 2003 5235 et
2025 5172 2258 5237 credero
2287 5170 2428 5252 quia
2451 5175 2542 5235 est
2555 5198 2582 5245 ,·
2604 5190 2753 5233 ιιιιιιι
2777 5171 3004 5237 Paulus
3031 5190 3167 5256 non
3186 5174 3338 5239 dixit

1774 5267 1857 5329 ad
1890 5265 2324 5329 accedendum
2351 5283 2466 5344 per
2496 5264 2706 5339 fldem,
2739 5263 3163 5331 necessarium
3198 5286 3336 5333 esse

1772 5361 1947 5440 prius
1976 5359 2342 5421 naturaliter
2365 5376 2750 5439 cognoscere
2773 5362 2973 5423 Deum
3025 5378 3186 5435 esse,
3223 5366 3334 5424 aut

1774 5472 1913 5515 esse
1956 5460 2278 5527 veracem,
2321 5453 2469 5532 quia
2497 5472 2706 5535 neque
2736 5454 2924 5515 verba
2956 5456 3072 5515 hoc
3113 5472 3240 5534 proe
3263 5474 3334 5517 se

1770 5548 2004 5623 ferunt,
2027 5564 2232 5629 neque
2263 5547 2428 5609 ullus
2457 5546 2866 5629 interpretum
2895 5548 2978 5611 ita
3007 5548 3332 5627 intellexit,

2981 5658 3020 5723 5
