3900 6217
498 360 616 423 ¹24

492 474 683 545 tram,
722 467 1051 529 observant
1070 468 1565 529 circumstantias
1590 484 1667 529 ex
1696 466 1922 549 quibus
1948 484 2061 548 po·

492 562 619 623 tuit
642 560 1001 623 videntibus
1042 560 1361 623 evidenter
1398 566 1700 638 constare,
1740 559 2058 623 evidentia

495 655 767 736 quadam
795 653 1089 730 naturali,
1104 671 1254 715 vera
1270 671 1400 717 esse
1418 671 1558 736 quae
1586 654 1931 735 agebantur
1944 671 1965 733 3
1993 659 2056 717 et

496 749 573 811 de
616 748 905 831 operibus
936 748 1160 811 Christi
1202 748 1470 825 Domini,
1518 766 1817 827 magnum
1869 767 2055 829 argu-

496 848 777 903 mentum
800 848 895 903 est
913 840 1098 921 qnod,
1120 841 1265 902 licet
1282 840 1571 902 Pharisaei
1590 841 1905 904 interdum
1922 842 2060 904 ausi

494 934 729 998 fuerint
754 934 931 995 illum
960 933 1353 1011 calumniari,
1375 934 1540 1017 quod
1568 934 1639 997 in
1665 937 1894 998 virtute
1924 935 2056 998 dai·

498 1027 699 1091 monis
714 1027 965 1107 ejiceret
988 1027 1317 1105 daemonia,
1346 1048 1669 1109 nunquam
1684 1036 1893 1092 antem
1922 1029 2059 1091 ansi

497 1128 646 1184 sunt
666 1122 867 1184 dicere
884 1139 1071 1203 opera
1090 1124 1221 1204 ejus
1238 1124 1610 1186 miraculosa
1624 1143 1747 1187 non
1766 1124 2057 1188 habuisse

496 1234 673 1278 veros
702 1214 979 1292 effectus,
1006 1222 1099 1291 ut,
1129 1234 1259 1278 non
1286 1217 1675 1279 resuscitasse
1701 1236 1845 1280 vere
1872 1219 2057 1281 Laza-

497 1326 665 1385 rum,
710 1308 1093 1370 illuminasse
1140 1327 1407 1385 caecum‚
1460 1329 1708 1374 sanasse
1761 1310 2058 1393 paralyti-

497 1418 661 1478 cum,
687 1406 749 1462 et
783 1401 1032 1463 similia.
1063 1404 1133 1465 In
1156 1402 1254 1465 his
1282 1421 1431 1483 ergo
1468 1404 1757 1484 operibus
1783 1406 2058 1487 primum

498 1496 945 1562 consideranda
974 1504 1065 1560 est
1098 1497 1473 1561 diuturnitas
1511 1498 1785 1576 effectus,
1832 1505 1897 1561 et
1922 1518 2060 1580 per-

498 1594 873 1670 severantia,
909 1610 1049 1673 quae
1085 1597 1177 1655 est
1214 1610 1514 1671 magnum
1552 1592 1855 1654 indicium
1898 1592 2060 1655 veri-

496 1689 643 1751 tatis
665 1703 686 1766 3
706 1704 853 1748 nam
877 1704 1017 1768 quai
1042 1687 1183 1749 ficte
1212 1693 1457 1749 tantum
1476 1687 1659 1763 fiunt,
1686 1687 1891 1749 subito
1918 1704 2061 1749 eva·

498 1785 765 1844 nescunt
788 1802 804 1857 ;
830 1786 893 1843 et
920 1780 1006 1841 ita
1042 1798 1210 1843 mors
1239 1782 1452 1845 Lazari
1492 1800 1607 1861 per
1642 1793 1907 1862 quatuor
1934 1781 2064 1843 dies

498 1874 755 1957 probata
780 1880 874 1935 oet
898 1875 1064 1955 quod
1088 1874 1277 1936 fuerit
1302 1893 1470 1952 vera,
1498 1880 1561 1937 et
1588 1882 1800 1955 postea
1820 1874 1949 1936 vita
1972 1874 2065 1938 illi

497 1966 783 2029 restituta
809 1984 919 2047 per
945 1967 1135 2047 longa
1161 1974 1465 2049 tempora.
1506 1968 1737 2031 Deinde
1762 1969 2064 2031 accedunt

499 2060 750 2123 effectus
776 2078 887 2141 per
928 2077 1081 2140 quos
1129 2061 1269 2122 talis
1313 2063 1533 2124 veritas
1586 2060 2059 2135 manifestatum

502 2153 701 2234 qualis
750 2156 1025 2216 maxime
1067 2172 1199 2217 esse
1245 2155 1445 2217 solent
1487 2157 1757 2217 actiones
1793 2155 1960 2230 vitae,
1991 2160 2064 2216 ut

496 2248 706 2311 videre
734 2249 801 2311 in
830 2268 989 2311 caeco
1018 2268 1095 2311 ex
1126 2250 1472 2313 nativitate.
1508 2250 1740 2325 Tertio,
1786 2249 2064 2311 conside-

500 2349 676 2404 ratur
731 2342 1063 2405 multitudo
1104 2349 1165 2404 et
1215 2343 1565 2423 frequentia
1612 2342 1834 2403 talium
1884 2341 2064 2403 effec-

496 2442 702 2512 tuum,
743 2453 883 2497 cum
912 2434 1201 2498 omnibus
1241 2436 1436 2514 signis
1462 2442 1524 2497 et
1553 2435 1799 2497 indiciis
1828 2434 2064 2497 verita·-

498 2526 599 2605 tis,
651 2547 788 2609 quae
835 2547 965 2591 esse
1016 2527 1217 2591 solent
1252 2529 1320 2590 in
1352 2528 1640 2591 omnibus
1684 2528 1867 2591 rebus
1910 2546 2064 2609 quas

498 2638 625 2699 prae
665 2620 951 2681 manibus
986 2622 1297 2701 gerimus;
1330 2641 1451 2704 qua
1477 2623 1647 2685 enim
1678 2622 1901 2703 majori
1936 2622 2066 2683 evi·

500 2712 712 2775 dentia
765 2721 1043 2776 constare
1096 2720 1317 2795 potest,
1372 2715 1622 2796 aliquod
1678 2716 1897 2777 vinum
1932 2732 2066 2777 esse

499 2825 717 2869 verum
748 2808 990 2885 vinum,
1022 2826 1211 2890 quam
1240 2809 1429 2871 fucrit
1462 2808 1613 2871 illud
1648 2809 1715 2871 in
1757 2809 1922 2888 quod
1952 2810 2067 2869 Do-

500 2900 709 2962 minus
752 2918 979 2982 aquam
1028 2903 1380 2965 convertit?
1420 2902 1599 2965 Unde
1643 2902 2068 2964 consideratur

500 2994 690 3056 etiam
729 3003 947 3077 quarto
978 2998 1304 3079 multiplex
1333 2998 1553 3059 modus
1578 2996 1883 3059 mirabilis
1912 3016 2064 3077 ope-

500 3087 681 3150 randi
706 3088 857 3153 talia
891 3092 1091 3169 signa,
1142 3110 1251 3171 per
1290 3092 1651 3171 imperium,
1680 3110 1793 3173 per
1837 3093 2066 3155 oratio-

500 3182 737 3243 tionem
787 3182 865 3245 ad
916 3184 1106 3245 Deum
1128 3227 1147 3259 ,
1205 3184 1604 3265 adJ’ungendo
1660 3184 1847 3247 simul
1896 3186 2064 3249 aliud

500 3292 657 3356 opus
682 3276 1006 3357 proprium
1034 3276 1169 3351 Dei,
1202 3284 1275 3338 ut
1302 3276 1863 3341 manifestationem
1906 3278 2068 3359 cogi-

500 3370 809 3431 tationum
838 3370 1063 3448 cordis,
1094 3371 1258 3451 quod
1288 3388 1448 3451 saepe
1482 3371 1756 3433 Christus
1778 3370 2062 3433 faciebat.

502 3462 807 3524 Praeterea
842 3464 1325 3525 considerandus
1351 3469 1442 3526 est
1468 3462 1613 3526 finis
1659 3464 1877 3526 talium
1917 3481 2070 3545 ope-

498 3573 665 3634 rum,
692 3558 839 3638 quia
860 3556 1019 3619 nihil
1038 3559 1376 3640 temporale
1400 3566 1463 3621 et
1482 3560 1857 3635 humanum,
1880 3557 2067 3621 nihil-

498 3666 575 3711 ve
604 3668 865 3730 pravum
902 3668 1011 3731 per
1038 3650 1146 3714 illa
1193 3652 1653 3729 intendebatur,
1712 3653 1815 3713 sed
1858 3652 2066 3732 potius

497 3742 801 3805 rectitudo
854 3749 915 3805 et
972 3744 1261 3807 honestas
1308 3764 1591 3823 morum,
1651 3752 1715 3808 et
1774 3746 1907 3809 veri
1959 3744 2068 3809 Dei

499 3837 797 3915 cognitio,
824 3843 885 3899 et
913 3837 1105 3919 ipsius
1133 3839 1431 3901 daemonis
1474 3840 1884 3921 expugnatio3
1920 3856 2068 3919 ergo

500 3928 678 3991 nulla
728 3932 1051 4007 verisimili
1092 3932 1331 3994 ratione
1374 3939 1578 4013 potest
1606 3934 1842 3995 falsitas
1886 3933 1954 3994 in
1978 3932 2066 3993 eis

500 4025 857 4105 conjectari.
907 4026 1184 4107 Denique
1226 4034 1700 4105 argumentatur
1736 4032 1901 4089 recte
1941 4028 2066 4088 Au·-

500 4119 809 4198 gustinus,
840 4118 1003 4180 dicta
1031 4119 1289 4199 epistola
1313 4120 1417 4196 49,
1445 4126 1659 4201 quaest.
1686 4121 1761 4197 63
1791 4138 1939 4182 nam
1967 4120 2066 4181 vel

501 4211 713 4273 omnia
757 4230 895 4292 quse
936 4230 1050 4293 pro
1096 4220 1307 4275 nostra
1352 4214 1477 4277 fide
1525 4220 1861 4277 narrantur
1907 4214 2066 4277 falsa

436 4306 441 4311 ’
500 4312 682 4383 sunt,
715 4306 814 4369 vel
844 4305 1093 4388 aliquod
1120 4315 1215 4370 est
1254 4326 1493 4372 verum.
1528 4310 1806 4371 Primum
1840 4327 1950 4389 per
2000 4326 2065 4370 se

500 4406 592 4463 est
618 4400 997 4478 incredibile,
1027 4408 1279 4484 propter
1305 4402 1503 4465 dicta:
1534 4402 1587 4464 si
1612 4408 1822 4465 autem
1848 4420 2065 4464 secun-

502 4494 653 4555 dum
678 4493 1065 4569 admittatur,
1096 4512 1169 4556 eo
1192 4494 1323 4576 ipso
1350 4495 1605 4577 ponitur
1628 4498 1787 4557 Deus
1814 4501 1885 4557 ut
1912 4512 2066 4556 auc·

498 4593 603 4648 tor
628 4585 728 4648 vel
756 4587 1155 4649 confirmator
1181 4587 1369 4668 hujus
1396 4590 1716 4666 doctrinae,
1749 4595 1910 4651 etex
1936 4606 2066 4651 uno

500 4676 615 4740 tali
634 4678 931 4741 miraculo
958 4686 1123 4742 recte
1160 4680 1469 4761 colligitur
1509 4682 1694 4743 etiam
1737 4681 1884 4758 alia,
1927 4699 2066 4762 quoe

507 4771 699 4833 simili
728 4774 1093 4837 auctoritate
1120 4782 1477 4851 narrantur,
1522 4792 1653 4836 esse
1685 4792 1832 4836 vera
1847 4790 1867 4853 3
1920 4774 2066 4855 quia

502 4884 629 4928 non
658 4874 751 4928 cst
790 4867 991 4947 major
1018 4868 1179 4929 ratio
1204 4867 1283 4929 de
1317 4884 1446 4928 uno
1478 4885 1669 4948 quam
1696 4866 1771 4928 de
1796 4866 1975 4943 aliis3
2007 4873 2068 4930 et

503 4958 620 5021 hoc
678 4958 864 5022 modo
916 4978 991 5023 ex
1036 4960 1294 5023 veritate
1348 4960 1791 5023 miraculorum
1844 4960 2068 5023 Christi

504 5060 669 5115 recte
717 5054 1005 5134 colligere
1054 5073 1410 5136 possumus,
1454 5072 1598 5117 vera
1638 5054 1828 5117 etiam
1879 5054 2068 5116 fuisse

505 5164 645 5226 quas
674 5146 948 5226 Apostoli
986 5146 1319 5224 faciebant,
1363 5148 1511 5228 quia
1554 5147 1633 5209 ad
1670 5146 1962 5208 eumdem
1992 5148 2066 5207 ti-

504 5257 673 5313 nem,
710 5251 773 5301 et
802 5241 1017 5302 eadem
1054 5241 1286 5303 virtute
1326 5242 1437 5303 illa
1471 5239 1799 5316 faciebant,
1831 5247 1902 5301 ut
1946 5237 2069 5319 ipsi

505 5332 995 5413 profitebantur3
1024 5341 1088 5397 ct
1120 5334 1320 5397 simile
1361 5338 1799 5415 argumentum
1828 5332 1897 5393 in
1925 5351 2068 5414 pos-

502 5425 831 5487 terioribus
860 5427 1101 5491 Sanctis
1130 5427 1267 5489 fieri
1291 5434 1513 5508 potest.

590 5518 689 5580 10.
720 5517 1021 5601 objiciam·
1041 5520 1289 5585 seeundo
1304 5518 1571 5603 potuim
1595 5520 1737 5601 fieri
1764 5518 2070 5583 miracula

1084 366 1321 420 msrur.
1356 366 1441 419 IV.
1478 366 1559 418 DE
1590 364 2036 418 puorosmoNE
2065 363 2310 419 omnen
2343 366 2508 419 mom
2541 366 2959 431 suffimenta,
2991 368 3129 423 ETC.

2141 468 2226 531 ad
2239 468 2572 532 testandam
2594 470 2960 546 salsitatem.
2980 473 3378 537 —Diluitur.
3396 475 3709 539 -Adhuc

2137 566 2347 621 tamen
2375 560 2593 623 instari
2633 569 2853 643 potest,
2901 566 3048 647 qnia
3091 584 3218 628 uon
3252 576 3563 651 repugnat
3597 570 3710 631 ho-

2135 656 2318 717 nitati
2347 656 2476 732 Dei,
2503 674 2614 737 per
2638 675 2862 738 pravos
2889 660 3176 724 homines
3205 662 3523 725 interdum
3559 682 3709 726 vera

2137 749 2440 813 miracula
2478 752 2678 813 facere
2701 768 2723 831 3
2751 771 2900 833 ergo
2941 754 3266 835 miracula,
3296 763 3358 818 et
3388 758 3440 819 si
3471 764 3711 819 constet

2137 860 2267 905 esse
2294 862 2462 921 vera,
2493 862 2619 906 non
2643 846 2792 908 satis
2826 848 3201 911 confirmant
3225 848 3366 912 fidei
3395 850 3713 913 credibili-

2138 942 2373 1015 tatem3
2403 938 2771 1002 antecedens
2799 946 2995 1021 patet,
3026 944 3176 1023 quia
3219 946 3494 1025 operatio
3519 944 3714 1007 mira-

2137 1030 2418 1092 culorum
2445 1033 2718 1113 pertinet
2750 1032 2830 1096 ad
2864 1036 3095 1115 gratias
3119 1039 3310 1116 gratis
3339 1038 3538 1116 datas,
3569 1058 3714 1121 quae

2137 1130 2201 1187 et
2225 1123 2406 1187 malis
2429 1124 2694 1187 ethonis
2715 1128 3256 1192 communicantur
3266 1147 3289 1210 3
3321 1132 3488 1193 unde
3516 1140 3610 1193 est
3639 1132 3716 1193 il-

2137 1216 2248 1280 lud
2275 1218 2472 1295 Pauli,
2508 1222 2534 1281 l
2577 1218 2658 1281 ad
2685 1220 2966 1284 Corinth.
3000 1224 3078 1285 13
3111 1244 3126 1282 z
3159 1223 3240 1285 Si
3288 1225 3546 1288 habuero
3589 1244 3716 1287 om·-

2140 1330 2268 1376 nem
2278 1314 2478 1394 fidem,
2493 1313 2587 1377 ita
2604 1320 2676 1377 ut
2691 1322 2916 1379 montes
2933 1320 3330 1397 transferam,
3351 1319 3717 1383 charitatem

2139 1412 2338 1470 autem
2377 1424 2497 1470 non
2537 1408 2818 1485 habuero,
2861 1408 3026 1473 nihil
3053 1412 3208 1473 mihi
3240 1412 3482 1491 prodest
3499 1436 3526 1485 ;
3565 1431 3718 1475 con-

2139 1500 2463 1581 sequentia
2495 1507 2707 1563 antem
2737 1502 3062 1585 probatur,
3085 1504 3234 1583 quia
3261 1502 3315 1565 si
3344 1523 3572 1586 pravus
3597 1504 3719 1566 ho-

2142 1610 2244 1654 mo
2291 1598 2491 1674 potest
2539 1594 2743 1657 facere
2799 1614 3018 1657 verum
3071 1598 3476 1675 miraculum,
3517 1600 3719 1661 etiam

2143 1692 2347 1769 potest
2379 1706 2510 1749 esse
2542 1688 2830 1769 deceptor
2863 1693 2924 1750 et
2951 1690 3174 1753 falsum
3204 1692 3433 1753 dicere:
3464 1710 3611 1773 ergo
3635 1712 3718 1753 ex

2145 1782 2402 1842 veritate
2456 1780 2738 1842 miraculi
2789 1801 2916 1843 non
2975 1788 3138 1846 recte
3193 1784 3507 1865 colligitur
3552 1787 3720 1847 veri·

2144 1880 2238 1937 tas
2269 1874 2588 1937 doctrinae
2623 1876 3054 1957 Respondetur
3078 1876 3324 1940 duobus
3353 1879 3550 1941 modis
3573 1898 3720 1960 pos-

2143 1986 2208 2030 se
2255 1968 2393 2029 fieri
2427 1968 2822 2031 miraculum.
2875 1970 3184 2047 Primum,
3237 1973 3370 2034 sine
3417 1972 3544 2034 ullo
3589 1992 3722 2035 res-

2143 2068 2328 2145 pectu
2367 2062 2446 2125 ad
2491 2064 2819 2125 veritatem
2867 2064 3142 2145 aliquam
3169 2084 3281 2147 per
3307 2064 3462 2128 illud
3491 2068 3720 2129 contir-

2145 2156 2462 2232 mandam,
2493 2156 2600 2217 sed
2628 2156 2830 2219 solum
2863 2166 3114 2239 propter
3153 2158 3319 2221 illins
3348 2159 3718 2237 utilitatem,

2145 2255 2217 2312 ut
2239 2248 2318 2310 ad
2343 2250 2782 2312 conferendam
2803 2252 3154 2325 sanitatem,
3188 2252 3285 2315 vel
3313 2252 3463 2333 quid
3485 2253 3715 2315 simile.

2151 2342 2455 2419 Secundo,
2479 2343 2548 2403 fit
2567 2342 2939 2404 miraculum
2973 2344 3040 2407 in
3075 2346 3502 2409 testimonium
3525 2347 3720 2409 alicu-

2141 2437 2241 2516 jus
2271 2435 2588 2512 doctrinae,
2619 2442 2691 2496 ut
2715 2452 2926 2499 veram
2967 2456 3097 2500 esse
3125 2439 3482 2515 confirmet3
3520 2441 3720 2521 priori

2146 2528 2352 2604 modo,
2388 2546 2606 2590 verum
2634 2534 2728 2591 est
2751 2546 2931 2609 posse
2955 2531 3152 2593 Deum
3175 2532 3376 2595 facere
3411 2532 3721 2595 miracula

2143 2639 2253 2702 per
2279 2640 2500 2703 pravos
2525 2620 2832 2698 homines,
2859 2630 2923 2684 et
2941 2622 3058 2686 hoc
3087 2626 3273 2687 modo
3302 2628 3580 2708 procedit
3604 2626 3721 2687 ob·

2139 2714 2327 2795 jectio
2375 2714 2559 2790 facta,
2609 2716 2894 2795 quamvis
2938 2714 3194 2780 fortasse
3241 2719 3550 2781 rarissime
3597 2718 3724 2781 hoc

2150 2808 2510 2887 contingat3
2543 2814 2606 2869 et
2631 2808 2881 2887 qnando
2905 2811 3136 2888 evenit,
3159 2812 3356 2891 magis
3383 2818 3476 2874 est
3498 2808 3576 2874 eir
3596 2812 3729 2877 fide

2147 2901 2526 2982 recipientis,
2561 2918 2750 2983 quam
2777 2918 2856 2963 ex
2880 2904 3110 2966 virtute
3138 2905 3491 2987 operantis3
3519 2914 3730 2987 poste-

2147 2994 2298 3056 riori
2327 3001 2538 3056 autem
2585 2995 2792 3074 modo,
2837 2994 2976 3058 fieri
3014 3014 3142 3058 non
3177 3004 3378 3079 potest
3418 3004 3491 3060 ut
3527 3000 3730 3061 mira-

2149 3087 2357 3150 culum
2380 3088 2491 3151 flat
2524 3089 2592 3150 in
2639 3089 3175 3152 confirmationem
3213 3090 3523 3171 falsitatis,
3573 3095 3730 3174 quia

2151 3180 2304 3243 alias
2329 3182 2486 3243 Deus
2505 3189 2937 3261 cooperaretur
2955 3184 3302 3262 mendacio,
3330 3188 3390 3248 et
3418 3193 3578 3247 esset
3598 3193 3729 3247 tes·

2145 3275 2228 3336 tis
2255 3277 2411 3354 ejus,
2437 3281 2508 3337 ut
2535 3276 2723 3337 sentit
2749 3276 3153 3355 Augustinus,
3178 3276 3287 3339 lib.
3322 3278 3400 3340 de
3433 3278 3728 3341 Utilitate

2149 3368 2464 3446 credendi,
2494 3389 2547 3432 c.
2585 3370 2660 3447 63
2719 3375 2782 3432 et
2839 3369 3029 3431 latius
3065 3370 3135 3431 D.
3189 3370 3482 3449 ThomaS‚
3533 3374 3575 3435 3
3621 3393 3724 3454 p.‚

2147 3478 2209 3543 q.
2243 3464 2322 3525 43
2348 3469 2410 3525 et
2441 3464 2522 3525 44
2541 3509 2563 3539 ,
2611 3462 2721 3524 ubi
2745 3463 2816 3525 in
2853 3462 3077 3543 disput.
3113 3466 3181 3525 31
3233 3465 3432 3527 multa
3478 3466 3555 3527 de
3599 3466 3730 3529 hoc

2146 3560 2376 3637 puncto
2407 3555 2561 3618 dixi.
2595 3558 2672 3618 Et
2711 3556 2910 3618 videri
2956 3556 3144 3618 etiam
3187 3564 3386 3639 potest
3415 3560 3728 3640 canisius,

2146 3647 2191 3712 l.
2227 3652 2264 3713 5
2291 3650 2368 3711 de
2397 3650 2598 3731 Deip„
2629 3668 2762 3731 cap.
2801 3650 3460 3733 453etBella1-minus,
3493 3653 3537 3715 1.
3571 3658 3614 3715 4
3643 3654 3732 3717 de

2146 3742 2317 3805 Notis
2335 3744 2590 3819 Eccles.,
2621 3762 2733 3823 cap
2759 3747 2872 3821 143
2899 3748 2962 3804 et
2985 3742 3224 3821 Bosius,
3255 3763 3442 3827 supra
3468 3746 3726 3824 citatus,

2147 3835 2214 3899 in
2242 3837 2368 3900 fine
2401 3854 2579 3899 num.
2615 3840 2676 3899 3.

2233 3932 2330 3992 Η.
2368 3928 2668 4004 Quartum
2696 3930 2988 3993 motivum
3016 3954 3040 3993 .·
3064 3932 3442 4011 perpetuitas
3459 3932 3730 4013 &uadem

2145 4024 2291 4101 fidei
2343 4024 2414 4086 in
2453 4024 2752 4088 Ecclesia.
2785 4056 2868 4070 —-
2893 4024 3176 4085 Tandem
3217 4025 3388 4086 inter
3417 4026 3732 4088 miracula

2143 4134 2376 4197 magna
2394 4116 2621 4179 divinat
2639 4117 2953 4196 potentiae,
2975 4117 3204 4197 quibus
3222 4118 3355 4180 haec
3379 4117 3530 4179 fides
3551 4118 3732 4181 facta

2143 4216 2236 4272 est
2273 4210 2605 4286 credibilis,
2651 4210 2970 4272 numerari
3003 4214 3206 4291 potest
3254 4214 3730 4293 perseverantia

2144 4310 2208 4366 et
2233 4304 2478 4365 duratio
2501 4303 2775 4382 ejusdem
2807 4302 2977 4379 fidei,
3007 4310 3069 4365 et
3094 4304 3378 4367 Ecclesiae
3407 4322 3518 4386 per
3537 4306 3730 4368 illam

2144 4396 2440 4474 fundatae,
2484 4396 2564 4457 ab
2603 4395 2781 4457 initio
2831 4394 3287 4477 praedicationis
3327 4396 3730 4478 Evangelicae

2145 4508 2341 4573 usque
2368 4508 2560 4553 nunc.
2594 4491 2749 4552 Nam
2779 4507 2924 4552 cum
2952 4490 3086 4552 haec
3106 4489 3261 4554 fides
3285 4510 3362 4554 ex
3380 4510 3510 4553 una
3539 4500 3730 4573 parte

2145 4584 2226 4647 sit
2251 4583 2430 4645 valde
2457 4580 2727 4645 difficilis
2744 4584 2820 4644 ad
2843 4583 3245 4660 credendum,
3277 4585 3426 4665 quia
3447 4584 3730 4648 multum

2148 4685 2400 4760 superat
2432 4678 2783 4741 naturalem
2809 4677 3162 4741 intellectus
3195 4680 3625 4760 capacitatem,
3657 4688 3732 4743 et

2148 4790 2225 4836 ex
2253 4772 2378 4835 alia
2401 4772 2480 4834 sit
2501 4772 2682 4834 valde
2705 4772 2903 4834 ardua
2937 4772 3018 4833 ud
3052 4772 3538 4850 observandum,
3568 4775 3734 4855 quia

2146 4867 2426 4949 praecipit
2453 4864 2652 4927 multa
2693 4862 2870 4927 valde
2896 4864 3268 4946 spiritualia,
3310 4872 3374 4929 et
3399 4868 3730 4948 concupis-

2147 4961 2365 5022 centiae
2405 4958 2842 5040 repugnantia,
2893 4968 2958 5019 et
3009 4958 3261 5021 aliunde
3317 4960 3732 5041 quamplures

2147 5058 2340 5115 sectas
2365 5058 2430 5115 et
2455 5068 2692 5114 errores
2721 5049 3119 5127 destruxerit,
3157 5058 3220 5115 et
3259 5053 3402 5115 ideo
3438 5052 3727 5115 infinitos

2148 5145 2436 5207 habuerit
2460 5144 2664 5206 hostes
2689 5162 2762 5205 ac
2787 5145 3248 5224 potentissimos
3265 5192 3286 5222 ,
3305 5144 3726 5209 nihilominus

2147 5238 2391 5317 integra
2418 5238 2778 5318 permansit,
2817 5243 2880 5299 et
2904 5236 2972 5298 in
3007 5238 3537 5319 persecutionibus
3568 5238 3726 5321 ipsis

2149 5336 2211 5394 et
2251 5328 2840 5393 contradictionibus
2871 5348 3134 5392 numero
3171 5338 3233 5394 et
3279 5333 3501 5394 merito
3539 5340 3726 5394 aucta

2149 5430 2243 5487 est
2272 5470 2290 5499 ‚
2342 5428 2404 5485 et
2447 5423 2518 5483 in
2577 5421 2932 5502 cognitione
2986 5425 3264 5487 veritatis
3323 5424 3678 5487 illuminata
3699 5470 3720 5501 ‚

2149 5516 2316 5599 quod
2367 5515 2640 5597 profecto
2664 5560 2686 5593 ,
2735 5514 2868 5578 sine
2921 5516 3170 5597 speciali
3221 5518 3332 5581 Dei
3379 5518 3614 5581 virtute
3659 5524 3726 5581 et
