3900 6217
737 353 906 406 sEc'r.
943 356 1025 408 lv.
1062 357 1144 406 AN
1180 355 1564 410 mmm-:Ltus
1598 355 1798 408 RECTE
1831 355 2171 412 DIVIDATUR
2202 360 2265 412 IN
2298 359 2718 424 PAGANJSMUM,
2750 359 2885 414 ETC.

238 471 348 516 esse
373 452 642 532 proprias
661 457 723 513 et
748 453 1052 532 rigorosas
1079 456 1329 536 species,
1359 456 1467 518 sed
1492 457 1617 516 lato
1639 475 1772 517 mo-

237 549 305 607 do
341 547 424 605 ita
463 546 670 606 vocari
707 553 957 626 propter
985 548 1422 609 accidentalem
1453 549 1774 609 diversita-

235 645 368 712 tem,
400 644 458 698 et
479 638 625 716 quia
651 639 829 718 quasi
857 639 1126 700 diversos
1146 647 1339 702 status
1363 642 1769 716 constituunt,

235 731 302 790 de
323 730 556 809 quibus,
579 736 650 790 ut
676 750 862 810 supra
887 733 1191 808 dicebam,
1221 734 1498 795 doctrina
1523 734 1775 795 moralis

232 824 450 884 diversa
491 832 602 885 est.
632 826 722 886 Ita
749 827 936 886 sentit
970 826 1272 902 Valentia,
1305 829 1490 890 citato
1524 828 1682 904 loco,
1713 837 1775 890 et

233 927 310 980 est
329 921 628 981 sententia
655 922 1005 982 communis
1031 932 1278 1002 recepta
1321 924 1485 984 inter
1531 925 1773 986 moder-

229 1033 328 1073 nos
371 1013 732 1092 TheologoS.
785 1017 860 1076 Et
888 1015 1186 1094 probatur
1219 1018 1524 1076 contrario
1554 1018 1774 1079 tunda-

234 1114 446 1180 mento,
475 1106 620 1184 quia
649 1107 770 1168 illae
797 1116 922 1169 tres
950 1109 1343 1170 infidelitates
1377 1118 1777 1189 opponuntur

229 1199 424 1278 primae
455 1199 724 1273 veritati,
755 1210 819 1260 et
839 1202 1086 1280 privant
1104 1200 1318 1262 eadem
1342 1201 1684 1278 honestate,
1715 1210 1782 1263 et

228 1295 284 1351 in
301 1291 478 1352 modo
503 1310 631 1352 non
651 1293 881 1354 babent
907 1296 1294 1357 essentialem
1318 1296 1731 1356 diversitatem
1753 1319 1770 1372 ;

228 1403 358 1462 ergo
383 1402 512 1446 non
542 1391 632 1446 est
652 1385 818 1446 unde
850 1387 1312 1466 distinguantur
1331 1389 1553 1467 specie.
1589 1389 1775 1450 Ante-

228 1479 426 1540 cedens
473 1479 683 1557 quoad
731 1479 1000 1559 priorem
1053 1487 1293 1561 partem
1340 1481 1576 1542 clarum
1637 1488 1728 1542 est
1753 1501 1767 1558 ;

227 1573 408 1652 quoad
464 1572 776 1650 ultimam,
826 1575 1123 1653 probatur
1167 1576 1360 1637 veluti
1414 1576 1771 1637 inductione

225 1666 497 1748 quadam,
531 1667 677 1745 quia
723 1667 832 1728 illa
867 1675 1110 1747 peccata
1134 1687 1259 1729 non
1303 1669 1772 1746 distinguuntur

227 1772 504 1837 tanquam
541 1761 761 1820 vitium
817 1779 923 1838 per
951 1777 1290 1836 excessum,
1338 1767 1400 1822 01
1437 1759 1769 1835 defectum,

224 1851 352 1929 quia
380 1858 644 1930 uterque
681 1853 900 1912 modus
923 1853 1216 1930 peccandi
1245 1858 1444 1931 potest
1471 1854 1538 1913 in
1572 1853 1773 1913 omni-

225 1941 324 2002 bus
343 1943 460 2002 illis
500 1943 970 2005 infidelitatibus
996 1946 1298 2022 inveniri3
1327 1963 1476 2005 nam
1527 1945 1776 2006 haereti-

225 2055 316 2096 cus
342 2035 550 2097 deficit
567 2055 694 2098 non
723 2036 1027 2098 credendo
1055 2057 1192 2117 quae
1229 2045 1476 2099 tenetur
1503 2039 1772 2113 credere,

225 2137 278 2190 et
304 2131 542 2192 excedit
572 2131 877 2193 credendo
909 2149 1046 2210 quae
1101 2151 1226 2192 non
1263 2139 1410 2192 sunt
1446 2133 1768 2204 credenda,

223 2231 274 2284 et
313 2229 579 2303 uterque
619 2225 836 2285 modus
880 2224 1059 2284 facile
1101 2231 1298 2304 potest
1333 2226 1399 2284 in
1433 2243 1672 2305 pagano
1716 2230 1777 2284 et

223 2317 415 2378 Judaeo
441 2320 846 2380 considerari.
876 2319 1107 2379 Deinde
1133 2337 1258 2378 non
1285 2325 1540 2397 possunt
1563 2319 1776 2377 distin-

220 2413 311 2489 gui
336 2417 643 2504 tanquam
686 2413 934 2474 omissio
971 2418 1032 2471 et
1075 2413 1431 2472 commissio
1459 2408 1601 2471 fidei
1635 2429 1778 2470 con·

221 2504 412 2577 traria,
441 2523 624 2580 nam,
657 2504 802 2566 licet
825 2504 922 2565 hae
963 2504 1104 2563 duae
1139 2503 1532 2564 infidelitates
1559 2501 1776 2562 distin-

218 2604 468 2674 guantur
489 2599 725 2676 specie,
762 2603 834 2657 ut
858 2616 1046 2676 supra
1072 2597 1226 2671 dixi,
1259 2602 1470 2657 tamen
1516 2595 1620 2656 illa
1653 2595 1774 2655 dis-

217 2688 411 2749 tinctio
439 2708 576 2750 non
608 2699 808 2769 potest
844 2689 924 2750 ad
971 2691 1100 2750 hoec
1143 2689 1425 2749 membra
1450 2689 1770 2768 applicari,

219 2783 344 2860 quia
369 2780 433 2842 in
459 2800 716 2860 pagano
751 2787 955 2858 potest
981 2789 1240 2862 uterque
1269 2782 1486 2841 modus
1516 2798 1774 2860 peccan-

223 2875 276 2932 di
300 2875 572 2934 inveniri
583 2891 605 2952 ;
657 2893 804 2935 nam
852 2875 904 2934 si
953 2893 1078 2934 non
1112 2875 1338 2934 habeat
1391 2873 1580 2933 fidem
1610 2873 1776 2932 suffi-

225 2967 435 3028 cienter
467 2968 880 3046 propositam,
931 2975 994 3027 et
1023 2967 1224 3027 solum
1262 2985 1373 3046 per
1401 2965 1772 3045 culpabilem

221 3061 632 3138 ignorantiam
684 3068 746 3120 et
797 3060 1243 3140 negligentiam
1271 3066 1458 3136 erret,
1505 3059 1607 3119 vel
1649 3076 1775 3118 non

220 3153 430 3231 credat,
453 3159 586 3214 erit
617 3151 882 3213 infidelis
911 3153 1250 3213 omittendo
1266 3175 1284 3228 ;
1322 3154 1373 3212 si
1401 3157 1611 3213 autem
1639 3156 1775 3230 post

218 3243 617 3306 sufficientem
645 3245 1124 3323 propositionem
1175 3243 1320 3306 fidei
1369 3245 1615 3318 resistit,
1639 3245 1773 3321 jam

218 3338 470 3416 peccabit
517 3337 987 3408 committenda,
1034 3344 1096 3398 et
1135 3337 1300 3398 idem
1348 3356 1488 3398 cum
1521 3355 1772 3416 propor-

217 3432 366 3492 tione
387 3432 454 3491 in
479 3431 706 3492 Judaeo
732 3432 1087 3505 invenitur3
1115 3431 1360 3491 haeresis
1387 3436 1592 3490 autem
1636 3448 1774 3509 pro-

220 3523 336 3604 prie
363 3526 526 3585 dicta
551 3541 801 3602 semper
825 3530 915 3583 est
937 3532 1256 3602 peccatum
1286 3524 1769 3598 commissionis3

221 3635 350 3678 nam
376 3619 648 3697 requirit
667 3617 1092 3695 pertinaciam,
1124 3629 1193 3675 ut
1213 3615 1378 3676 infra
1401 3615 1769 3676 videbimus.

223 3709 474 3771 Tandem
493 3711 693 3771 etiam
720 3709 788 3769 in
812 3707 1068 3768 homine
1096 3707 1440 3770 Christiano
1467 3715 1666 3787 potest
1680 3709 1774 3768 in-

223 3805 401 3864 veniri
439 3804 632 3884 culpa
675 3809 888 3862 contra
927 3801 1118 3862 fidem
1143 3819 1252 3881 per
1292 3801 1545 3862 modum
1591 3802 1775 3862 omis·

229 3897 420 3972 sioniS,
467 3903 542 3956 ut
571 3914 762 3975 supra
789 3895 1022 3956 dictum
1052 3901 1144 3955 est
1157 3911 1177 3972 ;
1203 3913 1351 3972 ergo
1380 3913 1506 3954 non
1557 3895 1773 3954 distin-

225 3997 482 4068 guuntur
501 3989 630 4050 illae
681 3986 1093 4060 infidelitates,
1140 3989 1191 4047 si
1219 4004 1358 4047 cum
1386 3987 1776 4066 proportione

227 4090 673 4164 comparentur,
701 4082 1039 4142 secundum
1067 4079 1204 4141 illos
1236 4081 1390 4140 duos
1428 4081 1662 4155 modos,
1689 4087 1773 4156 et,

225 4179 450 4256 proprie
491 4177 836 4256 loquend0,
879 4175 1346 4252 distinguuntur
1401 4180 1581 4252 prout
1631 4181 1778 4234 sunt

227 4272 673 4332 commissiones
701 4276 914 4330 eontra
934 4267 1120 4328 fidem
1148 4290 1165 4342 ;
1195 4269 1310 4328 hoc
1361 4275 1568 4330 autem
1593 4270 1774 4328 modo

228 4379 336 4423 non
359 4365 598 4425 habent
618 4361 1006 4423 essentialem
1039 4361 1458 4422 differentiam
1493 4362 1558 4422 111
1597 4365 1774 4422 resis-

229 4457 379 4516 tendi
393 4455 762 4518 modofidei.
781 4455 956 4528 Quod
970 4454 1284 4532 probatur,
1302 4456 1447 4533 quia
1460 4455 1622 4514 idem
1635 4474 1776 4515 con-

232 4554 482 4628 temptus
513 4550 750 4610 divinae
780 4547 1174 4608 revelationis
1205 4554 1266 4606 et
1299 4548 1531 4626 injuria
1560 4549 1774 4626 primae

229 4642 488 4702 veritatis
511 4643 582 4702 in
624 4639 912 4702 omnibus
931 4640 1030 4700 his
1048 4637 1536 4715 infidelitatibus,
1568 4642 1616 4700 si
1643 4647 1778 4718 post

234 4733 623 4796 sufficientem
691 4733 1172 4813 propositionem
1241 4732 1532 4792 doctrinae
1607 4733 1776 4792 Fidei

235 4829 706 4902 committantur,
735 4827 1072 4886 invenitur.
1104 4825 1258 4884 Nam
1288 4825 1447 4904 quod
1486 4843 1612 4884 una
1640 4826 1777 4884 infi-

235 4921 430 4981 delitas
451 4923 714 4982 istarum
747 4919 944 4996 magis
970 4919 1072 4978 vel
1101 4917 1306 4978 minus
1332 4919 1572 4978 resistat
1620 4919 1780 4978 Scri-

235 5019 328 5092 ptu
337 5034 414 5074 rae
433 5022 542 5075 aut
561 5012 925 5075 revelationi
943 5013 1166 5072 divinae
1189 5013 1388 5072 solum
1408 5011 1638 5072 indicat
1659 5013 1778 5072 dis—

237 5107 582 5168 tinctionem
629 5108 696 5167 in
754 5105 1114 5166 accidentali
1167 5105 1469 5184 gravitate
1525 5107 1772 5184 peccati,

239 5215 350 5258 non
389 5201 452 5260 in
488 5201 720 5279 specie3
755 5217 900 5259 nam
929 5197 1144 5258 eadem
1170 5199 1296 5258 lere
1336 5197 1658 5257 diversitas
1686 5200 1780 5256 iu-

239 5293 420 5354 veniri
437 5298 639 5372 potest
663 5295 728 5352 in
743 5293 1050 5353 haereticis
1075 5293 1238 5352 inter
1258 5309 1346 5366 se,
1369 5289 1468 5350 vel
1495 5293 1656 5352 inter
1677 5292 1782 5351 Ju-

247 5383 416 5462 daeos,
444 5393 508 5447 et
533 5404 648 5448 suo
669 5385 852 5447 modo
871 5387 1036 5446 inter
1063 5402 1359 5464 paganoS,
1386 5385 1436 5444 si
1481 5385 1780 5462 majorem

247 5475 342 5538 Dei
361 5479 668 5556 notitiam,
693 5479 794 5540 vel
821 5477 962 5539 fidei
990 5479 1467 5558 propositionem
1488 5475 1780 5552 habeant,

543 5602 658 5649 ΧΠ.

3294 359 3411 418 417

1853 464 1916 518 01
1937 459 2024 520 ita
2046 477 2405 539 responsum
2424 467 2515 522 est
2552 460 2633 522 ad
2660 461 3001 541 principale
3048 461 3415 524 fundamen-

1851 556 1989 611 tum
2024 553 2350 614 contrariae
2386 555 2726 616 sententiae.

1933 647 1994 706 9.
2045 645 2357 708 Probatur
2425 648 2676 709 secundo
2745 649 2941 710 eadem
3012 650 3287 712 assertio.
3334 683 3415 696 —

1853 735 1957 800 Aa
1999 740 2503 815 confirmationem
2554 741 2621 800 in
2666 758 2830 802 num.
2878 744 2938 800 7.
2980 774 3064 788 —
3106 743 3409 817 Secundo,

1853 831 2274 910 principaliter
2316 839 2717 910 argumentor
2756 833 3164 911 expendendo
3192 835 3413 895 confir-

1854 924 2191 984 mationem
2223 924 2383 983 illius
2418 925 2763 1004 opinionis;
2795 943 2943 985 nam
2974 925 3038 984 in
3070 926 3175 986 illa
3198 927 3411 988 viden·

1853 1021 1958 1075 tur
1982 1016 2130 1076 dicti
2161 1026 2439 1077 auctores
2477 1035 2822 1096 supponere
2866 1017 2978 1077 has
3020 1017 3415 1082 infidelitates

1857 1109 2180 1188 distingui,
2212 1109 2359 1188 quia
2399 1116 2798 1190 opponuntur
2841 1110 2986 1171 fidei
3031 1120 3289 1192 receptae
3336 1133 3411 1172 ex

1856 1209 2031 1281 parte
2071 1202 2351 1280 subiecti,
2379 1203 2555 1280 cujus
2587 1203 2965 1264 contrarium
3005 1224 3116 1265 nos
3146 1206 3414 1266 ostendi-

1857 1313 2017 1355 mus,
2074 1297 2247 1356 Unde
2304 1297 2595 1357 videntur
2646 1298 2833 1357 etiam
2892 1316 3235 1378 supponere
3290 1299 3411 1359 hae-

1857 1389 2043 1448 resim
2076 1395 2319 1447 tantum
2356 1407 2483 1449 esse
2517 1406 2691 1468 posse
2736 1392 2801 1450 in
2840 1389 3091 1451 homine
3142 1392 3414 1471 baptiza-

1853 1487 1938 1552 to,
1968 1481 2112 1560 quia
2156 1483 2220 1541 in
2264 1482 2393 1542 solo
2432 1482 2537 1541 illo
2588 1483 2905 1543 invenitur
2944 1483 3095 1544 fides
3142 1485 3414 1563 professa

1851 1592 1959 1633 seu
1987 1574 2283 1653 promissa
2336 1575 2410 1652 (si
2451 1583 2660 1636 tamen
2708 1577 2969 1638 dicenda
3008 1583 3101 1637 est
3154 1581 3415 1658 promis-

1851 1667 1968 1741 sio,
1999 1685 2136 1746 quae
2178 1667 2249 1727 fit
2293 1669 2358 1726 in
2394 1667 2724 1746 baptisma,
2771 1669 2846 1728 de
2888 1687 3012 1748 quo
3060 1669 3294 1748 ailquid
3322 1671 3411 1730 di-

1853 1777 1989 1819 cam
2018 1761 2286 1820 sectione
2335 1761 2527 1838 scq.);
2578 1759 2731 1820 illud
2772 1768 2980 1822 autem
3020 1761 3243 1822 salsum
3296 1770 3409 1839 est,

1853 1871 2001 1912 nam
2036 1850 2513 1912 catechumenus
2564 1858 2764 1934 potest
2813 1873 2943 1915 esse
2977 1855 3315 1930 haereticus,
3360 1857 3413 1916 si

1855 1945 2077 2005 Christi
2108 1944 2293 2005 fidem
2320 1945 2385 2005 in
2412 1945 2687 2022 generali
2716 1947 3023 2023 admittat,
3054 1954 3116 2009 et
3142 1949 3413 2028 aliquam

1856 2043 2097 2118 partem
2140 2039 2272 2115 ejus
2310 2045 2517 2116 neget,
2551 2039 2697 2117 quia
2727 2040 2829 2101 ille
2876 2047 2971 2100 est
3012 2041 3302 2117 infidelis,
3352 2049 3413 2102 et

1857 2148 1983 2189 non
2014 2146 2104 2190 est
2126 2130 2372 2191 Judaeus
2398 2149 2511 2191 nec
2541 2148 2841 2209 paganus,
2875 2140 2943 2192 ut
2966 2141 3233 2207 constat3
3264 2153 3413 2211 ergo

1856 2220 2201 2284 haereticus
2245 2225 2319 2283 Et
2364 2230 2551 2302 patet,
2608 2226 2754 2303 quia
2789 2225 2903 2284 sub
2939 2227 3189 2286 nomine
3224 2225 3414 2286 chris·

1860 2315 2031 2374 tiano
2054 2315 2282 2376 recedit
2314 2335 2353 2376 a
2379 2315 2531 2394 fide3
2570 2336 2717 2395 ergo
2764 2336 2890 2377 non
2936 2324 3027 2377 est
3062 2318 3135 2378 de
3174 2319 3412 2380 ratione

1856 2405 2107 2468 haeresis
2163 2409 2327 2486 quod
2385 2409 2465 2468 sit
2511 2417 2725 2471 contra
2778 2409 2966 2470 fidem
3022 2411 3409 2490 promissam.

1856 2499 2085 2560 Deinde
2122 2502 2309 2560 etiam
2350 2519 2631 2582 paganus
2664 2509 2725 2562 et
2766 2502 3020 2563 Judaeus
3048 2511 3249 2582 potest
3279 2523 3414 2584 pec-

1857 2611 1999 2652 care
2036 2601 2251 2653 contra
2294 2593 2477 2655 iidem
2514 2597 2904 2674 promissam,
2940 2603 3012 2655 ut
3039 2598 3090 2656 si
3124 2597 3416 2658 Christia-

1854 2705 1974 2747 nus
1996 2686 2343 2764 baptizatus
2370 2686 2451 2746 ad
2480 2688 2617 2748 illas
2642 2697 2835 2748 sectas
2860 2687 3121 2749 deficiat.
3148 2690 3416 2769 Respon-

1855 2781 1961 2840 det
2016 2781 2344 2858 Cajetanus
2400 2781 2575 2840 illum
2632 2781 2818 2842 simul
2868 2799 2996 2842 esse
3051 2799 3411 2860 paganum,
3484 2859 3493 2869 Β

1854 2873 2029 2934 verbi
2065 2875 2287 2951 gratia,
2319 2881 2383 2935 et
2404 2873 2763 2934 haereticum
2784 2891 2805 2950 3
2844 2876 2948 2934 sed
2978 2874 3095 2934 1100
3137 2881 3231 2935 est
3270 2859 3413 2936 0611-

1853 2965 2115 3026 fundere
2160 2968 2530 3045 apostasiam
2584 2983 2726 3026 cum
2780 2965 3021 3042 haeresi,
3070 2967 3235 3046 quod
3287 2986 3415 3029 non

1854 3063 2019 3118 recte
2051 3058 2121 3117 fit
2142 3081 2159 3133 ;
2203 3077 2352 3118 nam
2390 3060 2695 3137 apostasia
2728 3065 2925 3138 potest
2974 3078 3103 3120 esse
3152 3063 3417 3120 circum-

1855 3151 2080 3211 stantia
2107 3153 2389 3212 omuium
2427 3151 2889 3226 infidelitatum,
2940 3158 3009 3212 ut
3050 3160 3211 3213 recte
3260 3153 3417 3212 dixit

1853 3243 1925 3302 D.
1960 3245 2249 3319 ThomaS,
2300 3263 2361 3324 q.
2397 3247 2495 3319 012,
2538 3249 2653 3306 art.
2702 3249 2762 3319 1,
2812 3245 2891 3304 ad
2938 3245 2999 3318 3,
3034 3245 3161 3306 sive
3200 3245 3280 3304 sit
3308 3265 3415 3326 ag-

1853 3353 2118 3412 gravans
2150 3337 2217 3396 in
2263 3337 2479 3397 eadem
2530 3339 2749 3415 specie,
2808 3336 2937 3398 sive
2984 3344 3233 3398 mutans
3278 3357 3413 3418 spe-

1853 3430 2009 3488 ciem
2038 3473 2060 3505 ,
2120 3429 2197 3488 de
2256 3447 2379 3507 quo
2430 3435 2573 3490 sect.
2636 3449 2765 3509 seq.
2828 3429 3211 3493 Christianus
3264 3451 3413 3510 ergo

1853 3522 2157 3582 transiens
2179 3523 2254 3581 ad
2287 3523 2723 3601 paganismum
2754 3524 3024 3602 profecto
3060 3541 3188 3583 11011
3230 3525 3416 3586 habet

1855 3613 2009 3674 duas
2038 3614 2453 3689 infidelitateS,
2485 3618 2631 3693 quia
2679 3633 2874 3675 unum
2924 3622 3164 3676 tantum
3203 3635 3411 3678 assen-

1856 3726 1994 3767 sum
2020 3709 2111 3768 vel
2140 3707 2485 3768 dissensum
2513 3708 2700 3768 habet
2718 3717 2933 3769 contra
2960 3707 3170 3784 fidem,
3195 3716 3257 3769 et
3277 3728 3413 3788 pro-

1855 3799 1989 3880 prie
2014 3805 2258 3859 tantum
2312 3817 2503 3860 unam
2546 3801 2844 3878 injuriam
2895 3801 3113 3880 primae
3167 3802 3415 3862 veritati

1855 3893 2075 3968 iniert3
2107 3899 2169 3952 et
2196 3893 2479 3970 quamvis
2502 3891 2743 3952 deficiat
2772 3911 2805 3952 a
2838 3893 3211 3972 professione
3244 3893 3409 3968 fidei,

1856 3985 1963 4046 illa
2008 4003 2129 4047 non
2173 3992 2265 4046 est
2318 4003 2479 4045 nova
2524 3985 2875 4061 infidelitas,
2927 3986 3030 4047 sed
3082 3991 3409 4066 apostasia,

1855 4081 2015 4140 sicut
2043 4081 2111 4140 in
2138 4080 2420 4158 exemplo
2468 4081 2789 4139 contrariae
2819 4087 2955 4140 sent
2978 4082 3137 4140 ·ntiae
3168 4082 3233 4140 in
3273 4099 3411 4160 pec-

1856 4179 2033 4234 cante
2060 4179 2275 4233 contra
2313 4178 2527 4232 votum
2561 4173 2853 4232 castitatis
2886 4189 3009 4232 non
3054 4178 3147 4232 est
3183 4173 3411 4252 duplex

1857 4266 2097 4327 malitia
2124 4265 2409 4340 luxuriae,
2441 4265 2545 4326 sed
2592 4265 2701 4325 uni
2742 4265 2994 4326 malitiae
3032 4274 3247 4328 contra
3281 4287 3412 4328 cas-

1855 4363 2099 4423 titatem
2129 4361 2490 4439 adjungitur
2518 4357 2641 4421 alia
2671 4367 2883 4421 eontra
2912 4362 3273 4439 religionem
3301 4378 3322 4440 3
3353 4371 3414 4424 et

1855 4456 2140 4516 similiter
2165 4453 2403 4514 furtum
2431 4453 2702 4531 religiosi
2741 4471 2867 4513 non
2898 4460 2990 4515 est
3034 4455 3261 4534 duplex
3312 4458 3412 4518 in·

1849 4547 2114 4626 justitia,
2140 4546 2246 4607 sed
2273 4564 2401 4606 una
2426 4545 2661 4605 habens
2684 4545 3041 4624 adjunctam
3066 4549 3252 4608 aliam
3284 4567 3413 4609 ma-

1858 4641 2056 4701 litiam
2085 4639 2428 4716 sacrilegii3
2454 4639 2540 4698 sic
2566 4655 2715 4715 ergo
2746 4639 2810 4697 in
2838 4641 3120 4716 praesenti
3152 4641 3413 4715 malitia,

1856 4735 1909 4794 si
1932 4751 2057 4812 qua
2092 4743 2183 4793 est
2211 4736 2426 4792 contra
2454 4731 2921 4810 promissionem
2959 4731 3127 4809 fidei,
3158 4735 3414 4813 adjungi

1858 4825 2111 4905 quidem
2156 4829 2357 4903 potest
2400 4824 2651 4884 malitias
2696 4822 3078 4886 infidelitatis
3119 4827 3183 4886 iu
3221 4828 3418 4906 quoli-

1858 4918 1964 4978 bet
1991 4917 2243 4978 illorum
2276 4916 2744 4991 membro-rum3
2790 4924 3005 4977 tamen
3050 4919 3182 4978 sine
3228 4919 3415 4979 dubio

1858 5009 2047 5071 habet
2073 5008 2535 5070 difformitatem
2569 5008 2825 5068 diversae
2870 5010 3127 5070 rationis
3170 5011 3249 5072 ab
3282 5013 3417 5092 ipsa

1861 5103 2249 5164 infidelitate.

1944 5201 2042 5260 10.
2073 5195 2173 5258 An
2210 5197 2295 5258 sit
2350 5197 2656 5277 sufficiens
2696 5199 2997 5276 praedicta
3039 5199 3422 5275 infidelitatis

1861 5293 2102 5355 divisio.
2124 5323 2205 5336 -—
2231 5291 2416 5352 Dicta
2440 5289 2805 5370 sufficientia
2826 5291 3173 5360 declaratur
3194 5295 3417 5374 ptimo.

1859 5415 1943 5430 —
1977 5383 2348 5446 Declaratur
2388 5375 2661 5445 secunda.
2711 5415 2793 5428 --
2842 5384 3192 5444 Secundum
3234 5405 3426 5466 punc-

1866 5485 2005 5539 tum
2034 5483 2167 5538 erat
2194 5475 2270 5560 de
2294 5475 2672 5556 sufficientia
2691 5475 2857 5537 illius
2882 5476 3253 5554 partitioniS,
3284 5497 3423 5559 quae

3033 5584 3111 5644 ⁰27
