3900 6217
565 360 682 421 322

577 465 796 527 codem
826 462 1124 531 Pontifice
1159 464 1440 545 superior
1463 483 1592 527 non
1619 471 1799 542 esset,
1823 468 2130 548 praecipue

573 576 716 621 cum
736 564 943 639 posset
991 574 1200 624 secum
1248 558 1381 639 ipse
1439 558 1794 643 dispensare
1819 578 1898 623 ex
1945 580 2131 625 causa

567 651 912 735 probabili3
944 658 1054 719 aut
1095 659 1257 715 certe
1298 654 1350 715 si
1381 670 1565 717 causa
1589 653 1846 731 deesset,
1882 662 2129 735 propte-

566 764 798 825 reaque
826 744 1126 807 relaxatio
1179 764 1309 808 non
1358 746 1594 809 valeret
1619 746 1688 809 in
1721 749 2123 825 conscientia,

566 857 694 901 non
723 838 864 901 ideo
891 839 1229 919 pertineret
1257 838 1336 901 ad
1363 839 1641 902 subditos
1665 859 1914 903 causam
1962 841 2129 927 valo-

565 949 824 1011 remque
843 932 1318 1013 dispensationis
1345 933 1716 1013 expendere.
1741 933 1860 997 Sed
1883 936 2033 1015 quid
2076 935 2131 997 si

567 1025 731 1104 Papa
757 1026 838 1087 ob
868 1030 1225 1105 perpetuam
1258 1028 1600 1088 amentiam
1619 1028 1938 1108 depositus
1962 1027 2043 1089 ad
2062 1046 2131 1089 se

563 1118 810 1179 redeat?
859 1114 1245 1199 Respondeo,
1275 1119 1329 1180 si
1376 1120 1716 1199 prudenter
1749 1128 1813 1183 et
1847 1120 2127 1199 humano

567 1210 750 1272 modo
779 1210 1151 1273 sufficienter
1181 1214 1534 1275 examinata
1585 1232 1684 1276 res
1722 1213 1864 1289 fuit,
1891 1232 1963 1275 ac
1993 1220 2129 1275 tan-

561 1304 706 1367 dem
728 1305 1030 1384 judicata,
1068 1324 1211 1369 vere
1267 1306 1615 1388 depositum
1658 1326 1938 1384 manere,
1980 1308 2129 1387 quia

567 1399 886 1477 negotium
905 1398 1024 1460 hoc
1048 1416 1176 1461 non
1197 1399 1380 1463 dehet
1403 1419 1480 1461 ex
1503 1402 1714 1463 tuturo
1739 1401 2129 1479 contingenti

563 1491 928 1571 dependere.
979 1490 1394 1571 interrogabit
1444 1495 1634 1555 etiam
1688 1494 1995 1575 quispiam
2044 1512 2127 1556 an

569 1584 760 1665 possit
786 1583 1068 1646 Pontifex
1087 1586 1364 1649 humano
1383 1587 1620 1667 judicio
1647 1606 1712 1653 se
1739 1592 1961 1666 sponte
1986 1586 2130 1648 sub-

562 1678 851 1753 mittere3
887 1680 1180 1741 resolutio
1209 1687 1418 1742 tamen
1456 1700 1534 1743 ex
1555 1682 1690 1761 jam
1715 1681 1994 1743 tractatis
2036 1679 2129 1741 fa-

565 1772 702 1833 cilis
745 1771 1142 1853 relinquitur.
1189 1764 1484 1853 (Consule
1527 1776 1594 1840 in
1639 1774 1884 1836 Defens.
1958 1772 2128 1849 fidei,

563 1866 608 1929 1.
645 1869 708 1941 4,
741 1884 794 1927 c.
833 1865 922 1942 7.)

642 1963 741 2025 19.
791 1957 986 2025 Secuta
1013 1960 1372 2040 exsertim—
1382 1956 2131 2048 Comectqrimn.—Papoe

573 2051 1174 2131 deposicio,jcrz·dice
1200 2056 1438 2116 tantum
1450 2052 1655 2132 justa,
1683 2052 1863 2120 valet.
1879 2086 1959 2097 —
1984 2053 2130 2131 Dico

567 2151 743 2209 sexto
780 2162 797 2206 2
849 2144 1076 2205 dubius
1115 2146 1422 2221 Pontifex,
1464 2145 1714 2224 quando
1772 2164 1900 2207 non
1935 2150 2133 2223 potest

563 2237 846 2301 Ecclesiae
878 2243 1046 2299 certa
1077 2239 1316 2299 ratione
1343 2247 1620 2301 constare
1659 2256 1742 2299 an
1771 2256 1915 2301 vere
1941 2238 2133 2313 fuerit

565 2330 819 2406 electae,
847 2348 960 2411 per
991 2330 1324 2393 Ecclesiam
1349 2332 1576 2412 deponi
1599 2332 1786 2395 valet.
1817 2333 1946 2395 Hoc
1975 2350 2126 2397 con-

574 2429 696 2495 stat
725 2442 802 2485 ex
825 2443 940 2509 usu
973 2424 1254 2485 Ecclesiae
1280 2440 1303 2502 3
1330 2425 1416 2485 ita
1454 2427 1624 2487 enim
1653 2424 1888 2494 factum
1927 2435 2021 2488 est
2060 2426 2131 2487 in

569 2516 1021 2583 Constantiensi
1071 2518 1365 2595 Concilio,
1395 2538 1468 2581 ac
1508 2520 1648 2599 jure
1689 2520 1971 2600 legitimo
2006 2521 2133 2583 fac-

567 2622 702 2675 tum
729 2620 844 2675 est.
871 2614 947 2675 Et
981 2613 1141 2683 ratio
1159 2614 1336 2675 reddi
1367 2620 1590 2695 potest,
1611 2616 1762 2694 qnia
1786 2616 1854 2677 in
1887 2634 1963 2681 eo
1985 2634 2135 2679 casu

570 2726 696 2769 non
719 2706 905 2768 datur
928 2726 1109 2769 verus
1140 2708 1304 2787 Papa
1349 2710 1414 2769 in
1459 2716 1792 2789 conspectu
1821 2709 2127 2787 Ecclesiae,

569 2818 708 2881 quae
728 2801 984 2880 proinde
1004 2801 1262 2863 minime
1290 2806 1540 2865 tenetur
1559 2802 1655 2863 illi
1673 2802 1923 2865 obedire
1951 2823 1967 2863 x
2002 2821 2135 2865 ma-

567 2900 676 2955 net
703 2893 1256 2973 ergojusEcclesiae
1283 2894 1365 2955 ad
1391 2895 1749 2973 eligendum
1769 2896 2131 2967 Pontificem

567 3005 807 3064 verum,
863 2990 964 3050 cui
997 2996 1282 3052 teneatur
1319 2988 1592 3063 obedire,
1622 2994 1808 3069 atque
1843 2988 1999 3059 adeo
2046 2989 2129 3051 ad

567 3081 1008 3161 deponendum
1061 3081 1346 3146 dubium.
1386 3083 1596 3162 Neque
1651 3083 1799 3147 hinc
1825 3082 1898 3146 fit
1925 3082 2131 3145 Eccle-

573 3174 730 3236 siam
771 3194 902 3238 esse
945 3174 1238 3238 Pontifice
1292 3178 1697 3255 superiorem,
1727 3174 1875 3255 quia
1927 3180 2133 3240 totum

564 3267 684 3329 lioc
721 3270 994 3348 pertinet
1057 3269 1140 3329 ad
1188 3274 1556 3351 potestatem
1605 3268 1786 3331 illum
1830 3268 2126 3348 eligendi.

568 3360 744 3423 Unde
761 3362 815 3422 si
830 3361 1243 3443 contingeret,
1267 3379 1396 3423 uno
1419 3362 1713 3441 quopiam
1733 3368 1898 3425 recte
1925 3369 1989 3425 et
2016 3364 2133 3425 rite

569 3455 791 3531 electo,
821 3454 1196 3532 Cardinales,
1237 3458 1518 3536 proxime
1572 3466 1712 3535 post
1756 3456 2133 3535 designatio-

582 3568 753 3626 nem,
793 3568 925 3613 rcm
977 3558 1218 3613 vertere
1272 3552 1338 3611 in
1391 3549 1680 3625 dubium,
1725 3550 2135 3630 generarique

576 3642 928 3716 schismata,
957 3648 1163 3725 posset
1189 3642 1531 3715 Concilium
1567 3642 1858 3722 generale
1894 3644 1973 3705 de
2028 3662 2137 3705 ne·

579 3738 750 3815 gotio
771 3754 1164 3820 cognoscere,
1214 3755 1288 3797 ac
1311 3754 1422 3818 pro
1475 3738 1716 3802 ratione
1755 3755 1976 3815 causae,
2026 3742 2143 3809 aut

581 3830 850 3892 electum
924 3830 1330 3907 confirmare,
1385 3836 1495 3892 aut
1576 3830 1916 3911 deponere3
1988 3831 2147 3912 quia.

583 3925 869 4005 quamvis
895 3924 1164 4004 eligendi
1183 3926 1296 4005 jus,
1313 3942 1668 3997 concessum
1693 3926 1774 3987 sit
1799 3926 2139 3990 Cardinali-

580 4016 720 4092 huS,
741 4018 1122 4080 censendum
1149 4023 1362 4080 tamen
1389 4035 1466 4079 ea
1490 4017 1630 4097 legq
1667 4018 1856 4087 fuisse
1889 4037 2141 4083 conces-

588 4127 750 4185 sum,
782 4116 852 4170 ut
881 4112 1072 4190 possit
1100 4128 1344 4191 semper
1377 4110 1650 4186 Ecclesia
1672 4111 1808 4178 fieri
1849 4118 2017 4178 certa
2064 4112 2143 4177 de

589 4204 850 4265 veritate
879 4205 976 4265 sui
1021 4203 1279 4285 capitis3
1317 4204 1386 4270 in
1431 4222 1578 4279 casu
1625 4222 1776 4285 ergo
1832 4224 1960 4286 quo
2010 4224 2141 4273 non

590 4302 802 4377 possit,
826 4298 934 4375 jus
959 4296 1082 4359 sihi
1098 4296 1442 4371 reservavit,
1473 4300 1914 4367 conveniente-r
1935 4300 2141 4379 provi-

569 4391 790 4465 dendi.
835 4392 940 4453 Est
967 4392 1138 4451 enim
1193 4390 1314 4465 hoc
1343 4397 1407 4453 et
1432 4390 1553 4471 ipsi
1597 4392 1827 4463 rationi
1865 4392 2143 4457 naturali

569 4490 1072 4559 consentaneum,
1091 4484 1259 4548 etad
1286 4484 1522 4558 honum
1559 4486 1838 4557 Ecclesiae
1859 4486 2141 4564 regimen

585 4576 1027 4643 necessarium.
1062 4576 1238 4648 Unde
1267 4578 1318 4647 si
1349 4578 1510 4644 forte
1544 4579 1712 4659 Papa
1761 4596 1906 4647 vere
1933 4596 2143 4645 coram

583 4670 706 4731 Deo
757 4670 985 4748 electus
1009 4670 1178 4749 juste
1229 4672 1600 4755 deponatur,
1642 4690 1796 4741 vere.
1823 4690 1898 4738 ac
1938 4674 2143 4737 valide

578 4764 945 4843 deponetur,
967 4764 1050 4841 ad
1084 4782 1229 4830 eum
1260 4766 1516 4835 modum
1545 4783 1674 4845 quo.
1697 4764 1776 4828 de
1804 4767 1967 4845 Papa
2016 4766 2144 4829 hoe-

586 4856 780 4917 retico
801 4856 1076 4920 diximus
1103 4876 1366 4933 numero
1389 4857 1775 4933 duodecimo.
1809 4858 1886 4924 Et
1906 4859 2039 4922 haec
2064 4859 2147 4921 de

582 4949 848 5014 Summo
878 4950 1172 5014 Pontifice
1203 4969 1314 5030 pro
1357 4951 1472 5014 hac
1521 4952 1946 5033 disputatione,
1978 4952 2147 5017 dicta

585 5043 895 5107 sufficiant
917 5060 940 5122 3
975 5052 1196 5107 caetera
1222 5045 1300 5106 de
1331 5045 1498 5117 illius
1525 5048 1910 5121 auctoritate,
1937 5046 2141 5126 quoad

572 5138 922 5217 doctrinam
969 5145 1033 5201 et
1071 5157 1276 5213 mores
1298 5157 1408 5219 pro
1432 5146 1562 5201 tota
1591 5139 1884 5216 Ecclesia,
1939 5138 2139 5202 videri

571 5238 828 5311 possunt
853 5234 1135 5314 superius
1174 5235 1241 5295 in
1277 5234 1696 5313 disputatione
1731 5233 1975 5313 quinta,
2006 5250 2135 5296 sec·

563 5327 733 5389 tione
757 5332 1000 5389 octava.

1221 5476 1485 5496 --........-.-..

1754 367 1991 421 msrur.
2028 369 2111 424 xl.
2150 368 2231 423 BE
2260 368 2576 427 conuiuis.

2690 640 3137 707 DISPUTATIO
3177 602 3279 705 xi.

2775 886 2854 933 DE
2904 886 3197 935 commis·

2290 1131 2318 1188 ¹
2332 1172 2347 1189 .
2398 1124 2657 1210 Goyman·
2680 1124 2941 1189 concilia
2960 1123 3123 1187 racio
3144 1142 3185 1189 a
3212 1122 3447 1189 Christo
3459 1130 3713 1193 mavit.

2204 1220 2415 1284 —Est
2436 1236 2661 1301 quoque
2716 1224 3173 1281 consentaneum
3210 1218 3429 1282 lumini
3462 1224 3715 1285 naturali.

2206 1350 2288 1361 -
2306 1314 2461 1389 Duo,
2486 1313 2645 1375 sicut
2666 1313 2735 1374 in
2764 1310 3210 1391 superioribus,
3238 1310 3307 1373 in
3352 1312 3719 1405 disputatione

2206 1407 2327 1471 hac
2354 1405 2721 1487 explicanda
2736 1408 3087 1467 occurrunt.
3116 1404 3419 1478 Alterum,
3442 1405 3579 1484 quid
3594 1406 3721 1469 Gon-
3839 1476 3840 1479 Ἴ

2207 1500 2423 1587 cilium
2468 1499 2571 1573 sit,
2600 1502 2665 1558 et
2714 1496 3027 1577 quomodo
3052 1496 3420 1575 congregari
3454 1496 3651 1557 debeat
3674 1507 3723 1560 et

2206 1589 2565 1655 confirmari
2580 1605 2602 1668 3
2642 1590 2936 1664 alterum,
2986 1606 3177 1668 quam
3224 1589 3627 1657 auctoritatem
3668 1590 3723 1653 in
3839 1668 3840 1671 Ἴ

2208 1678 2337 1747 suis
2368 1684 2597 1755 habeat
2620 1682 3108 1745 definitionibus.
3142 1683 3334 1747 Porro
3356 1684 3511 1743 circa
3528 1700 3723 1745 nomen
3839 1676 3840 1761 J

2208 1778 2465 1840 Concilii
2494 1784 2557 1847 et
2595 1776 2765 1845 varia
2814 1778 2951 1855 ejus
2976 1792 3231 1854 genera,
3260 1774 3575 1839 videantur
3608 1794 3723 1856 quae

2206 1873 2277 1932 in
2320 1872 2735 1951 disputatione
2766 1870 3011 1949 quinta,
3054 1875 3200 1929 sect.
3251 1870 3311 1941 7,
3340 1874 3545 1934 notata
3584 1878 3720 1931 sunt.
3839 1890 3840 1947 ξ

2208 1966 2423 2029 Solum
2469 1965 2548 2027 de
2600 1966 2784 2027 tertio
2840 1980 3067 2042 genere
3112 1961 3465 2026 addendum
3496 1963 3725 2025 eoncilia
3839 1954 3840 1983 ἦ

2209 2059 2524 2138 generalia
2550 2056 2939 2139 potissimum
2978 2054 3057 2117 ad
3106 2054 3425 2132 generales
3466 2070 3654 2121 causas
3676 2063 3727 2119 ct
3839 2070 3840 2075 ¹

2209 2152 2501 2230 dogmata
2554 2150 2702 2211 fidei
2750 2147 3107 2210 definienda
3156 2147 3537 2225 congregari,
3566 2166 3725 2226 quam
3839 2152 3840 2175 ³

2211 2243 2722 2311 consuetudinem
2754 2242 2835 2303 ab
2862 2241 3173 2320 Apostolis
3206 2240 3459 2302 initium
3482 2238 3727 2302 habuisse

2206 2356 2285 2401 ex
2328 2338 2405 2399 15
2448 2354 2579 2416 cap.
2614 2342 2749 2399 Act.
2782 2341 3042 2405 constat,
3072 2352 3151 2397 ex
3184 2350 3311 2413 quo
3342 2332 3724 2411 intelligimus,
3839 2346 3840 2359 ³

2208 2430 2701 2494 rationem·11anc
2726 2426 3147 2507 congregandi
3169 2426 3443 2489 Concilia
3466 2444 3505 2489 a
3524 2427 3723 2489 Christo
3839 2442 3840 2461 ³

2208 2525 2473 2590 Domino
2502 2540 2809 2597 manasse,
2840 2527 3029 2599 atque
3052 2519 3133 2582 ad
3166 2518 3288 2579 hoc
3314 2520 3722 2583 accommodari
3839 2570 3840 2573 ,

2212 2618 2414 2691 solent
2438 2616 2628 2679 verba
2655 2615 2761 2677 illa
2782 2612 3003 2681 Matth.
3045 2615 3121 2675 ¹8
3151 2630 3168 2675 z
3210 2612 3335 2677 Ubi
3373 2614 3595 2691 furiat
3616 2615 3725 2688 duo,

2212 2712 2307 2775 vel
2340 2714 2465 2773 tres
2484 2705 2833 2790 conareaati
2855 2709 2923 2768 in
2948 2706 3185 2777 nomine
3200 2722 3354 2781 meo,
3384 2706 3465 2777 ibi
3480 2722 3603 2771 sum
3625 2720 3724 2785 eqo.

2211 2806 2509 2884 Patetque
2556 2818 2632 2863 ex
2680 2799 2955 2863 Concilio
3004 2797 3519 2873 chalcedonensi,
3574 2798 3729 2857 actio-

2210 2918 2290 2961 ne
2316 2902 2382 2977 13
2416 2896 2689 2958 Concilio
2718 2894 2913 2957 Tolet.
2936 2896 3015 2955 15
3025 2910 3044 2971 3
3075 2892 3429 2967 Caelestino,
3460 2892 3523 2951 in
3544 2891 3729 2971 episto·

2210 2992 2271 3053 la
2304 2990 2574 3071 quadam
2612 2994 2760 3051 ante
2802 2988 3148 3049 Concilium
3178 2985 3406 3064 Ephes.
3443 2984 3558 3045 Nec
3592 2984 3729 3045 enim

2212 3084 2415 3164 placet
2436 3082 2603 3161 quod
2641 3081 2917 3161 Pighius·‚
2953 3080 3064 3142 lib.
3110 3080 3152 3143 6
3208 3077 3551 3152 Hier-arch„
3586 3095 3634 3137 c.
3682 3079 3725 3149 i,

2212 3177 2399 3239 sentit
2410 3222 2431 3253 ,
2478 3174 3029 3255 congregationem
3081 3172 3311 3239 horum
3364 3170 3724 3233 Conciliorum

2212 3290 2345 3334 esse
2374 3288 2453 3335 ex
2486 3270 2764 3331 humana
2790 3268 3205 3342 institutione,
3237 3266 3360 3327 nisi
3400 3264 3639 3325 fortasse
3658 3264 3725 3321 iu-

2211 3364 2454 3445 telligat
2480 3369 2789 3443 quantum
2817 3362 2897 3423 ad
2926 3368 3171 3440 tempus
3198 3365 3265 3421 et
3290 3358 3724 3425 ordinationem

2210 3460 2313 3523 vel
2334 3460 2483 3540 quia
2515 3457 2770 3519 fortasse
2795 3472 2923 3518 non
2971 3460 3066 3516 est
3110 3452 3478 3533 simpliciter
3510 3468 3585 3513 ex
3612 3466 3732 3528 prae·
3766 3496 3779 3511 .

2214 3559 2395 3633 cepto
2420 3552 2634 3619 divino
2684 3556 2757 3611 ut
2797 3550 2931 3611 haec
2982 3546 3259 3613 Concilia
3294 3550 3727 3625 congregentur.
3839 3614 3840 3617 Ἴ

2214 3648 2371 3709 Nam
2396 3654 2667 3728 potestas
2682 3652 2744 3707 et
2770 3644 2928 3705 ratio
2950 3644 3057 3703 illa
3088 3640 3511 3720 congregandi
3556 3656 3591 3699 a
3619 3637 3735 3715 jure
3839 3658 3840 3723 ]

2215 3742 2433 3805 divino
2460 3742 2597 3805 sine
2621 3738 2813 3804 dubio
2860 3736 3050 3802 hehet
3102 3735 3438 3815 originem,
3468 3738 3537 3795 ut
3584 3730 3737 3793 latius
3839 3754 3840 3779 ι

2216 3837 2527 3913 dicemus3
2562 3835 2719 3913 quin
2748 3833 2977 3913 potius,
3032 3831 3355 3911 supposita
3386 3828 3526 3901 fide,
3558 3832 3616 3887 et
3637 3827 3737 3885 ins-
3839 3864 3840 3875 η

2216 3930 2508 3997 titutione
2563 3926 2848 3991 Ecclesiae
2899 3944 2938 3988 a
2981 3925 3225 3987 Christo
3293 3924 3473 3999 facta,
3522 3920 3737 3999 ejusque

2219 4022 2696 4103 gubernatione,
2722 4020 2899 4100 quasi
2936 4018 3245 4085 naturalis
3266 4017 3429 4079 ratio
3458 4014 3634 4080 dictat
3665 4018 3737 4069 te·

2219 4117 2381 4179 lium
2426 4114 2851 4180 conciliorum
2892 4110 3376 4175 celebrationem
3388 4123 3411 4187 3
3472 4112 3559 4171 est
3596 4104 3737 4165 enim

2221 4208 2507 4282 naturale
2534 4206 2777 4271 homini
2804 4205 2877 4267 in
2918 4203 3302 4285 gravissimis
3344 4200 3521 4265 rebus
3548 4196 3738 4264 multo-

2218 4320 2370 4367 rum.
2392 4302 2743 4365 sententias.
2758 4306 2825 4363 et
2852 4297 3113 4364 consilia
3136 4302 3484 4379 expectare.

2298 4398 2360 4459 2.
2404 4392 2673 4460 Concilio
2704 4392 3105 4477 mormandi
3148 4408 3351 4455 caum
3376 4380 3739 4453 varen-Ex

2220 4489 2447 4571 quihus
2479 4491 2671 4553 etiam
2688 4487 2955 4565 intelligi
2992 4491 3193 4566 potest
3236 4480 3537 4563 ejusmodi
3562 4474 3739 4543 conci·

2221 4582 2450 4643 liorum
2480 4580 2832 4658 necessitas,
2865 4598 3003 4659 quae
3032 4577 3361 4657 multiplex
3392 4592 3514 4639 esse
3551 4574 3735 4653 potest.

2224 4674 2455 4749 Primo,
2480 4674 2805 4754 extirpatio
2836 4671 3174 4751 grassantis
3198 4670 3449 4734 haeresis
3474 4665 3566 4728 vel
3581 4662 3740 4725 schis-
3839 4698 3840 4701 =

2224 4769 2430 4844 matis,
2454 4767 2621 4848 quod
2644 4767 2960 4829 interdum
2990 4764 3266 4844 graviter
3288 4761 3607 4847 Ecclesiam
3632 4772 3741 4837 pre·

2222 4862 2361 4935 mit,
2394 4867 2466 4923 ut
2494 4880 2573 4925 ex
2612 4860 2803 4921 citato
2836 4859 3134 4921 Actorum
3176 4858 3251 4920 15
3292 4855 3591 4935 colligitur
3600 4874 3615 4926 3
3662 4866 3739 4951 ⁸⁸?
3839 4858 3840 4901 ῐ

2224 4954 2451 5031 cundo,
2484 4952 2875 5015 definitiones
2902 4951 3004 5013 vel
3028 4951 3471 5015 declarationes
3500 4946 3630 5007 fidei
3650 4948 3740 5003 toti
3839 4974 3840 5021 1

2220 5047 2502 5110 Ecclesiae
2554 5046 2934 5119 necessarim‚
2982 5063 3135 5125 qum,
3161 5050 3325 5107 recte
3356 5044 3516 5104 fiunt
3551 5052 3740 5099 conve·

2219 5140 2537 5203 nientibus
2558 5139 2747 5201 totius
2768 5138 3095 5201 christiani
3112 5138 3278 5201 orbis
3298 5134 3621 5217 capitibus3
3643 5136 3742 5189 ter·

2214 5236 2340 5310 tio,
2376 5234 2807 5297 communium
2841 5232 3051 5311 legum
3096 5230 3552 5295 condendarum
3585 5222 3736 5293 ratio,
3839 5286 3840 5289 Ἴ

2212 5328 2724 5391 convenientibus
2758 5328 2927 5390 enim
2960 5344 3041 5389 ex
3072 5328 3259 5389 totius
3298 5324 3463 5387 orbis
3497 5317 3739 5419 partibus

2210 5422 2510 5502 episcopis
2535 5440 2610 5483 ac
2634 5421 2877 5501 legatis,
2900 5420 3125 5485 melius
3150 5424 3389 5482 constat
3412 5414 3553 5497 quid
3572 5425 3741 5473 omm-

2211 5513 2327 5577 bus
2353 5515 2637 5577 Ecclem'is
2654 5514 2963 5596 expediat.
2984 5515 3259 5598 Denique
3274 5512 3355 5575 ad
3380 5508 3601 5573 similes
3614 5503 3741 5566 alias
