3900 6217
451 433 638 487 'SEC'R
675 433 716 487 1.
751 432 834 485 AN
868 432 1166 485 CHRISTUS
1198 430 1469 485 Donamus
1500 426 1938 483 nmvmtsALffl
1970 430 2283 482 ECCLESIAE
2315 429 2525 482 cunm
2557 428 2777 493 PETRO,
2813 430 2948 483 E'rc.

179 558 278 605 ram
313 534 642 615 dignitatem
673 579 694 608 ,
745 532 1011 613 denique
1053 531 1284 593 nom'en
1327 528 1494 611 quod
1540 526 1658 609 ipsi

179 635 379 706 Christo,
418 630 550 709 quia
579 626 848 707 primum
879 632 1062 705 caput
1089 632 1150 686 et
1179 623 1658 684 fundamentum

178 725 399 789 Ecclesiae
423 728 530 796 est,
556 720 886 799 saepissime
909 718 976 779 in
999 719 1315 798 Scriptura
1331 716 1629 777 tribuitur
1639 730 1660 793 ;

180 823 288 881 dum
311 816 478 895 igitur
505 832 682 874 suum
713 830 941 873 nomen
970 812 1423 884 communicat,
1459 807 1660 887 digni-

178 920 318 974 tatem
363 908 534 970 etiam
589 905 1048 966 communicare
1104 910 1312 983 aperto
1376 902 1610 963 indicat
1637 946 1658 977 ,

178 1004 300 1085 quod
317 1002 454 1061 bene
473 998 834 1079 ponderavit
859 998 980 1058 Leo
1009 998 1170 1077 Papa
1195 1014 1402 1077 supra.
1432 996 1660 1055 Secun-

174 1101 251 1171 do,
273 1112 392 1155 cum
416 1092 804 1152 recensentur
831 1088 1129 1170 Apostoli,
1158 1090 1362 1169 primo
1389 1088 1520 1148 loco
1552 1088 1660 1148 Pe-

173 1197 274 1249 trus
298 1183 624 1265 apponitur,
658 1188 721 1243 et
746 1198 911 1263 saepe
933 1184 1060 1262 ipse
1083 1180 1446 1243 describitur
1473 1187 1542 1240 ut
1565 1196 1665 1239 ca-

171 1288 256 1363 put
277 1286 326 1342 et
347 1280 460 1339 dux
486 1274 751 1336 aliorum
773 1292 792 1353 ;
821 1274 1150 1336 Matthaeus
1177 1292 1446 1355 quoque,
1475 1292 1528 1335 c.
1560 1274 1660 1349 10,

169 1374 385 1436 referens
417 1368 846 1449 Apostolorum
886 1370 1166 1442 nomina,
1209 1368 1458 1447 inquit:
1505 1368 1666 1429 Duo-

168 1464 310 1531 decim
339 1460 751 1544 Apostolorum
777 1462 1020 1525 nomina
1044 1462 1170 1525 hoeo
1191 1466 1336 1525 sunt
1351 1486 1373 1521 .·
1395 1462 1658 1542 mimus,

173 1560 360 1629 Simon,
391 1564 529 1630 etc.,
571 1561 637 1616 et
663 1556 742 1615 ad
769 1555 1035 1633 reliquos
1065 1553 1477 1634 progreditur,
1521 1550 1662 1612 abs-

166 1672 255 1733 que
277 1650 536 1711 terminis
567 1646 1016 1709 numeralibus.
1067 1646 1288 1709 Unde
1273 1664 1340 1708 ιιι
1367 1644 1664 1727 particula

166 1748 352 1828 primus
385 1742 720 1823 primatum
765 1741 950 1802 fuisse
996 1740 1378 1815 indicatum,
1425 1738 1668 1799 notavit

167 1838 228 1899 ihi
271 1833 533 1897 Albertus
596 1834 880 1914 Magnus·
922 1833 1080 1895 Vide
1132 1830 1552 1906 Ambrosium,
1605 1830 1674 1891 in

169 1932 223 1991 ad
244 1928 484 1989 Corinth.
513 1928 634 2004 123
673 1926 1119 2005 Augustinum,
1160 1932 1424 1986 tractatu
1459 1924 1576 1984 ult.
1607 1924 1675 1983 in

167 2025 343 2085 Joann.
375 2022 540 2083 Dices
567 2044 584 2081 ε
621 2022 702 2082 ad
730 2021 928 2083 Galat.
955 2021 1031 2097 2,
1075 2022 1288 2081 Petrus
1317 2018 1676 2079 nominatur

171 2126 272 2197 post
281 2116 578 2178 Jacobnm.
601 2114 962 2195 Respondeo
988 2114 1187 2195 primo
1203 2112 1368 2192 quod
1387 2112 1676 2191 Augusti-

172 2230 273 2286 ιιιιε,
295 2209 667 2283 Ambrosius,
691 2208 1110 2287 Hieronymus
1128 2212 1190 2267 et
1211 2205 1680 2285 chrysostomus

170 2305 418 2365 contrario
458 2302 683 2363 ordine
734 2301 1019 2362 videntur
1057 2299 1319 2381 legisse;
1364 2300 1516 2359 item
1549 2316 1678 2357 non

166 2398 444 2477 omi-tuisse
483 2396 754 2458 Paulum
797 2414 1041 2475 semper
1081 2394 1430 2474 scrupulose
1475 2391 1680 2453 obser-

166 2510 277 2551 vare
300 2490 458 2550 illum
485 2488 804 2565 ordinem,
838 2488 935 2548 vel
966 2494 1127 2549 certe
1149 2533 1170 2564 ,
1215 2486 1363 2565 quia
1389 2493 1514 2546 tres
1543 2492 1680 2544 tan·

168 2591 264 2643 tum
292 2582 673 2656 numerabat,
718 2582 970 2643 Petrum
1011 2580 1280 2659 digniori
1321 2579 1474 2654 loco,
1521 2576 1682 2638 scili·

175 2674 456 2749 remedio,
496 2674 850 2735 constituit.
884 2674 1114 2749 Tertio,
1147 2670 1529 2751 significatur
1551 2670 1681 2730 haee

179 2770 388 2846 dignitas
420 2768 614 2845 Petri,
652 2768 890 2847 quoties
909 2768 1039 2848 ipse
1067 2765 1464 2845 singulariter
1485 2764 1682 2825 uomi-

175 2872 308 2924 natur
325 2910 342 2939 ,
393 2862 602 2924 caeteri
669 2880 816 2922 vero
863 2861 1135 2939 Apostoli
1180 2860 1460 2920 universe
1497 2864 1682 2937 atque

189 2956 397 3035 conium
444 2956 534 3016 sic
580 2954 816 3034 Angeli
855 2954 1228 3035 praecipiunt
1265 2950 1631 3013 mulieribus
1662 2970 1677 3009 ε

188 3052 268 3120 Ite,
287 3050 426 3113 eicite
450 3048 790 3131 discipulis
820 3050 970 3127 ejus,
1011 3053 1068 3111 et
1095 3048 1306 3121 Petro,
1341 3043 1530 3106 Marci
1564 3044 1680 3117 ¹63

181 3150 222 3202 et
241 3142 438 3219 Paulus,
470 3144 513 3204 2
537 3140 830 3203 Corinth.
874 3143 950 3202 12
983 3156 1002 3200 z
1049 3138 1264 3204 Goetori
1289 3137 1587 3221 Apostoli,
1629 3142 1688 3201 et

171 3240 342 3309 fratres
365 3236 644 3309 Domini,
675 3240 734 3299 et
760 3232 1004 3317 Cepha-5.
1033 3232 1287 3308 Quarto,
1312 3236 1432 3291 huc
1455 3236 1688 3309 spectat

173 3330 291 3407 quod
316 3330 516 3389 Petrus
545 3329 692 3390 fere
716 3344 956 3407 semper
978 3326 1252 3407 loquitur
1277 3324 1528 3385 nomine
1553 3340 1677 3383 om-

170 3422 316 3495 nium,
341 3430 408 3483 ut
431 3422 829 3503 ponderatur
855 3420 1142 3500 Cyrinus,
1176 3420 1241 3479 in
1264 3418 1326 3479 id
1354 3419 1578 3481 Joann.
1603 3418 1642 3479 6
1666 3434 1681 3478 t

168 3514 378 3590 Domine,
395 3518 474 3580 ad
495 3534 686 3598 quem
713 3512 958 3587 mma&
977 3520 1038 3575 et
1059 3512 1552 3591 chrysostomus,
1574 3511 1685 3571 ho·

165 3608 292 3669 milia
325 3610 397 3670 44
435 3612 502 3670 in
539 3606 776 3671 Matth.
828 3606 1054 3681 Quinto
1083 3652 1102 3681 ,
1149 3604 1270 3664 fuit
1316 3604 1504 3665 etiam
1557 3621 1684 3663 nou

165 3718 371 3777 lui-vum
397 3702 712 3763 indicium
747 3700 970 3761 futurae
1004 3698 1346 3778 dignitatis,
1388 3696 1554 3777 quod
1594 3695 1686 3756 illi

163 3796 388 3859 Christus
410 3798 638 3873 edixit,
676 3802 746 3857 ut
762 3814 876 3877 pro
903 3814 967 3857 se
991 3800 1053 3855 et
1074 3795 1207 3874 ipso
1227 3792 1466 3855 christo
1496 3791 1690 3853 solve·

173 3898 242 3948 ret
263 3890 545 3952 tributum
571 3912 590 3966 3
626 3890 798 3969 quod
821 3895 1032 3951 tamen
1061 3904 1172 3968 per
1201 3886 1404 3966 capita
1425 3884 1691 3947 familia-

161 4000 268 4042 rum
299 3984 674 4059 solvebatur,
713 3988 787 4043 ut
813 3982 1092 4061 Lyranus
1121 3992 1185 4041 et
1212 3978 1319 4041 alii
1357 3986 1598 4054 notant,
1631 3982 1694 4038 et

163 4074 248 4135 hoc
285 4076 572 4139 indicium
629 4074 1064 4157 ponderarunt
1121 4074 1282 4135 bene
1335 4072 1632 4151 Origenes
1661 4116 1680 4147 ‚

161 4168 576 4248 chrysostomus
604 4179 672 4230 et
700 4168 1121 4247 Hieronymus
1147 4166 1365 4229 Matth.
1401 4166 1516 4244 173
1563 4165 1686 4225 Au-

164 4265 420 4341 gustinus,
462 4283 527 4347 q.
568 4266 656 4327 75
697 4262 858 4325 Novi
887 4263 1266 4324 testamenti.
1313 4261 1521 4338 Sexto,
1567 4258 1690 4320 fuit

163 4358 309 4418 etiam
335 4358 666 4434 indicium,
698 4356 890 4437 quod,
920 4355 1178 4435 jubente
1215 4354 1476 4429 christo,
1523 4352 1690 4414 solus

165 4468 304 4527 super
343 4452 600 4531 populos
621 4498 640 4525 ,
688 4452 798 4531 qui
840 4468 954 4531 per
993 4466 1186 4529 aquas
1231 4446 1685 4527 significantur,

166 4544 298 4604 venit
315 4544 387 4605 ad
403 4544 752 4619 Christum,
776 4545 978 4604 Joanu
990 4587 1004 4604 .
1029 4542 1130 4603 21.
1149 4541 1326 4603 Unde
1342 4540 1690 4601 Bernartius

164 4654 342 4713 supra:
373 4638 626 4713 Petrus,
667 4637 896 4717 inquit,
929 4636 1216 4719 qradiem
1251 4652 1432 4714 super
1470 4648 1684 4713 aquas,

161 4732 362 4793 unicum
403 4750 468 4795 se
513 4728 758 4795 Christi
795 4728 1096 4793 vicarium
1135 4726 1494 4811 desipuerit,
1547 4726 1692 4808 quia

164 4838 256 4882 non
285 4826 384 4887 uni
406 4827 630 4910 populo
649 4870 672 4901 ,
708 4824 817 4887 sed
855 4822 1090 4886 cunctis
1113 4838 1374 4903 proma
1410 4819 1689 4891 deberem

165 4916 408 4998 siquidem
433 4938 610 5003 aquoe
646 4918 879 4994 mtdtoe,
909 4916 1128 4999 populi
1149 4915 1354 4978 multi.
1388 4916 1686 4995 Septimo,

167 5008 278 5069 facit
304 5013 455 5090 quod
489 5012 776 5073 Christus
804 5012 970 5071 iuter
996 5010 1160 5070 viros
1197 5008 1470 5088 primum
1499 5023 1688 5087 uppa-

171 5103 272 5163 ruit
301 5104 466 5167 Petro
491 5110 637 5186 post
665 5104 1205 5179 resurrectionem,
1232 5102 1412 5183 juxta
1446 5102 1510 5162 id
1539 5102 1684 5162 Luc.

171 5194 272 5253 24:
307 5197 590 5261 Sim-wit
631 5198 936 5261 Dominus
971 5214 1127 5271 vere,
1172 5202 1231 5261 et
1256 5196 1544 5279 apparuit
1578 5194 1686 5260 Si-

175 5289 340 5361 moni5
376 5290 483 5353 ubi
512 5290 880 5353 Ambrosius
907 5291 972 5352 id
998 5296 1206 5367 notat,
1248 5296 1312 5351 ct
1335 5290 1691 5370 chrysosto-

177 5396 284 5441 mus
319 5404 382 5467 ae
415 5384 921 5466 Theophylactus
951 5386 1019 5447 in
1059 5386 1123 5447 id
1178 5387 1207 5447 1
1254 5384 1528 5446 Corinth.
1564 5385 1640 5444 15
1671 5400 1690 5445 t

193 5471 331 5539 Vim
351 5484 434 5543 cst
465 5480 702 5563 Gephoe.
743 5481 880 5541 Huc
907 5480 1096 5541 ctiam
1126 5478 1361 5539 accedit
1385 5477 1546 5558 quod
1580 5476 1690 5551 illi,

183 5572 412 5651 utsupra
433 5574 736 5653 vidimus,
774 5572 917 5656 plus
944 5590 1088 5655 qam
1129 5570 1368 5633 caeteris
1393 5570 1697 5653 Apostolis

447 5695 558 5744 111.

3183 426 3306 487 289

1740 547 1884 590 vera
1910 528 2134 592 Christi
2158 530 2452 591 divinitas
2475 537 2537 590 et
2563 528 2780 591 filiatio
2808 529 3105 591 naturalis
3133 549 3308 592 reve-

1738 622 1866 683 lata
1904 628 2035 698 est,
2084 623 2232 703 quia
2265 623 2565 683 nimirum
2593 623 2817 685 Christi
2846 624 3214 704 mysterium
3244 630 3307 686 et

1740 721 1942 777 totum
1970 716 2116 777 fidei
2145 717 2465 796 negotium
2489 716 2564 777 ad
2591 718 2840 778 Petrum
2870 719 3140 778 maxime
3164 736 3307 797 per·

1743 810 1969 870 tIneret
1991 808 2056 869 in
2088 816 2420 887 posterum.
2458 810 2633 871 Unde
2658 812 2935 872 Clemens
2959 814 3005 887 l,
3036 812 3212 891 epist.
3244 815 3305 886 1,

1741 904 1993 964 Petrum
2028 909 2203 963 vocat
2230 904 2548 985 primitias
2594 902 2896 967 electionis
2935 904 3190 968 Christi.
3233 908 3311 968 Et

1740 994 1838 1055 his
1867 996 2095 1056 similia
2119 1003 2265 1055 sunt
2292 996 2415 1057 alia
2441 996 2637 1056 multa
2663 998 2729 1058 in
2756 998 3131 1077 Evangeliis,
3164 1017 3303 1079 quae

1740 1106 1778 1149 a
1804 1088 2091 1150 Patribus
2115 1089 2544 1166 observantur,
2572 1100 2642 1151 ut
2668 1092 2831 1171 quod
2860 1090 2984 1152 duo
3014 1092 3309 1154 miracula

1744 1180 1813 1242 in
1842 1182 1976 1259 ejus
2004 1182 2343 1263 piscatione
2384 1191 2672 1263 operatus
2716 1186 2795 1245 sit
2822 1184 3129 1261 Christus,
3174 1204 3312 1264 quae

1747 1275 1989 1336 notavit
2017 1276 2398 1351 AmbrosiuS,
2442 1294 2627 1339 serm.
2668 1279 2765 1351 11,
2803 1284 2867 1339 et
2901 1278 3309 1357 Augustinus,

1744 1372 1924 1429 tract.
1976 1369 2087 1428 122
2128 1367 2196 1428 ιιι
2236 1370 2415 1430 Joan.
2446 1369 2675 1449 Pquod
2716 1368 2810 1430 illi
2856 1370 3059 1449 primo
3094 1370 3315 1432 laverit

1745 1460 1956 1539 pedes,
2008 1466 2163 1523 teste
2218 1461 2590 1539 Augustino,
2634 1462 2813 1525 Joan.
2874 1465 2971 1541 13,
3030 1466 3315 1544 quamvis

1743 1552 2213 1633 Chrysostomus
2241 1560 2303 1615 et
2334 1554 2439 1614 alii
2469 1555 2742 1634 pn‘mum
2772 1554 2968 1617 velint
2996 1556 3183 1617 inisse
3206 1556 3239 1617 J
3246 1576 3315 1617 u-

1747 1646 1930 1721 dam3
1963 1646 2125 1726 quod
2156 1648 2235 1708 ad
2269 1648 2553 1727 quaedam
2586 1650 2899 1728 mysteria,
2947 1654 3085 1730 quie
3113 1668 3315 1713 remo-

1750 1739 1830 1799 tis
1848 1738 2100 1800 arbitris
2118 1740 2391 1802 christus
2410 1740 2779 1821 operabatur
2801 1740 2900 1803 vel
2928 1742 3312 1814 ostendebat.

1755 1834 1969 1893 Petrus
1997 1851 2237 1913 semper
2268 1840 2519 1895 vocatus
2544 1833 2751 1896 fuerit.

1835 1925 1934 1986 23.
1984 1924 2143 1987 Item
2171 1944 2246 1989 em
2282 1928 2713 2008 proeroyativis
2742 1928 3035 1993 contentis
3063 1930 3130 1991 in
3152 1927 3321 1992 Acti-

1756 2019 1866 2080 bus
1905 2015 2351 2101 Apostolorum.
2378 2052 2461 2065 -
2486 2020 2580 2081 Ad
2609 2020 2764 2097 haec,
2792 2022 3189 2097 reperiuntur
3233 2022 3320 2083 si·

1761 2111 1934 2171 milia
1975 2110 2099 2172 alia
2138 2113 2236 2173 vel
2269 2113 2507 2193 majora
2540 2114 2739 2193 sigua,
2772 2132 2909 2195 quae
2937 2120 3075 2195 post
3116 2132 3321 2178 ascen-

1758 2204 1998 2263 sionem
2053 2202 2278 2265 Christi
2329 2205 2498 2266 dedit
2562 2208 2777 2267 Petrus
2828 2224 2957 2267 suae
3002 2206 3321 2287 dignitatis

1758 2297 1824 2357 in
1884 2297 2315 2377 Apostolorum
2373 2298 2645 2375 ActibuS,
2679 2318 2817 2379 quae
2877 2300 3080 2380 potius
3128 2302 3325 2361 conti-

1761 2396 1915 2451 nent
1956 2408 2139 2451 usum
2202 2399 2264 2452 et
2325 2393 2687 2453 exercitium
2745 2398 2929 2453 tautae
2984 2394 3319 2473 potestatis,

1759 2485 1967 2545 Actor.
2016 2486 2075 2546 1.
2122 2485 2333 2546 Petrus
2384 2484 2705 2545 confestim
2753 2488 3039 2565 proponit
3082 2487 3327 2548 electio·

1760 2594 1906 2638 nem
1964 2576 2312 2639 taciendam
2354 2580 2503 2639 novi
2556 2578 2863 2659 Apostoli,
2909 2578 3045 2640 loco
3096 2581 3271 2642 Judae
3307 2602 3326 2657 3

1763 2671 1926 2750 quod
1971 2670 2321 2750 ponderans
2358 2672 2824 2751 chrysostomus
2873 2672 2982 2744 ibi,
3022 2673 3195 2735 hom.
3239 2676 3323 2737 3:

1767 2763 2103 2847 (loquo-ecit,
2136 2764 2364 2843 inquit,
2398 2782 2436 2826 a
2476 2764 2712 2829 Christo
2742 2764 3032 2829 creditum
3065 2785 3319 2851 yreqm,

1763 2857 1900 2917 Act.
1934 2858 1997 2917 2.
2049 2857 2294 2917 Primus
2350 2857 2707 2937 promulgat
2755 2858 3164 2937 Evangelium
3187 2906 3209 2937 ,
3262 2866 3330 2921 ut

1763 2955 1942 3010 notat
1994 2949 2159 3010 idem
2197 2950 2689 3029 chrysostomuS,
2722 2951 2854 3013 Act.
2888 2953 2947 3013 3.
2986 2954 3227 3015 Primus
3254 2952 3331 3014 fi-

1767 3042 1910 3102 dem
1941 3042 2245 3104 miraculo
2273 3042 2622 3120 confirmat,
2654 3053 2726 3104 ut
2764 3045 3030 3107 advertit
3071 3045 3332 3108 Ambro-

1767 3136 1914 3211 sius,
1947 3154 2231 3197 sermone
2276 3136 2377 3211 68,
2408 3138 2547 3197 Act.
2580 3140 2642 3198 4.
2685 3138 2818 3218 Ipse
2858 3139 3023 3201 solus
3055 3158 3165 3220 pro
3197 3158 3331 3202 om-

1768 3230 1955 3290 nibus
1984 3232 2048 3291 in
2080 3231 2341 3293 coneilio
2385 3232 2837 3294 Pharisaeorum
2876 3252 3125 3295 causam
3174 3235 3326 3314 agit,

1769 3342 1906 3403 cap.
1939 3324 2000 3400 ὕ,
2039 3326 2257 3385 mortis
2299 3325 2611 3404 judicium
2648 3326 2716 3386 in
2762 3327 3071 3388 Ananiam
3115 3333 3177 3388 et
3223 3328 3332 3389 Sa-

1765 3417 2013 3498 phiram
2038 3416 2295 3497 profert,
2327 3424 2389 3478 et
2420 3436 2556 3500 cap.
2606 3422 2706 3497 10,
2740 3420 2797 3481 ei
2839 3422 3108 3500 primum
3138 3420 3211 3481 fit
3235 3440 3331 3482 re-

1765 3508 1992 3571 velatio
2072 3512 2490 3573 vocandarum
2574 3516 2857 3592 gentium
2921 3515 2998 3575 ad
3050 3516 3327 3595 Evange-

1765 3600 1969 3683 liu'm3
2005 3605 2203 3685 eapite
2248 3610 2347 3682 15,
2380 3606 2457 3667 de
2503 3608 2699 3688 seipso
2737 3608 3006 3670 affirmat
3052 3610 3333 3688 Evange-

1767 3696 1924 3759 lium
1966 3698 2254 3776 gentibus
2284 3699 2642 3779 praedicasse
2670 3746 2686 3775 ,
2736 3708 2805 3762 ut
2845 3704 2933 3763 ait
2976 3700 3332 3781 chrysosto-

1771 3808 1928 3866 mus,
1964 3792 2133 3854 hom.
2165 3796 2242 3855 22
2274 3796 2339 3855 ιιι
2375 3795 2531 3856 Acta
2558 3810 2580 3873 3
2624 3801 2945 3876 praeterea,
2990 3815 3043 3856 c.
3076 3796 3173 3870 15,
3205 3798 3333 3877 pri·

1772 3902 1914 3945 mus
1957 3885 2123 3947 inter
2166 3886 2487 3967 Apostolos
2538 3888 2907 3949 sententiam
2937 3888 3111 3964 dicit,
3142 3905 3332 3970 quam

1772 3978 1882 4039 alii
1935 3985 2315 4059 sequuntur-3
2369 3981 2531 4060 quod
2576 3981 2910 4043 advertunt
2951 3981 3249 4058 clemenS,
3283 3982 3326 4043 1.

1768 4074 1808 4133 6
1857 4072 2188 4133 constitut.
2241 4072 2515 4153 Apostol.
2548 4119 2568 4151 ,
2619 4092 2755 4155 cap.
2789 4076 2865 4136 12
2890 4090 2911 4153 ;
2954 4075 3203 4137 Hieron.
3250 4077 3331 4136 ad

1766 4167 1927 4245 Aug.
1937 4210 1959 4241 ,
1986 4182 2121 4245 cap.
2156 4168 2227 4227 11
2236 4212 2254 4242 ,
2286 4168 2449 4228 inter
2476 4166 2670 4247 ipsius
2697 4168 2905 4247 epist.;
2934 4169 3328 4246 Theodoret.,

1773 4259 1840 4319 in
1867 4257 2126 4339 epistola
2149 4258 2227 4319 ad
2256 4260 2544 4322 Leonem.
2574 4262 2853 4322 Tandem
2880 4262 3189 4341 permulta
3206 4262 3333 4325 alia

1774 4358 1922 4413 sunt
1968 4352 2297 4433 Scripturas
2358 4352 2519 4429 loca,
2550 4354 2617 4414 in
2658 4354 2883 4435 quibus
2930 4354 3067 4415 haec
3114 4355 3331 4417 eadem

1769 4446 2046 4526 dignitas
2075 4454 2136 4509 et
2166 4454 2430 4528 potestas
2482 4448 2793 4511 indicatur
2817 4496 2832 4524 ,
2877 4454 2949 4509 ut
2993 4448 3146 4510 illud
3181 4450 3327 4511 Luc.

1767 4544 1886 4607 22:
1915 4544 2010 4606 Ec
2051 4548 2119 4607 tu
2147 4542 2467 4624 aliquando
2512 4559 2833 4606 conversus
2874 4544 3169 4620 confirma
3204 4544 3334 4623 fra-

1772 4643 1895 4715 tres
1928 4643 2088 4702 tuos.
2131 4635 2231 4696 Sic
2272 4640 2493 4697 notant
2544 4635 2951 4713 AugustinuS,
2979 4634 3087 4699 lib.
3126 4637 3333 4711 Quaes·

1769 4735 2014 4794 tionum
2046 4730 2193 4791 novi
2227 4735 2290 4791 et
2319 4728 2541 4791 veteris
2555 4731 2961 4805 Testamenti,
2982 4737 3175 4810 quaest
3218 4734 3329 4809 253

1769 4826 2259 4905 chrysostomus,
2288 4822 2459 4885 hom.
2485 4824 2522 4883 3
2542 4823 2609 4883 in
2637 4824 2828 4902 Acta3
2850 4823 3072 4884 Lucius
3095 4824 3260 4904 Papa
3283 4826 3330 4899 1,

1767 4918 1940 4981 Felix
1977 4918 2023 4993 1,
2054 4916 2295 4979 Marcus
2331 4916 2379 4992 1,
2412 4916 2475 4976 in
2499 4916 2772 4997 Epistola
2799 4916 3133 4995 decretali3
3173 4916 3335 4996 Aga-

1768 5014 1902 5088 tho,
1955 5012 2021 5072 in
2064 5009 2337 5089 Epistola
2372 5010 2626 5090 syuodi3
2662 5010 3187 5090 TheophylactuS,
3218 5011 3329 5074 ibi.

1769 5104 2104 5168 Ponderari
2134 5104 2325 5164 etiam
2366 5102 2522 5164 solet
2558 5104 2720 5184 quod
2767 5108 3007 5185 cap-12
3035 5105 3329 5169 Actorum

1769 5198 2016 5279 legatur
2041 5243 2060 5273 ,
2097 5196 2261 5276 quod
2308 5200 2441 5256 tota
2492 5196 2759 5258 Ecclesia
2795 5216 2907 5277 pio
2966 5196 3161 5259 Petro'
3194 5206 3332 5260 tau-

1771 5309 1962 5373 quam
2024 5307 2135 5371 pro
2188 5289 2389 5369 capite
2439 5288 2725 5351 funderet
2763 5291 3131 5353 orationem.
3180 5292 3335 5355 Item

1772 5384 1961 5467 quod,
1994 5384 2072 5445 ad
2108 5382 2306 5445 Galat.
2338 5386 2401 5457 2,
2432 5383 2658 5444 Paulus
2685 5382 3025 5444 ascenderit
3052 5384 3335 5447 Hieroso·

1773 5479 1965 5559 lymis
1993 5477 2202 5539 viatere
2235 5478 2525 5538 Petrum:
2561 5476 2717 5551 Quia
2744 5474 2799 5538 ei
2816 5476 3191 5557 delegaverat
3217 5482 3339 5543 Do-

1775 5574 1980 5637 minus
2023 5572 2233 5635 curam
2258 5569 2701 5647 Ecclesiarum,
2729 5569 2817 5631 ait
2842 5570 3225 5638 Ambrosius.

2940 5681 3017 5746 19
