3900 6217
940 360 1024 413 AN
1056 362 1234 415 rmsss
1265 362 1364 417 SIT
1395 312 1644 418 numun-
1665 362 2091 417 lvi-:cassinium
2123 365 2207 417 An
2239 364 2543 418 SALUTEM.

203 469 334 533 n‘me
363 460 716 537 necessaria;
749 467 812 525 et
844 462 1152 543 imprimis
1184 464 1528 544 separanda
1549 471 1695 525 sunt

202 562 283 624 illa
305 555 560 621 membra
601 572 681 617 ex
715 556 981 636 propriis
1025 556 1370 619 rationibus
1419 558 1696 619 formali-

197 655 307 729 bus,
340 649 469 731 quia
507 648 831 710 necessitas
870 650 1186 729 praecepti,
1229 656 1300 711 ut
1336 668 1566 715 nomen
1603 651 1696 731 ip-

200 765 306 810 sum
327 762 437 825 prae
461 761 524 803 se
545 742 690 819 fert,
715 743 998 805 consistit
1019 744 1220 805 solum
1251 745 1318 805 in
1357 744 1691 824 obligatio·
1721 736 1733 745 ’

197 860 259 904 ne
278 857 396 919 quae
417 837 609 899 oritur
645 856 720 899 ex
751 838 1082 919 superioris
1108 836 1368 919 imperio
1379 853 1400 917 3
1431 838 1599 901 unde
1627 839 1694 901 in

195 934 367 997 ordine
405 930 480 992 ad
511 930 774 991 salutem
794 976 816 1007 ‚
863 949 976 1011 per
1017 950 1082 993 se
1115 931 1462 1011 loquendo,
1492 932 1694 995 solum

189 1027 381 1091 inducit
405 1024 848 1099 necessitatem,
886 1043 1075 1105 quam
1113 1044 1436 1105 possumus
1472 1044 1693 1091 vocare

187 1140 272 1202 per
295 1118 578 1193 accidens,
624 1117 775 1196 quia
815 1122 1062 1189 tantum
1105 1119 1382 1180 consistit
1420 1120 1487 1183 in
1525 1119 1694 1181 abla-

189 1217 322 1276 tione
368 1210 822 1291 impedimenti3
855 1218 1178 1291 peccatum
1219 1213 1388 1275 enim
1435 1213 1698 1295 impedit

181 1308 396 1370 salutem
411 1328 429 1381 ;
455 1305 803 1367 observatio
831 1312 1040 1367 autem
1067 1306 1354 1386 praecepti
1387 1306 1574 1368 etiam
1605 1312 1698 1368 est

184 1399 476 1463 necessaria
497 1399 577 1464 ad
609 1397 952 1490 vitandum·
970 1405 1307 1478 peccatum,
1345 1406 1407 1461 et
1434 1399 1573 1461 ideo
1603 1406 1696 1462 est

183 1501 334 1559 etiam
363 1493 703 1555 necessaria
732 1492 812 1555 ad
855 1493 1140 1555 salutem.
1190 1493 1272 1554 At
1310 1512 1458 1555 vero
1484 1514 1695 1559 neces-

185 1594 300 1651 sitas
319 1586 497 1649 medii
523 1587 596 1647 in
625 1586 841 1648 ordine
871 1586 950 1647 ad
978 1587 1239 1649 salutem
1273 1593 1366 1651 est
1386 1590 1564 1667 quasi
1586 1608 1698 1669 per

183 1702 228 1745 se
240 1705 256 1757 3
287 1686 509 1761 oportet
561 1680 736 1741 enim
778 1680 1111 1760 imprimis„
1143 1687 1213 1741 ut
1244 1682 1324 1742 sit
1365 1682 1443 1744 de
1493 1682 1696 1744 medio

179 1795 262 1857 per
295 1793 352 1836 se
383 1773 686 1835 influente
723 1778 786 1835 et
825 1772 1176 1835 conferente
1204 1774 1436 1855 aliquid
1480 1774 1560 1836 ad
1601 1795 1698 1837 sa·

178 1872 351 1931 lutem.
377 1867 610 1929 Deinde
639 1872 880 1946 oportet
903 1874 976 1929 ιιι
997 1866 1101 1928 ille
1133 1867 1408 1930 influxus
1429 1868 1571 1931 talis
1592 1870 1695 1945 sit,

179 1965 280 2023 siue
307 1980 422 2040 quo
445 1977 574 2021 non
615 1960 804 2039 possit
827 1960 994 2023 salus
1020 1962 1392 2041 comparari,
1426 1962 1578 2023 alias
1605 1981 1696 2024 es-

177 2063 246 2119 set
268 2056 324 2114 in
352 2053 454 2118 illo
479 2052 746 2129 utilitas,
775 2072 906 2115 non
936 2071 1084 2115 vero
1121 2055 1472 2118 necessitas,

238 2151 284 2210 3.
320 2148 698 2229 Assiqnatur
726 2147 1042 2230 neultiplesv
1067 2149 1382 2230 utriusque
1419 2149 1700 2229 differen-

179 2244 263 2305 tia.
288 2274 358 2288 —
385 2242 524 2303 flaeo
565 2246 786 2303 autem
837 2240 1220 2315 differentia,
1251 2260 1392 2321 quae
1421 2247 1517 2303 est
1557 2259 1699 2321 pro·

177 2337 280 2415 pria
301 2342 356 2395 et
381 2334 554 2415 quasi
582 2353 630 2400 a
657 2333 886 2413 priori,
921 2340 1122 2415 potest
1155 2334 1468 2417 aliquibus
1506 2335 1698 2413 signis

178 2425 394 2491 ostendi.
452 2426 747 2492 Primum
791 2432 914 2502 est,
961 2427 1110 2507 quia
1157 2427 1484 2491 necessitas
1541 2445 1698 2507 prae-

181 2524 304 2600 eepti
327 2528 592 2584 tantum.
615 2520 808 2587 habet
848 2521 1058 2586 locum
1098 2522 1166 2586 in
1205 2521 1450 2583 actibus
1485 2521 1700 2605 liberis

183 2624 226 2676 et
246 2616 512 2689 honestis,
541 2622 625 2676 ut
652 2622 744 2676 est
773 2633 884 2695 per
907 2634 969 2677 se
994 2614 1390 2683 manifestum
1420 2618 1438 2693 (
1461 2615 1576 2679 sub
1599 2634 1700 2679 ac-

183 2708 304 2769 tibus
346 2707 711 2771 omissiones
763 2709 950 2769 etiam
1001 2716 1254 2771 actuum
1301 2710 1702 2791 comprehcn-

181 2801 302 2881 do):
348 2807 408 2863 at
457 2820 620 2863 vero
659 2803 985 2865 necessitas
1041 2803 1226 2865 medii
1273 2803 1340 2862 in
1396 2822 1494 2863 res
1551 2802 1702 2864 alias

185 2903 350 2973 prater
383 2906 560 2957 actus
597 2895 894 2959 honestos
937 2895 1156 2957 cadere
1193 2902 1422 2979 potest;
1455 2894 1703 2955 habitus

193 2989 304 3049 enim
325 2990 536 3068 gratiae
575 2988 868 3050 medium
905 2994 997 3051 est
1031 2990 1444 3051 necessarium
1485 2989 1564 3049 ad
1604 3007 1700 3049 sa·

199 3080 351 3156 tutem,
397 3089 458 3143 et
500 3082 592 3143 sic
655 3082 732 3142 de
762 3082 898 3143 aliis
927 3080 1266 3143 nonnullis·
1299 3083 1456 3145 Hinc
1485 3089 1575 3145 est
1609 3100 1700 3143 se-

183 3174 394 3237 eundum
443 3176 712 3255 signum
739 3221 759 3250 ,
819 3176 966 3255 quia
1035 3176 1364 3237 necessitas
1411 3174 1704 3257 praecepti

181 3270 370 3329 tantum
396 3269 588 3331 habet
632 3268 834 3331 locum
865 3268 930 3329 in
963 3268 1190 3329 adultis
1223 3269 1476 3337 'ratione
1528 3274 1704 3329 uten-

178 3359 347 3440 tibus3
380 3362 726 3425 necessitas
773 3367 982 3423 autem
1027 3361 1216 3423 medii
1241 3361 1428 3426 etiam
1467 3361 1708 3424 inveni-

177 3458 330 3515 turin
365 3456 678 3535 parvulis;
719 3473 868 3517 nam
911 3455 1254 3534 baptismus
1297 3462 1391 3516 est
1435 3455 1557 3517 illis
1596 3472 1708 3516 ne-

178 3549 462 3611 cessarium
504 3550 798 3613 medium
831 3548 908 3609 ad
953 3548 1240 3623 salutem,
1271 3548 1554 3629 quamvis
1599 3566 1702 3608 ca-

181 3658 320 3717 paces
337 3661 455 3704 non
493 3644 625 3703 sint
667 3640 980 3723 praecepti.
1009 3640 1279 3703 Ulterius
1307 3659 1454 3701 vero
1478 3641 1704 3703 astrin-

177 3734 340 3813 gendo
354 3736 512 3797 hanc
537 3737 860 3817 duplicem
882 3736 1304 3797 necessitatem
1329 3734 1408 3797 ad
1435 3734 1700 3811 adultos,

177 3829 309 3889 etad
351 3830 622 3911 aliquem
661 3830 930 3891 liberum
964 3847 1146 3935 usqu
1183 3829 1462 3905 illorum,
1506 3835 1705 3908 potest

177 3920 360 4001 duplex
406 3924 528 3985 alia
573 3923 938 3986 differentia
983 3920 1306 4001 ass1gnari.
1352 3923 1560 3983 Prima
1585 3927 1700 3999 est,

177 4015 306 4092 quod
331 4017 658 4079 necessitas
687 4015 984 4097 praecepti
1021 4016 1210 4077 datur
1241 4016 1310 4077 in
1351 4015 1609 4092 actibus,
1643 4021 1706 4077 et

179 4104 228 4165 in
264 4096 516 4171 carentia
558 4116 818 4171 actuum
835 4131 854 4183 ;
887 4109 1217 4171 necessitas
1257 4115 1468 4171 autem
1513 4108 1708 4171 medii

179 4199 338 4261 solum
361 4206 424 4263 in
446 4202 638 4265 rebus
662 4201 766 4263 vel
793 4201 1030 4263 actibus
1057 4202 1338 4281 positivis
1361 4202 1702 4277 invenitur3

180 4294 312 4371 quia,
339 4302 406 4356 ut
425 4296 581 4372 dixi,
618 4294 792 4377 quod
831 4300 923 4355 est
963 4294 1242 4356 medium
1287 4296 1708 4359 necessarium

176 4386 516 4466 adsalutem,
541 4390 740 4451 habet
766 4387 1036 4469 aliquem
1065 4388 1373 4449 influxum
1403 4388 1471 4449 in
1493 4388 1666 4451 illam
1687 4405 1704 4463 ;

175 4478 318 4541 illum
352 4490 560 4545 antem
601 4482 840 4543 habere
869 4500 996 4545 non
1047 4488 1248 4561 potest
1291 4482 1565 4561 negatio,
1603 4482 1710 4545 sed

175 4591 280 4649 cuz,
299 4594 398 4637 seu
423 4582 600 4638 actus
629 4582 879 4637 tantum
903 4576 1225 4655 positivus.
1252 4575 1392 4637 Alia
1416 4582 1480 4639 et
1507 4576 1709 4657 magis

177 4667 365 4729 usitata
407 4669 766 4731 differentia
807 4675 898 4731 est
910 4714 930 4745 ,
964 4668 1127 4747 quod
1177 4672 1508 4731 necessitas
1525 4687 1710 4749 Ῥηθ-

175 4763 304 4839 cepti
327 4762 397 4824 de
423 4764 644 4843 aliquo
671 4768 816 4825 actu
846 4766 1046 4842 potest
1089 4764 1365 4825 excusari
1392 4782 1503 4843 per
1532 4764 1710 4843 igno·

177 4854 408 4915 nntium
451 4856 882 4919 invincibilem
903 4900 924 4932 ,
987 4856 1075 4916 ita
1133 4860 1205 4916 ut
1247 4856 1492 4917 etiamsi
1537 4862 1711 4918 actus

177 4964 282 5007 non
311 4948 433 5028 fiat,
477 4970 612 5013 non
663 4950 824 5012 obsit
859 4948 1076 5025 saluti,
1107 4950 1284 5029 cujus
1329 4950 1488 5019 ratio
1544 4950 1712 5013 clara

180 5046 270 5115 est,
297 5046 432 5123 quia
463 5046 796 5107 necessitas
823 5045 1118 5125 praecepti
1149 5045 1215 5105 in
1258 5045 1477 5107 ordine
1507 5044 1586 5106 ad
1615 5064 1711 5107 sa-

179 5132 364 5212 lutem,
410 5140 614 5200 solum
665 5145 755 5200 est
795 5146 1049 5221 propter
1089 5140 1538 5203 removendum
1579 5158 1714 5218 pec-

184 5230 279 5288 cati
301 5230 808 5309 impedimentum
825 5248 847 5311 ;
882 5232 1236 5312 ignorantia
1265 5244 1476 5295 autem
1509 5233 1715 5294 invin-

183 5320 350 5385 cibilis
373 5323 626 5387 excusat
665 5344 702 5386 a
729 5332 1000 5407 peccato,
1026 5325 1288 5405 ideoque
1319 5326 1385 5386 *u
1412 5344 1596 5387 causa
1623 5332 1716 5388 est

187 5420 240 5472 ut
268 5434 378 5478 non
405 5418 756 5481 observatio
783 5417 1074 5500 praecepti
1108 5436 1236 5479 non
1275 5417 1479 5480 obstet
1503 5419 1710 5481 saluti.

191 5510 252 5569 At
279 5530 412 5574 vero
447 5512 778 5576 necessitas
821 5512 1014 5575 medii
1056 5530 1184 5574 non
1235 5519 1564 5577 excusatur
1606 5530 1718 5594 per

1773 464 2215 544 ignorantiam·
2233 465 2684 543 invincibilem,
2730 472 2805 527 ut
2838 465 2915 528 de
2962 465 3083 527 fide
3124 476 3335 548 postea

1774 556 2083 633 dicemus,
2126 566 2190 623 et
2231 559 2389 621 ratio
2418 565 2511 621 est
2548 558 2883 633 contraria,
2914 560 3063 639 quia
3104 561 3336 623 scilicet

1776 651 2054 715 medium
2078 670 2209 714 non
2244 652 2443 715 solum
2488 658 2581 714 est
2628 653 3047 715 necessarium
3084 662 3334 733 propter

1775 751 2177 825 praeceptum,
2208 746 2315 807 sed
2358 746 2631 807 maxime
2662 752 2910 826 propter
2938 764 3119 807 suum
3150 747 3334 808 influ-

1773 856 1924 899 xum
1954 845 2015 899 et
2040 838 2485 914 causalitatem,
2515 856 2705 919 quam
2738 856 2867 901 non
2892 840 3134 920 supplet
3154 839 3335 918 igno·-

1773 931 2000 1007 rantis,
2030 932 2275 995 etiamsi
2301 938 2553 995 excuset
2578 950 2617 992 a
2645 938 2919 1012 peccato.

1854 1028 1913 1088 4.
1961 1026 2241 1106 objectio.
2284 1060 2368 1075 —
2389 1026 2595 1089 Dices:
2648 1027 2891 1089 etiamsi
2936 1026 3213 1089 medium
3254 1029 3337 1091 sit

1773 1121 2211 1197 necessarium,
2232 1127 2295 1183 et
2320 1122 2387 1182 in
2410 1139 2478 1181 ne
2507 1139 2635 1182 non
2666 1121 2854 1199 possit
2870 1120 3166 1201 applicari
3194 1140 3339 1203 pro-

1774 1218 1912 1293 pter
1937 1214 2369 1294 impotentiam
2416 1220 2479 1276 et
2514 1213 2960 1292 ignorantiam,
3012 1216 3337 1296 suppletur

1776 1326 1888 1385 per
1921 1306 2325 1383 desiderium,
2356 1326 2466 1369 seu
2486 1313 2724 1383 votum,
2756 1313 2865 1369 aut
2908 1310 3329 1389 propositum3

1774 1401 1862 1461 sic
1909 1401 2079 1463 enim
2122 1400 2371 1463 adultus
2399 1402 2508 1479 qui
2546 1418 2673 1462 non
2721 1406 2918 1479 potest
2956 1401 3337 1481 baptismum

1773 1492 1842 1553 in
1865 1511 1934 1553 re
1960 1494 2289 1573 suscipere,
2321 1493 2421 1554 vel
2460 1494 2639 1556 illum
2668 1512 2917 1574 prorsus
2936 1494 3207 1572 ignorat,
3230 1515 3339 1576 po-

1775 1591 1894 1647 test
1923 1585 2149 1649 salvari
2172 1605 2283 1667 per
2312 1586 2687 1667 baptismum
2716 1586 2782 1647 in
2806 1592 2978 1659 vot03
3011 1588 3101 1649 sic
3126 1594 3337 1651 autem

1777 1680 2083 1759 contingit
2108 1681 2179 1740 in
2205 1686 2533 1759 praecepto,
2561 1698 2711 1743 nam
2736 1681 2988 1760 quando
3010 1690 3339 1745 excusatur

1777 1773 2087 1853 quispiam
2136 1791 2247 1852 per
2287 1773 2709 1852 ignorantiam
2758 1792 2797 1835 a
2846 1776 3338 1855 transgressione

1776 1866 2067 1945 praecepti
2105 1866 2518 1945 particularis,
2550 1883 2797 1927 necesse
2821 1872 2913 1929 est
2935 1873 3007 1929 ut
3032 1868 3337 1930 desiderio

1779 1957 1872 2035 (ut
1901 1958 1990 2018 ita
2014 1958 2239 2037 dicam)
2270 1957 2423 2019 illud
2451 1958 2723 2038 impleat,
2749 1959 2967 2021 saltem
3001 1978 3111 2040 per
3143 1979 3340 2039 gene-

1775 2050 1973 2111 ralem
2000 2052 2381 2131 propositum
2410 2052 2699 2113 servandi
2742 2053 2958 2113 omnia
3000 2060 3334 2134 praecepta,

1775 2144 1944 2223 quod
1984 2145 2213 2207 habere
2240 2145 2423 2207 debet
2438 2160 2459 2223 ;
2505 2161 2654 2223 ergo
2695 2146 2869 2207 nulla
2914 2153 3008 2207 est
3050 2144 3341 2209 differen-

1777 2241 1885 2299 tia.

1858 2334 1918 2394 5.
1970 2330 2273 2396 Solvitur.
2295 2364 2378 2379 —
2404 2332 2833 2413 Respondetur
2864 2334 3171 2413 imprimis
3212 2352 3340 2397 non

1779 2444 1908 2487 esse
1964 2427 2324 2487 universim.
2358 2443 2607 2503 verum,
2662 2428 3089 2507 necessitatem
3148 2429 3340 2489 medii

1778 2538 1952 2600 posse
2005 2538 2115 2599 per
2164 2526 2379 2581 votum
2438 2521 2745 2601 supple1i;
2801 2522 3113 2583 interdum
3169 2524 3339 2585 enim

1781 2613 2061 2676 medium
2111 2620 2205 2675 est
2253 2615 2321 2675 in
2366 2632 2435 2675 re
2480 2616 2617 2695 ipsa
2660 2616 3097 2689 necessarium,
3126 2614 3213 2677 ita
3268 2621 3340 2677 ut

1782 2708 1971 2769 etiam
2014 2714 2262 2786 propter
2306 2706 2721 2787 ignorantiam
2754 2706 3179 2774 invincibilem
3212 2727 3341 2771 non

1782 2808 2129 2876 excusetur,
2156 2801 2276 2863 nisi
2305 2802 2371 2863 in
2398 2820 2467 2863 re
2494 2800 2629 2883 ipsa
2665 2800 3056 2874 adhibeatur,
3083 2802 3245 2881 quod
3274 2802 3343 2863 in

1783 2896 2143 2960 necessitate
2227 2897 2516 2975 praecepti
2594 2914 2915 2975 nunquam
3000 2896 3339 2959 invenitur.

1785 2989 2155 3068 Exemplum
2207 2995 2297 3051 est
2346 2990 2413 3049 iu
2458 2988 2603 3064 fide,
2660 2994 2729 3048 ut
2764 2988 2927 3049 infra
2971 2988 3341 3051 videbimus.

1781 3084 2037 3159 Deinde,
2060 3082 2309 3163 quando
2328 3084 2653 3145 necessitas
2680 3083 2866 3148 medii
2890 3084 3211 3164 suppletur
3234 3102 3345 3165 per

1781 3184 2023 3251 votum,
2072 3183 2162 3238 est
2210 3196 2317 3256 per
2365 3196 2431 3239 se
2479 3196 2557 3237 ne
2596 3178 2887 3239 assarium
2923 3183 3137 3241 votum
3178 3166 3345 3239 illius

1788 3271 2001 3345 medii,
2038 3272 2197 3350 quod
2241 3270 2307 3331 in
2336 3290 2405 3333 re
2432 3272 2571 3350 ipsa
2594 3290 2705 3349 pro
2746 3276 2895 3331 tuuc
2924 3271 3255 3348 omittitur,
3284 3278 3350 3334 et

1784 3364 1850 3424 iu
1877 3364 2093 3425 ordine
2122 3364 2199 3425 ad
2228 3362 2406 3439 illud,
2429 3370 2492 3425 et
2514 3363 2691 3442 quasi
2716 3362 2831 3425 sub
2856 3362 2976 3427 fide
3004 3370 3067 3423 et
3088 3366 3349 3444 promis-

1786 3458 1959 3519 sione
1990 3457 2288 3538 implendi
2314 3456 2492 3533 illud,
2527 3457 2579 3518 si
2607 3456 2741 3519 fieri
2772 3457 2985 3535 possit,
3032 3458 3349 3520 confertur

1787 3550 2005 3611 salutis
2034 3550 2305 3626 effectus,
2342 3556 2414 3612 ut
2439 3551 2507 3611 in
2534 3549 2915 3612 confessione
2942 3556 3005 3611 et
3038 3548 3348 3631 baptismo

1785 3644 2000 3705 videre
2027 3644 2193 3705 licet.
2224 3645 2307 3705 At
2324 3646 2569 3705 veroin
2597 3644 2917 3723 praeceptis
2942 3660 3070 3721 non
3098 3644 3185 3705 ita
3220 3650 3348 3720 est3,

1784 3755 1932 3799 nam
1976 3739 2029 3799 si
2076 3737 2267 3799 semel
2316 3754 2427 3817 per
2470 3737 2891 3815 ignorantiam
2916 3736 3349 3805 invincibilem

1784 3836 2113 3925 excusatur
2140 3830 2437 3910 obligatio
2468 3829 2781 3911 praecepti,
2816 3848 2927 3909 per
2974 3848 3041 3891 se
3086 3848 3213 3891 non
3256 3836 3351 3893 est

1785 3924 2204 3988 necessarium
2234 3924 2619 4005 propositum
2636 3924 2815 4001 quasi
2844 3923 3175 4003 supplendi
3193 3943 3349 4004 prae-

1785 4019 2043 4081 teritum
2070 4018 2401 4093 defectum,
2431 4018 2531 4085 sed
2566 4018 2769 4082 solum
2797 4023 2893 4085 est.
2933 4018 3353 4081 necessarium

1785 4112 2179 4194 propositum.
2190 4110 2493 4191 implendi
2516 4116 2891 4191 praeceptum
2914 4109 3066 4171 illud
3094 4110 3161 4169 in
3180 4108 3351 4169 futu·

1787 4223 1951 4281 rum,
1978 4204 2224 4283 quando
2244 4203 2465 4271 similis
2492 4200 2729 4267 occasio
2752 4220 2863 4267 seu
2892 4202 3221 4269 necessitas
3244 4218 3349 4263 oc-

1791 4298 2076 4361 currerit.

1869 4394 1930 4453 6.
1976 4391 2083 4455 Aa
2119 4390 2413 4455 rationem
2441 4388 2761 4455 dubitandi.
2778 4390 2852 4454 iu
2874 4406 3041 4453 num
3094 4392 3151 4449 1.
3168 4420 3251 4435 —
3275 4390 3353 4450 Et

1789 4504 1900 4567 per
1934 4485 2071 4547 haec
2120 4486 2309 4551 etiam
2355 4500 2721 4563 responsum
2771 4488 2864 4544 est
2910 4483 2991 4545 ad
3042 4482 3353 4543 rationem

1791 4578 2115 4641 dubitandi
2136 4581 2202 4639 in
2224 4579 2531 4659 principio
2540 4576 2829 4667 positam
2842 4598 2859 4651 ;
2878 4576 3139 4639 dicimus
3157 4576 3354 4652 enim,

1789 4673 1932 4734 licet
1992 4672 2321 4737 necessitas
2374 4671 2673 4753 praecepti,
2715 4687 2877 4749 saepe
2936 4670 3353 4748 conjungatur

1789 4783 1933 4827 cum
1962 4765 2324 4829 necessitate
2344 4764 2559 4839 medii,
2588 4781 2716 4826 non
2738 4768 2951 4830 tamen
2978 4778 3217 4842 semper
3238 4780 3355 4825 nec

1789 4857 2277 4921 convertibiliter
2302 4856 2623 4935 conjungi,
2648 4862 2834 4935 atque
2852 4855 2971 4919 hoc
2998 4856 3149 4921 satia
3172 4862 3263 4919 est
3286 4862 3356 4917 ιιι

1793 4952 1959 5012 inter
1992 4968 2057 5013 se
2085 4949 2570 5029 distinguantur.
2601 4948 2831 5009 Deinde
2855 4948 3106 5029 quaudo
3132 4948 3201 5009 in
3227 4966 3355 5011 uno

1793 5050 1936 5107 actu
1963 5041 2195 5123 duplex
2216 5042 2327 5105 illa
2350 5043 2680 5104 necessitas
2707 5044 3041 5119 concurrit,
3064 5061 3189 5104 non
3214 5060 3357 5123 pro-

1797 5146 2007 5219 pterea
2034 5139 2201 5201 inter
2226 5154 2291 5197 se
2327 5135 2672 5201 formaliter
2704 5136 3197 5212 confunduntur,
3246 5136 3359 5199 sed.

1795 5249 1971 5294 suam
2017 5232 2289 5292 retinent
2326 5230 2808 5293 distinctionem.
2841 5230 2968 5291 lmo
2997 5230 3359 5307 contingere

1795 5330 1997 5406 potest
2020 5331 2089 5385 ut
2116 5324 2181 5385 in
2206 5323 2425 5385 eo'dem
2452 5330 2591 5383 actu
2614 5323 2943 5385 necessitas
2965 5322 3153 5383 medii
3174 5324 3357 5385 unica

1797 5422 1900 5495 sit,
1924 5419 2251 5485 necessitas
2285 5422 2493 5480 autem
2534 5416 2819 5495 1›raecepti
2864 5416 2943 5475 sit
2988 5414 3353 5495 multiple13

1797 5532 1946 5574 nam
1974 5511 2091 5574 sub
2116 5510 2371 5573 diversis
2404 5508 2747 5571 rationibus
2774 5514 2975 5590 potest
2996 5509 3165 5571 idem
3184 5515 3358 5571 actus
