3900 6217
1577 345 1768 398 mbsx
1797 343 2029 396 nntium.

157 441 226 488 7.
267 437 332 489 1η
364 437 534 492 Beatis
559 452 779 494 manere
803 442 989 508 potuit,
1013 444 1260 508 quamvis
1286 457 1394 498 non
1425 453 1652 507 maneat,
1675 445 1744 497 ti-

250 527 376 567 mor
393 515 550 568 etiam
576 517 802 580 servilis,
836 519 930 572 sed
965 518 1242 583 honestus,
1275 527 1423 575 tract.
1449 527 1495 587 2,
1527 523 1742 588 disp.·1,

241 597 360 642 sect
405 593 454 653 ⁴,
487 605 636 644 num.
664 597 742 644 2ο.

159 667 226 714 8.
267 668 330 716 in
357 667 530 720 Beatis
555 676 733 721 manet
760 681 886 736 spes
908 669 1087 736 quoad
1110 671 1366 734 habitum,
1391 673 1508 726 ead.
1531 673 1671 738 disp.
1695 678 1744 736 1,

242 748 379 792 sect.
401 747 448 803 8,
479 755 628 796 num.
658 749 704 796 5.

161 820 225 866 9.
249 817 396 868 Beati
427 832 565 882 quos
595 819 709 886 spei
743 828 892 874 actus
925 823 1120 876 elicere
1151 824 1374 888 possint,
1405 839 1460 876 n.
1485 830 1530 878 5.
1559 829 1590 875 6
1615 831 1666 877 et
1699 830 1745 876 7.

163 895 260 943 10.
305 896 361 944 ln
399 895 570 948 Beatis
609 904 790 949 manet
829 898 1142 963 poenitentia
1177 900 1354 964 quoad
1395 899 1747 954 substantiam

249 969 490 1046 habitus,
513 971 632 1025 eod.
663 986 808 1026 num.
835 977 881 1025 7.

167 1049 262 1097 11.
301 1046 446 1098 Beati
472 1049 643 1114 magis
671 1055 868 1109 amant.
895 1061 958 1101 ex
979 1051 1234 1104 charitate
1267 1051 1563 1104 sanctiores
1583 1052 1636 1102 in
1659 1064 1751 1117 pa-

248 1121 370 1184 tria,
397 1135 564 1186 quam
605 1124 786 1177 minus
814 1132 1064 1185 sanctos,
1095 1128 1186 1191 qui
1223 1135 1402 1179 tamen
1437 1127 1492 1178 in
1524 1128 1612 1180 via
1643 1127 1744 1178 sibi

249 1197 462 1249 fuerant
479 1200 894 1265 coniunctiores.
917 1207 1064 1253 tract.
1085 1206 1133 1263 5,
1151 1201 1292 1268 disp.
1309 1207 1354 1262 9,
1369 1208 1499 1254 sect.
1529 1205 1577 1262 ⁴,
1597 1214 1743 1253 num.

248 1275 316 1323 22
335 1281 388 1324 et
405 1277 484 1324 2³.

175 1349 266 1396 12.
305 1349 492 1401 Beatus
513 1348 740 1414 quisque
762 1362 882 1402 sese
906 1351 1080 1416 ipsum
1109 1353 1230 1417 plus
1249 1361 1392 1404 amat
1413 1365 1574 1418 quam
1589 1357 1748 1405 coete-

250 1435 360 1486 ros,
388 1436 497 1477 uno
525 1433 743 1491 excepto
763 1426 971 1480 Christo
1003 1427 1246 1490 bomine,
1282 1427 1402 1481 eod.
1435 1442 1582 1481 num.
1603 1431 1686 1480 2⁸.

871 1556 931 1594 ΒΕ
939 1558 1084 1596 bum.

178 1654 206 1701 1
221 1691 234 1702 .
249 1651 472 1779 13311611]
491 1652 734 1707 absolute
749 1655 1038 1721 multiplex,
1053 1663 1202 1710 tract.
1227 1662 1275 1719 a,
1289 1657 1427 1724 disp.
1448 1663 1527 1722 1⁸,
1543 1659 1748 1725 inprae-

273 1741 306 1780 u
349 1741 418 1786 ιο,

181 1806 235 1854 2.
274 1803 478 1856 Bellum
524 1817 644 1858 esse
695 1806 984 1860 intrinsece
1023 1807 1224 1860 malum
1249 1847 1267 1870 ‚
1313 1814 1366 1860 et
1415 1809 1752 1874 peculiariter

259 1879 578 1933 Christianis
617 1881 978 1946 prohibitum,
1019 1883 1376 1948 quorumdam
1411 1897 1578 1947 error,
1598 1885 1749 1949 ibid„

254 1962 386 2008 sect.
408 1960 458 2018 1,
492 1970 641 2009 num.
666 1961 691 2008 1
717 1972 730 2020 ;
761 1958 1034 2020 refellitur.
1061 1973 1208 2013 num.
1228 1964 1259 2010 2
1290 1968 1342 2013 et
1372 1964 1420 2010 3.

186 2033 235 2082 ⁸.
283 2031 486 2083 Bellum
509 2031 845 2086 derensivum
867 2047 974 2087 non
999 2037 1173 2087 solum
1197 2042 1280 2087 est
1302 2035 1526 2098 licitum,
1543 2034 1640 2088 sed
1665 2034 1751 2087 in-

256 2106 466 2158 terdum
493 2108 650 2159 etiam
685 2117 1022 2174 praeccptum,
1051 2110 1199 2170 ibid..
1229 2121 1378 2163 num.
1402 2114 1448 2162 ⁴.

188 2185 238 2233 ⁴.
277 2182 480 2234 Bellum
509 2186 874 2251 aggressivum
903 2193 1219 2250 potestesse
1259 2186 1539 2238 honestum
1577 2193 1630 2237 et
1656 2197 1753 2236 ne-

251 2259 566 2321 cessarium,
591 2273 738 2312 num.
767 2267 812 2312 5.

188 2339 238 2384 5.
282 2333 476 2385 Bellum
507 2335 836 2388 (intensivum
861 2342 912 2388 et
931 2337 1318 2402 aggressivum,
1341 2335 1487 2401 quid,
1506 2335 1626 2388 etin
1647 2348 1756 2401 quo

250 2408 522 2471 differant,
544 2425 690 2462 num.
723 2415 772 2461 6.

189 2489 238 2536 6.
281 2485 480 2540 Bellum
505 2493 562 2538 ut
587 2488 812 2539 honeste
835 2488 944 2550 liat,
960 2501 1080 2553 quae
1100 2487 1439 2540 conditiones
1460 2484 1756 2546 servandae,

259 2560 448 2613 eadem
472 2569 599 2613 sect.
627 2567 673 2622 1,
697 2575 844 2614 num.
867 2567 914 2614 7.

193 2639 244 2686 ’1.
283 2637 486 2688 Bellum
513 2639 632 2703 jure
660 2645 862 2690 naturae
885 2639 1118 2706 legitime
1147 2644 1320 2702 potest
1343 2636 1504 2689 indici
1539 2648 1572 2687 a
1607 2634 1755 2699 prin-

260 2713 398 2778 cipe,
435 2719 516 2766 vel
550 2713 820 2781 republica
862 2727 980 2779 quae
1021 2715 1350 2778 superiorem
1381 2726 1490 2766 non
1524 2711 1683 2763 babet
1707 2710 1760 2762 in

261 2789 660 2854 temporalibus,
691 2790 876 2843 cadem
905 2790 1045 2856 disp.
1072 2795 1150 2852 13,
1177 2795 1304 2842 sect.
1332 2793 1381 2848 2,
1407 2802 1554 2849 num,
1576 2791 1621 2838 1.

263 2863 426 2916 secus
447 2864 731 2918 dicendum
761 2868 830 2918 de
860 2867 1116 2932 principe.
1153 2866 1234 2918 vel
1269 2864 1540 2930 republica
1559 2863 1760 2927 imper·

259 2938 414 3000 fecta,
437 2954 583 2994 num.
610 2945 657 2993 2.

262 3015 395 3077 Quid
429 3018 474 3068 si
513 3017 883 3083 antiquissima
913 3016 1299 3070 consuetudine
1330 3015 1474 3067 aliud
1501 3021 1758 3076 servetur,

267 3099 362 3144 aut
383 3105 472 3144 rex
499 3106 786 3158 supremus
812 3095 879 3146 sit
899 3094 1176 3159 negligens
1197 3093 1251 3144 in
1279 3091 1602 3145 vindicanda
1633 3090 1767 3155 inju—

267 3169 364 3229 ria,
396 3168 612 3222 ibidem.

199 3247 247 3295 8.
287 3244 366 3294 Ad
389 3244 588 3296 bellum
622 3244 964 3297 indicendum
1005 3243 1199 3296 suflicit
1221 3241 1488 3294 interdum
1519 3241 1766 3296 voluntas

269 3319 510 3384 supremi
544 3320 802 3386 principis
832 3320 1245 3385 interpretativa,
1272 3317 1421 3379 ibid„
1453 3331 1599 3369 num.
1626 3323 1673 3368 9.

263 3396 399 3458 Quid
429 3397 472 3447 si
495 3397 772 3462 capiantur
795 3397 996 3448 inimici
1018 3398 1069 3447 in
1103 3395 1378 3448 territoriis
1407 3393 1629 3459 alicuius
1652 3393 1756 3444 rei-

263 3472 490 3538 publicae
520 3473 856 3538 imperfectas,
883 3471 1014 3524 ibid.

196 3555 244 3601 9.
283 3549 364 3601 Ad
396 3551 594 3604 bellum
619 3550 961 3604 indicendum
991 3549 1112 3614 quis
1141 3549 1444 3602 censendus
1474 3560 1760 3612 supremus

267 3627 536 3692 princeps,
558 3634 610 3678 et
643 3639 762 3692 quae
783 3626 1083 3691 respublica
1107 3625 1352 3690 perfecta,
1379 3637 1524 3676 num.
1555 3627 1600 3672 ⁴.

200 3708 280 3754 1ο.
310 3702 510 3755 Bellum
543 3702 661 3755 sine
695 3700 927 3768 legitima
958 3700 1270 3754 auctoritate
1309 3700 1550 3751 indicens
1580 3703 1763 3763 peccat

267 3779 426 3832 etiam
453 3786 642 3831 contra
654 3778 932 3843 justitiam,
965 3775 1208 3842 quamvis
1241 3775 1380 3829 adsit
1407 3777 1548 3840 justa
1581 3786 1760 3834 eausa,

263 3856 380 3908 ead.
413 3861 540 3908 sect.
568 3860 616 3916 2,
650 3867 796 3905 num.
823 3859 868 3904 6.

263 3933 495 3984 Tenetur
525 3929 592 3982 ad
615 3927 1000 3980 restituendum
1043 3939 1165 3980 cum
1207 3925 1472 3990 expensis,
1502 3923 1760 3989 quidquid

265 4009 401 4060 ultra
433 4017 518 4058 ros
548 4017 672 4058 suas
698 4010 992 4068 recuperat,
1019 4009 1072 4054 ct
1102 4013 1286 4068 poenas
1323 4001 1516 4064 injuste
1553 3999 1760 4050 bellan-

266 4085 396 4135 tium
425 4083 662 4144 incurrit,
697 4080 824 4132 ibid.

203 4167 280 4213 11.
323 4160 428 4212 Rex
449 4159 774 4212 christianus
813 4156 1011 4208 bellum
1054 4155 1296 4207 indicens
1331 4153 1384 4204 in
1413 4165 1574 4204 causa
1600 4151 1758 4216 justa,

265 4239 362 4291 sed
391 4245 568 4290 tamen
587 4241 774 4288 contra
795 4232 1061 4286 pontificis
1085 4231 1520 4297 prohibitionem,
1542 4239 1610 4279 an
1634 4239 1760 4292 pec-

265 4323 350 4369 cet
373 4321 556 4367 contra
574 4309 852 4378 justitiam,
875 4309 957 4363 vel
973 4309 1148 4362 solum
1173 4314 1360 4361 contra
1381 4305 1757 4368 obedientiam,

265 4404 414 4444 num.
446 4395 490 4441 7.

204 4475 284 4522 12.
319 4467 520 4520 Bellum
550 4463 880 4517 defensivum
913 4461 1059 4513 nulla
1092 4459 1207 4525 lege
1242 4457 1451 4512 clericis
1489 4455 1762 4509 interdici-

270 4552 380 4606 tur;
406 4555 505 4595 nee
539 4539 736 4592 beilum
781 4539 1142 4605 aggressivum
1175 4537 1294 4601 jure
1327 4535 1574 4595 naturali,
1613 4541 1757 4585 tract.

271 4625 318 4683 9,
341 4619 478 4684 disp.
503 4621 582 4676 13,
609 4623 737 4669 sect.
776 4619 822 4677 3,
849 4627 976 4667 ιιιιιιι
1000 4617 1045 4667 1.

209 4703 288 4750 13.
325 4696 523 4748 Bellum
559 4692 924 4759 aggressivum
966 4689 1107 4742 licite
1148 4687 1382 4738 indicere
1417 4692 1674 4751 possunt.
1715 4686 1761 4737 si

271 4771 360 4836 qni
399 4776 525 4822 sunt
543 4767 788 4834 Episcopi
820 4765 1182 4831 temporaliter
1205 4762 1440 4828 supremi
1466 4779 1478 4825 ;
1511 4774 1608 4814 nec
1629 4761 1765 4813 irre-

271 4847 606 4915 gularitatem
633 4845 920 4904 incurrent,
941 4841 1126 4907 positis
1147 4839 1265 4891 aliis
1287 4837 1408 4890 belli
1439 4837 1762 4890 conditioni-

271 4923 389 4985 buS‚
427 4922 575 4982 ibid.,
600 4933 728 4971 nnm
763 4924 811 4971 2.

210 5004 288 5052 1⁴.
325 4999 524 5050 Bellum
564 5010 659 5062 pet·
692 5007 751 5046 se
784 4993 972 5059 exequi
1019 4992 1226 5045 clericis
1259 4991 1376 5043 solo
1403 4989 1764 5044 ecclesiastico

265 5077 384 5139 jure
414 5073 744 5139 prohibetur,
777 5083 927 5122 num.
961 5073 1005 5121 3.

272 5155 328 5203 ln
353 5164 460 5215 quo
485 5155 658 5216 potest
679 5149 816 5212 Papa
844 5146 1172 5211 dispensare,
1195 5155 1344 5195 num.
1372 5146 1419 5194 ⁴.

211 5232 286 5278 15.
325 5229 646 5292 Praeceptum
679 5235 786 5274 non
823 5220 1054 5274 bellandi
1075 5218 1275 5284 obligat
1297 5219 1398 5271 sub
1421 5218 1629 5271 mortali
1651 5217 1754 5269 cle-

269 5305 410 5356 ricos
439 5303 492 5354 in
513 5301 680 5354 sacris
701 5301 1035 5358 constitutOS,
1069 5310 1212 5348 nutu.
1243 5300 1290 5348 5.

273 5381 407 5442 Quid
436 5380 503 5432 de
537 5377 882 5431 existentibus
913 5376 966 5426 in
999 5373 1314 5434 minoribus,
1351 5371 1478 5425 ibid.

270 5455 453 5509 Clerici
485 5456 740 5507 bellantes
783 5467 890 5506 non
931 5457 1149 5517 peccant
1184 5451 1404 5516 praecise
1443 5457 1626 5504 contra
1647 5453 1764 5518 jus-

272 5533 461 5595 titiam,
485 5530 579 5583 sed
598 5536 782 5582 contra
813 5528 1122 5595 religionem
1151 5527 1232 5582 vel
1255 5527 1763 5594 obedientiam,tbid.

528 5639 635 5684 xli.

3270 339 3390 404 769

1827 449 1906 495 16.
1945 444 2003 496 ln
2024 444 2169 497 bello
2192 443 2387 507 iniusto
2415 443 2465 495 in
2496 455 2605 509 quo
2632 443 2823 510 aliquis
2856 444 3116 498 occiditur
3145 450 3233 496 aut
3266 457 3389 496 mu-

1889 519 2088 582 tilatur,
2126 531 2315 571 omnes
2360 519 2555 572 milites
2602 519 3043 588 irregularitatem
3090 521 3385 581 incurrunt,

1891 595 2001 647 sive
2026 595 2329 648 sacerdotes
2358 595 2479 658 sint,
2504 594 2617 648 sive
2636 609 2765 648 non.
2806 609 2951 648 num.
2976 601 3023 650 6.

1828 669 1963 732 Quid
1995 671 2040 722 si
2076 670 2276 722 bellum
2306 671 2368 723 sit
2399 672 2619 734 justum,
2658 671 2784 723 ibid.

1831 749 1908 796 17.
1947 745 2179 798 Pontifex
2212 745 2531 810 dispensans
2566 759 2689 798 cum
2734 746 2927 798 clerico
2960 747 3027 798 ad
3058 746 3276 806 bellum,
3318 758 3387 797 an

1891 820 2165 885 dispenset
2192 820 2247 872 in
2272 821 2676 885 irregularitate,
2702 821 2823 874 eod.
2848 833 2997 874 num.
3021 827 3065 872 6.

1829 899 1908 946 18.
1947 896 2131 948 Clerici
2162 896 2213 947 in
2239 895 2381 949 bello
2401 897 2739 950 exhortantes
2762 895 2830 948 ad
2858 898 3116 962 praelium,
3144 903 3234 949 aut
3252 907 3387 948 con-

1890 970 2129 1023 siliantes
2154 980 2209 1024 ut
2236 971 2357 1036 quis
2382 972 2447 1023 ad
2475 971 2673 1025 bellum
2704 979 2805 1036 eat,
2830 985 2895 1024 an
2924 973 3239 1038 irregulares
3260 973 3391 1034 sint,

1893 1059 2044 1100 num.
2068 1053 2114 1098 7.

1827 1128 1906 1176 19.
1945 1126 2002 1176 in
2020 1123 2328 1175 bellantium
2350 1123 2666 1176 clericorum
2690 1123 3074 1191 irregularitate
3089 1124 3239 1177 solus
3254 1125 3388 1176 Pon-

1894 1200 2014 1253 tifex
2048 1199 2363 1265 dispensure
2399 1207 2589 1266 potest,
2627 1201 2732 1252 nisi
2768 1214 2853 1254 res
2894 1202 2964 1253 sit
2996 1201 3223 1263 occulta,
3264 1200 3385 1253 eod.

1894 1291 2039 1328 num.
2078 1280 2125 1327 ’1.

1829 1355 1909 1404 20.
1945 1351 2146 1403 Bellum
2171 1351 2534 1418 aggressivum
2560 1351 2743 1416 nequit
2764 1363 2882 1404 esse
2905 1353 3125 1416 justum,
3146 1349 3247 1402 nisi
3264 1349 3389 1402 sub-

1891 1426 1961 1478 sit
1975 1425 2155 1491 gravis
2166 1425 2376 1492 injuria,
2390 1437 2509 1491 quae
2518 1426 2621 1478 alia
2639 1427 2843 1479 ratione
2864 1426 3111 1478 vindicari
3131 1431 3220 1477 aut
3232 1436 3390 1490 repa-

1895 1505 1997 1555 rari
2022 1516 2129 1556 non
2151 1511 2339 1569 potest,
2365 1512 2513 1557 tract.
2544 1509 2590 1564 θη
2614 1505 2754 1570 disp.
2779 1509 2856 1564 15,
2882 1512 3010 1556 sect.
3045 1508 3092 1564 ⁴,
3114 1517 3147 1556 a
3166 1516 3315 1554 num.
3341 1506 3387 1552 1.

1829 1584 1890 1630 21
1925 1580 2071 1632 Bello
2091 1581 2233 1643 justo
2258 1580 2447 1644 triplex
2474 1580 2669 1645 iniuria
2700 1593 2914 1632 causam
2945 1580 3053 1640 dat,
3078 1593 3227 1631 nunt.
3251 1584 3297 1630 3.

1829 1660 1908 1706 22.
1946 1655 2069 1707 Belli
2098 1660 2236 1719 iusta
2268 1667 2429 1706 causa
2468 1667 2590 1707 esse
2634 1663 2840 1721 potest,
2868 1663 2925 1706 ut
2966 1656 3211 1720 injuriam
3257 1655 3393 1709 infc-

1894 1743 2017 1782 rens
2047 1731 2186 1793 juste
2217 1731 2465 1795 puniatur
2492 1731 2562 1782 ob
2588 1729 2757 1783 solam
2784 1730 3091 1794 vindictam,
3116 1731 3162 1782 si
3184 1738 3391 1785 recuset

1892 1805 2095 1869 absque
2115 1806 2261 1858 bello
2291 1806 2616 1867 satisfacere,
2654 1819 2801 1858 num.
2836 1811 2885 1880 5,
2917 1810 2946 1856 6
2976 1814 3028 1858 et
3055 1811 3099 1858 ’1.

1830 1884 1909 1930 23.
1943 1882 2145 1933 Bellum
2186 1882 2505 1948 aggrediens
2533 1883 2651 1934 sine
2676 1883 2817 1946 justa
2857 1893 3038 1944 causa,
3072 1895 3180 1936 non
3214 1883 3389 1936 solum

1893 1963 2081 2008 contra
2110 1957 2444 2016 charitatem,
2474 1956 2569 2010 sed
2595 1958 2755 2009 etiam
2777 1965 2965 2009 contra
2982 1958 3235 2022 justitiam
3269 1972 3396 2024 pec-

1893 2037 1995 2092 cat,
2024 2032 2171 2093 ibid..
2209 2045 2359 2086 num.
2394 2036 2440 2084 8.

1834 2111 1912 2158 2⁴.
1947 2107 2148 2160 Bellum
2184 2121 2253 2160 an
2287 2108 2576 2173 aliquando
2621 2107 2863 2161 illicitum
2901 2109 3019 2161 sine
3045 2108 3315 2177 injustitia,
3347 2119 3399 2164 et

1897 2183 2221 2250 obligatione
2247 2183 2578 2241 restituendi,
2604 2196 2751 2235 nunt.
2786 2187 2814 2234 8
2846 2191 2898 2236 et
2930 2189 2979 2236 9.

1835 2264 1915 2310 25.
1952 2260 2153 2311 Bellum
2197 2262 2355 2312 etiam
2394 2261 2595 2324 justum
2644 2267 2701 2310 ut
2742 2259 2883 2311 licite
2928 2260 3153 2320 ineatur,
3197 2268 3397 2325 quanta

1904 2337 2313 2400 praerequiratur
2336 2336 2569 2388 victoriae
2586 2347 2728 2400 spes,
2760 2349 2907 2387 num.
2940 2341 3019 2387 1ο.

1841 2415 1918 2462 26.
1957 2413 2157 2464 Bellum
2191 2411 2494 2464 intidelibus
2524 2411 2709 2475 nequit
2736 2411 2897 2464 indici
2924 2412 2995 2464 ob
3016 2413 3189 2465 solum
3216 2414 3403 2468 inlide-

1904 2488 2062 2540 litatts
2098 2490 2323 2551 titulum,
2357 2496 2505 2540 tract.
2540 2493 2584 2543 9.
2610 2487 2748 2552 disp.
2777 2492 2855 2542 13.
2888 2495 3015 2540 sect.
3048 2495 3094 2552 5,
3122 2503 3267 2542 num.
3296 2496 3342 2544 1.
3410 2493 3415 2498 “

1899 2563 2003 2616 Nec
2033 2565 2103 2616 ob
2130 2564 2298 2616 solam
2323 2563 2610 2617 vindictam
2636 2569 2969 2628 peccatorum
2999 2577 3118 2629 quae
3146 2565 3199 2617 in
3238 2569 3397 2619 Deum

1900 2641 2326 2704 committuntur,
2350 2640 2557 2692 etiamsi
2593 2640 2701 2691 sint
2724 2647 2907 2692 contra
2949 2651 3210 2706 naturam,
3248 2657 3396 2696 nuni.

1907 2720 1954 2778 1,
1982 2721 2012 2766 a
2034 2724 2082 2768 et.
2117 2721 2160 2766 a.

1903 2793 2009 2844 Nec
2053 2792 2206 2844 titulo
2244 2791 2485 2846 dominii.
2527 2791 2679 2856 quasi
2708 2793 2846 2856 Papa
2888 2791 2967 2844 vel
3002 2792 3291 2858 imperator
3334 2798 3404 2846 sit

1907 2869 2085 2920 minus
2115 2868 2274 2921 totius
2295 2869 2459 2931 orbis,
2484 2881 2629 2920 num.
2656 2872 2701 2920 ⁴.

1905 2944 2037 3006 Quid
2063 2944 2108 2995 si
2139 2943 2380 2996 infideles
2408 2945 2515 2995 sint
2534 2947 2669 2995 adeo
2687 2943 2900 2994 barbari
2922 2950 2973 2996 et
2995 2943 3179 3010 inepti,
3208 2952 3264 2997 ut
3284 2959 3403 2998 sese

1908 3019 2290 3072 convenienter
2313 3032 2495 3085 regere
2525 3031 2634 3072 non
2661 3018 2889 3083 possint,
2913 3032 3061 3071 num.
3102 3025 3147 3072 5.

1844 3100 1925 3146 27.
1962 3096 2088 3148 Belli
2124 3096 2251 3161 justi
2286 3095 2465 3146 nullus
2506 3101 2585 3148 est
2630 3094 2808 3146 titulus
2846 3093 2914 3144 ita
2947 3097 3192 3160 proprius
3222 3098 3403 3148 Chris-

1909 3176 2197 3232 tianorum,
2229 3180 2285 3224 ut
2330 3185 2429 3224 suo
2474 3171 2639 3224 modo
2684 3183 2791 3223 nou
2826 3180 3109 3224 conveniat
3151 3173 3405 3238 principi-

1909 3249 2011 3301 bus
2042 3247 2360 3309 infidelibus»,
2386 3247 2537 3308 ibid„
2564 3261 2689 3299 uum
2714 3252 2761 3306 6,
2786 3251 2815 3296 ’1
2836 3256 2889 3298 et
2910 3251 2955 3297 8.

1847 3330 1924 3376 28.
1964 3325 2182 3384 Bellum,
2220 3325 2342 3376 vide
2370 3338 2605 3374 inmunis
2636 3329 2687 3375 et
2723 3337 3035 3375 memento.

1840 3409 1920 3454 29.
1956 3401 2032 3453 Ad
2078 3400 2367 3452 ineundum
2410 3399 2608 3451 bellum
2651 3406 2859 3450 tenetur
2900 3399 3148 3465 princeps
3184 3413 3400 3452 causant

1905 3479 2051 3544 prius
2084 3477 2365 3542 diligenter
2392 3475 2715 3536 examinare,
2756 3475 2873 3527 ead.
2906 3474 3044 3541 disp.
3090 3480 3178 3537 13,
3218 3487 3327 3529 sect
3354 3482 3402 3538 6,

1903 3567 2049 3606 num.
2088 3557 2133 3603 1.

1906 3629 2037 3691 Quid
2058 3628 2273 3692 quando
2296 3626 2460 3678 altera
2476 3637 2598 3690 pars
2610 3625 3048 3691 estprobabilior,
3070 3634 3160 3678 aut
3188 3629 3404 3692 quando

1905 3719 1967 3759 ae
1974 3705 2181 3768 tualiter
2223 3703 2493 3754 dubitatur
2526 3704 2794 3768 utrinque,
2830 3709 2881 3755 et
2914 3707 3078 3755 altera
3114 3715 3239 3768 pars
3272 3717 3400 3808 pos-

1905 3781 2061 3841 sidet,
2096 3791 2241 3830 nutn.
2268 3781 2434 3830 2613.

1905 3855 2039 3918 Quid
2065 3855 2109 3906 si
2144 3859 2333 3906 neutra
2365 3851 2649 3918 possideat,
2676 3866 2823 3904 num.
2850 3857 2895 3906 ⁴.

1843 3940 1922 3985 ⁸⁰.
1962 3935 2021 3984 in
2045 3931 2207 3983 dubio
2230 3930 2296 3981 de
2314 3930 2513 3993 justitia
2536 3929 2678 3989 belli,
2698 3941 2765 3981 an
2790 3935 3029 3982 teneatur
3050 3932 3295 3996 princeps
3314 3939 3401 3996 Ju-

1903 4009 2101 4062 dicium
2138 4005 2383 4070 prudenti
2418 4005 2534 4056 viro
2562 4002 2913 4065 committere,
2942 4019 3087 4056 num.
3115 4013 3143 4057 5
3165 4011 3282 4058 cto.

1843 4090 1920 4136 31.
1958 4083 2036 4135 Ad
2078 4081 2277 4134 bellum
2315 4082 2358 4130 si
2406 4087 2664 4132 vocentur
2707 4079 2915 4142 duces,
2972 4089 3062 4132 aut
3110 4082 3201 4133 alii
3252 4083 3402 4148 regni

1907 4159 2193 4227 principes,
2230 4156 2296 4208 ad
2330 4161 2582 4220 quantam
2620 4160 2899 4207 teneantur
2918 4155 3075 4219 Justae
3094 4169 3271 4254 causae
3290 4171 3403 4210 cer-

1905 4237 2205 4296 titudinem,
2240 4247 2387 4285 num
2415 4237 2461 4283 7.

1905 4313 2039 4375 Quid
2056 4311 2125 4363 de
2147 4309 2417 4363 communi
2452 4307 2619 4358 milite
2645 4306 2877 4366 subdito,
2912 4321 3059 4360 num.
3085 4315 3113 4360 8
3136 4317 3188 4361 et
3212 4315 3259 4361 9.

1903 4387 2040 4450 Quid
2062 4391 2129 4439 de
2148 4383 2497 4451 stipendiario
2522 4396 2630 4435 non
2656 4383 2887 4446 subdito,
2910 4384 3062 4445 ibid„
3088 4399 3121 4438 a
3148 4399 3296 4438 num.
3321 4391 3403 4439 1ο.

1845 4469 1921 4515 32.
1960 4468 2091 4515 Ante
2122 4461 2319 4514 bellum
2349 4460 2654 4511 inchoatum
2686 4466 2895 4511 tenetur
2926 4460 3173 4526 princeps
3202 4474 3401 4527 propo—

1909 4551 2037 4592 nere
2058 4539 2249 4604 justam
2276 4535 2401 4587 belli
2424 4546 2659 4594 causam,
2690 4541 2742 4586 et
2771 4547 2801 4585 a
2832 4536 3105 4602 republica
3136 4540 3402 4590 contraria

1907 4614 2227 4680 condignam
2276 4617 2454 4676 petere
2507 4611 2933 4675 restitutionem,
2974 4613 3092 4664 ead.
3132 4613 3251 4678 disp
3306 4617 3399 4676 13,

1907 4698 2035 4744 sect.
2068 4695 2117 4753 ’1,
2146 4701 2293 4741 num.
2318 4692 2365 4738 8.

1907 4769 1959 4819 Si
1983 4765 2237 4820 offeratur
2267 4761 2544 4824 restitutio,
2580 4765 2789 4814 tenetur
2813 4767 3107 4826 acceptare,
3126 4770 3180 4816 et
3203 4776 3236 4815 a
3261 4763 3404 4817 bello

1909 4844 2186 4899 desistere,
2212 4837 2341 4890 ibid.

1907 4918 2042 4982 Quid
2064 4917 2107 4968 si
2132 4915 2384 4968 offeratur
2404 4920 2525 4978 post
2549 4912 2743 4964 bellum
2771 4912 3096 4976 inchoatum,
3122 4927 3173 4965 n.
3201 4918 3225 4964 ⁴
3246 4922 3300 4967 et
3320 4920 3366 4966 5.

1847 5003 1926 5048 33.
1963 4996 2084 5048 Post
2116 4993 2316 5046 bellum
2354 4991 2684 5054 inchoatum,
2715 4997 2823 5044 loto
2856 4998 3099 5055 tempore
3128 4999 3251 5044 ante
3276 5005 3400 5058 par-

1910 5081 2013 5124 tam
2059 5069 2366 5128 victoriam,
2398 5077 2517 5130 quae
2549 5065 2748 5117 damna
2785 5066 2993 5130 possint
3041 5069 3284 5120 hostibus
3316 5069 3398 5120 in—

1910 5147 2052 5208 ferri,
2084 5146 2233 5204 ibid..
2260 5155 2409 5195 num.
2436 5147 2483 5193 6.

1907 5225 2031 5286 Quae
2054 5230 2171 5289 post
2196 5228 2399 5287 partam
2424 5217 2715 5279 victoriam,
2748 5231 2893 5270 num.
2926 5221 2973 5270 7.

1908 5302 2053 5353 Bona
2080 5299 2253 5350 aliena
2276 5294 2571 5346 immobilia
2595 5296 2731 5346 inter
2759 5293 2901 5348 bona
2922 5296 3151 5347 hostium
3176 5305 3400 5362 reperta,

1907 5390 1975 5430 an
2006 5375 2211 5442 possint
2242 5371 2510 5436 occupari,
2546 5383 2693 5420 num.
2725 5374 2771 5422 8.

1910 5453 2041 5515 Quid
2071 5452 2136 5502 de
2161 5446 2629 5508 bonisniobilibus
2658 5453 2855 5498 attento
2883 5447 2999 5510 iure
3022 5453 3237 5498 naturae.
3268 5445 3395 5497 ibid.

1909 5528 2041 5592 Quid
2067 5525 2257 5579 stando
2282 5525 2335 5575 in
2354 5536 2471 5588 jure
2500 5523 2743 5588 positivo,
2773 5535 2919 5574 num.
2946 5527 2993 5574 9.

3000 5615 3079 5674 49
