3900 6217
841 431 1012 494 sacr.
1046 436 1174 496 1111.
1209 433 1294 494 AN
1326 435 1680 498 {imnum
1711 432 1908 496 ritso
1938 433 2187 494 rursu
2218 435 2557 505 summm,
2594 436 2727 496 arc.

175 537 315 616 quia
347 537 510 600 nihil
549 545 864 620 repugnat
903 540 1144 602 infundi
1185 561 1223 602 a
1249 542 1382 605 Deo
1411 543 1626 606 lumen
1656 544 1752 604 in-

177 631 532 694 tellectuale
574 632 856 696 divinum
896 641 960 698 et
997 637 1496 714 supernaturale,
1521 643 1748 698 natura

171 743 274 786 sua
333 725 830 790 determinatum
879 727 962 790 ad
1017 730 1487 792 assentiendum
1539 730 1749 792 divino

165 819 556 894 testimonio,
597 839 744 882 vere
787 821 938 883 etin
980 838 1052 886 re
1093 822 1232 902 ipsa
1273 823 1652 895 testificanti,
1685 827 1751 884 et

167 930 294 972 non
323 912 544 988 alteri3
573 916 723 993 quia
749 915 814 978 in
841 905 962 978 hoc
989 915 1162 977 nulla
1186 922 1282 978 est
1302 917 1744 998 repugnantia,

167 1007 328 1068 sicut
385 1007 561 1069 Dens
640 1008 788 1070 fecit
852 1010 1068 1072 lumen
1121 1010 1567 1092 principiorum
1639 1016 1750 1073 aut

167 1099 447 1160 scientim
489 1099 981 1164 determinatum
1015 1101 1098 1164 ad
1125 1119 1455 1166 assensum
1499 1121 1741 1165 verum.

164 1192 316 1253 Tale
341 1211 502 1272 ergo
531 1194 1012 1274 intelligendum
1047 1202 1143 1259 est
1167 1213 1305 1258 esse
1328 1196 1544 1258 lumen
1573 1196 1744 1270 fidei,

163 1289 296 1346 tum
337 1287 516 1365 quia,
543 1292 618 1349 ut
641 1295 815 1351 recte
853 1287 1010 1350 dixit
1031 1290 1252 1368 Major,
1284 1297 1380 1352 est
1419 1290 1613 1352 veluti
1651 1290 1748 1352 in-

164 1388 594 1444 strumentum
632 1382 898 1462 Spiritus
925 1383 1156 1458 Sancti,
1187 1403 1303 1464 per
1338 1385 1509 1464 quod
1536 1389 1750 1446 movet

163 1475 562 1538 intellectum
609 1475 694 1538 ad
739 1476 1228 1552 assentiendum,
1263 1485 1326 1538 et
1369 1477 1512 1540 ideo
1557 1479 1746 1540 dehet

171 1587 300 1632 esse
347 1570 901 1649 proportionatum
923 1571 1168 1634 veritati
1195 1571 1458 1651 Spiritus
1487 1573 1696 1636 Sancti
1721 1591 1736 1646 ;

177 1669 298 1724 tum
325 1663 482 1742 quia
513 1670 614 1726 est
651 1664 987 1744 singularis
1024 1664 1314 1744 quaedam
1351 1667 1742 1746 participatio

177 1756 352 1818 divini
399 1757 668 1818 luminis
715 1763 778 1820 et
821 1759 1314 1837 supernaturalis
1361 1760 1628 1836 ordinis,
1679 1766 1742 1822 et

177 1850 338 1928 quasi
371 1849 704 1911 inchoatio
729 1851 1019 1930 quiedam
1046 1851 1304 1914 luminis
1343 1851 1642 1927 beatifici;
1681 1861 1745 1916 et

177 1943 304 2004 idco
333 1943 778 2006 necessarium
804 1943 920 2005 fuit
961 1949 1030 2005 ut
1058 1950 1223 2006 esset
1259 1945 1340 2007 ad
1383 1965 1604 2007 verum
1633 1947 1744 2008 de-

171 2037 600 2110 terminatum,
638 2043 704 2098 et
747 2043 1207 2116 consequenter
1247 2039 1328 2099 ad
1371 2058 1588 2101 veram
1632 2039 1744 2102 Dei

161 2129 654 2202 revelationem;
683 2133 816 2191 tum
842 2129 1139 2210 denique,
1166 2132 1311 2210 quia
1341 2132 1459 2194 nisi
1488 2133 1614 2194 tale
1643 2151 1744 2194 es-

163 2227 251 2282 set
273 2223 398 2284 hoc
427 2223 682 2298 lumen,
705 2243 833 2285 non
860 2230 1025 2286 esset
1053 2232 1548 2288 consentaneum
1573 2225 1680 2287 flni
1705 2245 1740 2288 a

155 2315 284 2376 Deo
331 2316 609 2387 intento,
657 2317 915 2391 seilicet,
965 2319 1136 2397 quod
1179 2319 1468 2381 homines
1499 2338 1742 2382 summa

157 2408 386 2470 fiducia
422 2415 488 2471 et
515 2411 894 2473 certitudine
918 2413 1230 2492 captivent
1248 2414 1649 2476 intellectum
1675 2415 1741 2476 in

159 2502 546 2581 obsequium
577 2503 726 2566 fidei
759 2511 820 2566 et
847 2507 978 2567 Dei.

233 2598 296 2658 5.
347 2597 822 2678 Espenduntur
877 2603 1292 2683 responsiones
1350 2603 1742 2684 quomdam

169 2691 238 2753 od
265 2693 580 2754 rationem
615 2689 936 2755 dubitandi
953 2696 1329 2776 propositam
1357 2700 1478 2759 toto
1506 2711 1672 2756 num.
1706 2697 1732 2755 1

167 2789 216 2846 et
245 2784 580 2856 2-Qeid
601 2787 958 2864 respondeat
989 2787 1274 2851 Aleisiod.
1293 2821 1376 2838 -·
1389 2787 1735 2866 Refellitur.

171 2911 243 2924 -
269 2877 618 2938 Difficultas
648 2896 800 2940 vero
833 2885 928 2940 est
959 2881 1024 2940 in
1053 2881 1422 2960 explicando
1448 2899 1574 2960 quo
1606 2899 1740 2942 mo-

180 2971 252 3032 do
283 2972 476 3050 possit
507 2972 650 3034 haec
685 2973 920 3034 veritas
965 2974 1305 3046 conciliari,
1347 2993 1494 3035 cum
1547 2975 1738 3036 modo

183 3082 302 3142 quo
329 3064 614 3126 homines
647 3065 1035 3128 inducuntur
1079 3067 1160 3128 ad
1195 3066 1386 3128 fidem
1415 3085 1532 3146 per
1557 3085 1738 3129 reve-

175 3156 466 3218 lationem
519 3164 584 3218 et
637 3159 1141 3222 testificationem
1209 3162 1476 3222 aliorum
1539 3161 1744 3221 bomi-

167 3267 336 3320 num,
381 3268 530 3328 quae
559 3251 892 3315 difficultas
922 3254 1071 3315 satis
1101 3254 1405 3332 explicata
1433 3253 1618 3314 estin
1646 3271 1744 3314 ar-

161 3343 484 3422 gumentis
513 3343 582 3404 in
605 3344 910 3425 principio
939 3347 1181 3426 positiS‚
1219 3350 1282 3408 et
1317 3363 1562 3406 summa
1611 3363 1741 3405 om·

157 3437 328 3494 nium
379 3442 506 3510 est,
557 3437 707 3515 quia
758 3437 1072 3500 interdum
1113 3445 1320 3520 potest
1363 3438 1744 3500 sufficienter

157 3529 428 3606 proponi
473 3528 738 3608 aliquid,
791 3535 858 3592 ut
901 3531 1193 3594 credatur
1217 3538 1514 3610 tanquam
1561 3548 1746 3592 reve-

157 3619 350 3681 latum
381 3640 424 3681 a
449 3623 612 3696 Deo,
661 3641 805 3684 cum
840 3643 1066 3688 revera
1101 3625 1446 3687 revelatum
1475 3643 1600 3685 non
1639 3626 1737 3685 sit.

159 3715 244 3774 Ad
271 3733 482 3793 quam
507 3715 940 3782 difficultatem
976 3719 1162 3781 variis
1189 3717 1394 3780 modis
1419 3719 1501 3779 ab
1529 3721 1742 3780 aucto·

153 3809 326 3869 ribus
354 3827 746 3889 responsum
783 3819 898 3874 est.
931 3814 1087 3876 Nam
1116 3814 1422 3893 imprimis
1457 3812 1736 3874 Altisiod.

153 3921 348 3982 supra
373 3911 578 3984 negat
597 3921 784 3982 posse
809 3907 1170 3987 contingere
1195 3914 1262 3969 ut
1281 3908 1528 3986 aliquia,
1547 3925 1742 3986 quan-

155 3999 394 4058 tumvis
451 3997 723 4078 simplex
763 4007 824 4060 et
863 4001 1087 4075 idiota,
1137 4019 1215 4062 ex
1251 4001 1606 4080 ignorantia
1645 4000 1744 4060 in-

157 4091 438 4152 vincibili
469 4087 697 4154 eredat
745 4093 980 4172 aliquid
1019 4101 1088 4157 ut
1117 4095 1462 4157 revelatum
1509 4113 1546 4154 a
1585 4095 1739 4168 Deo,

165 4185 326 4263 quod
385 4201 620 4246 revera
656 4185 1001 4248 revelatum
1045 4207 1174 4249 non
1205 4189 1306 4261 sit,
1345 4186 1498 4248 alias
1527 4192 1745 4264 posset

169 4278 422 4339 credere
456 4275 693 4340 falsum
725 4285 790 4340 ut
818 4280 1162 4342 revelatum
1196 4299 1234 4342 a
1268 4281 1422 4354 Deo,
1477 4286 1541 4342 et
1584 4297 1742 4341 con·

167 4379 514 4451 sequenter
540 4379 756 4452 posset
791 4373 1046 4436 credere
1075 4375 1566 4455 propositionem
1611 4374 1744 4436 hae-

159 4468 426 4528 reticam
467 4466 594 4526 sub
624 4465 844 4528 eadem
879 4467 1367 4541 existimatione;
1407 4468 1578 4547 quod
1609 4469 1742 4547 ipse

154 4565 338 4639 putat
369 4576 506 4620 non
537 4575 722 4637 posse
747 4557 1106 4646 contingere
1135 4560 1268 4620 sine
1295 4567 1552 4640 peccato
1579 4578 1744 4622 mor·

155 4655 288 4726 tali,
329 4654 559 4725 etiam,
611 4659 678 4714 ut
705 4653 840 4732 ipse
875 4652 1100 4733 inquit,
1143 4654 1207 4714 in
1245 4655 1452 4716 vetula
1509 4654 1744 4734 simpli·

157 4749 420 4809 tissima
464 4763 506 4808 a
534 4745 666 4808 suis
699 4745 871 4807 falsis
905 4747 1258 4826 pastoribus
1303 4747 1560 4824 edocta,
1597 4748 1744 4826 quia

156 4842 200 4900 si
225 4841 462 4911 faciat,
501 4838 730 4917 inquit,
761 4839 932 4917 quod
960 4840 1024 4900 in
1047 4859 1116 4902 se
1147 4847 1263 4914 est,
1293 4839 1746 4902 illuminabitur

148 4953 180 4992 a
225 4935 375 4996 Deo
419 4949 506 4994 ne
539 4931 909 5012 decipiatur.
953 4934 1100 4995 Haec
1139 4951 1286 4994 vero
1331 4934 1638 4996 sententia
1679 4935 1745 4994 in

149 5026 276 5088 hoe
305 5027 530 5103 rigore
571 5029 822 5106 sumpta
859 5025 1240 5088 incredibilis
1265 5033 1382 5104 est,
1411 5033 1480 5088 nt
1520 5029 1744 5090 merito

149 5120 316 5180 dixit
349 5119 580 5198 Major,
611 5119 757 5182 dict.
790 5125 1012 5199 quaest.
1043 5124 1142 5193 to,
1177 5126 1240 5182 et
1261 5121 1346 5182 ita
1383 5121 1552 5182 illam
1599 5121 1744 5202 reji-

150 5215 346 5274 ciunt
375 5213 482 5273 alii
514 5212 854 5292 Theologi;
891 5231 1041 5274 nam
1083 5219 1148 5275 et
1191 5221 1286 5276 est
1312 5219 1526 5276 contra
1561 5231 1744 5296 expe·

149 5307 466 5369 rientiam
527 5311 596 5368 et
638 5314 866 5370 contra·
907 5307 1252 5368 humanam
1299 5308 1740 5371 conditionem.

151 5402 389 5480 Neque
435 5399 928 5462 fundamentum
971 5399 1127 5461 illud
1178 5407 1274 5462 est
1317 5401 1578 5482 alicujus
1615 5421 1746 5462 mo-

155 5493 390 5566 menti,
423 5500 558 5556 tum
603 5494 751 5573 quia
795 5511 924 5554 non
955 5498 1198 5557 constat
1239 5495 1318 5556 de
1347 5496 1450 5556 tali
1485 5495 1745 5574 promis-

157 5589 385 5665 sione;
419 5588 566 5674 quia
596 5587 1014 5652 materialiter
1033 5587 1235 5672 decipi
1263 5589 1425 5652 circa
1469 5607 1604 5652 rem
1632 5587 1746 5650 ali·-

3276 427 3397 496 {00

1831 559 2023 622 qnam
2044 541 2215 617 fidei,
2246 559 2377 604 non
2406 547 2503 606 est
2528 546 2745 604 contra
2776 541 3041 602 salutem
3068 545 3391 613 aternam,

1831 640 1895 696 et
1927 634 2071 697 ideo
2100 635 2527 697 necessarium
2557 651 2689 695 non
2712 640 2808 696 est
2843 639 2915 694 ut
2949 633 3117 694 Deus
3142 633 3393 712 speciali

1829 729 2221 809 providentia
2279 747 2739 809 quemcumque
2801 727 3120 788 hominem
3170 726 3395 788 illumi-

1827 829 1960 897 net,
1992 839 2073 884 ne
2096 822 2185 884 sic
2213 823 2579 902 decipiatur,
2614 821 2858 883 etiamsi
2888 820 3116 900 alioqui
3144 827 3395 882 sanctus

1828 915 1936 989 sit3
1967 921 2104 978 tum
2124 917 2313 978 etiam
2336 917 2485 996 quia
2511 917 2591 977 de
2610 917 2731 977 hoc
2758 915 2915 995 ipso,
2946 913 3201 987 scilicet,
3224 913 3395 993 quod

1826 1011 2021 1074 homo
2062 1015 2353 1072 teneatur
2390 1009 2628 1088 aliquid
2656 1010 2887 1080 facere,
2908 1013 2979 1068 ut
3010 1007 3397 1070 illuminetur

1825 1103 1893 1163 in
1917 1121 1993 1165 eo
2022 1121 2195 1176 casu,
2218 1109 2422 1182 potest
2448 1119 2587 1164 esse
2614 1101 2966 1182 ignorantia
2988 1100 3091 1162 vel
3108 1099 3395 1162 inadver-

1827 1197 2024 1258 tentia
2058 1195 2452 1268 invincibilis,
2506 1201 2579 1256 ut
2610 1213 2725 1274 per
2764 1211 2833 1256 se
2862 1199 3033 1273 patet
3066 1238 3084 1266 ,
3126 1197 3191 1255 et
3229 1192 3393 1256 infra

1827 1291 2152 1352 tractando
2202 1289 2281 1352 de
2334 1289 2697 1352 infidelitate
2748 1287 3086 1350 dicendum
3148 1293 3244 1349 est
3301 1287 3395 1348 la-

1826 1385 1972 1447 tine.

1909 1481 1970 1541 6.
2012 1477 2172 1554 Quia
2192 1475 2815 1559 Major.—Dieplioet
2838 1475 3392 1558 primm—Secum-

1825 1571 2296 1636 do.-‘-Secundo
2326 1589 2477 1651 ergo
2504 1571 2843 1650 respondet
2863 1570 3065 1650 Major
3090 1587 3301 1648 supra,
3324 1569 3392 1630 in

1820 1681 1902 1725 eo
1933 1681 2083 1726 casu
2126 1683 2309 1744 posse
2356 1664 2679 1725 hominem
2722 1664 2983 1726 credere
3032 1663 3261 1724 falsum
3314 1679 3391 1723 ex

1821 1758 2206 1820 revelatione
2248 1759 2455 1820 divina
2484 1763 2723 1838 putata,
2756 1763 2819 1818 et
2846 1775 2975 1818 non
3002 1773 3187 1830 vera3
3219 1755 3391 1817 dein·

1823 1851 1901 1912 de
1931 1852 2117 1912 sentit
2160 1858 2369 1912 actum
2408 1851 2579 1926 fidei,
2626 1867 2816 1930 quem
2852 1851 3191 1912 ille'homo
3242 1856 3390 1911 tunc

1825 1943 2009 2015 elicit,
2030 1961 2167 2005 esse
2194 1944 2479 2023 eJusdem
2504 1944 2871 2006 substantiis
2902 1961 3043 2004 cum
3070 1961 3218 2005 vero
3246 1947 3389 2004 actu

1822 2035 1973 2099 fidei
2008 2036 2259 2110 infusae,
2296 2044 2358 2099 et
2386 2035 2797 2098 nihilominus
2846 2037 2933 2098 ait
2976 2055 3101 2098 non
3152 2053 3291 2098 esse
3316 2034 3391 2096 fl·

1823 2131 1995 2204 dem,
2026 2131 2173 2210 quia
2200 2129 2280 2191 de
2326 2130 2666 2192 intrinseca
2700 2130 2941 2191 ratione
2978 2129 3124 2190 fidei
3156 2136 3249 2190 est
3281 2147 3391 2191 ve-

1822 2223 1997 2290 ritas,
2050 2230 2112 2284 et
2146 2223 2249 2284 ille
2292 2229 2469 2286 actus
2524 2239 2711 2284 verus
2748 2241 2876 2284 non
2920 2230 3035 2284 est.
3090 2223 3214 2285 Sed
3254 2223 3389 2284 haec

1821 2317 2147 2393 responsio
2176 2315 2357 2376 valde
2388 2316 2691 2396 displicet,
2726 2317 2873 2394 quia
2910 2317 3117 2377 verbis
3143 2322 3389 2377 tantum

1821 2413 2013 2488 negat
2040 2408 2185 2470 fidei
2214 2427 2398 2489 posse
2428 2410 2687 2472 subesse
2713 2409 2967 2485 falsum,
2993 2411 3055 2470 in
3078 2427 3149 2470 re
3174 2413 3388 2470 tamen

1821 2499 1958 2581 ipsa
1993 2519 2121 2563 non
2152 2508 2369 2582 negat,
2424 2503 2535 2564 sed
2568 2502 2871 2576 admittit3
2904 2503 3053 2582 quia
3104 2503 3155 2564 si
3212 2508 3389 2564 actus

1821 2595 1926 2657 ille
1978 2597 2045 2658 in
2090 2597 2437 2659 substantia
2492 2615 2606 2658 sua
2656 2600 2752 2658 est
2800 2597 3083 2675 ejusdem
3128 2597 3389 2659 rationis

1823 2707 1968 2751 cum
2013 2707 2275 2756 assensu
2314 2689 2459 2752 fidei
2492 2690 2714 2752 infusoe
2736 2735 2753 2764 ,
2796 2709 2949 2771 ergo
2999 2689 3191 2752 habet
3220 2691 3387 2751 idem

1823 2783 2139 2863 obiectum
2167 2784 2429 2847 formale
2452 2804 2467 2859 ;
2496 2803 2649 2865 ergo
2676 2783 2976 2846 revelatio
3004 2802 3153 2846 vera
3191 2791 3254 2846 et
3282 2803 3389 2864 ap-

1819 2893 2051 2957 parens
2078 2878 2393 2940 constituit
2418 2897 2625 2940 unum·
2648 2880 2712 2939 et
2735 2878 2902 2940 idem
2928 2878 3245 2958 objectum
3263 2877 3389 2938 for-

1818 2970 2007 3031 male.
2035 2972 2191 3033 Item
2222 2979 2485 3052 uterque
2530 2978 2705 3033 actus
2734 2971 2853 3033 erit
2888 2972 2968 3032 ab
3016 2972 3241 3034 eodem
3283 2973 3425 3031 ha·.

1821 3063 1979 3136 bitu,
2012 3065 2158 3143 quia
2182 3070 2359 3126 actus
2386 3066 2666 3144 procedit
2694 3066 2777 3126 ab
2805 3064 3023 3126 habitu
3042 3065 3387 3126 secundum

1824 3174 2004 3217 suam
2030 3158 2460 3233 substantiam,
2497 3177 2608 3219 sen
2642 3159 2963 3220 entitatem
2992 3164 3055 3219 et
3076 3159 3381 3237 speciem;

1823 3267 1973 3328 ergo
2004 3250 2255 3312 habitus
2294 3251 2439 3312 fidei
2468 3249 2633 3312 elicit
2676 3257 2888 3312 actum
2932 3251 3134 3329 quiin
3164 3270 3233 3313 re
3270 3251 3387 3312 fal-

1823 3362 1930 3405 sus
1961 3351 2079 3419 est,
2110 3347 2282 3425 quod
2326 3351 2419 3407 est
2470 3345 2877 3426 impossibile,
2910 3347 3039 3406 sive
3068 3345 3173 3406 ille
3210 3353 3385 3407 aetus

1821 3443 2083 3500 vocetur
2116 3438 2299 3514 fides,
2348 3441 2475 3501 sive
2512 3456 2675 3513 non:
2710 3441 2830 3501 hoc
2864 3440 3033 3500 enim
3076 3439 3277 3500 solum
3305 3439 3385 3500 ad

1822 3532 2231 3611 quaestionem
2260 3532 2337 3593 de
2364 3532 2619 3594 nomine
2644 3538 2911 3613 spectat3
2942 3539 3005 3593 et
3030 3533 3273 3594 sincere
3302 3533 3387 3593 lo-

1826 3624 2103 3704 quendo,
2134 3625 2357 3706 negari
2388 3643 2518 3686 non
2560 3632 2767 3706 potest
2792 3627 2943 3705 quin
2973 3627 3075 3688 ille
3102 3633 3275 3688 actus
3308 3627 3387 3688 sit

1823 3717 1994 3789 fidei,
2026 3718 2173 3796 quia
2204 3724 2266 3779 et
2296 3725 2389 3780 est
2416 3719 2499 3780 ab
2524 3719 2744 3782 habitu
2772 3720 2943 3794 fidei,
2992 3724 3055 3781 et
3090 3719 3389 3782 fundatur

1821 3811 1884 3871 in
1913 3811 2283 3873 auctoritate
2316 3812 2597 3890 dicentis,
2634 3813 2763 3875 sive
2793 3833 2963 3886 vera,
2998 3815 3127 3875 sive
3152 3814 3388 3893 cogita-

1823 3909 1915 3978 ta;
1949 3904 2373 3967 denominatio
2403 3913 2613 3967 autem
2652 3905 2801 3968 fidei
2844 3907 3113 3968 sumitur
3154 3924 3230 3968 ex
3274 3907 3387 3967 ob-

1818 3999 1986 4076 jecto
2032 4004 2345 4077 quatenus
2395 3998 2461 4058 in
2501 3999 2871 4061 auctoritate
2910 3999 3231 4073 fundatur,
3256 4016 3385 4060 non

1825 4109 1902 4152 ex
1925 4092 2186 4152 veritate
2211 4093 2313 4153 vel
2338 4091 2631 4169 falsitate,
2662 4097 2732 4154 ut
2761 4097 3007 4155 constat
3032 4093 3099 4153 in
3121 4092 3247 4153 fide
3272 4091 3390 4153 hu·

1819 4176 2037 4246 mana.
2070 4185 2249 4248 Unde
2280 4185 2333 4246 si
2360 4185 2591 4265 alioqui
2638 4192 2815 4247 actus
2849 4187 2951 4248 ille
2981 4191 3075 4248 est
3104 4185 3386 4266 ejusdem

1823 4278 2184 4340 substantiae
2214 4297 2358 4342 cum
2400 4285 2541 4340 actu
2568 4279 2715 4340 fidei
2744 4278 2988 4353 infusis,
3030 4279 3098 4339 in
3140 4297 3211 4340 re
3254 4279 3387 4358 ipsa

1823 4379 2001 4434 actus
2036 4371 2183 4433 fidei
2224 4372 2421 4434 falsus
2444 4379 2560 4447 est,
2610 4373 2854 4435 etiamsi
2897 4389 3129 4434 nomen
3160 4371 3247 4433 illi
3276 4391 3389 4434 ne·

1825 4473 2028 4546 getur.
2064 4463 2347 4546 Denique
2394 4484 2508 4545 per
2558 4466 2729 4528 illam
2774 4467 3049 4528 nominis
3094 4466 3387 4526 mutatio-

1821 4578 1971 4621 nem
1999 4577 2127 4620 non
2179 4561 2469 4633 evitatur,
2504 4561 2678 4640 quin,
2715 4561 2893 4639 juxta
2920 4561 3091 4621 illam
3135 4566 3389 4621 senten-

1822 4654 2000 4725 tiam,
2040 4659 2170 4734 tota
2199 4653 2361 4715 fides
2387 4654 2687 4717 reddatur
2722 4657 2983 4728 incerta,
3031 4655 3181 4733 quia
3208 4653 3389 4716 dubi·

1826 4754 1961 4810 tare
1986 4753 2201 4825 posset
2224 4748 2301 4824 is,
2326 4749 2435 4826 qui
2462 4749 2799 4810 assentitur
2818 4749 2907 4809 rei
2938 4747 3051 4808 sibi
3082 4747 3387 4809 sufficien-

1823 4847 1924 4902 ter
1958 4842 2314 4922 propositis,
2342 4859 2421 4902 an
2452 4859 2603 4902 suus
2630 4857 2925 4902 assensus
2958 4841 3035 4902 sit
3060 4839 3218 4903 fides
3244 4857 3390 4902 nec-

1826 4953 1950 5006 ne;
2002 4933 2147 5014 quia
2196 4941 2407 5014 posset
2460 4933 2749 4996 dubitare
2786 4951 2881 5032 gn
2926 4934 3005 4995 sit
3052 4951 3241 4996 verus
3288 4935 3387 4995 vel

1825 5027 2044 5103 falsus,
2090 5027 2601 5108 quandoquidem
2644 5027 2850 5089 eidem
2886 5027 3048 5089 actui
3102 5027 3383 5107 ejusdem

1827 5121 2187 5183 substantiae
2212 5126 2417 5200 potest
2442 5119 2701 5182 subesse
2722 5119 2971 5181 falsum.

1907 5218 1967 5275 7.
2016 5213 2225 5278 Tertia
2248 5212 2582 5296 responsio,
2592 5213 2901 5293 judicium
2923 5213 2993 5276 de
3019 5211 3388 5276 credibilite-

1828 5314 1905 5383 τε,
1935 5313 1995 5372 et
2020 5308 2359 5371 vetitionem
2398 5307 2675 5370 credendi
2717 5321 2896 5386 posse
2942 5305 3267 5370 terminari
3308 5303 3393 5368 aa

1823 5401 2094 5465 revetata
2124 5407 2372 5483 putata,
2424 5417 2545 5462 non
2589 5415 2727 5462 voro
2774 5407 2975 5463 actum
3014 5398 3215 5480 ipim
3260 5415 3389 5461 ore·-

1827 5495 2004 5559 dendi
2028 5497 2319 5574 infusum.
2347 5527 2428 5542 --
2452 5493 2659 5555 Tertia
2690 5493 3017 5572 responsio
3054 5492 3189 5555 fere
3216 5507 3388 5553 com-

1828 5587 2040 5648 munis
2068 5591 2201 5664 est3
2234 5585 2315 5648 ad
2358 5605 2547 5668 quam
2578 5584 3012 5669 explicandam
3042 5593 3167 5649 tres
3210 5591 3385 5654 actus
