3900 6217
731 408 902 464 SECT.
937 412 976 464 l.
1011 409 1096 466 AN
1127 411 1212 466 An
1243 407 1615 468 catomum
1646 405 2045 475 amunu‘run
2060 407 2436 468 rnoposi‘rto
2468 407 2687 474 Facu,
2724 405 2860 464 me.

177 508 322 570 sunt
355 503 600 572 Sancti
623 507 744 572 Da·
767 509 1058 584 homines,
1085 514 1149 572 et
1172 509 1454 590 ipsoemet
1482 512 1756 590 Scriptu-

181 620 264 662 roe
297 601 714 664 traditionem
757 609 820 666 et
861 603 1212 666 doctrinam
1253 607 1754 670 Ecclesiasticam

183 694 656 768 commendant,
697 703 766 758 ut
801 696 962 760 infra
1011 698 1138 760 suis
1180 699 1333 762 locis
1376 700 1746 764 videbimus,

181 787 356 850 Unde
383 789 588 850 etiam
611 795 818 869 potest
841 791 974 852 haec
991 791 1220 855 veritas
1249 792 1602 854 confirmari
1635 799 1754 855 tes-

183 879 458 942 timoniis
505 882 788 956 Pati-um,
839 885 950 964 qui
993 902 1110 946 nos
1149 884 1380 948 docent
1427 903 1754 948 recurrere

181 972 264 1034 ad
301 975 620 1054 originem
647 975 820 1052 fidei,
853 984 916 1039 et
943 997 1059 1057 per
1085 979 1447 1042 continuam
1477 979 1756 1042 traditio-

183 1085 332 1128 nem
377 1069 780 1132 credentium
834 1089 1049 1133 veram
1092 1071 1284 1134 fidem
1337 1075 1642 1147 retinere;
1692 1077 1756 1136 et

183 1160 543 1239 specialiter
593 1162 792 1225 videri
843 1171 1108 1244 possunt
1157 1167 1466 1243 lrenaeuS,
1522 1167 1632 1229 lib.
1689 1172 1752 1242 4,

179 1271 320 1332 cap.
353 1254 464 1327 43,
499 1261 564 1316 et
603 1255 970 1336 Cyprianus,
1019 1257 1088 1318 in
1128 1258 1384 1338 Epistol.
1417 1262 1526 1331 143
1561 1261 1758 1320 Euse-

175 1345 346 1420 bius,
375 1347 452 1408 in
479 1350 788 1429 principio
828 1350 1132 1413 librorum
1179 1351 1258 1414 de
1299 1354 1758 1432 praeparatione

175 1440 534 1520 Evangel.;
573 1442 910 1524 Epiphan.,
941 1443 1008 1506 in
1043 1445 1348 1525 principio
1376 1463 1553 1525 oper.
1585 1451 1751 1508 cont.

179 1534 440 1608 barca„
491 1541 554 1596 et
597 1533 832 1616 optime
879 1537 1286 1618 Augustinus,
1335 1538 1400 1599 in
1445 1540 1756 1602 Prooemio

185 1627 291 1688 lib.
333 1626 420 1690 de
461 1627 756 1690 Doctrina
797 1630 1152 1706 Christian„
1194 1636 1260 1694 et
1302 1634 1432 1694 toto
1477 1632 1618 1694 libr.
1677 1633 1758 1695 de

191 1720 463 1784 Utilitate
493 1722 818 1799 credendi,
851 1729 915 1786 et
939 1724 1098 1786 libro
1125 1725 1459 1789 undecimo
1473 1725 1751 1790 Confess.

189 1832 324 1894 cap.
355 1815 416 1876 3.

263 1907 324 1967 4.
367 1905 646 1990 Duiqiu
677 1911 1082 1988 confirmatur
1107 1930 1183 1976 aa·
1219 1913 1649 1996 mamutii-t.
1674 1944 1757 1958 —

181 1999 434 2074 Prima,
477 2019 664 2082 quam
691 2002 902 2086 attiyit
925 2004 1338 2086 Aumatium.
1365 2037 1448 2052 -
1473 2004 1760 2070 Secunda

177 2096 612 2176 commentia.
653 2127 736 2142 -
777 2097 1010 2160 Tertia.
1067 2130 1148 2145 -
1195 2099 1476 2178 Denique
1523 2097 1756 2160 addere

174 2203 528 2266 possumus
565 2190 1048 2268 congruentiam
1079 2191 1280 2271 prima
1311 2190 1656 2254 desumitur
1680 2209 1760 2252 ex

175 2281 358 2340 suavi
403 2281 638 2344 ordine
679 2283 904 2346 divinae
931 2285 1364 2364 providentiae,
1395 2303 1584 2365 quam
1623 2285 1761 2346 teti-

175 2375 264 2454 git
301 2376 730 2454 AugustinuS,
781 2377 922 2440 libr.
969 2385 1168 2440 contr.
1223 2380 1476 2465 Epistol.
1527 2379 1756 2454 Fund.,

177 2488 316 2548 cap.
353 2471 400 2530 4
431 2475 504 2532 et
542 2472 646 2544 14,
691 2471 908 2532 dicens
941 2491 954 2532 ε
994 2471 1180 2537 Siout
1214 2473 1380 2536 Dour
1422 2473 1764 2537 immediato

180 2563 420 2626 creavit
447 2581 644 2626 uuum
669 2565 988 2638 hominem,
1017 2571 1075 2629 et
1113 2567 1186 2630 ab
1205 2565 1314 2630 illo
1341 2583 1412 2630 ao
1443 2583 1555 2648 per
1583 2564 1764 2630 illwm

170 2657 474 2736 producti
506 2663 657 2720 sunt
693 2657 898 2721 coeteri
921 2658 1290 2724 mensione
1330 2657 1636 2732 continua,
1671 2659 1764 2722 ica

177 2752 246 2811 in
269 2749 398 2824 fide
411 2767 538 2831 por
567 2767 632 2812 se
648 2750 1023 2815 iusto-misso
1047 2753 1242 2815 Deam
1259 2753 1546 2834 quosdam
1573 2753 1765 2816 homi-

179 2860 310 2917 m,
337 2843 622 2924 aquibus
647 2843 766 2908 alii
795 2846 1164 2910 dameam.
1197 2846 1272 2906 Et
1297 2846 1384 2908 ita
1413 2845 1764 2906 communis

191 2935 352 2996 ratio
381 2933 736 3014 prudentiae
765 2944 882 3012 est,
912 2945 982 3000 ut
1015 2937 1302 3000 homines
1339 2956 1454 3018 per
1477 2938 1766 3000 homines

199 3027 566 3102 doceantur,
599 3031 763 3092 sicut
789 3030 871 3093 ad
895 3031 1250 3095 Cornelium
1277 3032 1508 3092 missus
1535 3037 1630 3094 est
1655 3034 1766 3094 Pe-

199 3127 354 3196 truS,
398 3126 618 3186 Actor.
653 3126 754 3199 10,
801 3130 864 3186 et
895 3124 979 3186 ad
1006 3125 1378 3188 Eunuchum
1421 3124 1762 3206 Philippus»,

187 3217 404 3278 Actor.
439 3218 502 3278 8.
540 3216 725 3290 Quod
765 3218 814 3278 si
865 3217 1182 3280 interdum
1225 3219 1327 3282 hic
1369 3217 1522 3281 ordo
1563 3224 1767 3280 muta-

187 3319 310 3383 tnr,
345 3315 452 3372 est
475 3311 752 3392 speciale
778 3310 1196 3393 privilegium,
1233 3313 1389 3376 sicut
1421 3313 1648 3376 Paulus
1687 3313 1768 3374 de

182 3423 250 3464 se
281 3404 472 3478 dicit,
501 3403 594 3466 ad
611 3403 813 3466 Galat.
842 3405 1080 3472 1=Noa
1107 3407 1178 3470 ab
1198 3407 1558 3481 humanitem,
1589 3421 1772 3488 nequ

172 3515 288 3578 por
325 3499 662 3562 mon.
697 3498 1010 3576 Secundo,
1057 3499 1172 3562 fuit
1219 3501 1341 3562 hoc
1389 3499 1772 3564 conveniens

182 3591 262 3652 ad
289 3591 812 3654 conservandam
850 3593 1332 3666 consensionem
1371 3600 1436 3656 et
1469 3595 1772 3656 unitatem

181 3686 334 3748 fidei
363 3688 546 3750 inter
568 3687 886 3765 homines,
917 3707 1065 3750 nam
1097 3687 1152 3750 si
1175 3687 1336 3750 fides
1371 3688 1610 3770 concipi
1641 3707 1775 3752 non

182 3787 438 3858 posset,
473 3779 602 3842 nisi
641 3797 756 3860 per
795 3780 1226 3844 immediatam
1253 3782 1368 3844 Dei
1409 3781 1776 3863 propositio-

183 3893 370 3948 nem,
403 3875 846 3954 unusquisque
875 3879 1284 3955 praesumeret
1301 3875 1382 3937 de
1401 3893 1525 3936 sua
1537 3874 1686 3950 fide,
1713 3881 1778 3938 et

183 3966 382 4030 fieret
409 3967 536 4028 sibi
565 3969 788 4048 regula
835 3967 1009 4044 fidei,
1051 3967 1226 4047 quod
1267 3974 1364 4031 est
1403 3967 1778 4030 absurdissi-

189 4080 404 4136 mum,
448 4067 526 4122 ut
552 4059 716 4122 infra
745 4061 1116 4124 videbimus.
1147 4063 1256 4124 Sic
1299 4061 1468 4123 enim
1499 4062 1776 4142 Angelus

195 4155 456 4216 Satanae
504 4152 692 4216 facile
737 4171 805 4216 se
841 4155 1314 4217 mnsformaret
1351 4156 1418 4217 in
1465 4156 1776 4236 Angelum

199 4248 382 4322 lueis,
417 4253 482 4310 et
509 4247 666 4310 inde
695 4253 1100 4310 nascerentur
1131 4247 1388 4311 infinitoe
1437 4248 1776 4312 divisiones

201 4349 264 4403 et
305 4342 678 4418 schismata,
725 4343 876 4423 quia
913 4361 1044 4406 non
1084 4349 1451 4406 tenerentur
1489 4344 1778 4406 homines

195 4435 400 4496 fidem
425 4434 586 4496 dare
634 4435 922 4498 exteriori
972 4436 1268 4498 doctrinoe
1285 4481 1302 4512 ,
1353 4436 1466 4498 sed
1499 4437 1780 4499 interiori

189 4527 672 4609 imaginationi,
716 4535 936 4590 contra
962 4529 1118 4592 illud
1148 4529 1322 4592 Pauli
1349 4550 1364 4594 :
1397 4529 1481 4596 Si
1511 4529 1780 4614 Anystus

187 4624 260 4686 de
287 4621 448 4686 coelo
475 4621 979 4703 camelianum-it
1003 4623 1168 4686 vobis
1193 4624 1380 4688 aliter
1403 4641 1582 4705 quam
1599 4641 1784 4688 evam-

189 4715 542 4796 gelizatnm
563 4719 680 4792 ost,
702 4715 1024 4780 anathema
1043 4716 1152 4779 sit.
1175 4717 1408 4793 Tertio,
1437 4716 1641 4795 potuit
1662 4717 1780 4780 hoc

192 4808 502 4870 conferre
529 4806 612 4868 ad
633 4807 840 4886 majus
867 4809 1161 4870 meritum
1187 4808 1358 4884 fidei,
1387 4813 1450 4872 et
1475 4811 1784 4890 majorem

193 4901 640 4962 humilitatem
679 4901 1118 4976 exercendam,
1149 4901 1302 4963 dum
1335 4903 1404 4963 in
1441 4921 1512 4964 re
1541 4903 1784 4964 difficil-

191 4996 358 5056 lima
387 4995 585 5056 homo
609 4993 936 5072 subjicitur
957 4994 1218 5068 homini,
1245 4995 1434 5070 etiam
1455 4995 1668 5074 quoad
1695 4996 1787 5058 iu·

193 5090 562 5164 tellectum,
596 5088 665 5150 in
691 5105 818 5168 quo
847 5088 1006 5150 solet
1033 5106 1172 5150 esse
1197 5089 1402 5168 major
1429 5089 1780 5154 difficultas.

193 5188 316 5248 Hae
359 5191 582 5248 autem
627 5185 904 5248 rationes
949 5203 1172 5255 omnes
1221 5191 1584 5266 supponunt
1619 5186 1788 5248 hunc

195 5278 483 5342 modum
510 5279 951 5359 propositionis
996 5277 1146 5340 fidei
1191 5295 1378 5357 posse
1430 5297 1569 5342 esse
1623 5280 1790 5340 suffi-

199 5373 520 5448 cientem,
553 5371 726 5450 quod
754 5389 830 5433 ex
863 5390 978 5432 usu
1001 5372 1140 5450 ipso
1167 5371 1317 5434 satis
1336 5373 1666 5454 probatum
1695 5389 1791 5432 re·

203 5465 558 5542 linquitur;
586 5464 810 5525 modus
834 5471 1046 5526 autem
1073 5465 1262 5544 hujus
1285 5464 1672 5527 sufficientiae
1697 5465 1790 5525 in-

205 5559 577 5620 sinuabitur
627 5558 834 5620 statim
871 5559 1314 5638 respondendo
1354 5558 1434 5621 ad
1477 5561 1787 5622 rationem

551 5679 656 5728 xn.

3278 401 3397 466 1⁴3

1835 511 2131 572 contrarii
2160 508 2413 582 erroriS‚
2448 513 2511 570 et
2537 507 2722 570 latius
2760 508 2825 569 in
2860 507 3267 586 sequentibus
3294 527 3397 571 ex-

1833 603 2192 684 plicabitur.

1913 699 1973 760 5.
2004 696 2283 761 Assertio
2300 697 2565 762 secunda
2582 696 2897 777 bipartita.
2914 696 3229 760 —Prima
3244 713 3397 779 pare

1833 791 2209 856 assertionis.
2264 824 2347 838 —
2390 791 2755 854 Immediata
2808 789 3143 872 propositio
3196 790 3401 852 imme-

1834 887 2097 950 diatiom
2153 882 2455 968 suppositi
2504 885 2573 947 in
2614 885 2810 948 tribus
2855 886 3155 948 eventibus
3200 885 3399 948 locum

1834 979 2027 1044 habet.
2056 1011 2139 1026 ·-
2164 979 2423 1044 Primus
2452 983 2718 1052 eventus,
2748 979 3151 1042 necessitatis.
3185 1009 3269 1024 —
3287 976 3401 1042 Se-

1834 1075 2087 1147 cundus,
2116 1072 2509 1154 diynationis.
2540 1104 2623 1118 —
2652 1071 2919 1144 Tertius,
2958 1071 3290 1154 privileqii.
3318 1103 3401 1116 —-·

1836 1165 1982 1229 Dico
2022 1166 2299 1228 secundo
2335 1185 2349 1226 :
2384 1165 2667 1245 quamvis
2702 1165 3127 1226 necessarium
3156 1183 3284 1226 uon
3322 1164 3403 1226 sit

1838 1265 1908 1322 ut
1934 1261 2249 1324 sufficiens
2272 1259 2614 1340 propositio
2642 1257 2795 1319 fidei
2822 1277 2860 1319 a
2884 1259 3013 1320 Deo
3038 1257 3400 1320 immediate

1835 1353 1969 1428 fiat,
1996 1353 2419 1416 necessarium
2454 1351 2676 1414 saltem
2716 1355 2811 1414 est
2840 1353 2909 1412 ut
2951 1350 3163 1413 divina
3206 1351 3399 1412 virtus

1837 1447 1906 1508 in
1947 1465 2027 1508 ea
2064 1447 2347 1528 proxime
2378 1450 2442 1509 et
2467 1444 2820 1525 specialiter
2850 1444 3219 1508 intercedat.
3252 1445 3403 1506 Hoec

1839 1540 2099 1604 assertio
2154 1546 2360 1621 potest
2407 1537 2735 1600 commode
2788 1537 3089 1599 declarari
3137 1555 3251 1619 per
3280 1537 3402 1600 dis-

1837 1634 2199 1696 tinctionem
2228 1633 2401 1694 illam
2429 1632 2753 1712 physicam
2783 1630 2862 1691 de
2901 1649 3091 1694 causa
3132 1631 3403 1696 efficien-

1835 1733 1896 1790 te
1954 1726 2315 1790 immediata
2377 1723 2845 1787 immediatione
2908 1726 3243 1806 suppositi,
3300 1725 3400 1786 vel

1837 1821 2303 1885 immediatione
2343 1820 2585 1882 virtutis
2618 1835 2636 1882 z
2666 1817 2839 1898 prior
2876 1819 3046 1880 enim
3080 1836 3227 1898 pars
3254 1837 3401 1898 pro-

1837 1915 2003 1977 cedit
2022 1914 2103 1976 de
2127 1912 2595 1976 immediatione
2618 1910 2921 1991 suppositi
2941 1933 2959 1987 3
2989 1911 3077 1972 sic
3100 1911 3272 1972 enim
3298 1930 3401 1972 os·

1837 2014 2091 2070 tensum
2142 2013 2237 2068 est
2294 2007 2363 2068 in
2418 2005 2791 2087 praecedenti
2838 2006 3183 2066 assertione
3203 2051 3221 2079 ,
3274 2023 3403 2066 non

1839 2120 1979 2165 esse
2022 2099 2453 2163 necessarium
2501 2103 2569 2159 ut
2608 2097 2949 2179 propositio
2992 2096 3139 2160 fidei
3188 2098 3405 2160 imme—

1839 2195 2007 2256 diate
2034 2213 2073 2256 a
2100 2196 2229 2256 Deo
2273 2193 2383 2254 fiat
2393 2209 2415 2272 3
2458 2193 2608 2272 quin
2638 2192 2843 2272 potius
2882 2191 3099 2272 regula
3138 2209 3403 2272 genera-

1838 2287 1914 2350 lis
1936 2287 2003 2349 in
2026 2288 2147 2350 hoc
2175 2293 2406 2367 puncto
2434 2290 2550 2358 est,
2584 2285 2897 2346 ordinarie
2925 2285 3095 2346 illam
3120 2286 3401 2366 proposi—

1839 2381 2075 2444 tionem
2120 2380 2259 2442 fieri
2298 2398 2412 2460 per
2450 2379 2694 2458 aliquos
2744 2379 2855 2440 Dei
2902 2379 3241 2452 ministros,
3300 2378 3403 2440 vel

1841 2476 2153 2550 homines,
2181 2473 2282 2536 vel
2310 2473 2597 2554 angelos,
2620 2473 2801 2553 juxta
2831 2477 3267 2536 occurrentem
3294 2491 3407 2552 op-

1839 2567 2317 2649 portunitatem3
2349 2567 2417 2628 in
2444 2566 2644 2628 tribus
2684 2571 2898 2628 autem
2944 2565 3191 2626 casibus
3230 2565 3411 2628 inve·—

1841 2661 2073 2734 nimus,
2125 2661 2323 2722 Deum
2364 2657 2765 2738 proposuisse
2806 2657 2998 2720 fidem
3048 2658 3405 2722 immediate

1844 2754 2311 2816 immediatione
2340 2753 2662 2832 suppositi.
2698 2751 2943 2816 Primus
2964 2751 3173 2814 vocari
3202 2757 3409 2832 potest

1843 2847 2233 2910 necessitatis
2242 2862 2263 2925 3
2290 2847 2379 2907 sic
2399 2847 2567 2908 enim
2586 2846 2739 2908 dixit
2756 2846 2825 2907 D.
2849 2847 3142 2920 Thomas»,
3167 2848 3205 2908 3
3228 2847 3402 2908 Cont.

1844 2941 2053 3016 Gent.,
2090 2958 2227 3019 cap.
2278 2941 2417 3015 ⁴54,
2455 2939 2881 3002 necessarium
2910 2957 3049 3000 esse
3080 2946 3148 3000 ut
3179 2955 3409 3018 propo-

1847 3035 1986 3096 sitio
2032 3031 2181 3096 fidei
2236 3033 2552 3094 interdum
2588 3051 2627 3092 a
2678 3033 2807 3094 Deo
2860 3031 3217 3094 immediate
3260 3030 3404 3103 fiat3

1845 3145 1995 3188 nam
2026 3127 2077 3188 si
2114 3125 2275 3186 fides
2303 3125 2569 3188 traditur
2598 3145 2713 3205 per
2740 3126 3017 3204 aliquem
3054 3125 3161 3186 Dei
3201 3125 3412 3186 minis·

1847 3227 2048 3294 trum,
2092 3219 2518 3282 necessarium
2559 3224 2655 3282 est
2697 3226 2765 3280 ut
2802 3219 2907 3280 ille
2959 3219 3039 3280 sit
3081 3220 3301 3280 doctus
3328 3218 3413 3279 ab

1851 3315 1999 3389 alio,
2032 3313 2202 3376 unde
2232 3331 2375 3376 cum
2405 3331 2535 3374 non
2574 3311 2954 3392 procedatur
2981 3312 3045 3373 in
3074 3311 3407 3384 infinitum,

1852 3407 2277 3470 necessarium
2306 3413 2403 3468 est
2436 3405 2769 3485 pervenire
2796 3404 2877 3466 ad
2902 3405 3178 3484 aliquem
3202 3404 3305 3484 qui
3334 3404 3415 3467 sit

1853 3501 2213 3564 immediate
2239 3501 2460 3562 doctus
2496 3518 2534 3560 a
2560 3500 2713 3573 Deo,
2751 3505 2815 3560 et
2857 3499 2977 3560 hoc
3017 3499 3205 3560 modo
3248 3499 3415 3560 Deus

1854 3596 2214 3659 immediate
2242 3594 2569 3675 proposuit
2592 3593 2783 3656 fidem
2812 3595 3013 3674 primo
3054 3593 3317 3674 Angelo,
3346 3599 3417 3654 ut

1855 3689 2005 3754 dixi.
2052 3688 2342 3752 Procedit
2368 3693 2583 3750 autem
2627 3687 2729 3750 hic
2778 3687 3119 3760 discursus,
3160 3687 3414 3766 quando

1854 3783 2139 3844 minister
2168 3781 2277 3844 Dei
2306 3800 2421 3862 per
2456 3779 2647 3842 fidem
2688 3786 2931 3842 tantum
2972 3781 3244 3859 suscepit
3274 3781 3417 3843 doc-

1853 3877 2083 3939 trinam
2108 3889 2299 3956 quam
2322 3875 2459 3937 aliis
2488 3874 2673 3938 tradit
2695 3893 2711 3947 ;
2740 3880 2954 3954 posset
2978 3874 3147 3936 enim
3176 3875 3417 3954 primus

1856 3969 2005 4032 fidei
2044 3969 2413 4050 praedicator
2454 3968 2669 4031 doceri
2704 3987 2741 4030 a
2784 3969 2911 4030 Deo
2954 3986 3069 4048 per
3096 3967 3419 4029 scientiam

1855 4060 2125 4124 infusam
2154 4062 2253 4124 vel
2285 4062 2559 4135 beatam,
2594 4068 2657 4124 et
2682 4068 2833 4124 tunc
2855 4079 2983 4122 non
3013 4067 3179 4123 esset
3202 4077 3421 4122 neces-

1856 4155 2093 4218 sarium
2111 4156 2431 4238 proprium
2456 4156 2773 4236 obJ'ectum
2794 4155 2963 4229 fidei,
2993 4161 3304 4235 quatenus
3330 4159 3420 4214 ta·
3499 4145 3503 4149 ’

1854 4251 1914 4314 le
1943 4256 2061 4327 est,
2104 4250 2289 4312 alicui
2342 4250 2607 4330 proponi
2644 4269 2681 4313 a
2724 4251 2848 4312 Deo
2888 4249 3268 4325 immediate,
3309 4248 3423 4310 sed

1860 4346 2065 4408 solum
2090 4351 2159 4406 ut
2196 4344 2515 4423 objectum
2554 4343 2829 4406 scientiae
2872 4343 2973 4404 vel
3020 4343 3276 4406 visionis
3310 4361 3327 4404 ε
3362 4349 3425 4404 et

1861 4440 1981 4501 hoc
2007 4438 2197 4500 modo
2228 4437 2510 4499 Christus
2539 4437 2839 4499 Dominus
2880 4435 3239 4498 immediate
3288 4435 3425 4496 aliis

1859 4533 2053 4594 fidem
2092 4530 2439 4611 proposuit,
2470 4530 2757 4608 quamvis
2794 4529 2887 4590 illi
2918 4529 3089 4589 nulla
3138 4529 3219 4592 sit
3262 4528 3425 4590 facta

1859 4625 2200 4705 propositio
2233 4623 2419 4697 fidei;
2463 4623 2609 4702 quia
2632 4623 2827 4684 fidem
2856 4640 2983 4684 non
3018 4621 3257 4696 habuit,
3313 4620 3428 4683 sed

1861 4719 2166 4780 visionem
2218 4723 2281 4778 et
2332 4717 2678 4778 scientiam.
2742 4715 3069 4778 Secundus
3126 4732 3277 4794 ergo
3328 4732 3429 4775 ca·

1862 4830 1970 4872 sus
1990 4856 2005 4884 ,
2059 4811 2123 4871 in
2176 4827 2301 4888 quo
2366 4811 2537 4870 Deus
2588 4809 2911 4888 proposuit
2957 4808 3315 4870 immediate
3360 4807 3429 4868 fi-

1863 4905 2009 4966 dem
2036 4947 2053 4978 ,
2116 4902 2237 4964 dici
2284 4909 2489 4982 potest
2525 4902 2925 4982 dignationis,
2976 4921 3086 4964 seu
3142 4901 3429 4984 specialis

1866 4997 2381 5075 dispensationis3
2404 4999 2465 5058 et
2494 4997 2622 5058 haec
2646 4995 2762 5057 fuit
2784 4994 3127 5075 propositio
3146 4995 3293 5058 fidei
3316 5011 3431 5075 per

1867 5090 2179 5154 Christum
2220 5089 2551 5151 Dominum
2582 5089 2770 5169 facta,
2802 5087 2883 5152 de
2910 5107 3038 5168 qua
3067 5087 3317 5160 Paulus,
3348 5085 3433 5148 ad

1869 5185 2061 5246 Hebr.
2094 5187 2123 5245 l
2150 5198 2166 5242 ε
2196 5180 2354 5244 oiim
2384 5184 2549 5247 Dm
2586 5184 2834 5264 loquens
2854 5181 3153 5246 Patribus
3178 5181 3247 5243 in
3270 5181 3433 5244 Pro-

1861 5278 2090 5360 photio,
2115 5276 2439 5340 novissime
2464 5276 2701 5340 locutus
2728 5280 2820 5339 eet
2844 5276 3013 5338 nobis
3039 5273 3109 5336 ia
3139 5273 3330 5348 Filio,
3370 5271 3435 5335 id

1871 5377 1989 5446 est,
2008 5387 2122 5451 per
2139 5369 2400 5442 Filiunu
2428 5376 2491 5431 et
2516 5368 2635 5430 hoc
2656 5374 2752 5430 est
2770 5367 2963 5447 quod,
2984 5368 3127 5428 lsai.
3154 5368 3251 5441 14,
3278 5383 3437 5445 prae-

1870 5464 2105 5528 dictum
2134 5466 2307 5526 erat:
2339 5463 2510 5527 Dabo
2531 5462 2699 5541 filios
2716 5465 2849 5524 tuos
2878 5461 3075 5524 doctos
3092 5479 3132 5523 a
3152 5460 3433 5522 Domino.

1871 5559 2131 5638 Propter
2160 5555 2331 5636 quod
2361 5555 2513 5618 dixit
2564 5556 2843 5618 Christus
2890 5552 3213 5626 DominuS,
3249 5553 3433 5616 Joan.

3079 5661 3119 5724 8
