3900 6217
483 299 602 368 384

481 409 922 488 Christianum,
961 415 1148 489 negat
1198 429 1262 472 se
1306 410 1555 474 credere
1585 412 1654 474 in
1690 411 2039 490 Christum3

481 521 630 565 nam
669 503 784 566 hoc
813 509 906 566 est
956 503 1118 584 quod
1148 503 1403 566 nomine
1433 505 1764 568 Christiani
1805 505 2045 587 signifi-

482 604 692 675 catur3
725 616 871 677 ergo
905 604 1092 677 negat
1143 598 1330 659 fidem
1379 599 1644 677 Christi3
1683 605 1744 661 et
1782 600 1901 662 hac
1947 619 2045 661 ra-

480 691 650 753 tione
689 691 957 752 Ecclesia
1007 692 1229 752 merito
1277 698 1347 752 ut
1397 699 1702 772 martyres
1751 693 2042 766 celebrat,

481 785 612 865 qui,
643 803 723 845 ne
772 791 1075 862 negarent
1120 803 1183 845 se
1235 802 1365 845 esse
1401 785 1802 861 Christianos„
1849 785 2044 846 vitam

481 877 917 958 perdiderunt3
951 881 1012 937 et
1049 895 1084 938 e
1106 877 1414 938 contrario
1443 877 1581 938 illos
1603 878 1843 956 judicat
1871 897 2047 959 apos-

480 978 642 1033 tatas
676 970 877 1052 quoad
911 978 1234 1034 externam
1273 973 1604 1048 actionem,
1633 974 1741 1051 qui
1771 977 2045 1052 tyranno

480 1065 894 1144 interroganti
925 1083 1009 1126 an
1037 1065 1162 1128 sint
1215 1065 1572 1142 Christiani,
1605 1066 1892 1144 negando
1920 1085 2047 1128 res-

479 1159 777 1241 pondent,
825 1166 1230 1238 praeterquam
1281 1159 1448 1240 quod
1501 1157 1610 1239 qui
1663 1159 1778 1219 hoc
1834 1165 2047 1238 negat,

481 1253 710 1314 virtute
763 1251 1091 1314 confitetur
1119 1270 1183 1313 se
1225 1252 1413 1314 aliam
1442 1251 1811 1332 religionem
1859 1252 2048 1332 profi-

481 1347 600 1407 teri
620 1367 636 1421 3
679 1345 827 1426 quia
881 1345 1143 1425 alicujus
1195 1345 1516 1425 religionis
1566 1361 1696 1406 esse
1751 1346 2048 1425 supponi-

486 1445 612 1501 tur.

525 1559 534 1566 ·
567 1533 663 1594 10.
709 1531 898 1598 Nota.
930 1567 1010 1577 —
1031 1531 1160 1592 Hoc
1189 1537 1398 1592 autem
1426 1531 1726 1592 ultimum
1767 1530 2048 1591 limitant

485 1631 550 1689 et
581 1627 802 1689 merito
842 1627 1138 1706 Theologi
1171 1627 1486 1698 moderni,
1539 1632 1610 1687 ut
1665 1626 2052 1704 intelligatur

485 1720 733 1800 quando
752 1719 952 1781 fidelis
997 1721 1231 1780 intuitu
1268 1719 1586 1798 religionis
1631 1721 2051 1799 interrogatur

485 1815 562 1874 de
613 1813 1082 1888 christianitate,
1142 1813 1230 1874 ita
1275 1820 1348 1872 ut
1389 1812 1496 1891 qui
1543 1812 1906 1891 interrogat,
1941 1831 2052 1892 per

487 1906 904 1967 Christianum
945 1905 1252 1985 intelligat
1301 1906 1443 1968 talis
1487 1905 1578 1967 rei
1621 1911 1682 1967 et
1733 1905 2050 1984 religionis

487 2001 896 2080 professorem
914 2014 935 2077 3
972 2017 1119 2060 nam
1152 1999 1459 2079 contingit
1497 2003 1569 2059 ut
1618 1999 1733 2060 sub
1774 1998 1892 2060 hoc
1937 2017 2049 2059 no-

485 2093 658 2154 mine
700 2092 822 2154 alia
853 2090 1123 2154 conditio
1171 2110 1446 2174 personae
1479 2089 1865 2171 intelligatur
1886 2139 1903 2165 ,
1954 2097 2047 2168 ut,

485 2185 658 2246 verbi
701 2187 922 2265 gratia,
955 2188 1020 2245 in
1058 2185 1222 2247 bello
1258 2185 1421 2246 inter
1447 2184 1728 2245 infideles
1757 2191 1818 2244 et
1849 2184 2052 2245 Chris-

485 2280 706 2351 tianoS,
740 2277 1534 2339 infidelesChristianorum
1561 2277 1814 2338 nomine
1844 2278 2051 2339 hostes

486 2389 627 2431 suos
661 2371 1043 2448 intelligunt,
1091 2369 1253 2431 nihil
1297 2371 1372 2431 de
1400 2371 1699 2449 religione
1733 2371 2003 2431 curando
2030 2390 2044 2444 3

488 2471 553 2526 et
579 2466 742 2525 inter
763 2464 969 2541 Indos,
995 2464 1113 2543 ipsi
1135 2482 1246 2544 per
1274 2464 1648 2525 Christianos
1687 2463 2051 2542 intelligunt

487 2559 848 2640 peregrinos
883 2557 1166 2618 homines
1192 2557 1268 2618 ad
1293 2575 1356 2618 se
1399 2557 1755 2635 venientes3
1782 2576 1852 2618 ac
1880 2557 2051 2619 deni·

493 2669 616 2731 que
645 2669 810 2730 saepe
855 2669 1084 2711 nomen
1127 2650 1455 2712 Christiani
1507 2650 1804 2731 accipitur
1839 2656 1908 2710 ut
1945 2671 2056 2712 no-

491 2762 640 2804 men
672 2743 964 2817 nationis,
997 2761 1122 2804 non
1153 2743 1511 2821 religionis3
1544 2749 1607 2804 et
1641 2755 1792 2804 tunc
1825 2761 2054 2823 negare

493 2855 557 2898 se
599 2853 732 2898 esse
760 2835 1214 2910 Christianum,
1249 2853 1377 2896 non
1423 2840 1515 2896 est
1558 2842 1774 2896 contra
1819 2835 2054 2898 confes-

494 2932 732 2991 sionem
753 2928 920 3001 fidei,
949 2929 1095 3007 quia
1111 2927 1426 3007 responsio
1441 2926 1842 3005 intelligenda
1869 2934 1959 2988 est
1977 2927 2054 2988 ad

490 3028 767 3086 mentem
793 3020 1254 3099 interrogantis,
1303 3029 1366 3080 ct
1409 3019 1548 3080 ideo
1571 3020 1828 3099 perinde
1855 3025 1947 3081 est
1985 3039 2056 3081 ac

493 3116 546 3176 si
573 3121 830 3193 negaret
847 3131 910 3174 se
937 3131 1066 3174 esse
1094 3113 1357 3188 hostem,
1389 3113 1488 3173 vel
1517 3129 1646 3172 esse
1666 3113 2049 3176 Lusita‘num.

492 3209 585 3268 lta
611 3207 834 3268 docent
865 3205 1148 3266 moderni
1191 3205 1586 3285 expositoreS,
1637 3203 1716 3266 ad
1765 3212 1980 3286 quaest.
2016 3209 2053 3267 2

491 3301 563 3362 D.
591 3298 870 3375 Thomae,
903 3304 1022 3358 art.
1068 3300 1140 3373 33
1185 3298 1390 3373 Azor.,
1435 3303 1603 3358 tomo
1641 3301 1662 3358 1
1722 3297 2058 3359 Institutio·

491 3411 646 3454 num
677 3389 1031 3464 moralium,
1063 3390 1109 3450 l.
1141 3389 1204 3466 8,
1234 3407 1364 3470 cap.
1411 3393 1513 3464 27,
1541 3401 1758 3469 quaest.
1806 3393 1834 3452 1
1884 3396 1945 3452 et
1974 3393 2013 3453 Ξ
2030 3408 2052 3469 3

495 3483 789 3560 Sanchez,
815 3483 978 3544 libro
1004 3485 1042 3544 2
1067 3482 1378 3560 Decalog„
1410 3501 1545 3562 cap.
1583 3485 1644 3558 4,
1677 3501 1852 3546 num.
1881 3485 1943 3560 8,
1994 3489 2056 3545 et

493 3579 623 3640 alii.
659 3578 917 3639 Addunt
942 3591 1092 3636 vero
1115 3575 1220 3635 isti
1249 3582 1529 3636 auctores
1561 3576 1626 3636 in
1659 3575 1766 3640 illa
1804 3593 2055 3656 respon-

493 3671 664 3732 sione
705 3669 1009 3732 committi
1055 3667 1272 3728 saltem
1313 3674 1626 3747 peccatum
1656 3669 1897 3730 veniale
1923 3667 2053 3728 offi-

495 3765 643 3825 ciosi
699 3761 1032 3823 mandacii.
1087 3761 1230 3820 Dico
1285 3765 1519 3837 tamen,
1576 3760 1627 3819 si
1677 3760 2055 3840 respondens

495 3857 650 3916 sciat
669 3854 1006 3934 prudenter
1045 3857 1108 3914 et
1148 3859 1314 3914 recta
1346 3853 1692 3913 intentione
1725 3853 2055 3932 responde·

495 3964 586 4024 re,
623 3949 810 4008 etiam
865 3963 1040 4025 posse
1101 3946 1497 4006 mendacium
1550 3963 1866 4022 excusare,
1909 3949 2056 4024 quia

495 4058 642 4102 cum
668 4041 735 4100 in
763 4057 838 4102 eo
861 4058 1006 4101 casu
1035 4057 1162 4100 non
1189 4038 1534 4100 intercedat
1559 4038 1803 4099 divinus
1827 4039 2049 4114 honor,

496 4141 560 4195 et
585 4133 975 4211 interrogans
1003 4149 1130 4193 non
1177 4130 1407 4192 habeat
1455 4133 1555 4211 jus
1603 4132 2050 4210 interrogandi,

493 4227 685 4293 habet
730 4227 935 4288 locum
997 4223 1411 4303 intelligentia
1447 4225 1796 4303 supradicta
1817 4269 1832 4298 ‚
1887 4223 2049 4304 quod

492 4340 621 4382 non
649 4326 898 4382 tenetur
939 4337 1003 4380 se
1041 4319 1473 4395 manifestare3
1507 4327 1568 4379 ct
1603 4317 1692 4378 ita
1719 4319 1908 4379 sentit
1940 4321 2055 4379 Na-

493 4432 654 4488 var.‚
683 4413 794 4474 lib.
827 4417 862 4474 5
887 4410 1316 4484 Consiliorum,
1347 4411 1602 4472 consilio
1646 4415 1740 4487 10,
1775 4411 1927 4472 alias
1955 4415 2051 4489 15,

495 4525 760 4570 numero
785 4511 849 4582 2,
879 4507 997 4566 sub
1025 4505 1208 4566 titulo
1248 4506 1325 4567 de
1354 4505 1690 4567 HaereticiS.

534 4643 544 4650 -
579 4607 676 4665 11.
707 4601 1023 4663 Interdum
1068 4616 1205 4662 vero
1233 4601 1309 4680 fit
1337 4600 1529 4661 modis
1557 4599 2059 4678 affirmativis.—

497 4696 752 4778 Nogyans
779 4713 842 4756 se
868 4710 993 4756 esse
1021 4691 1303 4754 clericum
1333 4691 1426 4754 vel
1447 4691 1821 4774 reliqiosum,
1852 4707 2058 4772 quam-

495 4792 590 4851 vis
626 4788 734 4861 rit,
774 4803 894 4848 non
928 4789 1139 4867 peccat
1183 4790 1394 4849 contra
1429 4783 1888 4862 fidem—Alter
1927 4801 2060 4844 mo·

497 4882 636 4955 dus,
673 4880 751 4941 ad
779 4879 939 4940 hauc
963 4879 1361 4958 partitionem
1395 4879 1733 4957 pertinens,
1776 4882 1868 4938 est
1896 4875 2060 4937 affir-

495 4975 790 5049 mativus,
821 4972 1107 5034 videlicet
1149 4971 1398 5052 quando
1435 4969 1804 5031 affirmando
1831 4987 2056 5046 unum,

497 5073 943 5147 consequenter
990 5083 1098 5126 seu
1151 5065 1384 5125 virtute
1442 5069 1710 5141 negatur
1759 5062 1952 5139 aliud,
1996 5068 2061 5124 et

495 5161 614 5223 hoc
665 5161 850 5222 modo
897 5165 1088 5236 negat
1130 5157 1319 5219 fidem
1361 5157 1490 5235 qui,
1535 5156 1949 5234 interrogatus
1977 5175 2058 5217 an

499 5257 582 5314 sit
607 5255 808 5312 Turca
833 5251 932 5312 vel
959 5249 1372 5323 Lutheranus,
1402 5248 1465 5308 id
1499 5248 1686 5309 audet
1708 5249 2055 5325 affirmare3

497 5361 644 5406 nam
675 5361 817 5404 cum
857 5344 988 5404 istae
1015 5342 1343 5421 religiones
1390 5346 1497 5401 aut
1526 5346 1704 5401 sectae
1745 5342 1871 5402 sint
1917 5361 2060 5405 con-

496 5438 726 5514 trariae,
756 5437 863 5516 qui
902 5451 1092 5496 unam
1121 5434 1408 5509 affirmat,
1439 5441 1629 5510 negat
1669 5433 1878 5511 aliam,
1932 5436 2057 5496 imo

1221 306 1461 364 msru‘r.
1493 309 1622 364 XlV.
1659 309 1740 366 DE
1771 307 2109 365 PRAECEPTO
2140 309 2342 366 Ac'rus
2374 309 2747 366 nx'rssmoms
2778 309 2962 366 mom.

2122 415 2191 476 in
2216 414 2323 478 illo
2350 421 2491 476 actu
2521 413 2657 496 plus
2684 413 2937 476 malitiae
2972 431 3103 475 esse
3133 413 3371 476 videtur
3399 435 3571 496 quam
3592 419 3651 482 in

2124 527 2299 570 mera
2326 509 2679 588 negatione.
2712 511 2819 570 Est
2846 509 3015 570 enim
3042 507 3270 588 duplex
3294 509 3547 574 malitia:
3574 513 3652 575 al-

2124 607 2257 664 tera
2281 603 2629 680 negationis
2657 620 2817 664 verae
2862 601 3033 676 fidei,
3076 601 3267 662 altera
3300 607 3653 683 superstitio-

2126 696 2246 770 niS,
2285 695 2630 775 profitendo
2669 695 2887 757 falsam
2934 695 3145 757 fidem.
3197 697 3303 756 Est
3348 704 3543 759 autem
3572 700 3659 762 hic

2125 787 2479 850 adhibenda
2525 807 2669 851 cum
2705 790 3104 871 proportione
3154 789 3439 850 limitatio
3467 809 3658 872 supra-

2126 880 2311 956 dicta,
2355 881 2519 962 quod
2564 882 2969 960 interrogatio
3014 880 3123 941 fiat
3166 882 3395 942 intuitu
3441 883 3659 962 religio-

2128 974 2249 1047 niS,
2290 974 2459 1035 illius
2488 975 2891 1054 professorem
2934 974 3051 1034 sub
3078 973 3187 1036 illo
3230 975 3476 1035 nomine
3500 975 3661 1040 intel-

2129 1067 2413 1147 ligend03
2451 1087 2600 1130 nam
2636 1069 2689 1128 si
2717 1067 3071 1148 accipiatur,
3103 1073 3177 1128 ut
3224 1085 3451 1128 nomen
3488 1071 3663 1130 natio-

2128 1162 2248 1237 niS,
2281 1160 2379 1223 vel
2407 1161 2704 1237 muneris,
2748 1160 2874 1222 sive
2914 1159 3121 1236 officii,
3164 1165 3275 1221 aut
3314 1158 3537 1238 aliquid
3563 1160 3661 1222 hu-

2123 1254 2420 1334 jusmodi,
2448 1260 2642 1316 cessat
2658 1253 2909 1333 negatio
2938 1252 3084 1314 fidei
3112 1259 3365 1334 propter
3386 1253 3663 1314 rationem

2129 1365 2313 1426 supra
2340 1346 2594 1422 factam,
2622 1365 2759 1426 quae
2789 1346 2892 1407 hic
2915 1345 3095 1406 facile
3118 1363 3257 1406 cum
3301 1346 3663 1426 proportione

2131 1438 2431 1521 applicari
2459 1446 2659 1522 potest
2691 1458 2704 1500 :
2734 1439 2898 1520 quod
2926 1444 3137 1500 autem
3173 1438 3444 1500 diximus
3472 1439 3543 1500 dc
3570 1459 3664 1500 no-

2132 1535 2300 1594 mine
2350 1533 2720 1606 Christiane,
2765 1522 3243 1612 intelligendum
3272 1533 3455 1594 etiam
3487 1539 3568 1593 est
3600 1533 3665 1594 de

2132 1624 2491 1686 nominibus
2540 1623 3091 1704 aequivalentibus,
3144 1624 3387 1685 etiamsi
3434 1625 3666 1686 fortasse

2132 1715 2212 1779 ab
2240 1717 2542 1780 hoereticis
2574 1719 2827 1780 inventa
2871 1717 2996 1778 sint
3010 1763 3032 1796 ,
3070 1723 3133 1778 et
3157 1717 3225 1778 in
3254 1716 3667 1779 contumeliam

2132 1810 2625 1874 Christianorum
2666 1811 2979 1892 imposita,
3012 1815 3079 1871 ut
3106 1818 3252 1871 sunt
3276 1810 3396 1870 hoc
3418 1807 3667 1889 tempore

2130 1923 2359 1966 nomen
2392 1903 2693 1986 Papistoe,
2730 1904 3126 1980 Remmiam,
3156 1903 3490 1981 Pontificii,
3519 1909 3575 1963 et
3600 1902 3644 1961 si

2132 1999 2309 2060 miles
2320 2015 2340 2076 3
2368 2016 2515 2060 nam
2556 2016 2697 2058 cum
2730 2015 2838 2081 per
2888 1997 3000 2058 has
3026 2015 3205 2058 voces
3234 1995 3451 2056 eadem
3486 2014 3575 2056 res
3598 1996 3665 2054 si-

2130 2093 2485 2174 gnificetur,
2516 2111 2737 2172 parum
2768 2091 2957 2153 refert
2990 2091 3153 2172 quod
3186 2089 3266 2152 ab
3300 2089 3395 2150 his
3423 2089 3514 2150 vel
3540 2089 3663 2165 illis,

2130 2187 2229 2248 vel
2279 2185 2394 2248 hac
2442 2185 2811 2260 intentione,
2858 2183 2956 2246 vel
3020 2183 3124 2244 illa
3176 2183 3306 2242 sint
3350 2182 3633 2260 imposita?
3648 2199 3665 2260 3

2131 2297 2277 2340 nam
2321 2296 2561 2358 semper
2599 2278 2815 2340 eadem
2844 2296 2943 2338 res
2992 2281 3284 2352 negatur,
3330 2293 3401 2335 ac
3436 2275 3668 2354 proinde

2131 2391 2301 2452 aeque
2330 2379 2638 2452 repugnat
2672 2366 3042 2432 confessioni
3087 2367 3256 2430 fidei.
3300 2367 3559 2430 Ulterius
3582 2387 3669 2428 ve-

2129 2482 2200 2526 ro
2229 2464 2543 2527 observari
2572 2470 2813 2546 oportet
2857 2462 2977 2524 hoc
3028 2481 3158 2522 esse
3218 2461 3667 2539 intelligendum

2130 2557 2207 2620 de
2252 2557 2631 2632 nominihuS,
2665 2563 2733 2618 ut
2773 2557 2859 2616 ita
2889 2556 3127 2628 dicam,
3178 2554 3513 2633 adaequatis
3554 2554 3669 2616 reli·

2136 2651 2309 2729 gioni
2338 2649 2725 2726 christianae,
2773 2650 2920 2729 quia
2964 2654 3114 2709 tunc
3165 2647 3414 2727 negatio
3468 2653 3552 2706 est
3593 2655 3669 2708 to-

2134 2745 2259 2805 tius
2288 2745 2605 2823 religionis
2622 2759 2642 2822 3
2674 2762 2801 2804 non
2844 2749 2933 2804 est
2970 2748 3178 2803 autem
3208 2742 3398 2815 idem,
3427 2742 3477 2801 si
3504 2742 3670 2802 inter·

2134 2839 2375 2918 rogatio
2413 2838 2523 2898 fiat
2568 2838 2682 2898 sub
2718 2836 2927 2918 aliquo
2973 2836 3229 2897 nomine
3272 2835 3667 2914 inadaequatO,

2136 2935 2207 2990 ut
2236 2935 2327 2990 est
2356 2949 2581 2991 nomen
2633 2930 2859 3006 clerici,
2912 2929 3265 3005 sacerdotia,
3308 2927 3591 3007 religiosi,
3620 2934 3671 2988 et

2135 3023 2274 3084 idco
2304 3025 2356 3084 si
2396 3023 2677 3084 sacerdos
2722 3023 2885 3085 inter
2918 3022 3233 3084 haereticos
3284 3023 3672 3098 interrogetur

2136 3135 2216 3178 an
2246 3117 2325 3178 sit
2347 3117 2647 3192 sacerdos»,
2687 3117 2831 3178 licet
2862 3123 3070 3196 neget,
3102 3133 3224 3178 non
3265 3121 3459 3194 negat
3482 3114 3667 3182 fidem,

2138 3215 2207 3269 ut
2259 3215 2420 3270 recte
2468 3209 2817 3272 observavit
2866 3209 3191 3287 CaJetanus
3212 3253 3233 3284 ‚
3294 3209 3359 3270 in
3416 3207 3669 3274 Summa,

2137 3302 2325 3364 verbo
2370 3303 2665 3380 Habitus,
2705 3303 2856 3384 quia
2908 3307 3109 3383 potest
3144 3321 3273 3363 csse
3326 3301 3668 3376 CatholicuS,

2136 3395 2378 3456 etiamsi
2406 3413 2533 3456 non
2556 3396 2635 3456 sit
2661 3395 2973 3473 sacerdos3
3000 3401 3061 3455 et
3084 3395 3245 3470 ideo,
3266 3395 3414 3456 licet
3441 3393 3671 3454 fortasse

2133 3487 2458 3550 venialiter
2486 3488 2846 3564 mentiatur,
2880 3487 3286 3550 nihilominus
3315 3507 3441 3549 non
3479 3487 3587 3548 erit
3611 3484 3671 3546 fi-

2134 3580 2233 3641 dei
2264 3580 2535 3660 proditor
2553 3598 2573 3660 3
2600 3582 2753 3655 imo,
2786 3581 2833 3641 si
2862 3579 3080 3661 sapiat,
3114 3580 3421 3642 venialem
3451 3578 3671 3658 culpam

2134 3673 2361 3754 poterit
2385 3675 2575 3736 etiam
2604 3693 2897 3736 excusare
2934 3673 3117 3734 modo
3172 3691 3363 3754 supra
3406 3673 3581 3748 dicte,
3612 3677 3670 3731 ut

2135 3785 2415 3847 expresse
2454 3769 2692 3828 notavit
2717 3769 2937 3828 Navar.
2969 3769 3046 3827 Et
3073 3765 3236 3829 idem
3268 3773 3364 3828 est
3392 3768 3467 3827 dc
3496 3766 3671 3826 nemi-

2136 3879 2215 3922 ne
2241 3860 2446 3922 clerici
2478 3868 2587 3921 aut
2637 3860 2932 3940 religiosi.
2982 3861 3135 3920 Item
3179 3859 3257 3921 de
3306 3873 3669 3940 quacumque

2137 3955 2400 4027 actione,
2430 3956 2563 4018 sine
2590 3972 2715 4032 qua
2751 3959 2951 4034 potest
2986 3952 3315 4014 subsistere
3348 3952 3516 4024 fides»,
3542 3957 3604 4012 ut
3628 3947 3669 4008 si

2136 4046 2555 4126 interrogetur
2602 4045 2883 4107 sacerdos
2926 4064 3006 4106 an
3062 4045 3534 4119 sacrificaverit,
3586 4041 3665 4102 vel

2134 4139 2327 4201 soleat
2379 4141 2625 4201 missam
2672 4138 2894 4214 facere,
2968 4139 3252 4220 quamvis
3318 4143 3521 4218 neget,
3562 4155 3669 4198 non

2134 4241 2321 4312 negat
2348 4233 2558 4306 fidem,
2608 4239 2668 4293 et
2722 4236 2919 4311 potest
2964 4250 3253 4294 excusare
3300 4231 3669 4292 mendacium

2137 4327 2320 4387 modo
2368 4325 2565 4402 dicto3
2599 4330 2659 4386 et
2703 4345 2810 4405 per
2837 4325 2972 4386 haec
3000 4325 3227 4404 poterit
3271 4325 3349 4386 de
3390 4321 3669 4384 similibus

2136 4419 2420 4499 judicari.

2223 4513 2319 4572 12.
2364 4509 2595 4570 Ultimo
2622 4509 2874 4570 adverto
2895 4509 2962 4570 D.
2978 4509 3281 4569 'rhomam
3306 4514 3361 4570 1.
3392 4511 3454 4586 2,
3472 4512 3663 4586 quaest.

2140 4606 2240 4680 13,
2272 4607 2387 4664 art.
2442 4605 2501 4673 1,
2533 4602 2599 4662 in
2627 4618 2915 4680 corpore,
2948 4608 3010 4662 et
3064 4601 3143 4661 ad
3199 4603 3475 4675 tertium,
3526 4599 3669 4658 inter

2137 4696 2287 4756 alios
2345 4694 2557 4755 modos
2596 4694 2868 4774 negandi
2922 4692 3109 4755 fidem
3166 4693 3391 4770 verbiS‚
3422 4693 3667 4773 posuisse

2138 4786 2609 4866 blasphemiam,
2642 4785 2791 4866 quia
2834 4786 2935 4847 vel
2963 4785 3311 4848 formaliter
3341 4785 3438 4847 vel
3466 4786 3669 4845 virtute

2138 4879 2411 4941 continet
2444 4879 2675 4958 aliquid
2705 4879 2928 4940 falsum
2964 4879 3040 4941 de
3066 4880 3213 4955 Deo,
3239 4887 3309 4940 ut
3342 4879 3426 4940 ibi
3455 4876 3667 4940 notavit

2139 4973 2484 5051 CaJetanuS.
2535 4971 2832 5034 Existimo
2884 4977 3092 5032 tamen
3146 4971 3265 5032 hoc
3319 4991 3447 5032 esse
3486 4971 3667 5052 potius

2140 5066 2541 5128 materialiter
2567 5065 3063 5144 intelligendum,
3093 5083 3281 5144 quam
3326 5065 3664 5134 formaliter,

2140 5159 2301 5239 quod
2334 5161 2521 5221 etiam
2550 5161 2826 5220 sentiunt
2854 5157 2959 5217 alii
3008 5157 3294 5219 moderni
3321 5158 3665 5237 expositores

2140 5252 2249 5327 ibi,
2278 5251 2423 5330 quia
2463 5249 2846 5330 blasphemia
2892 5250 3235 5312 formaliter
3260 5257 3349 5312 est
3376 5255 3661 5330 peccatum

2138 5344 2426 5422 religioni
2460 5343 2877 5422 contrarium3
2907 5349 2967 5403 et
2997 5344 3132 5405 ideo
3177 5341 3255 5404 de
3299 5344 3405 5404 illa
3450 5343 3510 5402 iu
3564 5339 3662 5398 hac

2141 5437 2395 5498 materia
2430 5435 2589 5496 nihil
2628 5435 2895 5515 amplius
2922 5436 3148 5513 dicam,
3182 5437 3287 5497 sed
3332 5435 3519 5498 videri
3545 5451 3661 5514 pos·
