3900 6217
750 357 921 410 SECT.
957 358 1017 411 ll.
1052 357 1220 410 APUD
1253 357 1420 422 QUEM
1453 358 1550 412 SIT
1582 357 1878 410 LEGlTIMA
1911 358 2225 410 POTESTAS
2258 359 2569 413 INDIGENDI
2602 360 2863 412 BELLUM.

185 457 541 520 tenduntur
572 456 702 518 haec
714 457 860 536 jura
886 458 960 518 ad
993 476 1138 518 eum
1165 459 1295 538 qui,
1322 476 1465 520 cum
1490 457 1764 520 essetab-

185 570 360 627 sem,
399 551 670 629 dejectus
699 556 790 611 est
825 569 862 610 a
906 551 1278 630 possessione
1318 571 1506 630 quam
1544 557 1764 612 vocant

187 644 571 720 naturalem,
612 651 1044 722 revertensque
1092 644 1426 724 impeditur
1468 662 1546 706 ne
1589 645 1760 704 illam

183 742 536 820 recuperet.
575 738 924 797 Decernunt
959 737 1184 816 quippe
1220 736 1546 816 spoliatum
1585 756 1761 816 posse

185 833 385 891 armis
412 848 542 890 rem
573 829 852 908 aggredi,
881 831 1068 890 etiam
1097 829 1348 909 propria
1374 831 1754 904 auctoritate,

185 925 344 1004 qnia
377 925 483 985 illa
527 941 652 984 non
691 929 780 982 est
808 941 950 983 vere
985 923 1319 1000 aggressiO,
1353 923 1457 984 sed
1487 923 1762 982 defensio

186 1017 594 1096 possessionis
633 1015 868 1091 civilis;
914 1015 1180 1076 habetur
1224 1014 1288 1074 in
1338 1033 1472 1094 cap.
1520 1015 1757 1090 Solum,

184 1117 390 1184 extra,
433 1109 508 1170 de
549 1107 962 1170 Restitutione
1001 1107 1426 1188 spoliatorum.
1471 1107 1763 1180 Quocirca

183 1203 542 1264 notandum
567 1211 678 1275 est,
705 1219 786 1261 an
814 1201 1042 1280 injuria
1060 1202 1139 1260 sit
1157 1201 1224 1262 in
1253 1200 1389 1261 fieri
1419 1201 1757 1274 moraliter,

184 1315 278 1356 an
323 1295 486 1356 facta
512 1297 640 1373 jam
681 1294 762 1354 sit
801 1301 862 1354 et
894 1312 1004 1372 per
1033 1293 1265 1353 bellum
1299 1291 1630 1354 satisfactio
1668 1293 1761 1350 in·

186 1389 508 1450 tendatur.
540 1387 794 1462 Quando
815 1405 878 1448 se
902 1386 1090 1446 habet
1116 1387 1232 1446 hoc
1251 1386 1517 1446 secundo
1550 1385 1754 1459 modo,

184 1479 426 1540 bellum
475 1487 568 1540 est
596 1480 1062 1561 aggressivum:
1107 1480 1310 1558 primo
1348 1479 1531 1538 modo
1572 1477 1760 1538 hahet

184 1576 500 1636 rationem
531 1575 926 1650 defensioniS,
958 1575 1296 1636 dummodo
1321 1575 1430 1634 fiat
1458 1593 1602 1634 cum
1630 1592 1758 1635 mo-

183 1668 513 1728 deramine
553 1668 882 1748 inculpatae
923 1668 1152 1728 tutelae.
1206 1668 1608 1727 Existimetur
1651 1685 1761 1726 au·-

183 1768 322 1822 tem
361 1763 590 1841 injuria
636 1781 765 1824 esse
805 1763 872 1823 in
909 1764 1070 1841 fieri,
1121 1761 1370 1841 quando
1411 1760 1511 1820 vel
1547 1778 1760 1822 revera

183 1857 326 1936 ipsa
355 1859 514 1918 actio
543 1858 840 1936 injuriosa
881 1863 972 1918 est
999 1857 1064 1916 iu
1095 1856 1253 1928 fieri,
1292 1856 1544 1936 physice
1569 1856 1760 1916 etiam

181 1950 525 2028 loquend0‚
570 1959 639 2010 ut
683 1951 936 2030 quando
979 1950 1166 2012 homo
1213 1959 1338 2012 non
1382 1955 1470 2009 est
1505 1949 1760 2008 omnino

183 2042 462 2121 dejectus
492 2061 530 2102 a
565 2044 959 2121 possessionis
995 2061 1119 2104 suae
1143 2043 1318 2125 jure3
1357 2041 1456 2102 vel
1491 2042 1760 2120 dejectus

184 2137 445 2214 quidem
481 2143 593 2213 est,
627 2144 835 2198 tamen
866 2138 930 2198 in
976 2137 1340 2210 continenti,
1385 2135 1444 2195 id
1476 2143 1588 2210 est,
1629 2137 1762 2196 sine

183 2230 453 2290 notabili
489 2247 680 2304 mora,
721 2237 1014 2309 procurat
1055 2249 1121 2290 sc
1163 2229 1326 2290 tueri
1365 2246 1436 2288 ac
1479 2229 1761 2288 restitue-

183 2341 279 2382 re.
319 2322 506 2399 Cujus
546 2324 704 2382 ratio
744 2330 857 2392 est,
912 2323 1058 2404 quia
1103 2322 1348 2402 quando
1397 2321 1620 2400 aliquis
1671 2326 1761 2380 est

189 2415 511 2476 moraliter
561 2416 625 2474 in
673 2416 900 2476 actuali
951 2415 1316 2490 resistentia,
1368 2419 1429 2474 et
1479 2419 1757 2487 conatur,

187 2507 397 2586 quoad
447 2512 668 2586 potest,
716 2526 897 2568 sunm
936 2509 1034 2586 jus
1079 2507 1264 2582 tueri,
1309 2525 1433 2567 non
1477 2513 1762 2566 censetur

186 2599 554 2678 simpliciter
582 2618 794 2679 passus
819 2601 902 2682 inj
914 2601 1134 2676 uriam,
1164 2618 1278 2660 nec
1299 2599 1570 2677 dejectus
1590 2617 1628 2660 a
1649 2617 1760 2658 sua

187 2694 590 2774 possessione.
635 2695 728 2754 Ita
759 2700 1083 2774 exponunt
1111 2694 1523 2754 communiter
1557 2694 1762 2752 Docto-

185 2808 310 2864 reS,
329 2787 525 2868 Sylv„
549 2790 739 2850 verbo
767 2789 1034 2863 Bellum,
1058 2791 1118 2862 ἒς
1151 2787 1378 2848 Bartol.
1407 2793 1468 2846 et
1491 2786 1520 2846 J
1531 2787 1759 2856 uristae,

189 2883 260 2942 in
303 2882 468 2942 dicta
507 2881 646 2960 lege
671 2884 735 2956 3,
767 2881 804 2961 ἓ
836 2880 980 2944 Cum
1009 2879 1224 2964 mitur,
1255 2879 1323 2940 fi.
1355 2879 1432 2938 de
1461 2879 1556 2954 vi,
1599 2883 1660 2938 et
1704 2879 1764 2938 vi

187 2983 460 3036 armata.

274 3072 335 3130 7.
387 3067 700 3131 Conclusio
723 3068 954 3150 quinta.
979 3064 1218 3124 -Dico
1247 3071 1469 3144 quarto
1505 3081 1518 3122 ε
1547 3062 1761 3123 uthel-

193 3161 336 3220 lum
381 3159 634 3221 honeste
668 3160 801 3236 fiat,
843 3157 1157 3220 nonnullae
1193 3155 1580 3216 conditiones
1616 3160 1763 3213 sunt

191 3253 592 3314 observandae
613 3298 632 3328 ,
677 3272 812 3332 quae
853 3252 928 3316 ad
976 3252 1093 3312 tria
1131 3249 1332 3330 capita
1369 3253 1756 3308 revocantur.

190 3346 500 3421 Primum,
522 3351 592 3404 ut
610 3347 690 3406 sit
707 3364 744 3406 a
759 3345 1035 3424 legitima
1052 3348 1368 3422 potestate.
1393 3339 1766 3415 Secundum,

193 3445 266 3498 ut
287 3440 460 3518 justa
477 3457 684 3512 causa,
713 3446 773 3499 et
801 3438 1043 3498 titulus·
1070 3437 1372 3509 Tertium,
1400 3441 1471 3494 ut
1491 3449 1570 3494 se:
1591 3440 1768 3494 vetur

191 3533 444 3594 debitus
491 3532 733 3604 moduS‚
774 3538 836 3593 et
881 3529 1198 3610 aequalitas
1238 3529 1307 3590 in
1351 3528 1516 3589 illius
1561 3528 1763 3601 initio,

191 3626 648 3706 prosecutione,
679 3631 739 3686 et
761 3625 1044 3700 victoria,
1069 3641 1204 3704 quae
1230 3624 1440 3684 omnia
1463 3620 1764 3700 patebunt

191 3739 275 3780 cx
295 3719 693 3798 sequentibus
719 3716 1116 3780 sectionibus,
1144 3715 1325 3776 Ratio
1355 3733 1496 3776 vero
1520 3715 1760 3774 conclu-

193 3813 388 3874 sionis
425 3811 731 3891 generalis
770 3817 884 3886 est,
921 3809 1068 3892 quia
1107 3808 1250 3870 licet
1291 3807 1518 3899 bellum
1559 3825 1665 3888 per
1697 3825 1762 3868 se

191 3924 324 3966 non
356 3906 436 3966 sit
479 3904 736 3976 malum,
779 3909 990 3964 tamen
1028 3907 1277 3982 propter
1303 3899 1497 3960 multa
1529 3893 1763 3961 incom-

194 3999 384 4060 moda
423 4016 558 4078 quae
599 4015 808 4058 secum
853 3995 1032 4056 affert
1058 4039 1079 4070 ‚
1121 4013 1198 4055 ex
1259 3994 1333 4054 iis
1365 3994 1629 4072 negotiis
1668 3998 1760 4052 est

195 4111 338 4171 quae
360 4110 520 4172 saepe
541 4090 706 4152 male
737 4091 914 4150 tiunt.
941 4089 1018 4150 Et
1045 4088 1186 4152 ideo
1213 4091 1402 4149 etiam
1430 4087 1641 4147 multis
1664 4088 1758 4146 in-

195 4186 369 4262 diget
421 4183 902 4246 circumstantiis
934 4189 1004 4241 ut
1055 4181 1432 4245 honestetur.
1471 4175 1585 4262 (De
1634 4196 1756 4258 quo

195 4277 444 4350 Bellar.,
473 4276 551 4337 de
577 4275 796 4354 Laicis,
827 4274 870 4336 l.
907 4277 966 4350 3,
1003 4292 1137 4354 cap.
1179 4275 1292 4346 15;
1328 4273 1559 4347 Molin„
1594 4271 1752 4350 disp.

199 4373 279 4432 10
307 4376 371 4433 et
403 4373 718 4450 sequent.)

815 4573 1032 4626 SECTto
1067 4573 1128 4624 ll.

277 4743 462 4826 Apud
485 4762 656 4826 quem
685 4744 764 4808 iic
794 4743 1064 4900 le{i{{ma
1085 4746 1354 4823 potestas
1381 4738 1681 4802 indicendi

891 4857 917 4900 e
971 4856 1092 4900 um.

283 5030 340 5086 1.
389 5027 610 5090 Prima
639 5025 963 5088 conclusio.
989 5057 1068 5066 —
1091 5019 1356 5096 Quaestio
1384 5025 1476 5080 cst
1499 5017 1574 5080 de
1600 5017 1761 5080 bello

197 5121 551 5201 aggressivo
583 5142 596 5179 :
624 5135 769 5180 nam
798 5122 1062 5197 potestas
1084 5133 1147 5176 se
1167 5111 1531 5176 defendendi
1563 5111 1640 5174 ab
1669 5113 1764 5172 in-

193 5217 363 5294 justo
383 5216 664 5278 invasore
684 5229 870 5292 penes
892 5227 1108 5270 omnes
1125 5207 1328 5268 datur.
1351 5207 1495 5265 Dico
1514 5205 1714 5284 primo
1743 5222 1755 5264 :

197 5324 518 5386 supremus
546 5306 830 5384 princeps
857 5302 963 5382 qui
989 5299 1370 5380 superiorem
1415 5300 1480 5358 in
1521 5303 1762 5376 tempo-

197 5399 431 5461 ralibus
452 5417 580 5459 non
603 5395 811 5472 habet,
841 5395 938 5455 vel
967 5391 1308 5471 respublica
1331 5409 1466 5468 quae
1491 5390 1758 5451 similem

193 5493 682 5574 jurisdictionem
703 5489 866 5570 apud
890 5507 954 5548 sc
976 5486 1257 5557 retinuit,
1277 5482 1468 5543 habet
1483 5481 1624 5561 jure
1650 5500 1756 5542 na-

3288 358 3407 418 739

1844 467 1999 520 turae
2028 465 2389 538 potestatem
2415 459 2757 538 legitimam
2792 459 3106 521 indicendi
3145 461 3399 526 bellum.

1843 552 1930 611 lta
1962 550 2032 612 D.
2063 553 2328 612 Thomas
2357 557 2417 614 2.
2446 554 2507 626 2,
2544 558 2761 632 quaest.
2792 555 2895 626 40,
2934 560 3051 614 art.
3090 558 3144 629 1,
3183 555 3401 634 proba-

1843 651 2064 724 turque
2092 644 2171 704 ab
2196 646 2503 706 omnibus.
2531 646 2683 706 Vide
2714 647 2988 720 Covarr.‚
3014 648 3229 726 regula
3257 651 3405 712 Pec-

1843 743 2066 812 catum,
2093 741 2131 798 Ξ).
2162 745 2343 817 part„
2376 739 2412 819 ξ
2438 742 2501 812 9,
2532 738 2816 818 pleraque
2838 741 3003 816 jura,
3032 747 3092 800 et
3116 742 3403 804 Doctores

1842 832 2029 891 etiam
2068 832 2408 910 Tlieologos
2448 831 2717 893 adducit.
2763 831 2941 892 Ratio
2988 841 3098 904 est,
3150 836 3350 914 primo
3380 881 3399 910 ,

1841 925 1990 1004 quia
2020 925 2135 986 hoc
2162 926 2418 1000 bellum,
2449 932 2519 986 ut
2546 925 2952 998 ostendimuS,
2981 926 3293 987 interdum
3331 929 3404 988 li-

1842 1025 1937 1076 cet
1960 1018 2099 1096 jure
2129 1025 2397 1092 naturae3
2422 1037 2568 1096 ergo
2597 1024 2835 1096 oportet
2860 1025 3219 1098 potestatem
3249 1020 3404 1082 illud

1841 1110 2155 1170 indicendi
2200 1130 2328 1172 esse
2378 1112 2541 1190 apud
2596 1110 2864 1190 aliquem
2888 1127 2909 1188 3
2945 1130 3091 1190 ergo
3134 1115 3405 1173 maxime

1839 1203 2005 1282 apud
2048 1203 2381 1264 habentem
2426 1220 2776 1284 supremam
2820 1209 3221 1284 potestatem3
3256 1223 3404 1265 nam

1840 1296 1919 1354 ad
1962 1313 2105 1355 eum
2148 1297 2418 1356 maxime
2454 1303 2686 1376 spectat
2727 1297 2890 1355 tueri
2926 1297 3401 1374 rempublicam,

1839 1389 2265 1469 imperareqnc
2305 1390 2702 1451 inferioribus
2735 1389 3133 1470 principibus.
3175 1392 3405 1452 Secun-

1841 1480 1942 1556 do,
1968 1483 2113 1560 quia
2135 1489 2397 1560 potestas
2419 1483 2730 1544 indicendi
2757 1483 2986 1543 bellum
3010 1489 3099 1543 eet
3122 1485 3405 1562 quaedam

1839 1582 2107 1653 potestas
2127 1576 2594 1654 jurisdictioniS,
2628 1595 2701 1636 cu
2705 1578 2803 1654 jus
2831 1583 3003 1636 actus
3032 1579 3297 1656 pertinet
3325 1579 3401 1638 ad

1833 1669 2137 1745 justitiam
2172 1670 2632 1744 vindicativam,
2662 1689 2800 1748 quae
2832 1671 3101 1730 maxime
3127 1689 3405 1732 necessa-

1838 1762 1932 1822 ria
1962 1769 2052 1821 est
2080 1762 2146 1820 in
2177 1762 2489 1842 republica
2516 1762 2595 1822 ad
2626 1763 3031 1822 coercendum
3062 1763 3407 1824 malefacto-

1839 1872 1976 1930 res;
2010 1854 2176 1914 unde
2203 1855 2361 1914 sicut
2402 1873 2725 1934 supremus
2748 1855 3034 1934 princeps
3066 1863 3261 1934 potest
3298 1874 3408 1936 pu-

1841 1948 1977 2008 nire
2023 1947 2139 2007 sibi
2189 1947 2463 2008 subditos
2515 1948 2763 2026 quando
2814 1946 2951 2006 aliis
3006 1955 3253 2022 nocent,
3318 1951 3407 2008 ita

1841 2046 2040 2130 potest
2070 2058 2132 2099 se
2162 2041 2473 2101 vindicare
2506 2035 2581 2099 de
2612 2040 2735 2100 alio
2768 2042 3067 2120 principe,
3101 2040 3195 2100 vel
3227 2060 3410 2120 repu-

1842 2133 2023 2208 blica,
2076 2152 2212 2212 quae
2259 2134 2498 2194 ratione
2546 2133 2755 2193 delicti
2808 2134 2862 2193 ei
2916 2134 3232 2210 subditur;
3280 2133 3411 2196 haec

1841 2234 2051 2288 autem
2084 2229 2352 2288 vindicta
2383 2247 2507 2287 non
2536 2235 2733 2308 potest
2761 2230 2890 2308 peti
2920 2229 2999 2288 ab
3027 2229 3148 2288 alio
3170 2229 3405 2306 judice,

1841 2322 1987 2400 quia
2026 2323 2329 2401 princepS,
2376 2322 2451 2382 de
2500 2340 2622 2400 quo
2667 2321 2999 2400 loquimur,
3046 2341 3173 2382 nou
3224 2321 3412 2383 habet

1839 2415 2221 2494 superiorem
2248 2417 2313 2473 in
2339 2412 2784 2494 temporalibus
2797 2429 2817 2489 3
2849 2432 2997 2492 ergo
3022 2415 3072 2472 si
3102 2414 3258 2474 alter
3280 2433 3408 2475 non

1841 2507 1919 2566 sit
1948 2513 2199 2585 paratus
2227 2508 2303 2566 ad
2342 2507 2866 2582 satisfaciendum,
2901 2509 3182 2586 compelli
3214 2514 3410 2586 potest

1843 2618 1951 2679 per
1981 2599 2235 2659 bellum.
2254 2601 2391 2660 Dixi
2414 2600 2481 2659 in
2510 2600 2923 2674 conclusione,
2941 2599 3030 2662 tel
3052 2602 3407 2680 respublica,

1842 2703 1912 2752 ut
1950 2693 2537 2770 comprehenderem
2580 2711 2829 2753 omnem
2875 2694 3125 2753 modum
3157 2695 3408 2771 regimi-

1842 2785 1938 2844 nis
1966 2803 1979 2843 :
2014 2786 2078 2842 iu
2104 2785 2393 2846 omuibus
2422 2785 2589 2845 enim
2619 2794 2707 2846 est
2738 2785 2949 2844 cadem
2982 2787 3160 2846 ratio,
3194 2789 3407 2846 Solum

1843 2883 1934 2938 est
1984 2878 2424 2938 advertendum
2490 2880 2557 2939 in
2628 2877 3015 2940 monarchico
3076 2880 3403 2958 regimine,

1843 2977 2170 3048 postquam
2199 2971 2544 3050 respublica
2588 2970 2905 3030 transtulit
2932 2989 3106 3030 suam
3148 2977 3412 3050 potesta-

1843 3070 1969 3123 tem
1997 3064 2061 3123 in
2090 3081 2287 3122 unum
2316 3063 2611 3142 aliquem,
2644 3081 2770 3123 nou
2799 3080 2971 3142 posse
3002 3063 3156 3122 citra
3190 3063 3407 3122 volun-

1841 3161 2033 3215 tatem
2055 3154 2221 3215 illius
2244 3156 2477 3216 bellum
2504 3155 2798 3228 indicere,
2832 3156 2979 3234 quia
3003 3155 3131 3233 jam
3164 3174 3290 3214 non
3319 3161 3409 3215 est

1843 3267 2153 3327 suprema.
2180 3249 2304 3308 Nisi
2322 3247 2480 3308 forte
2500 3250 2781 3328 princeps
2805 3255 2959 3307 esset
2978 3247 3065 3307 ita
3084 3246 3407 3326 negligens

1850 3344 1914 3401 in
1949 3341 2322 3403 vindicanda
2360 3348 2422 3400 et
2454 3339 2837 3400 defendenda
2870 3339 3208 3418 republica,
3238 3347 3308 3398 ut
3336 3357 3409 3400 ea

1847 3433 1923 3494 de
1944 3452 2145 3508 causa,
2170 3433 2412 3514 publica
2432 3440 2492 3493 et
2514 3433 2877 3511 gravissima
2896 3433 3286 3492 incommoda
3305 3451 3409 3512 pa-

1847 3533 2080 3588 teretur
2098 3544 2119 3602 3
2162 3533 2311 3586 tuuc
2350 3525 2515 3586 enim
2552 3532 2753 3604 posset
2793 3531 2920 3585 tota
2964 3523 3303 3604 respublica
3344 3542 3409 3584 se

1849 3619 2185 3694 vindicare,
2212 3626 2273 3679 et
2292 3619 2533 3699 privare
2563 3639 2635 3679 ea
2662 3620 3019 3678 auctoritate
3043 3617 3405 3697 principem,

1843 3713 1991 3792 quia
2030 3731 2272 3794 semper
2322 3720 2601 3772 censetur
2641 3711 2807 3791 apud
2852 3729 2914 3770 se
2960 3713 3223 3771 retinere
3270 3729 3406 3770 eam

1843 3812 2233 3884 potestatem,
2266 3804 2319 3865 si
2346 3807 2629 3884 princeps
2657 3803 2854 3864 officio
2874 3822 2986 3864 suo
3011 3803 3184 3863 desit.

1923 3903 1983 3960 2.
2037 3899 2321 3963 Secunda
2363 3900 2681 3962 conclusio.
2728 3931 2810 3944 —
2850 3898 3070 3960 Piima
3114 3897 3405 3959 limitatio

1843 3994 2243 4056 conclusionis
2270 4009 2343 4054 σω
2392 3991 2677 4058 Victoria.
2693 4022 2773 4035 -—
2791 3990 3073 4054 Secunda
3096 3987 3402 4052 liu-uitalia.

1838 4119 1920 4132 —
1949 4084 2095 4150 Non
2132 4085 2331 4166 placet
2371 4083 2751 4162 simpliciter.
2784 4115 2866 4128 —
2908 4084 3049 4141 Dico
3088 4081 3355 4142 secundo
3387 4098 3402 4141 ε

1839 4178 2141 4258 princeps.
2166 4184 2230 4237 et
2250 4177 2595 4258 respublica
2624 4175 3005 4257 imperfecta,
3038 4182 3099 4236 et
3127 4175 3407 4254 quicum—

1839 4291 1959 4352 que
2002 4271 2381 4350 superiorem
2433 4269 2621 4330 habet
2663 4270 2727 4328 in
2776 4267 3235 4348 temporalibuS,
3276 4287 3405 4328 non

1841 4370 2041 4445 potest
2056 4363 2224 4441 juste
2245 4362 2477 4424 bellum
2510 4363 2777 4423 indicere
2802 4363 2934 4422 sine
2960 4361 3053 4420 sui
3082 4362 3409 4440 superioris

1843 4457 2228 4518 auctoritate.
2274 4456 2450 4516 Ratio
2504 4461 2615 4530 est,
2661 4455 2805 4534 quia
2844 4454 3198 4532 hujusmodi
3242 4455 3409 4533 priu-

1844 4566 1983 4628 ceps
2020 4553 2221 4628 potest
2262 4551 2466 4626 petere
2506 4548 2610 4625 jus
2652 4565 2689 4606 a
2717 4547 3030 4625 superiore
3072 4565 3184 4605 suo
3195 4568 3214 4621 3
3259 4563 3405 4624 ergo

1842 4659 1969 4701 non
1998 4639 2186 4700 habet
2221 4642 2327 4720 jus
2369 4638 2687 4702 indicendi
2729 4639 2983 4711 bellum,
3016 4640 3161 4720 quia
3204 4639 3408 4718 quoad

1839 4733 1959 4794 hoc
2002 4752 2064 4794 se
2094 4731 2281 4793 habet
2320 4738 2389 4791 ut
2432 4734 2671 4812 privata
2700 4751 2960 4810 persona
2973 4747 2994 4809 3
3034 4751 3107 4792 ea
3136 4735 3301 4792 enim
3332 4733 3409 4792 de

1842 4847 2047 4904 causa,
2090 4827 2316 4908 privati
2345 4827 2612 4887 indicere
2666 4825 2896 4886 bellum
2950 4845 3077 4886 non
3127 4834 3403 4906 possunt.

1842 4921 2146 4996 Secunde,
2174 4921 2319 5000 quia
2342 4921 2481 4979 talis
2504 4919 2650 4979 belli
2680 4919 2937 4980 indictio
2962 4927 3053 4980 est
3076 4927 3288 4981 contra
3307 4921 3411 4999 jus

1845 5015 2116 5093 supremi
2158 5014 2471 5093 principie,
2512 5013 2611 5072 cui
2644 5013 2778 5073 haec
2806 5014 3063 5075 facultas
3104 5017 3410 5094 praecipue

1844 5109 2171 5168 commissa
2200 5113 2316 5181 est,
2358 5108 2505 5186 quia·
2532 5107 2663 5166 sine
2712 5107 2817 5166 illa
2855 5126 2981 5167 non
3009 5117 3209 5187 posset
3253 5107 3411 5186 paci-

1846 5201 1967 5260 fice
2005 5206 2067 5260 et
2096 5199 2532 5259 convenienter
2575 5199 2941 5278 gubernare.
2987 5203 3132 5262 Haec
3160 5220 3304 5260 vero
3336 5201 3412 5260 li-

1842 5294 2023 5352 mitat
2056 5291 2325 5351 Victoria
2360 5309 2569 5370 supru,
2599 5298 2660 5351 et
2697 5292 2933 5353 indicat
2956 5296 3139 5354 etiam
3173 5293 3408 5372 CaJeta-

1843 5405 1980 5460 nna,
2013 5393 2075 5446 et
2102 5384 2241 5444 alii:
2272 5384 2493 5462 prim0,
2525 5383 2645 5445 nisi
2680 5387 3111 5466 antiquissima
3152 5405 3407 5447 consue-

1839 5480 2054 5540 tudine
2092 5475 2264 5538 aliud
2314 5482 2472 5538 esset
2512 5476 2926 5538 observatum.
2975 5481 3148 5552 Quod
3196 5499 3412 5541 verum
