3900 6217
471 390 630 443 SECT.
661 390 748 441 lx.
787 388 868 441 AN
901 388 1120 453 cnam,
1155 390 1234 441 m·
1269 390 1482 443 mvltta
1514 388 1656 441 1²11)ss
1687 388 2009 441 consum:
2040 388 2251 441 Possit·
2284 389 2451 441 HANG
2482 388 2757 452 NUMERO,
2786 388 2922 441 ETC.

3174 382 3296 446 279

177 494 486 559 Lucifer-ian.
503 507 525 569 3
561 488 842 551 similiter
889 490 1348 553 Corinthiorum
1390 491 1658 553 Ecclesia
1738 508 1968 569 magna
1992 491 2132 552 licet
2160 490 2481 564 brevitate,
2500 508 2745 551 summa
2772 496 2981 550 tamen
3002 490 3296 570 eloquen-

175 608 273 649 που
297 588 502 647 sincere
537 584 834 645 tractabat
857 591 1312 646 sacramentum
1336 584 1650 646 Eucharis-

1737 585 1824 644 tia
1861 590 1922 645 et
1972 585 2317 657 sanctitate,
2350 586 2529 645 Pater
2556 583 2914 645 Edmundus
2944 585 3291 662 Campian.,

169 688 268 753 tie,
291 696 393 743 nec
429 685 628 739 temen
666 682 990 759 propterea
1029 696 1178 740 vera
1217 680 1485 741 Ecclesia
1529 696 1656 739 non
1735 677 1802 738 in
1831 694 1944 737 suo
1970 675 2078 738 illo
2103 696 2295 737 aureo
2316 678 2525 738 libello
2552 677 2616 736 iu
2648 694 2827 737 causa
2857 676 3025 751 fidei,
3054 678 3293 738 ratione

169 779 360 848 erat,et
399 778 550 851 {metet
600 774 627 832 1
673 772 906 832 corint.
955 775 1069 849 ¹¹3
1115 772 1544 847 nihilominus,
1576 774 1652 834 de

165 864 436 930 universali
465 870 522 924 et
549 862 849 925 catholica
870 864 1136 926 Ecclesia
1161 865 1497 945 loquend0,
1525 884 1650 927 non

167 966 323 1043 potest
363 958 458 1019 illa
497 974 701 1019 carere
737 975 888 1019 vero
935 965 1465 1020 sacramentorum
1506 978 1646 1037 usu,

163 1054 332 1117 saltem
357 1050 542 1131 quoad
571 1068 645 1111 ea
665 1068 805 1131 quie
845 1050 1252 1113 substantiam
1305 1070 1650 1114 sacramen-

161 1156 320 1209 torum
343 1146 659 1221 attingunt,
709 1152 771 1205 et
803 1146 882 1206 ad
935 1162 1148 1207 veram
1195 1146 1543 1208 doctrinam
1569 1147 1648 1209 de

159 1240 382 1319 legitimo
399 1256 602 1300 eorum
631 1257 748 1301 usu
791 1241 1238 1321 praeceptisque
1289 1242 1648 1303 necessariis

155 1339 464 1412 spectantem
487 1334 828 1413 pertinent3
849 1334 1132 1411 quamvis
1153 1334 1218 1393 in
1241 1334 1448 1414 aliqua
1478 1348 1648 1414 parte

155 1428 383 1489 Ecclesiae
411 1426 590 1505 possit
629 1427 950 1487 interdum
993 1428 1074 1487 ob
1103 1427 1522 1505 ignorantiam
1552 1430 1648 1490 in·

155 1520 442 1580 vincibilem
477 1520 540 1579 in
572 1518 788 1598 aliquo
825 1526 1355 1583 sacramentorum
1387 1523 1511 1583 ritu
1554 1542 1649 1584 er-

157 1614 269 1687 rari,
295 1612 378 1673 vel
419 1618 598 1685 certe,
640 1628 716 1672 ex
749 1614 1056 1693 pravitate
1077 1632 1353 1689 morum,
1381 1617 1646 1696 aliquus

155 1706 458 1767 sacramenti
495 1722 676 1765 usum
705 1724 832 1767 non
861 1708 1305 1769 convenienter
1350 1710 1642 1784 exerceri,

155 1808 208 1859 ut
241 1798 482 1859 adductis
531 1800 834 1879 exemplis
886 1799 1046 1861 bene
1102 1802 1421 1881 probatur.
1471 1802 1645 1877 Quod

161 1900 314 1953 autem
333 1910 432 1951 nos
459 1892 762 1953 tradimus
785 1902 1018 1955 certum
1057 1895 1244 1956 etiam
1277 1914 1406 1956 esse
1430 1895 1612 1956 debet
1625 1916 1642 1969 ς

161 1989 384 2066 qnoniam
408 1986 553 2047 alias
577 1994 707 2049 tota
729 2008 876 2051 vera
905 1991 1126 2052 Christi
1148 1991 1416 2053 Ecclesia
1445 1996 1648 2070 posset

159 2090 236 2139 ant
265 2082 316 2139 in
339 2098 466 2141 vera
495 2080 614 2140 fide
645 2084 848 2144 autin
876 2085 1234 2145 necessariis
1261 2084 1337 2144 ad
1379 2084 1642 2145 salutem

157 2173 329 2250 dicipi,
355 2172 506 2251 quod
547 2179 610 2235 et
652 2191 845 2255 supra
879 2184 1192 2238 ostensum
1227 2184 1319 2237 est
1349 2184 1412 2237 et
1451 2177 1516 2236 in
1550 2194 1644 2238 se·

157 2266 420 2345 quenubus
459 2268 642 2329 etiam
675 2271 1036 2331 ostendetur
1065 2270 1471 2350 impossibile3
1513 2272 1644 2349 jam

159 2360 483 2419 verodietum
519 2368 1056 2423 sacramentorum
1090 2364 1438 2439 legitimum
1465 2382 1643 2447 usum

163 2454 208 2511 in
223 2454 452 2513 Romana
472 2452 746 2515 Ecclesia
771 2456 1048 2532 retineri,
1091 2456 1334 2535 probari
1369 2458 1486 2517 hoc
1513 2456 1648 2519 loco

167 2546 361 2607 breviter
393 2564 508 2607 non
563 2554 811 2626 potest:
857 2550 923 2609 in
981 2551 1245 2630 propriis
1291 2568 1435 2610 vero
1501 2551 1650 2611 locis

163 2640 467 2717 singulorum
495 2647 1030 2703 sacramentorum
1063 2662 1136 2703 ex
1165 2642 1302 2703 aliis
1328 2642 1647 2723 principiis

161 2733 284 2808 fidei,
303 2740 351 2793 ct
369 2736 714 2813 ScripturiS,
749 2742 811 2797 et
839 2736 1296 2797 conditionibus
1323 2738 1646 2800 manifeste

164 2836 319 2888 contra
351 2828 652 2889 haereticos
701 2831 1120 2901 convincitur,
1160 2830 1269 2891 ubi
1317 2832 1506 2893 etiam
1553 2850 1649 2891 os·

169 2922 371 2983 truditur
389 2940 570 2983 novos
595 2923 926 2985 haereticos
945 2925 1010 2984 in
1042 2924 1160 2985 hac
1187 2930 1361 3005 parte
1377 2927 1648 2986 maxime

176 3012 455 3091 defit->emec
485 3016 631 3077 licet
667 3016 744 3077 in
773 3034 846 3078 ea
875 3034 1001 3079 non
1038 3018 1520 3090 errarent,hau‹l
1549 3038 1647 3079 sa-

173 3107 228 3163 tis
248 3107 424 3168 forced
447 3126 662 3171 veram
700 3110 1034 3171 Ecclesiam
1068 3110 1232 3191 apud
1269 3112 1430 3191 ipsos
1477 3130 1646 3172 com-

165 3198 460 3277 probandam
477 3216 498 3278 ;
537 3220 694 3263 nam
748 3201 884 3262 haec
935 3204 1066 3280 ejus
1111 3209 1258 3263 nota
1307 3205 1648 3267 necessaria

160 3292 344 3367 quidem
371 3302 472 3366 ost,
499 3312 625 3356 non
659 3300 879 3356 tamen
906 3294 1241 3357 sufficiens.

215 3386 289 3445 tt.
335 3386 546 3451 Ultima
561 3388 846 3469 probatio
885 3406 958 3451 ex
997 3389 1260 3473 leyitimo
1287 3408 1403 3453 usu
1432 3388 1644 3471 δαίμ-

163 3482 466 3541 turaraem.--
491 3482 748 3543 Decima
770 3482 928 3542 ratio
969 3481 1184 3544 haberi
1217 3489 1418 3561 potest
1453 3501 1528 3545 ex
1557 3484 1643 3545 le·

157 3570 318 3647 gitimo
341 3590 440 3633 usu
469 3574 959 3654 scripturarum,
991 3594 1174 3656 quem
1223 3577 1638 3637 necessarium

155 3682 248 3725 esse
269 3669 320 3725 in
335 3682 465 3728 vera
491 3669 768 3730 Ecclesia
797 3688 912 3731 nec
929 3669 1200 3729 haeretici
1230 3670 1342 3748 ipsi
1373 3677 1638 3748 negant3

159 3774 228 3817 eos
265 3774 441 3822 autem
479 3761 588 3823 illo
637 3780 854 3824 carere
873 3808 892 3837 ‚
949 3762 1268 3824 evidenter
1319 3780 1393 3823 ex
1458 3780 1644 3841 supra

155 3850 286 3912 dietis
327 3853 394 3915 de
437 3854 850 3917 emlihilitate
907 3855 1053 3917 fidei
1092 3863 1372 3917 constare
1401 3862 1638 3935 potest3

154 3960 260 4005 nam
285 3946 348 4006 ad
377 3964 544 4009 suam
570 3948 904 4009 libidinem
933 3950 1280 4027 Scripturas
1323 3949 1638 4023 mutilant,

155 4044 198 4093 ct
222 4056 368 4115 quam
395 4040 604 4101 volunt
631 4048 882 4121 partem
928 4042 1408 4121 amplectuntur,
1451 4060 1642 4121 quam

153 4146 260 4189 vero
279 4133 526 4195 sentiunt
547 4152 694 4195 cum
743 4152 852 4195 sua
885 4133 1040 4195 falsa
1075 4134 1353 4195 doctrina
1387 4138 1645 4213 apertis-

155 4222 270 4283 sime
305 4238 672 4305 pugnantem
732 4227 1048 4307 rejiciunt.
1125 4228 1195 4287 In
1263 4228 1644 4306 exponendis

157 4322 390 4391 praterea
435 4321 786 4400 scripturis.
833 4338 946 4381 suo
995 4326 1236 4383 tantum
1281 4320 1518 4399 judicio
1553 4322 1645 4381 ni-

153 4414 338 4470 tuetur.
369 4412 530 4472 Unde
565 4414 640 4473 fit
677 4422 753 4474 ut
784 4430 1034 4475 omnem
1066 4429 1318 4491 prorsus
1374 4413 1645 4491 Scriptu-

155 4516 314 4561 rarum
339 4505 452 4565 vim
478 4513 539 4566 et
575 4507 1010 4567 anctoritatem
1036 4513 1355 4582 enervent3
1377 4506 1645 4566 Ecclesia

157 4608 264 4651 vero
285 4594 572 4658 Catholica
610 4600 680 4659 in
725 4606 990 4677 utraque
1019 4617 1086 4658 re
1133 4605 1490 4677 perpetuam
1520 4604 1643 4658 tra·

163 4682 396 4748 ditionem
421 4697 482 4750 et
521 4692 776 4751 Petrum
831 4692 1318 4763 consensionem,
1371 4690 1644 4770 aliasque

161 4774 262 4837 fidei
293 4783 516 4859 regulas
549 4784 918 4845 certissimas
943 4784 1227 4844 observat
1253 4788 1314 4843 et
1337 4784 1638 4862 sequitur,

158 4874 201 4925 et
223 4870 300 4932 hic
345 4880 426 4935 est
469 4894 680 4937 sensus
729 4876 1064 4954 Augustini
1101 4882 1163 4937 et
1199 4875 1639 4954 chrysostomi,

159 4978 292 5037 qnos,
323 4974 384 5026 nt
413 4969 478 5027 in
501 4969 806 5048 principio
851 4969 1006 5043 dixi,
1036 4968 1306 5029 haeretici
1360 4969 1428 5028 in
1455 4986 1638 5029 suum

161 5052 376 5119 favorem
397 5062 722 5141 appellant,
739 5062 1022 5141 quamvis
1041 5060 1466 5122 testimonium
1491 5060 1644 5123 illud

161 5142 505 5226 chrysostomi
547 5172 626 5215 ex
677 5153 1038 5235 imperfecto
1091 5170 1274 5232 opere
1327 5159 1644 5233 sumptum

163 5236 240 5312 sit,
263 5244 406 5321 cnjus
424 5254 632 5307 auctor
656 5247 998 5327 ignoratur.
1018 5246 1315 5309 Eamdem
1339 5247 1645 5308 rationem

167 5340 494 5414 prosequitur
535 5340 713 5401 divus
755 5340 1084 5420 Gregorius
1113 5342 1194 5401 20
1231 5338 1473 5414 Moral„
1505 5356 1640 5419 cap.

167 5424 221 5497 73
245 5432 294 5485 et
311 5430 696 5495 Tertullianus
715 5433 790 5495 de
811 5432 1378 5512 Praescriptionihus
1392 5432 1644 5495 haereti-

169 5534 366 5601 eorum
413 5526 766 5607 Cyprianus,
809 5527 888 5590 de
935 5526 1186 5589 Unitate
1230 5524 1538 5603 Eccloeioe,
1583 5532 1646 5590 et

1735 771 1936 849 prima
1992 777 2053 831 et
2102 771 2390 845 secunda,
2417 779 2719 849 quem'eo
2752 770 2883 849 ipso
2912 788 3079 829 anno
3105 771 3289 846 1581,

1731 872 2065 944 antequam
2123 882 2234 945 pro
2322 868 2599 927 Romana
2656 864 2905 943 quidem
2963 865 3285 943 religione,

1730 966 2033 1038 praetextu
2056 966 2261 1020 autem
2282 958 3138 1039 perduellionis,mactaretur,
3166 961 3291 1019 An·

1729 1052 1870 1132 gliae
1893 1052 2239 1113 Academiis
2262 1052 2587 1114 obtulerat.

1810 1148 1907 1208 13.
1951 1146 2227 1210 Assertio
2252 1144 3290 1226 tertia.—-Probatur.-Confirma—

1728 1246 1834 1304 tur
1857 1242 2169 1321 primo.—
2182 1239 2583 1321 confirmatur
2609 1240 2881 1302 secundo.
2894 1270 2976 1285 --
2993 1240 3135 1299 Dis-o
3164 1246 3287 1300 ter-

1731 1335 1816 1394 tio
1845 1354 1857 1393 :
1884 1334 2196 1394 catholica
2221 1332 2343 1393 fide
2384 1332 2721 1393 tenendum
2752 1339 2846 1392 est
2868 1332 3027 1393 hauc
3054 1339 3287 1393 certam

1729 1434 1792 1488 et
1849 1428 2235 1487 individuam
2300 1426 2629 1488 hominum
2697 1428 3239 1503 congregationem
3262 1472 3282 1505 ,

1727 1539 1864 1601 quae
1889 1522 2233 1583 Romanam
2252 1519 2455 1583 fidem
2488 1520 2832 1599 profitetur,
2858 1526 2921 1580 et
2948 1538 3087 1580 cum
3122 1520 3289 1580 Pon-

1727 1613 1890 1675 tinae
1956 1614 2236 1675 Romano
2290 1614 2623 1691 conjuncta
2692 1619 2785 1672 est
2813 1658 2832 1685 ‚
2882 1630 3012 1672 esse
3072 1630 3288 1673 veram

1727 1706 1950 1767 Christi
1994 1706 2325 1767 Ecclesiam
2376 1704 2774 1766 catholic-am.
2828 1704 3125 1766 Probatur
3164 1706 3288 1785 pri-

1728 1818 1902 1861 mum
1956 1822 1971 1860 :
2023 1818 2099 1860 ex
2130 1799 2420 1879 Symbolo
2458 1798 2886 1879 Apostolorum
2932 1805 3167 1859 constat
3193 1805 3285 1859 te·

1728 1896 1861 1956 neri
1907 1912 2023 1957 nos
2050 1894 2124 1954 ad
2168 1894 2546 1955 credendum
2579 1912 2785 1955 veram
2818 1894 3043 1956 Christi
3082 1894 3285 1955 Eccle-

1729 1990 1883 2049 siam
1935 1986 2340 2065 catholicam3
2385 1988 2548 2065 quod
2589 1994 2799 2048 autem
2842 2006 2967 2047 non
3015 1994 3160 2047 satis
3208 1988 3289 2049 sit

1729 2098 1864 2141 eam
1901 2080 2157 2141 confuse
2194 2088 2256 2141 et
2300 2082 2587 2141 universe
2614 2080 2883 2153 credere,
2914 2082 3021 2142 scd
3046 2088 3289 2160 oportet

1725 2176 2131 2235 determinate
2168 2180 2229 2234 et
2274 2174 2340 2234 in
2378 2174 2721 2251 individuo,
2766 2176 2851 2235 ita
2884 2174 3227 2234 ostenditur
3264 2194 3281 2235 :

1726 2286 1872 2328 nam
1910 2275 2199 2328 tenemur
2238 2269 2485 2329 credere
2534 2286 2607 2329 ea
2657 2286 2794 2347 (pue
2832 2286 2979 2329 vera
3020 2267 3289 2329 Ecclesia

1728 2362 1955 2439 credit3
1980 2362 2095 2422 hoc.
2109 2370 2315 2423 autem
2333 2370 2427 2423 est
2444 2362 2841 2442 impossibile,
2856 2361 2977 2423 nisi
3000 2369 3161 2423 certa
3176 2362 3287 2424 Ec·

1727 2455 1910 2516 clesia
1933 2457 1999 2515 in
2034 2455 2382 2534 particulari
2418 2458 2735 2529 crerlatur3
2761 2458 2812 2516 si
2846 2456 3013 2515 enim
3039 2457 3288 2535 dequa-

1729 2564 1991 2627 cumque
2018 2550 2081 2608 in
2114 2548 2437 2609 individuo
2464 2550 2748 2611 dubitare
2776 2549 2943 2623 licet,
2976 2550 3053 2610 (le
3082 2552 3286 2629 cujus·

1729 2660 1993 2719 cumque
2030 2644 2217 2702 ctiam
2268 2644 2519 2721 propria
2567 2644 2843 2703 doe-trina
2883 2642 2972 2703 fas
3020 2644 3137 2704 erit
3174 2643 3287 2704 du-

1729 2733 1926 2795 bitare
1959 2757 1977 2809 3
2038 2735 2223 2815 idque
2281 2736 2481 2795 solum
2538 2736 2791 2797 confuse
2849 2742 3085 2797 certum
3140 2737 3282 2811 erit,

1728 2829 2075 2890 doctrinam
2118 2829 2392 2908 aliquam
2436 2848 2567 2891 esse
2604 2848 2837 2891 veram.
2872 2829 3286 2891 confirmatur

1728 2938 1804 2982 ex
1837 2929 2129 3000 perpetua
2158 2924 2491 2984 traditione
2528 2929 2590 2984 et
2616 2941 2796 2984 sensu
2831 2924 3118 2997 Patrum;
3152 2940 3289 2983 om·-

1726 3034 1837 3076 ncs
1863 3018 2031 3076 enim
2062 3016 2393 3077 Ecclesiam
2436 3036 2547 3079 suo
2578 3022 2849 3097 tempore
2891 3018 3282 3091 existentem,

1727 3108 2056 3169 habentem
2088 3128 2190 3169 eas
2234 3112 2635 3189 proprietates
2664 3130 2813 3191 quas
2850 3112 3127 3172 Romana
3177 3112 3286 3171 ha-

1726 3200 1852 3275 bet,
1884 3201 2289 3281 legitimaque
2326 3204 2657 3264 traditione
2690 3206 2980 3277 succedit,
3018 3212 3183 3265 certa
3212 3204 3287 3267 fi·

1726 3294 1803 3355 de
1831 3294 2165 3355 credebant
2189 3314 2317 3357 esse
2346 3314 2553 3358 veram
2580 3297 2801 3358 Christi
2836 3297 3191 3374 Euvlesiam,
3223 3304 3287 3359 et

1721 3386 2473 3468 haereticumjudicabant
2500 3390 2608 3470 qui
2652 3410 2715 3451 se
2762 3390 2841 3451 ab
2869 3391 2972 3451 illa
3015 3410 3286 3470 separas·

1722 3488 1836 3554 set,
1869 3480 2105 3561 hocque
2138 3482 2319 3543 modo
2350 3482 2915 3563 interpretabantur
2951 3485 3283 3545 articulum

1721 3574 2002 3652 Symbnli
2046 3572 2265 3637 :Credo
2296 3576 2365 3636 in
2400 3594 2587 3639 unam
2627 3582 2905 3640 sanctam
2943 3578 3287 3642 Ecclesiam

1727 3666 2115 3739 Canalicum,
2147 3687 2273 3729 non
2309 3670 2385 3731 de
2420 3670 2681 3731 Ecclesia
2710 3672 3014 3732 abstracta
3056 3680 3163 3731 aut
3192 3674 3286 3732 iu-

1722 3762 1879 3835 visa,
1923 3761 2027 3821 sed
2060 3762 2135 3822 de
2178 3780 2250 3822 ea
2278 3764 2379 3822 cui
2410 3782 2521 3824 suo
2546 3766 2969 3843 unusquisque
3009 3772 3288 3847 tempore

1724 3860 1973 3914 tenetur
2000 3855 2249 3916 credere
2290 3862 2354 3916 et
2383 3856 2671 3933 obedire3
2700 3876 2885 3935 quam
2920 3858 3284 3939 iuterpreta-

1723 3946 1959 4006 tionem
1990 3946 2410 4009 Catechismus
2450 3950 2541 4011 Pii
2570 3950 2622 4009 V
2653 3958 2821 4011 recte
2870 3954 3279 4031 prosequitur.

1723 4038 1999 4101 Tandem
2026 4040 2104 4101 de
2146 4040 2269 4103 fide
2310 4050 2401 4103 est
2440 4042 2530 4103 ibi
2564 4060 2694 4103 esse
2718 4060 2927 4103 veram
2956 4044 3285 4105 Ecclesiam

1725 4130 1833 4191 ubi
1861 4140 1952 4193 est
1999 4134 2243 4213 integra
2290 4134 2435 4197 fidei
2476 4136 2786 4209 doctrinm
2822 4136 2928 4197 sed
2961 4145 3053 4197 est
3096 4138 3283 4199 etiam

1695 4224 1844 4303 ,fide
1871 4232 2109 4288 certum
2138 4229 2483 4289 doctrinam
2528 4230 2691 4291 hanc
2719 4249 2907 4311 quam
2934 4231 3062 4290 haec.
3085 4231 3288 4291 Eccle-

1724 4319 1814 4379 sia
1845 4320 1912 4379 iu
1948 4320 2272 4381 individuo
2324 4325 2577 4397 retinet,
2614 4342 2745 4384 esse
2770 4342 2981 4385 veram
3020 4330 3081 4385 et
3127 4326 3287 4386 inte-

1725 4429 1898 4490 gram
1923 4414 2149 4475 Christi
2175 4414 2519 4476 doctrinam
2544 4432 2561 4493 3
2588 4434 2758 4494 ergo.

1808 4508 1902 4566 14.
1958 4508 2242 4585 objectio,
2276 4526 2409 4589 quoe
2454 4508 2879 4591 multipliciter
2912 4508 3287 4573 diluitur.—

1726 4598 1989 4681 Tripleoe
2015 4603 2433 4681 responsio.—
2460 4598 2611 4663 Tota
2658 4620 2807 4662 vero
2858 4602 3185 4664 difficultas
3218 4605 3285 4664 in

1725 4696 2011 4771 praesenti
2072 4702 2186 4767 est,
2221 4698 2368 4774 quia
2418 4714 2741 4776 nunquam
2778 4697 2939 4757 Deus
2993 4697 3289 4757 revelavit

1724 4784 1886 4847 hanc
1929 4804 2193 4849 numero
2236 4789 2574 4850 Ecclesiam
2615 4806 2826 4851 veram
2866 4808 3017 4863 esse,
3062 4808 3175 4849 nec
3224 4790 3281 4849 id

1724 4880 1998 4959 Apostoli
2038 4880 2402 4967 docueruut.
2434 4882 2535 4943 sed
2586 4882 2663 4943 de
2716 4884 2986 4944 Ecclesia
3040 4891 3285 4944 tantum

1725 4990 1864 5051 quse
1910 4992 2023 5033 suo
2050 4979 2327 5054 tempore
2372 4975 2523 5048 fuit3
2550 4994 2663 5036 nec
2701 4976 2769 5035 in
2822 4978 3135 5056 Scriptura
3164 4976 3287 5037 tale

1725 5064 1961 5144 aliquid
1988 5068 2364 5143 continetur,
2400 5086 2514 5128 nec
2556 5068 2682 5130 alia
2716 5075 2883 5131 certa
2910 5069 3287 5132 revelatione

1727 5164 1999 5233 constat3
2043 5178 2170 5221 non
2213 5169 2305 5222 est
2345 5180 2495 5240 ergo
2536 5162 2674 5223 haec
2706 5180 2803 5222 res
2849 5164 2927 5224 de
2965 5162 3110 5235 fide,
3154 5164 3283 5235 sed,

1727 5258 1796 5311 ut
1819 5252 2112 5326 maxime,
2144 5254 2453 5316 conclusio
2494 5254 2882 5333 Theologica.
2926 5256 3287 5335 Respondeo

1723 5362 1926 5423 primo
1965 5346 2399 5425 Apostolorum
2432 5349 2767 5410 Ecclesiam
2799 5355 2861 5410 et
2896 5356 3170 5409 nostram
3216 5367 3286 5408 u·

1724 5454 1872 5497 nam
1902 5446 1966 5499 et
1982 5441 2266 5501 eamdem
2291 5459 2531 5517 esse,ac
2543 5440 2805 5521 proinde
2822 5443 2927 5521 qui
2962 5441 3131 5503 illam
3154 5458 3285 5503 esse

1723 5548 1938 5595 veram
1966 5533 2302 5598 Ecclesiam
2330 5536 2649 5611 revelavit,
2682 5536 2849 5597 idem
2901 5536 2979 5599 de
3004 5535 3122 5597 hac
3148 5552 3285 5599 nos-
