3900 6217
1603 360 1792 416 INDEX
1827 363 2057 418 RERUM.

199 457 268 508 3.
303 453 668 524 paganismus,
700 458 820 514 vide
845 475 1162 518 intramus.

655 589 794 640 rau,
830 591 1056 634 nonnus
1088 597 1338 638 rom-trux.

3310 369 3418 434 791

1859 469 1940 518 25.
1978 465 2119 531 Papa
2160 465 2203 519 si
2251 465 2385 519 forte
2424 467 2514 520 fiat
2555 467 2833 522 haereticus
2862 477 2911 524 et
2944 470 3339 542 incorrigibilis,
3374 481 3427 529 ct

1921 540 2155 606 legitime
2187 541 2303 594 talis
2341 543 2661 610 declaratuS,
2680 545 2859 598 statim
2893 547 3090 602 desinit
3116 563 3237 604 esse
3266 565 3421 617 papa,

1924 629 1979 667 n.
2005 620 2054 667 6.

197 687 262 736 1.
301 685 508 741 Primus
540 689 682 756 Papa
721 696 772 744 et
809 694 1130 748 universalis
1169 695 1415 750 Ecclesiae
1460 705 1640 764 pastor
1681 698 1778 753 fun
1857 696 1936 742 26.
1976 691 2247 746 Sententia
2272 693 2517 747 criminis
2541 695 2891 750 declaratoria
2918 699 2970 751 in
3001 701 3194 762 Papam
3218 701 3426 757 haereti-

279 760 435 816 divus
481 767 679 828 Petrus,
705 773 855 823 tract.
880 776 928 828 1.
965 771 1102 838 disp.
1128 777 1208 835 10,
1230 780 1357 826 sect.
1391 778 1436 836 1,
1471 787 1566 840 per
1590 781 1770 829 totam.

199 839 262 886 2.
301 838 502 892 Summi
541 845 808 900 Pontificis
839 860 1035 900 munus
1061 861 1093 900 a
1121 849 1273 902 Petro
1309 849 1375 900 ad
1399 851 1630 918 aliquem
1659 853 1775 917 ejus

276 927 642 972 successorem
669 923 920 982 manavit,
948 923 1096 983 ibid„
1123 932 1250 976 sect.
1273 929 1322 986 2,
1359 939 1412 976 ιι.
1430 931 1478 976 2.

201 991 262 1041 3.
299 991 666 1048 Pontificatum
687 996 821 1050 Petri
845 999 896 1050 in
923 998 1176 1052 Romanis
1191 999 1466 1066 Episcopis
1492 1003 1773 1070 propagari

275 1067 535 1122 latissime
564 1073 876 1134 ostenditur,
911 1073 1058 1137 ibid..
1090 1088 1122 1126 a
1149 1089 1201 1126 ιι.
1228 1081 1274 1127 8.

199 1145 257 1192 4.
297 1144 521 1198 Romani
559 1147 828 1202 Pontificis
862 1150 1150 1216 primatum
1179 1151 1327 1204 varia
1356 1151 1508 1219 signa
1537 1153 1773 1220 peculia·

278 1219 406 1272 riter
433 1221 772 1284 confirmant,
793 1235 825 1276 a
853 1239 905 1276 n.
931 1230 1008 1288 15,
1037 1227 1104 1280 ad
1127 1231 1206 1280 25.

201 1297 259 1346 5.
298 1295 569 1349 Romanus
602 1299 836 1351 Pontifex
867 1313 975 1353 non
1009 1302 1203 1367 injuste
1236 1305 1526 1368 usurpavit,
1555 1305 1648 1356 sed
1677 1317 1772 1370 per

277 1370 564 1436 legitimam
588 1375 718 1426 Petri
741 1377 1304 1431 successionem-hunc
1325 1380 1609 1445 primatum
1635 1380 1768 1435 obti-

275 1447 410 1505 nuit.
435 1447 588 1508 ibid..
613 1462 644 1502 a
673 1464 728 1503 ιι.
759 1455 838 1502 27.

197 1527 255 1574 6.
298 1524 504 1588 Papalis
545 1525 774 1591 dignitas
813 1539 922 1581 non
954 1527 1021 1580 ab
1061 1529 1394 1590 hominibus,
1427 1531 1522 1584 sed
1552 1532 1620 1584 ab
1655 1531 1770 1596 ipso

274 1597 484 1652 Christo
515 1601 822 1655 immediate
857 1603 1096 1657 instituta
1131 1613 1230 1665 est,
1272 1613 1422 1659 tract.
1467 1611 1513 1672 1,
1555 1606 1691 1673 disp.
1723 1613 1771 1671 b,

273 1681 404 1727 sect.
438 1680 484 1736 8,
513 1689 564 1728 ιι.
596 1682 652 1740 1;
689 1685 741 1730 et
769 1678 910 1745 disp.
935 1684 1018 1742 10,
1045 1687 1174 1734 sect.
1203 1685 1250 1744 9,
1283 1695 1337 1734 ιι.
1366 1687 1412 1735 7.

202 1757 257 1801 7.
297 1751 504 1816 Papalis
549 1753 778 1816 dignitas
825 1769 944 1809 cum
997 1756 1307 1822 episcopatu
1354 1757 1594 1812 Romano
1640 1771 1773 1812 cou-

269 1826 456 1892 jnncta
477 1827 574 1882 fuit
598 1843 658 1881 ex
687 1830 827 1884 Petri
857 1833 1012 1898 jussu
1047 1840 1100 1884 et
1121 1833 1471 1898 institutione,
1497 1835 1614 1887 ead.
1640 1841 1769 1889 sect.

275 1907 323 1958 9.
349 1916 400 1954 n.
428 1907 476 1955 8.

201 1983 257 2030 8.
301 1979 526 2046 Papatus
551 1982 858 2046 conjunctio
883 1997 1004 2037 cum
1035 1985 1272 2038 Romana
1299 1986 1451 2048 Sede,
1475 2000 1582 2040 non
1615 1987 1772 2053 perti-

275 2062 366 2108 net
397 2055 464 2108 ad
501 2057 805 2120 primariam
840 2060 998 2124 hujus
1027 2059 1176 2114 Sedis
1223 2061 1624 2123 institutionem,
1669 2075 1769 2116 nec

274 2131 372 2184 suit
413 2145 445 2183 a
486 2133 694 2186 christo
736 2141 859 2188 ante
903 2136 1274 2189 ascensionem
1322 2137 1582 2200 ordinata,
1616 2137 1764 2200 ibid„

274 2221 326 2258 n.
361 2213 440 2260 10.

199 2287 256 2335 9.
293 2285 544 2349 Papatum
582 2286 852 2350 conjunxit
889 2287 1072 2340 Petrus
1105 2301 1228 2341 cum
1253 2289 1492 2341 Romana
1519 2288 1670 2349 Sede,
1705 2303 1771 2342 ex

273 2368 539 2425 praecepto
567 2367 619 2412 et
647 2361 917 2415 voluntate
946 2363 1130 2415 Christi
1170 2363 1394 2426 Domini,
1426 2362 1546 2417 eod.
1574 2378 1624 2416 n.
1657 2369 1734 2418 10.

201 2438 287 2486 10.
326 2436 552 2500 Papatus
583 2449 688 2490 non
721 2443 896 2502 potest
917 2437 984 2490 ab
1010 2437 1127 2490 aliis
1152 2437 1287 2491 Petri
1316 2440 1718 2492 successoribus
1737 2453 1769 2492 a

271 2513 510 2566 Romana
557 2512 690 2566 Sede
739 2515 965 2582 sejungi,
1018 2523 1106 2568 aut
1163 2515 1418 2570 aliorsum
1473 2517 1766 2580 transferri,

273 2602 328 2639 ιι.
355 2592 415 2640 10
443 2595 492 2641 et
518 2592 598 2641 11.

205 2667 288 2716 11.
327 2664 486 2729 Papae
515 2664 664 2718 solus
688 2663 927 2718 Christus
962 2664 1268 2719 immediate
1297 2665 1506 2719 confert
1537 2666 1768 2734 dignita-

273 2745 378 2792 tem
404 2746 456 2792 et
487 2747 818 2806 potestatem,
850 2742 965 2794 ead.
999 2741 1136 2806 disp.
1171 2747 1248 2802 1ο,
1279 2748 1406 2795 sect.
1439 2746 1482 2802 1,
1515 2756 1568 2795 ιι.
1595 2747 1642 2796 3.

202 2817 285 2866 12.
323 2815 518 2880 Papam
562 2815 790 2882 eligendi
829 2823 882 2869 et
919 2816 1232 2885 designandi
1268 2823 1501 2883 potestas
1533 2819 1770 2872 homini-

269 2890 374 2943 bus
400 2904 674 2952 concessa,
701 2905 752 2943 n.
777 2897 804 2942 9
828 2899 878 2945 et
908 2897 952 2944 1.

201 2971 285 3018 19.
323 2965 503 3019 Modus
529 2966 755 3032 eligendi
787 2968 1093 3022 Pontificem
1125 2981 1236 3022 non
1266 2969 1414 3021 suita
1436 2969 1643 3025 Christo
1665 2971 1770 3024 Do-

270 3043 419 3096 mino
437 3044 796 3110 praescriptus,
811 3045 906 3098 sed
929 3045 997 3098 ab
1023 3045 1256 3098 Ecclesia
1278 3047 1616 3108 commissus,
1639 3061 1692 3100 ιι.
1716 3053 1764 3112 6,

269 3127 324 3174 et
349 3133 463 3186 seq.

205 3198 287 3247 11.
327 3196 509 3261 Populi
531 3195 748 3249 Romani
770 3201 858 3248 aut
881 3196 1221 3262 imperatoris
1240 3209 1536 3252 consensus
1558 3199 1610 3251 in
1632 3199 1766 3253 elec-

269 3270 414 3324 tione
438 3271 722 3332 Pontiticis,
748 3285 1004 3336 quorsum
1030 3273 1326 3338 spectabat,
1347 3287 1400 3326 n.
1424 3279 1472 3326 9.

267 3346 418 3399 Nunc
446 3359 553 3398 non
583 3347 871 3400 attenditur
893 3347 1200 3412 hujusmodi
1233 3361 1550 3412 consensus,
1573 3365 1625 3404 ιι.
1652 3355 1732 3404 10.

203 3425 282 3473 15.
323 3421 398 3472 Ad
435 3422 711 3475 Summum
746 3423 1054 3476 Pontificem
1103 3423 1368 3490 praeeipue
1399 3433 1600 3491 spectat
1631 3439 1768 3493 prae-

267 3497 504 3550 scribere
532 3497 748 3551 modum
780 3497 1008 3564 eligendi
1037 3500 1250 3564 Papam,
1276 3514 1328 3552 n.
1357 3505 1414 3552 11
1443 3506 1496 3552 et
1516 3515 1628 3566 seq.

267 3572 448 3636 Neque
470 3572 760 3625 Concilium
786 3573 839 3626 in
871 3573 998 3626 sede
1020 3581 1241 3628 vacante
1265 3581 1431 3640 potest
1457 3575 1676 3628 modum
1702 3576 1770 3628 ab

271 3661 338 3702 eo
363 3649 732 3715 praescriptum
763 3649 1064 3707 immutare.
1090 3663 1144 3702 n.
1183 3655 1259 3702 13.

205 3729 284 3777 16.
324 3725 460 3790 Papa
485 3738 550 3776 an
584 3727 752 3790 possit
779 3724 882 3776 sibi
915 3726 1195 3779 nominare
1231 3739 1618 3791 successorem,
1648 3729 1766 3782 ead.

271 3808 402 3854 sect.
437 3804 488 3862 1,
519 3813 572 3852 ιι.
605 3803 684 3852 11.

204 3881 282 3931 17.
322 3877 372 3928 Si
409 3877 544 3928 nihil
570 3890 601 3929 a
632 3876 882 3929 Pontifice
907 3883 1165 3930 statuatur
1189 3877 1330 3931 eirea
1358 3878 1689 3941 electionem,
1719 3888 1772 3934 et

269 3952 426 4006 sedes
455 3959 622 4010 vacet,
646 3951 834 4005 electio
865 3951 1016 4018 Papae
1037 3954 1104 4005 ad
1134 3965 1323 4006 omnes
1343 3954 1593 4008 Ecclesiae
1625 3956 1774 4021 Epis-

268 4043 435 4095 copos
458 4031 703 4096 pertinet,
730 4030 881 4092 ibid..
905 4045 959 4084 ιι.
986 4035 1045 4083 11
1069 4038 1115 4083 et
1141 4035 1217 4083 17.

205 4113 285 4160 18.
322 4109 463 4172 Papa
480 4107 679 4160 electus
697 4120 764 4158 an
791 4107 1098 4161 necessario
1120 4107 1312 4160 debeat
1327 4120 1445 4161 esse
1465 4121 1526 4160 ex
1547 4121 1770 4162 numero

270 4182 646 4243 cardinalium,
675 4196 728 4234 n.
754 4187 832 4234 19.

207 4263 287 4312 19.
326 4261 634 4312 Pontificem
662 4257 806 4310 hunc
835 4269 1060 4311 numero
1082 4269 1202 4310 esse
1228 4271 1416 4311 verum
1442 4257 1774 4321 Pontificem,

272 4347 381 4386 non
411 4346 570 4400 posse
597 4334 717 4386 fidei
749 4335 915 4386 teneri
945 4333 1035 4398 qui
1065 4333 1314 4392 sentiant,
1359 4339 1509 4386 tract.
1552 4339 1596 4396 1,
1631 4335 1768 4399 disp.

271 4415 349 4463 10.
377 4417 502 4462 secl.
537 4416 588 4471 5,
616 4422 669 4460 u.
701 4413 750 4460 2.

208 4490 290 4538 20.
329 4485 634 4538 Pontificem
668 4484 813 4536 hunc
841 4495 1067 4536 numero
1095 4495 1214 4536 esse
1234 4495 1419 4536 verum
1443 4481 1770 4548 pontificem,

278 4566 556 4626 postquam
589 4566 669 4612 est
711 4559 776 4610 ab
820 4559 1054 4611 Ecclesia
1097 4559 1470 4612 universaliter
1507 4568 1769 4625 receptus,

274 4636 379 4687 fide
407 4636 589 4687 divina
617 4634 870 4697 creditur,
906 4633 1026 4686 eod.
1051 4647 1102 4686 n.
1131 4640 1160 4685 2
1181 4641 1233 4686 et
1257 4647 1402 4700 seq..
1449 4642 1502 4686 et
1541 4634 1682 4701 disp.
1725 4642 1776 4698 5,

275 4719 404 4764 sect.
438 4716 486 4770 8,
519 4725 570 4762 n.
600 4715 678 4764 12.

209 4791 290 4839 21.
332 4787 635 4838 Pontificem
666 4786 808 4837 hunc
830 4797 1054 4837 numero
1083 4797 1202 4836 esse
1234 4797 1418 4836 verum
1442 4784 1771 4845 Pontificem,

272 4861 491 4926 quando
521 4861 678 4916 fuerit
703 4860 1010 4921 revelatum,
1035 4867 1124 4912 aut
1149 4859 1366 4924 quando
1390 4860 1688 4926 obligemur
1707 4862 1772 4916 ad

272 4937 326 4988 id
353 4935 701 4998 credendum,
731 4933 848 4988 ead.
873 4936 1010 5000 disp.
1046 4938 1124 4994 10,
1149 4941 1272 4988 sect..
1307 4939 1354 4996 5,
1378 4948 1432 4987 ιι.
1463 4941 1510 4988 6,

210 5019 291 5064 22.
325 5013 533 5077 Negans
573 5014 716 5064 hunc
762 5012 1065 5065 Pontificem
1111 5010 1179 5063 ab
1219 5011 1454 5063 Ecclesia
1501 5020 1773 5077 receptum

273 5100 392 5141 esse
416 5099 600 5140 verum
623 5087 947 5150 Pontificem,
978 5099 1046 5139 an
1074 5085 1355 5139 habendus
1381 5099 1477 5152 pro
1504 5087 1769 5150 haeretico,

277 5165 428 5222 ibid..
461 5177 512 5215 ιι.
543 5169 590 5215 9.

212 5244 291 5290 29.
330 5238 564 5291 Pontifex
613 5243 787 5302 potest
829 5236 1126 5289 voluntarie
1178 5237 1392 5302 papatui
1443 5237 1768 5298 renuntiare,

277 5314 394 5368 ead.
416 5314 554 5380 disp.
583 5317 661 5369 10.
687 5320 816 5365 sect.
847 5317 894 5370 9,
924 5326 974 5364 n.
1003 5319 1050 5365 1.

214 5393 290 5442 21.
330 5389 469 5454 Papa
493 5390 543 5440 in
578 5388 725 5441 nullo
762 5401 908 5448 casu,
951 5389 1107 5441 etiam
1133 5387 1375 5449 haeresis,
1415 5387 1650 5452 privatur
1677 5401 1774 5441 sua

273 5467 528 5534 dignitate
547 5471 601 5516 et
637 5469 910 5528 potestate.
941 5463 1144 5530 absque
1171 5463 1450 5516 bominum
1480 5463 1680 5529 judicio
1722 5471 1776 5518 et

273 5543 556 5605 sententia,
592 5539 741 5603 ibid„
765 5553 796 5592 a
826 5553 878 5591 n.
912 5545 958 5591 9.

1918 780 2060 830 cum,
2086 780 2197 821 non
2225 782 2257 822 a
2284 769 2668 834 cardinalibus,
2700 773 2793 828 sed
2816 787 2849 826 a
2871 777 3106 842 generali
3130 779 3424 845 Episcopo-

1920 855 2036 894 rum
2065 843 2297 897 Concilio
2328 844 2545 898 ferenda
2574 855 2731 910 esset,
2761 862 2813 900 n.
2838 853 2882 901 7.

1919 917 2044 969 Tale
2086 917 2376 971 concilium
2417 922 2689 985 quomodo
2728 925 2899 987 possit
2930 925 3160 992 legitime
3188 939 3421 992 congre-

1917 993 2049 1060 gari,
2072 1001 2163 1046 aut
2186 997 2240 1047 in
2266 996 2459 1060 Papam
2484 1009 2543 1049 se
2562 999 2893 1064 superiorem
2914 999 3051 1054 ferre
3077 1003 3416 1066 sententiam,

1923 1069 2073 1130 ibid..
2106 1084 2158 1122 ιι.
2188 1077 2233 1130 8,
2266 1077 2294 1123 9
2323 1077 2374 1124 et
2404 1076 2478 1123 10.

1855 1149 1934 1197 27.
1972 1145 2104 1208 Quid
2146 1145 2190 1198 si
2235 1147 2372 1214 Papa
2400 1149 2565 1202 semel
2599 1149 2879 1203 haereticus
2908 1150 3021 1214 suit,
3066 1157 3250 1220 postea
3270 1167 3418 1220 ,vero

1916 1221 2253 1284 emendatus,
2277 1237 2328 1274 n.
2361 1227 2439 1274 11.

1913 1294 2045 1356 Quid
2068 1297 2112 1348 si
2137 1299 2273 1363 Papa
2307 1297 2564 1351 innocens
2590 1298 2905 1366 probaretur
2931 1301 3229 1364 haereticus,
3256 1313 3308 1353 ιι.
3336 1306 3413 1354 12.

1913 1369 2047 1429 Quid
2074 1371 2120 1423 si
2152 1379 2354 1424 tantum
2386 1374 2613 1427 exterius
2634 1375 2701 1427 sit
2728 1375 3027 1436 haereticuS.
3061 1391 3111 1428 ιι.
3148 1383 3226 1429 19.

1851 1449 1930 1498 28.
1970 1446 2283 1500 credibilius
2314 1450 2537 1502 omnino
2578 1456 2659 1502 est
2689 1453 2847 1504 Deum
2875 1466 3151 1518 nunquam
3195 1451 3417 1518 permit-

1916 1528 2025 1574 tere
2048 1531 2105 1574 ut
2132 1524 2273 1587 Papa
2300 1523 2391 1576 fiat
2421 1525 2717 1586 ltaereticus,
2743 1527 2891 1588 ibid..
2919 1543 2971 1581 ιι.
2998 1533 3055 1580 11
3086 1533 3238 1581 2112.

1851 1600 1930 1648 29.
1969 1598 2123 1664 Papa,
2156 1606 2299 1651 extra
2324 1613 2507 1652 casum
2540 1601 2775 1666 baeresis,
2800 1603 3007 1656 etiamsi
3047 1603 3415 1669 iniquissimus

1916 1675 2003 1736 sit,
2027 1677 2209 1741 nequit
2233 1690 2329 1730 sua
2351 1679 2606 1747 dignitate
2632 1681 2847 1746 privari,
2874 1693 2905 1732 a
2931 1695 2983 1733 n.
3013 1685 3085 1732 11.

1856 1754 1933 1802 90.
1973 1753 2109 1816 Papa
2130 1753 2172 1805 si
2197 1753 2249 1805 in
2274 1762 2581 1820 perpetuam
2606 1756 2802 1809 incidat
2825 1758 3132 1823 amentiam,
3160 1754 3277 1820 ipso
3294 1761 3415 1820 jure

1917 1826 2101 1879 divino
2145 1829 2379 1893 privatur
2419 1831 2690 1900 dignitate,
2722 1833 2839 1886 ead.
2891 1833 3027 1899 disp.
3077 1837 3163 1896 10,
3202 1836 3329 1884 sect.
3361 1835 3412 1890 6,

1917 1915 1970 1955 n.
2006 1907 2063 1954 17
2086 1911 2136 1956 et
2160 1907 2236 1958 18.

1852 1982 1932 2030 81.
1970 1979 2107 2044 Papa
2134 1982 2378 2046 quamvis
2426 1983 2607 2036 multis
2650 1984 2768 2038 aliis
2798 1983 3175 2048 incommodlS,
3221 1988 3415 2050 praeter

1913 2056 2221 2116 amentiam,
2264 2057 2583 2122 impediatur
2605 2073 2671 2112 ne
2712 2062 2878 2126 possit
2916 2061 3203 2112 Ecclesiam
3252 2071 3404 2110 com-

1914 2131 2071 2184 mode
2114 2132 2429 2200 gubernare,
2466 2148 2575 2188 non
2624 2142 2797 2202 potest
2843 2144 3124 2202 propterea
3158 2135 3413 2201 dignitate

1913 2207 2129 2272 privari,
2154 2208 2280 2261 ibid.
2744 2269 2751 2275 ,

1912 2288 1991 2334 An
2012 2285 2197 2336 saltem
2223 2293 2465 2339 teneatur
2490 2287 2603 2352 ipse
2626 2288 2948 2350 renuntiare,
2974 2287 3093 2342 eod.
3120 2301 3172 2339 n.
3205 2291 3285 2340 18.

1851 2363 1928 2410 82.
1969 2361 2105 2426 Papa
2122 2360 2334 2415 dubiuS.
2360 2363 2425 2414 de
2452 2365 2601 2429 eujus
2626 2377 2754 2418 vera
2776 2365 3033 2418 electione
3054 2371 3299 2418 constare
3322 2376 3412 2416 ne-

1914 2435 2027 2499 quit
2055 2442 2247 2500 potest,
2282 2437 2351 2490 ab
2384 2440 2617 2492 Ecclesia
2643 2440 2851 2506 deponi,
2878 2440 3028 2497 ibid..
3054 2454 3106 2492 n.
3134 2445 3212 2492 19.

1852 2513 1928 2560 99.
1968 2511 2134 2563 Verus
2174 2513 2329 2579 Papa.
2375 2515 2469 2566 sed
2498 2516 2597 2568 soli
2636 2517 2739 2568 Deo
2779 2522 2956 2578 notus,
2990 2516 3033 2567 si
3066 2515 3135 2568 ab
3175 2513 3411 2567 Ecclesia

1911 2585 2228 2652 deponatur,
2260 2589 2420 2641 etiam
2442 2603 2623 2643 coram
2658 2591 2761 2644 Deo
2782 2590 3083 2657 deponitur,
3113 2591 3239 2643 ibid.

1851 2664 1929 2715 91.
1968 2663 2107 2729 Papa
2145 2677 2212 2716 an
2244 2666 2414 2731 possit
2452 2679 2569 2720 esse
2598 2667 2986 2730 schismaticus,
3019 2675 3166 2720 tract.
3192 2671 3239 2728 9,
3268 2666 3406 2736 disp.

1914 2741 1993 2799 12,
2020 2747 2147 2791 sect.
2178 2745 2219 2803 ι,
2250 2753 2302 2792 ιι.
2334 2745 2380 2792 ιι.

1851 2816 1928 2864 95.
1968 2813 2203 2867 Pontifici
2236 2814 2325 2880 qui
2368 2816 2520 2870 Petro
2548 2817 2822 2880 successit,
2854 2831 2921 2870 an
2952 2817 3147 2870 fuerint
3183 2817 3408 2884 subjecti

1913 2889 2150 2953 Apostoli
2195 2895 2322 2943 tunc
2348 2892 2604 2954 viventes,
2635 2900 2784 2947 tract.
2831 2898 2875 2956 1,
2918 2893 3055 2960 disp.
3089 2898 3167 2956 10,
3194 2901 3320 2946 sect.
3357 2898 3405 2954 1,

1913 2977 1965 3015 n.
1994 2969 2073 3016 28.

1849 3044 1927 3092 96.
1964 3041 2105 3107 Papa
2131 3042 2393 3095 definiens
2426 3057 2488 3096 ex
2516 3044 2772 3097 cathedra
2791 3044 2909 3098 sine
2930 3045 3183 3107 Concilio,
3215 3050 3297 3097 est
3319 3057 3410 3096 re-

1910 3117 2034 3184 gula
2069 3118 2191 3170 fidei
2222 3118 2531 3182 infallibiliS,
2575 3126 2722 3174 tract.
2756 3125 2803 3184 1,
2852 3120 2991 3186 disp.
3037 3126 3082 3183 5,
3124 3129 3251 3174 sect.
3287 3127 3335 3184 8,
3376 3133 3409 3174 a

1911 3205 1965 3244 ιι.
1998 3195 2043 3246 1.

1849 3271 1926 3318 97.
1963 3268 2101 3332 Papa
2130 3279 2308 3322 errare
2347 3283 2455 3324 non
2488 3277 2659 3336 potest
2690 3270 2742 3323 in
2783 3272 3078 3338 praeceptis,
3127 3285 3221 3326 seu
3250 3272 3411 3326 rebus

1913 3343 2205 3396 moralibus
2230 3358 2363 3410 quas
2388 3345 2546 3398 tradit
2562 3353 2614 3399 et
2636 3347 2897 3413 approbat
2919 3361 3015 3416 pro
3040 3348 3293 3402 universa
3316 3349 3416 3402 Ec-

1911 3419 2091 3480 clesia,
2115 3419 2266 3484 ibid„
2300 3435 2331 3473 a
2361 3435 2413 3474 ιι.
2442 3427 2488 3474 7.

1912 3495 2017 3548 Nec
2038 3496 2197 3548 etiam
2234 3497 2286 3548 in
2316 3497 2715 3552 canonizatione
2739 3501 3074 3561 Sanctorum,
3102 3513 3153 3552 n.
3182 3505 3234 3550 8.

1912 3571 2019 3622 Nec
2045 3571 2433 3636 approbatione
2472 3574 2808 3640 religionum,
2840 3575 3019 3640 quoad
3056 3587 3239 3627 earum
3281 3575 3414 3628 sub-

1913 3646 2182 3710 stantiam,
2210 3659 2262 3698 n.
2296 3653 2343 3698 9.

1853 3727 1931 3774 98.
1968 3724 2107 3788 Papa
2135 3736 2296 3788 quam
2321 3724 2511 3776 debeat
2532 3725 2789 3779 adhibere
2819 3726 3147 3794 diligentiam
3171 3727 3238 3779 ad
3279 3728 3415 3780 defi-

1914 3798 2173 3850 niendum
2198 3799 2400 3864 aliquid
2424 3799 2490 3852 de
2518 3799 2641 3864 fide,
2666 3815 2775 3855 non
2818 3810 3138 3870 congregato
3178 3803 3415 3856 concilio

1913 3873 2166 3939 generali,
2196 3875 2345 3937 ibid„
2371 3889 2422 3926 n.
2448 3879 2527 3928 11.

1916 3948 2050 4010 Quid
2076 3949 2120 4001 si
2151 3949 2292 4015 Papa
2325 3951 2443 4003 sine
2468 3953 2745 4016 praemissa
2773 3952 3046 4020 diligentia
3074 3953 3309 4018 definiat,
3341 3955 3415 4010 ib.

1855 4027 1930 4074 99.
1970 4026 2028 4076 In
2058 4024 2197 4090 Papa
2232 4024 2425 4078 residet
2449 4039 2758 4093 supremum
2779 4030 2865 4090 jus
2889 4029 3127 4082 mittendi
3162 4031 3418 4096 praedica-

1915 4105 2059 4152 tores
2109 4101 2173 4152 ad
2220 4103 2629 4155 conversionem
2672 4103 2985 4170 infidelium,
3013 4113 3160 4159 tract.
3186 4111 3232 4170 1,
3274 4105 3413 4174 disp.

1917 4182 1995 4240 18,
2028 4183 2156 4230 sect.
2189 4181 2234 4238 1,
2266 4191 2319 4230 ιι.
2351 4183 2398 4230 6.

1915 4253 2047 4304 Item
2091 4253 2177 4316 jus
2207 4253 2410 4305 tutandi
2450 4252 2821 4318 praedicatores
2850 4252 2919 4307 ab
2962 4256 3225 4321 hostibuS,
3256 4259 3416 4312 etiam

1919 4341 2014 4392 per
2042 4327 2260 4388 bellum,
2286 4341 2339 4380 n.
2371 4333 2417 4380 7.

1854 4407 1932 4456 10.
1969 4404 2111 4470 Papa
2146 4410 2314 4470 potest
2338 4406 2441 4458 hoc
2464 4412 2550 4470 jus
2575 4405 2971 4460 communicare
2999 4408 3214 4477 regibus
3236 4411 3418 4463 Chris-

1919 4478 2096 4540 tianiS,
2121 4487 2172 4531 et
2199 4492 2361 4545 regna
2385 4477 2677 4533 infidelium
2708 4480 2787 4533 eis
2828 4482 3165 4547 distribuere,
3198 4491 3254 4538 ut
3295 4487 3417 4540 fidei

1919 4553 2297 4620 praedieatores
2328 4555 2453 4608 illuc
2484 4558 2707 4618 mittant,
2732 4570 2932 4622 eosque
2962 4564 3225 4622 tueantur,
3250 4575 3303 4614 ιι.
3334 4567 3381 4615 7.

2507 4724 2563 4761 ΡΑ
2570 4725 2771 4763 BOCEUS.

1858 4837 1904 4886 1.
1943 4835 2212 4888 Parochus
2240 4841 2448 4887 tenetur
2476 4835 2633 4887 etiam
2668 4850 2787 4888 cum
2813 4837 2933 4892 vitae
2956 4840 3191 4904 periculo
3228 4843 3420 4895 ovibus

1921 4911 1976 4962 in
2004 4911 2317 4963 necessitate
2335 4912 2480 4974 gravi
2504 4913 2763 4976 spirituali
2790 4917 3089 4968 constitutis
3113 4919 3417 4982 subvenire,

1921 4992 2069 5038 tract.
2096 4989 2143 5042 9,
2178 4983 2315 5050 disp.
2348 4991 2397 5044 9,
2422 4995 2549 5038 sect.
2583 4993 2631 5046 2,
2670 5001 2723 5040 ιι.
2753 4993 2799 5037 1.

1915 5061 2127 5113 Etcum
2161 5061 2339 5126 aliquo
2377 5061 2576 5115 damno
2616 5065 2892 5129 temporali
2918 5066 3207 5120 subvenire
3232 5081 3422 5122 neces-

1918 5133 2161 5188 sitatibus
2195 5137 2591 5200 communibus,
2616 5137 2767 5201 ibid„
2790 5153 2843 5192 n.
2875 5145 2921 5193 5.

2370 5294 2457 5331 Pu·
2464 5295 2539 5337 ER.
2578 5295 2902 5336 pandamus.

1856 5396 1902 5446 1.
1940 5394 2019 5446 Αιι
2057 5391 2416 5458 praeferendus
2451 5393 2504 5445 in
2542 5393 2826 5449 dilectione
2862 5397 3037 5457 matri,
3083 5397 3211 5456 filio.
3250 5401 3421 5465 uxori,

1917 5477 2010 5521 aut
2030 5469 2199 5521 cuivis
2226 5467 2423 5536 insigni
2448 5469 2795 5536 benefactori,
2818 5472 2939 5526 vide
2961 5488 3249 5527 onaan-ms
3270 5491 3419 5542 οιιιο,

1923 5557 1975 5596 n.
2008 5547 2087 5605 22,
2111 5547 2172 5594 26
2196 5551 2248 5596 et
2276 5555 2390 5609 seq.
