3900 6217
635 420 803 471 SECT.
840 420 901 471 11.
938 420 1053 472 SUB
1086 419 1211 484 QUA
1243 418 1514 471 RATIONE
1547 416 1817 471 Pontum
1850 418 2009 469 DEUS
2041 414 2136 467 SlT
2171 414 2481 469 omEcTuu
2515 414 2900 468 CHARITATIS.

796 626 1010 678 sncho
1043 627 1087 677 1(
1094 666 1105 677 .

170 798 301 862 Sub
344 814 463 879 qua
504 797 741 861 rationo
782 798 1033 877 formali
1075 799 1241 860 Deus
1300 796 1389 860 sit
1447 796 1735 875 objectum

793 892 1141 955 charitatis.

248 1083 306 1140 1.
356 1078 580 1142 Prima
602 1080 908 1141 resolutio.
927 1079 1237 1140 -Primo
1260 1082 1499 1138 constat
1538 1078 1735 1137 Deum

166 1172 285 1233 sub
324 1174 570 1233 ratione
618 1173 767 1233 boni
806 1190 937 1235 esse
1002 1172 1310 1251 objectum
1362 1170 1681 1231 charitatis
1711 1192 1729 1245 3

163 1270 319 1347 quia
364 1268 633 1329 charitas
672 1269 753 1329 ad
802 1269 1185 1330 voluntatem
1230 1272 1502 1347 spectat,
1546 1270 1609 1326 et
1646 1271 1736 1325 est

173 1378 374 1424 amor.
430 1362 683 1423 Constat
743 1363 1015 1423 secundo
1074 1364 1269 1423 Deum
1322 1360 1436 1421 sub
1500 1360 1737 1419 ratione

164 1458 400 1517 summi
438 1456 611 1532 boni,
644 1462 893 1536 propter
928 1476 993 1516 se
1021 1454 1329 1529 amabilis,
1368 1470 1497 1516 esse
1537 1453 1739 1531 objec-

166 1558 307 1611 tum
346 1551 665 1612 charitatis
684 1567 703 1628 3
736 1552 825 1611 ita
856 1552 924 1611 D.
963 1550 1253 1625 ThomaS,
1294 1568 1355 1629 q.
1386 1551 1489 1624 23,
1518 1554 1635 1609 art.
1672 1548 1733 1622 5,

162 1645 241 1703 ad
264 1644 641 1719 secundum,
674 1650 737 1705 et
766 1650 882 1705 art.
912 1645 975 1718 6,
1006 1644 1072 1703 in
1102 1660 1379 1722 corpore.
1412 1642 1593 1703 Ratio
1620 1648 1732 1716 est,

162 1738 319 1816 qnia
360 1738 425 1796 in
458 1738 571 1797 hoc
598 1737 806 1799 differt
852 1736 1139 1810 charitas,
1170 1742 1235 1796 et
1276 1737 1355 1796 ab
1394 1736 1565 1794 omni
1610 1734 1735 1795 alia

166 1830 504 1891 dilectione
544 1831 692 1890 boni
740 1832 953 1906 creati,
980 1836 1043 1890 et
1094 1846 1131 1889 a
1176 1830 1502 1890 dilectione
1542 1828 1737 1906 ipsius

162 1925 321 1997 Dei,
367 1940 507 2002 quoe
542 1925 632 1983 est
674 1924 1191 2001 concupiscentiae
1238 1922 1337 1981 vel
1382 1922 1547 2001 spci3
1589 1937 1737 1980 nam

161 2018 303 2077 haec
320 2018 525 2095 diligit
544 2016 737 2079 Deum
766 2023 839 2077 ut
863 2034 1180 2077 summum
1208 2016 1439 2076 bonum
1470 2014 1739 2093 diligen·

162 2111 271 2179 tis,
304 2110 569 2170 charitas
612 2128 761 2172 vero
792 2115 962 2170 amat
990 2111 1187 2170 Deum
1228 2115 1479 2188 propter
1518 2126 1605 2169 se.

248 2204 311 2263 2.
360 2200 639 2280 objectio.
668 2234 747 2249 —-—
774 2204 990 2263 Dices:
1044 2204 1201 2262 Deus
1236 2220 1363 2263 non
1400 2201 1599 2262 solum
1646 2207 1737 2263 est

162 2296 457 2356 amabilis
495 2314 571 2357 ex
596 2296 901 2357 charitate
927 2341 947 2371 ,
1000 2296 1149 2375 quia
1193 2294 1393 2355 bonus
1443 2300 1577 2370 est,
1628 2296 1736 2357 sed

162 2391 323 2468 quia
354 2390 630 2468 sapiens,
655 2390 882 2468 justus,
916 2389 1283 2460 misericors,
1316 2394 1430 2449 etc.
1466 2390 1737 2469 Respon-

164 2484 291 2542 deo
332 2484 658 2561 dupliciter
699 2482 969 2561 intelligi
1002 2498 1177 2561 posse
1218 2481 1379 2541 hanc
1427 2499 1737 2544 summam

164 2574 557 2637 bonitatem:
608 2576 836 2656 primu,
864 2582 936 2635 ut
969 2576 1339 2635 attributum
1378 2575 1738 2636 distinctum

162 2670 255 2729 ab
288 2670 447 2745 aliis,
478 2678 543 2731 et
571 2672 917 2749 importans
942 2686 1254 2729 summam
1299 2668 1739 2748 perfectionem

174 2762 249 2824 in
292 2764 626 2842 operando,
656 2770 721 2825 et
758 2763 875 2824 hoc
904 2763 1089 2823 modo
1132 2780 1259 2823 non
1300 2769 1393 2824 est
1420 2764 1742 2843 adaequata

176 2860 341 2917 ratio
381 2856 729 2917 dilectionis
755 2857 889 2927 Dei,
932 2858 1091 2916 sicut
1132 2874 1335 2935 neque
1365 2857 1470 2917 illa
1506 2864 1599 2918 est
1642 2876 1741 2918 ra·

174 2951 267 3011 tio
310 2951 631 3030 adaequate
664 2950 1023 3011 beatificans
1058 2950 1399 3011 hominem.
1434 2950 1570 3012 Alio
1609 2968 1739 3011 mo·

175 3044 259 3102 do
298 3042 539 3103 bonitas
578 3043 887 3122 significat
912 3042 1254 3103 absolutam
1299 3044 1738 3123 perfectionem

172 3137 243 3197 in
289 3138 463 3198 omni
517 3155 744 3215 genere
798 3137 1201 3213 excellentiae,
1247 3156 1355 3199 seu
1396 3136 1739 3198 absolutam

172 3230 605 3291 excellentiam
642 3231 709 3291 in
752 3232 924 3291 omni
957 3246 1187 3310 genere
1215 3228 1647 3310 perfectionis3
1680 3236 1741 3291 et

174 3323 299 3383 hoc
336 3324 523 3383 modo
567 3332 661 3385 est
700 3324 860 3385 ratio
886 3324 1165 3385 formalis
1205 3325 1431 3402 objecti
1475 3324 1741 3385 charita·

178 3417 259 3476 tis
300 3417 549 3497 propria
576 3423 639 3477 et
675 3416 976 3497 specialis,
1020 3418 1169 3497 quia
1208 3417 1467 3478 licet‘sit
1492 3418 1745 3479 univer-

174 3510 321 3571 salis
341 3511 409 3571 in
436 3510 815 3571 continendo
843 3508 1285 3591 perfectionem
1308 3527 1582 3585 omnem,
1601 3526 1743 3589 pro·

182 3609 317 3683 pter
351 3604 518 3683 quod
544 3604 852 3665 sufficiens
880 3610 973 3665 est
990 3604 1072 3663 ad
1100 3602 1472 3681 explendam
1504 3603 1739 3683 capaci-

176 3704 371 3759 tatem
412 3705 474 3760 et
518 3700 861 3779 appetitum
890 3697 1185 3767 hominis,
1216 3704 1429 3759 tamen
1457 3698 1523 3759 in
1552 3714 1616 3759 se
1650 3704 1741 3759 est

178 3790 633 3870 simplicissima
678 3790 837 3852 ratio
851 3836 873 3868 ,
912 3808 1053 3871 quai
1105 3790 1431 3871 specialem
1484 3790 1740 3853 modum

174 3884 525 3946 dilectionis
561 3885 844 3965 requirit.

256 3979 317 4038 3.
350 3976 613 4059 objectio
636 3976 870 4057 prima.
890 4010 970 4027 --
994 3978 1260 4043 Salutio.
1278 3977 1494 4038 —Scd
1522 3984 1739 4039 contra

176 4070 441 4132 secundo
470 4092 483 4131 ε
518 4088 663 4132 nam
694 4088 905 4133 amare
942 4074 1139 4134 Deum
1164 4079 1414 4153 propter
1441 4071 1740 4132 beneficia

174 4163 355 4225 nobis
398 4164 642 4238 collata,
688 4173 778 4227 est
824 4164 1161 4240 charitatis,
1204 4171 1268 4226 et
1316 4170 1527 4225 tamen
1580 4164 1738 4225 ratio

174 4258 424 4318 amandi
470 4276 596 4319 non
636 4264 729 4321 est
772 4258 1015 4319 bonitas
1046 4259 1177 4335 Dei,
1230 4258 1337 4319 sed
1389 4260 1593 4339 potius
1631 4258 1737 4318 bo·

174 4350 336 4411 nitas
375 4358 600 4429 creata,
646 4352 899 4427 scilicet,
954 4351 1329 4413 beneficium
1384 4351 1559 4412 nobis
1610 4352 1737 4412 fac-

173 4449 330 4504 tum.
362 4442 787 4524 Respondetur
818 4444 987 4505 hunc
1012 4450 1223 4505 actum
1250 4444 1619 4523 regulariter
1644 4462 1738 4505 es·

170 4554 239 4596 se
288 4537 665 4616 imperatum
704 4555 743 4597 a
769 4536 1173 4616 gratitudine,
1217 4538 1345 4617 qui,
1397 4542 1551 4598 teste
1592 4536 1739 4597 divo

170 4632 435 4706 Thomu,
476 4632 746 4692 secunda
772 4631 1077 4706 secundae,
1108 4632 1449 4709 quaestione
1480 4632 1617 4705 106,
1640 4650 1740 4692 ar-

171 4724 363 4786 ticulo
390 4725 616 4804 prim0,
658 4732 728 4785 ut
762 4732 858 4786 est
902 4725 981 4784 ad
1024 4725 1239 4799 Deum,
1279 4732 1371 4785 est
1414 4742 1556 4803 pars
1595 4724 1740 4786 reli-

170 4818 401 4897 gionis„
436 4818 534 4879 vel
562 4820 695 4897 ipsa
733 4818 974 4897 religi0,
1014 4824 1225 4880 tamen
1272 4817 1539 4878 elicitive
1572 4826 1661 4879 est
1700 4835 1739 4879 a

169 4913 493 4987 charitate,
531 4913 933 4992 proximaque
967 4912 1125 4973 ratio
1161 4911 1385 4991 objecti
1420 4913 1485 4972 in
1513 4911 1620 4971 illa
1648 4912 1739 4972 di-

168 5007 437 5068 lectione
459 5014 555 5067 est
579 5006 819 5069 bonitas
845 5006 980 5082 Dei,
1004 5007 1106 5066 cui
1134 5010 1347 5067 tamen
1375 5006 1737 5086 obsequium

167 5100 329 5161 illud
356 5102 671 5178 gratitudo
698 5101 999 5179 imperat3
1032 5100 1193 5160 sicut
1214 5100 1266 5159 si
1289 5100 1426 5179 quis
1448 5101 1635 5161 etiam
1658 5100 1738 5159 ob

166 5193 541 5255 beneficium
566 5201 917 5273 susceptum
946 5192 1093 5253 velit
1114 5192 1365 5253 credere
1372 5208 1393 5271 3
1424 5210 1565 5253 nam
1598 5192 1739 5253 licet

164 5288 387 5367 religio
414 5290 493 5349 sit
518 5289 727 5349 minus
751 5289 1023 5369 perfecta
1046 5288 1244 5348 virtus
1271 5304 1459 5367 quam
1478 5287 1735 5349 Theolo-

164 5385 325 5462 gicae
350 5431 364 5455 ,
406 5389 617 5444 tamen
653 5382 969 5444 interdum
1021 5388 1269 5463 propter
1312 5400 1493 5442 suum
1544 5380 1735 5443 finem

164 5484 381 5539 movet
402 5476 540 5538 illas
560 5476 639 5537 ad
665 5491 882 5538 earum
913 5482 1125 5551 actus;
1164 5494 1289 5554 qua
1312 5477 1553 5536 ratione
1584 5474 1736 5535 dicit

168 5571 559 5651 Augustinus
583 5570 651 5632 in
678 5568 1058 5646 EnchiridiO,
1109 5586 1422 5631 summum
1468 5568 1577 5629 Dei
1606 5569 1734 5630 cul-

3256 408 3374 472 637

1810 522 1944 577 tum
1975 515 2043 576 in
2077 514 2312 576 actibus
2349 514 2517 591 fidei,
2562 514 2690 593 spei
2722 518 2784 573 et
2815 513 3130 575 charitatis
3154 515 3378 575 consis-

1810 616 1961 672 tere.
2000 610 2172 683 Quod
2200 609 2250 670 si
2276 627 2522 688 urgeaS,
2553 626 2727 688 posse
2766 626 2880 669 nos
2926 608 3085 669 velle
3115 608 3238 669 Deo
3267 608 3376 669 bo-

1815 720 1969 765 num
1985 703 2262 783 proxime
2277 711 2337 763 et
2351 704 2436 763 im
2447 703 2712 763 mediate
2742 709 2990 783 propter
3001 702 3377 764 beneficium

1815 798 2072 872 factum,
2111 797 2516 876 respondetur
2556 804 2762 857 actum
2808 796 2984 858 illum
3032 815 3160 858 esse
3211 798 3377 858 elici-

1816 899 1951 953 tum
1983 910 2018 952 a
2048 890 2448 970 gratitudine,
2479 908 2606 951 non
2643 908 2680 951 a
2711 891 3048 962 charitate3
3083 890 3242 951 addo
3289 898 3379 951 ta-

1816 1004 1962 1047 men
2007 986 2169 1046 hanc
2207 984 2677 1063 gratitudinem,
2723 992 2794 1045 ut
2842 985 3108 1065 perfecta
3143 987 3262 1061 sit,
3318 991 3380 1047 et

1815 1080 2155 1141 amicitiam
2187 1080 2488 1158 respiciat,
2524 1098 2646 1139 non
2680 1086 2808 1140 tam
2833 1097 2958 1140 esse
2998 1087 3246 1159 propter
3273 1080 3381 1140 he-

1814 1174 2103 1234 neficium
2128 1174 2292 1252 quod
2319 1174 2386 1232 in
2411 1172 2586 1233 nobis
2607 1172 2698 1247 fit,
2726 1190 2912 1253 quam
2936 1179 3186 1253 propter
3210 1191 3380 1233 amo·

1815 1284 1944 1328 rem
1979 1284 2054 1327 ex
2082 1284 2204 1345 quo
2233 1266 2388 1326 illud
2423 1267 2638 1327 oritur.
2673 1268 2761 1326 lta
2789 1268 2859 1325 D.
2911 1266 3176 1325 Thomas
3216 1266 3277 1325 2.
3315 1266 3377 1340 2,

1817 1360 2154 1439 quaestione
2187 1363 2325 1435 106,
2352 1360 2590 1421 articul.
2622 1362 2679 1420 5.
2707 1360 2882 1420 Unde
2905 1378 3044 1419 cum
3067 1360 3224 1419 Deus
3247 1376 3382 1437 per-

1817 1454 1977 1515 fecte
2003 1460 2247 1514 amatur
2283 1460 2534 1533 propter
2559 1452 2949 1525 beneficium,
2974 1453 3176 1532 potius
3205 1469 3383 1512 ama-

1817 1555 1919 1608 tur
1946 1548 2095 1626 quia
2125 1564 2236 1607 nos
2265 1555 2432 1607 amat
2453 1563 2474 1625 3
2523 1546 2640 1608 hoc
2668 1552 2876 1607 autem
2921 1545 3234 1607 charitatis
3266 1551 3380 1621 est,

1816 1647 1879 1701 et
1906 1640 2215 1716 amicitiae,
2248 1658 2450 1721 neque
2482 1652 2652 1701 actus
2679 1640 2866 1719 hujus
2894 1640 3052 1700 ratio
3081 1638 3384 1717 obJectiva

1816 1741 1907 1795 est
1935 1742 2111 1795 extra
2153 1734 2428 1794 divinam
2459 1732 2837 1807 bonitatem3
2893 1751 3037 1792 nam
3065 1751 3239 1793 amor
3261 1750 3384 1813 quo

1815 1830 1976 1889 Deus
1997 1847 2109 1889 nos
2139 1835 2330 1903 amat,
2365 1829 2495 1907 ipse
2523 1828 2684 1889 Deus
2709 1832 2820 1897 est,
2855 1832 2915 1886 et
2945 1844 3188 1887 summa
3216 1846 3384 1907 quae·

1816 1923 1962 1984 dam
1987 1923 2275 2003 perfectio
2306 1924 2438 2001 ojus
2473 1940 2487 1995 3
2522 1923 2667 1983 item
2698 1922 2829 2001 ipse
2859 1938 2970 1981 nos
3005 1925 3198 1996 amat,
3237 1921 3385 2001 quia

1816 2020 2020 2081 bonus
2049 2025 2172 2095 est3
2209 2018 2370 2079 unde
2418 2018 2563 2097 quia
2604 2023 2849 2078 amatur
2879 2036 2950 2077 eo
2992 2014 3157 2097 quod
3191 2020 3380 2091 amet,

1713 2166 1719 2173 .
1818 2119 2066 2175 amatur
2087 2113 2273 2173 ctiam
2309 2112 2453 2191 quia
2483 2112 2682 2171 honus
2713 2118 2822 2172 est.

1896 2210 1956 2269 4.
1992 2208 2204 2272 Tertia
2232 2212 2289 2271 et
2306 2208 2621 2287 proecr'pua
2650 2206 2915 2283 objectio.
2944 2237 3026 2250 —
3063 2204 3386 2287 Confirma-

1816 2309 1942 2367 tur.
1968 2334 2049 2347 -
2077 2299 2356 2363 Aliorum
2396 2286 2720 2379 responsio.
2753 2333 2830 2343 —-
2861 2298 3193 2378 Rejicitur‚
3218 2304 3274 2361 et
3291 2318 3384 2361 ve-

1816 2412 1893 2458 ra
1917 2395 2212 2458 sententia
2249 2394 2569 2457 statuitur.
2600 2425 2682 2438 —
2709 2392 2916 2453 Tertia
2944 2398 3006 2452 et
3035 2393 3233 2471 major
3265 2390 3385 2451 dif-

1818 2490 2059 2551 ficultas
2097 2494 2210 2557 est,
2244 2506 2388 2547 nam
2425 2496 2623 2547 totum
2655 2485 2809 2547 illud
2853 2486 3162 2565 objectum
3197 2504 3234 2546 a
3274 2502 3384 2547 no·

1818 2584 1909 2643 bis
1938 2583 2208 2663 positum
2249 2596 2578 2640 commune
2607 2585 2698 2639 est
2741 2579 3024 2640 charitati
3056 2578 3295 2654 infusae,
3323 2584 3384 2639 et

1820 2676 2018 2737 amori
2047 2673 2314 2735 naturali
2344 2674 2482 2748 Dei;
2530 2690 2671 2733 cum
2713 2690 2860 2750 crgo
2889 2672 2954 2733 hi
2984 2691 3222 2733 amores
3261 2674 3387 2733 sint

1822 2769 2130 2843 distincti,
2172 2773 2413 2847 oportet
2455 2767 2770 2844 assignare
2811 2767 3100 2827 distincta
3145 2766 3385 2846 objecta

1821 2862 2126 2923 formalia.
2179 2851 2610 2935 Confirmatur,
2662 2878 2808 2920 nam
2856 2878 3031 2921 amor
3078 2860 3276 2921 tendit
3315 2859 3383 2921 iu

1820 2957 2043 3029 Deum,
2077 2960 2256 3033 prout
2282 2954 2349 3013 in
2384 2971 2448 3013 se
2490 2960 2626 3030 est3
2657 2970 2804 3031 ergo
2841 2954 3044 3013 omnis
3072 2970 3246 3013 amor
3273 2952 3385 3013 Dei

1820 3047 2021 3109 tendit
2049 3048 2114 3107 in
2157 3046 2363 3126 ipsum
2405 3050 2654 3125 propter
2694 3062 2868 3107 suam
2917 3046 3281 3122 bonitatem,
3322 3052 3385 3107 et

1819 3148 1889 3201 ut
1916 3142 1983 3201 in
2013 3158 2076 3201 se
2101 3148 2226 3217 est3
2257 3156 2404 3217 ergo
2431 3138 2548 3199 hoc
2566 3138 2872 3218 obJectum
2911 3156 3238 3199 commune
3266 3144 3381 3215 est,

1820 3252 1945 3296 non
1973 3234 2293 3313 proprium
2323 3230 2664 3293 charitatis,
2703 3232 2960 3313 Propter
2983 3232 3102 3292 boc
3131 3230 3384 3311 quidam

1821 3328 2190 3403 concedunt,
2222 3326 2462 3387 nullam
2497 3344 2626 3387 esse
2657 3327 2723 3387 in
2755 3326 2872 3387 hoc
2904 3326 3380 3401 distinctionem,

1814 3427 2382 3500 consequenterque
2409 3425 2642 3499 negant
2678 3436 2808 3481 esse
2840 3418 3110 3499 aliquem
3141 3418 3252 3480 Dei
3281 3436 3386 3478 ve-

1821 3532 1962 3576 rum
1986 3532 2285 3590 amorem,
2316 3516 2577 3593 quinon
2598 3514 2676 3573 sit
2703 3512 3016 3574 charitatis
3043 3510 3280 3588 infusae,
3314 3529 3384 3573 ac

1820 3608 2116 3687 rejiciunt
2134 3607 2302 3668 illam
2322 3607 2780 3668 distinctionem
2799 3606 2929 3681 Dei,
2957 3612 3027 3665 ut
3050 3612 3268 3666 auctor
3294 3609 3384 3665 est

1822 3708 2086 3776 naturae,
2127 3700 2232 3761 vel
2269 3708 2338 3761 ut
2385 3700 2694 3779 objectum
2731 3697 3201 3779 supernaturale
3232 3717 3248 3772 ;
3297 3698 3384 3757 ita

1820 3796 2049 3874 Bayus‚
2075 3794 2142 3855 in
2174 3812 2385 3873 opusc.
2417 3794 2495 3853 de
2522 3792 2852 3854 Charitat'e.
2881 3792 2997 3854 Sed
3026 3797 3118 3853 est
3138 3798 3382 3853 senten-

1818 3890 1907 3949 tia
1930 3888 2189 3948 omnino
2217 3888 2394 3964 falsa,
2441 3893 2504 3947 et
2545 3886 2708 3949 inter
2743 3886 2894 3947 alias
2937 3885 3383 3965 propositiones

1820 3980 2004 4061 hujus
2033 3980 2295 4041 auctoris
2337 3980 2563 4059 rejecta
2600 3980 2666 4039 in
2704 3980 2894 4040 Bullis
2926 3980 3019 4039 Pii
3053 3978 3108 4039 V
3149 3984 3210 4039 et
3236 3978 3383 4067 Gre:

1820 4074 1980 4153 gorii
2027 4071 2184 4150 xm,
2235 4080 2298 4134 et
2338 4080 2429 4135 est
2466 4079 2684 4135 contra
2731 4074 2798 4134 D.
2853 4074 3156 4135 Thomam
3204 4076 3258 4133 1.
3315 4072 3378 4146 2',

1818 4172 2035 4247 quaest.
2095 4168 2247 4243 109,
2297 4173 2414 4227 art.
2473 4168 2510 4228 3
2529 4182 2550 4244 3
2609 4164 2972 4240 Quodlibeto
3019 4170 3078 4241 1,
3123 4172 3242 4226 art.
3297 4166 3335 4225 8
3355 4179 3378 4243 3

1818 4261 2056 4335 Aleos„
2105 4262 2144 4321 2
2199 4266 2392 4340 parte,
2443 4262 2784 4340 quoestione
2825 4262 2939 4335 90,
2993 4258 3273 4322 membro
3318 4271 3378 4335 1,

1817 4354 1993 4417 artic.
2031 4356 2090 4429 1,
2116 4353 2183 4414 in
2212 4354 2395 4414 solut.
2429 4360 2936 4432 argumentorum
2955 4368 2976 4430 3
3011 4354 3377 4431 Bonavent.‚

1819 4448 1887 4508 in
1914 4448 1978 4525 2,
2007 4446 2280 4508 distinct.
2310 4448 2370 4523 3,
2394 4454 2507 4507 art.
2531 4449 2586 4519 3,
2614 4452 2830 4526 quaest.
2859 4450 2896 4508 2
2926 4453 2986 4507 et
3007 4444 3157 4508 alios
3185 4446 3382 4509 Theo-

1818 4541 2014 4621 logos,
2045 4558 2200 4620 quos
2236 4538 2315 4601 ob
2339 4540 2708 4600 brevitatem
2738 4542 2955 4600 omitto
2980 4545 3019 4601 ¹.
3056 4540 3233 4601 Ratio
3263 4548 3378 4617 est,

1819 4636 1966 4714 quia
1991 4635 2177 4695 homo
2205 4652 2284 4695 ex
2328 4632 2600 4694 naturali
2645 4632 3043 4695 inclinatione
3089 4633 3285 4695 fertur
3313 4634 3381 4695 in

1820 4730 2035 4803 Deum,
2066 4734 2136 4787 ut
2165 4732 2256 4788 est
2278 4724 2588 4807 quoddam
2613 4725 2848 4787 bonum
2875 4731 3110 4787 naturae
3139 4744 3381 4787 summe

1818 4820 2086 4882 amabile
2117 4838 2134 4882 ε
2166 4820 2309 4880 huic
2338 4826 2546 4879 autem
2578 4820 2960 4881 inclinationi
2994 4820 3244 4881 additur
3269 4838 3381 4899 per

1819 4914 2185 4975 charitatem
2218 4912 2340 4973 alia
2367 4913 2698 4992 superioris
2722 4914 2953 4974 ordinis
2977 4930 2997 4992 3
3029 4930 3178 4993 ergo
3203 4931 3384 4994 opor·

1820 5012 1911 5069 tet
1948 5015 2013 5068 et
2049 5006 2162 5067 has
2197 5024 2326 5068 esse
2373 5006 2717 5082 distinctas,
2769 5013 2830 5067 et
2865 5008 3119 5069 tendere
3158 5008 3225 5069 in
3275 5009 3380 5068 ob-

1815 5101 1978 5179 jecta
2027 5100 2284 5161 diversis
2328 5098 2694 5161 rationibus.
2747 5100 3181 5177 confirmatur,
3233 5103 3380 5181 quia

1818 5201 2060 5255 certum
2095 5200 2187 5254 cst
2227 5194 2424 5253 Deum
2457 5192 2684 5255 habere
2721 5194 3030 5272 duplicem
3072 5196 3379 5256 rationem

1817 5286 1962 5347 finis
1985 5286 2190 5348 ultimi
2211 5292 2486 5367 respectu
2507 5288 2799 5348 humanae
2826 5294 3090 5363 naturae,
3121 5288 3373 5365 scilicet,

1814 5381 2114 5442 naturalis
2153 5386 2215 5442 ct
2243 5382 2760 5460 supernaturalis:
2803 5379 2916 5442 sub
2969 5388 3227 5463 utraque
3268 5402 3378 5445 au-

1900 5568 2096 5632 =vide
2123 5568 2165 5629 1.
2201 5573 2221 5631 ι
2260 5568 2337 5631 de
2363 5568 2561 5645 orat„
2591 5588 2644 5631 ο.
2679 5570 2757 5633 3ο
2785 5537 2973 5633 etsi.
