3900 6217
629 388 796 445 ssc‘r.
817 390 916 459 ει.
952 390 1037 448 ΑΝ
1071 392 1382 451 secta-,sna
1413 388 1635 449 umus
1669 384 1838 447 &Nun
1876 384 2069 447 arun
2102 387 2367 447 visimus
2400 386 2619 459 cnut,
2655 384 2790 450 arc.

220 505 382 569 habere
403 499 455 559 in
483 492 644 557 terris
685 493 1016 571 judicium,
1056 495 1162 558 sed
1191 516 1408 561 eorum
1445 496 1670 559 delicta

220 598 292 661 Dei
314 590 498 673 judicio
519 587 820 661 reservari,
853 588 1380 667 quemadmodum
1424 590 1492 651 in
1529 608 1668 651 sen-

215 688 364 753 tentiis
406 679 624 745 concilii
677 678 1178 761 carthaginensis
1233 682 1400 763 apud
1457 684 1664 763 ipsum

215 783 498 863 cyprianum
538 772 812 852 legimus.
853 776 1063 853 Sexto,
1113 776 1552 857 Hieronymus,
1584 778 1664 841 ad

209 879 292 939 Tit.
321 877 366 945 l,
391 870 536 929 docet
557 865 846 929 Ecclesias
879 870 1028 931 olim
1059 871 1318 933 consilio
1349 872 1666 951 presbyte-

207 983 360 1031 rorum
405 960 514 1039 regi
565 962 940 1025 consuevisse
959 985 976 1037 ;
1029 971 1237 1043 postea
1287 982 1470 1041 vero,
1517 965 1666 1045 quia

203 1080 322 1123 unus
353 1054 591 1119 dicebat:
631 1054 770 1135 Eyo
815 1072 952 1119 eum
992 1057 1218 1131 Pauli,
1273 1076 1376 1140 eqo
1419 1058 1661 1139 Apollo,

201 1152 513 1215 constitutum
537 1146 718 1209 fuisse
754 1153 824 1208 ut
851 1166 1014 1209 unus
1055 1151 1290 1211 caeteris
1325 1158 1658 1229 emineret3

195 1265 286 1307 non
305 1259 424 1321 crgo
443 1258 478 1301 a
499 1238 796 1319 principio
821 1242 1031 1305 extitit
1055 1243 1390 1323 spiritualis
1415 1262 1662 1307 monar-

195 1340 314 1399 chia.

249 1434 320 1493 Π.
355 1428 740 1511 Respondete»-
772 1429 859 1493 αδ
891 1430 1286 1513 primum.-·-
1311 1429 1416 1497 Aa
1449 1434 1662 1514 confir·

187 1526 534 1589 παίωνι-
555 1522 664 1585 Ad
685 1526 1031 1589 amodum.
1047 1556 1132 1573 —
1149 1523 1252 1589 Aa
1293 1526 1662 1589 tertium.—

181 1618 257 1681 Aa
274 1622 628 1699 μανίαι-
655 1613 758 1679 Ad
793 1618 1094 1699 quintum.
1119 1652 1198 1667 ·--
1238 1619 1332 1681 Ad
1381 1620 1658 1699 primum

183 1710 526 1791 respondetur,
556 1726 686 1769 non
737 1712 1088 1791 oportuisse
1127 1712 1390 1775 Paulum
1437 1732 1656 1777 nume·

181 1822 276 1867 rare
297 1801 533 1881 singulas
559 1800 844 1865 Ecclesiae
865 1803 1200 1883 dignitates
1220 1806 1288 1867 in
1301 1806 1651 1885 individuo,

186 1898 260 1958 sed
291 1894 446 1957 veluti
491 1896 556 1957 in
601 1896 826 1975 specie.
861 1898 1064 1973 Quare
1091 1916 1232 1960 cum
1271 1899 1474 1980 primo
1518 1901 1654 1963 loco

183 1986 418 2069 Apostolos
460 1994 774 2065 numerat,
799 1989 976 2052 illum
1022 1992 1492 2072 comprehendit
1543 1993 1654 2073 qui

176 2082 488 2161 apostolicam
506 2081 910 2160 dignitatem,
931 2089 1116 2172 atque
1150 2084 1304 2145 adeo
1331 2085 1654 2147 universa-

171 2174 260 2237 lem
283 2180 608 2255 potestatem
635 2176 906 2253 retinet3
931 2196 1120 2257 quem
1147 2184 1312 2240 certe
1337 2179 1474 2239 vult
1502 2180 1660 2242 Pau-

167 2269 238 2329 lus
255 2269 316 2327 ad
341 2268 603 2330 Eoelesiae
643 2269 1102 2333 institutionem
1149 2277 1212 2333 et
1241 2271 1520 2334 debitum
1555 2292 1654 2334 or-

163 2362 320 2423 dinem
343 2380 456 2424 eaee
475 2365 920 2439 necaffiarium,
946 2364 1156 2444 itaque
1181 2365 1654 2446 comprehendit

159 2456 422 2515 Summum
459 2444 854 2531 Pontfficem,
903 2457 1013 2537 qui
1063 2476 1206 2520 vere
1279 2467 1342 2521 et
1407 2461 1651 2541 proprie

157 2565 405 2609 successor
419 2553 505 2609 est
528 2549 970 2628 Apostolorum
995 2572 1009 2611 ε
1047 2552 1332 2613 similiter
1357 2568 1498 2615 cum
1514 2570 1650 2633 pas·

157 2646 314 2701 torum
335 2641 627 2718 meminit,
665 2643 998 2705 Summum
1050 2644 1413 2708 Pontificem
1469 2647 1652 2727 plane

159 2730 378 2809 includit,
435 2734 538 2815 qui
587 2752 924 2815 supremus
968 2743 1060 2798 cst
1092 2737 1382 2801 Ecclesiae
1418 2746 1648 2820 pastor.

157 2826 226 2885 lta
241 2828 568 2903 Bernardus,
611 2826 784 2889 libro
812 2830 994 2890 tertio
1023 2829 1100 2891 de
1147 2831 1525 2895 considerat.
1559 2832 1653 2896 Ad

166 2920 612 2983 confirmationem
619 2968 642 2999 ,
675 2940 810 2985 non
838 2930 1028 3003 negat
1052 2924 1332 2987 Christus
1381 2926 1651 3007 aliquem

165 3012 210 3069 in
231 3014 438 3077 Ecclesia
479 3014 617 3077 fore
655 3019 962 3096 majorem
1011 3023 1074 3080 et
1118 3019 1502 3099 superiorem
1532 3040 1652 3083 cae-

161 3107 286 3180 teris;
320 3108 432 3168 imo
459 3110 524 3169 id
550 3116 776 3189 aperte
806 3110 1078 3173 affirmat
1104 3113 1342 3176 dicens:
1386 3113 1504 3188 Qui
1525 3134 1652 3177 ma·

145 3200 220 3274 jor
245 3206 314 3263 est
335 3202 398 3263 in
419 3202 605 3279 robis,
631 3206 754 3285 fiat
771 3206 932 3270 sicut
967 3209 1168 3269 minor
1183 3229 1201 3282 ;
1249 3206 1503 3269 modum
1533 3208 1652 3287 igi·

146 3298 220 3349 tur
239 3292 602 3371 gubernandi
631 3298 840 3374 docet,
869 3299 1192 3376 nimirum,
1233 3307 1304 3360 ut
1324 3300 1404 3360 sit
1422 3300 1652 3381 absque

145 3382 350 3463 lastn,et
373 3391 658 3469 appetitu
691 3389 1100 3467 dominandi3
1125 3390 1292 3471 quod
1316 3392 1652 3455 clarissime

145 3488 330 3541 constat
349 3500 419 3543 ex
446 3490 754 3547 contextu
778 3501 800 3562 ;
840 3486 1104 3565 seipsum
1133 3486 1304 3547 enim
1334 3487 1653 3549 constituit

145 3574 459 3653 fxcmplum,
524 3578 643 3657 qui
709 3578 844 3641 sine
899 3580 1311 3641 controversia
1361 3580 1652 3642 omnibus

146 3679 358 3728 iraecrat.
414 3670 511 3731 Ad
555 3672 935 3747 secundum,
977 3672 1086 3733 illo
1119 3680 1544 3753 ·argumento,
1595 3674 1648 3737 si

145 3759 238 3837 [uid
263 3760 433 3837 valet,
455 3764 842 3844 probaretur
887 3754 1012 3827 non
1041 3784 1177 3828 esse
1205 3767 1396 3829 etiam
1443 3786 1649 3829 neces·

146 3852 274 3912 arios
293 3856 352 3916 iu
377 3857 656 3919 Ecclesia
688 3858 1040 3939 EpiscopOS,
1071 3861 1222 3941 quia
1253 3860 1530 3923 Christus
1558 3868 1649 3925 est

145 3942 413 4031 'spiscopus
453 3953 817 4017 animarum
855 3958 1230 4029 nostrarum,
1260 3958 1287 4016 1
1325 3956 1455 4017 Pet.
1485 3956 1554 4031 23
1585 3961 1648 4018 et

147 4040 292 4101 adem
333 4045 575 4108 ratione
607 4064 821 4125 neque
855 4047 1160 4121 Doctoroe,
1201 4066 1404 4128 neque
1457 4049 1650 4128 Apos-

145 4130 256 4199 alos.
297 4154 496 4217 neque
531 4138 922 4215 sacerdotes,
947 4139 1096 4220 quia
1136 4138 1273 4202 haec
1317 4141 1531 4201 omnia
1581 4143 1650 4203 in

146 4224 376 4290 hristum
401 4232 806 4307 conveniunt
820 4255 840 4308 3
875 4240 968 4295 oet
997 4251 1146 4312 ergo
1168 4232 1445 4295 Christus
1465 4241 1651 4314 caput

146 4318 350 4383 cclaeiae
377 4324 802 4406 praecipuum,
847 4324 1238 4388 invisibiliter
1268 4324 1536 4388 influens
1581 4327 1650 4387 in

146 4410 270 4487 lam,
299 4422 524 4495 proeter
563 4418 740 4498 quod
791 4418 1132 4499 requiritur
1183 4418 1424 4481 visibile
1475 4418 1646 4481 aliud

145 4515 278 4585 aput,
308 4510 470 4589 quod
513 4512 694 4573 vices
735 4512 904 4573 illius
941 4518 1138 4592 gerat,
1183 4512 1362 4586 sicut,
1394 4510 1648 4574 absente

145 4616 244 4677 ege,
271 4612 510 4683 oportet
540 4604 829 4685 aliquem
853 4622 962 4687 pro
984 4622 1130 4685 rege
1158 4624 1288 4669 esse
1307 4651 1324 4679 ,
1355 4610 1426 4665 ut
1460 4623 1646 4686 supra

146 4692 260 4755 tiam
291 4696 524 4759 dictum
547 4705 672 4759 est.
701 4698 1020 4773 Quomodo
1048 4706 1260 4761 autem
1285 4698 1404 4761 hoc
1427 4706 1644 4779 praste-

145 4804 194 4847 ea
229 4791 300 4851 sit
321 4794 742 4869 convenienS‚
773 4794 900 4873 jam
930 4794 996 4855 in
1027 4794 1228 4875 prima
1271 4795 1514 4857 ratione
1537 4795 1644 4856 de-

146 4878 472 4962 foravimus3
519 4888 690 4967 quin
739 4888 928 4949 etiam
955 4888 1334 4950 ostendimus
1362 4888 1646 4969 impossi-

145 4974 206 5035 ilc
245 4996 366 5041 esse
415 4981 853 5043 universalem
909 4981 1241 5045 Ecclesiam
1283 4981 1406 5044 alio
1461 4981 1644 5044 modo

145 5066 419 5147 uberum-i,
449 5076 505 5135 si
532 5074 944 5136 secludamus
969 5074 1285 5148 miracula,
1309 5080 1372 5136 et
1397 5075 1645 5137 ordina·

146 5178 236 5221 >am
289 5166 388 5227 Dei
429 5168 904 5247 providentiam
946 5167 1336 5230 attendamus
1391 5168 1482 5229 Ad
1521 5174 1644 5229 ter-

146 5272 254 5331 um,
283 5276 465 5339 supra
503 5262 644 5341 jam
691 5266 920 5341 negata
959 5265 1049 5322 est
1091 5261 1550 5341 consequentia,
1581 5266 1644 5321 et

145 5352 234 5411 ιῑίο
279 5355 650 5418 differentiae
703 5356 1050 5435 assignata3
1103 5354 1372 5416 Ecclesia
1430 5360 1640 5417 autem

145 5462 338 5509 raesens
375 5448 847 5511 accommodari
885 5448 1066 5510 debet
1109 5449 1408 5527 antiquas,
1439 5449 1506 5509 in
1545 5448 1642 5511 his

145 5556 218 5599 uae
257 5542 654 5619 perfectionis
700 5548 870 5619 sunt,
908 5560 1030 5602 non
1062 5548 1272 5603 autem
1319 5541 1386 5601 in
1417 5541 1642 5622 imper·

1747 494 2135 569 lectionibus,
2166 493 2395 576 quippe
2419 514 2559 575 quoe
2592 496 2791 557 multo
2836 497 3161 577 perfectior
3186 509 3301 573 est,

1747 596 1812 651 et
1837 589 2038 668 magis
2066 606 2209 651 una.
2252 589 2399 651 Inde
2424 595 2633 651 autem
2662 595 2863 671 potest
2889 592 3193 655 nonnulla
3222 594 3303 653 si·-

1749 681 2035 743 militudo
2070 682 2320 755 servari,
2358 683 2505 761 quia
2536 684 2725 745 etiam
2756 683 2903 745 olim
2934 686 3001 745 in
3044 686 3307 765 singulis

1745 775 2023 851 familiia,
2050 780 2113 837 et
2138 776 2313 855 quasi
2344 775 2707 855 partialibus
2736 777 3040 851 Ecclesiis‚
3074 780 3139 839 in
3168 782 3305 859 qui·

1745 869 1863 931 bus
1895 876 2030 931 erat
2062 870 2226 931 idam
2256 870 2413 931 ritus
2440 870 2677 931 colendi
2704 872 2923 943 Deum,
2947 891 3111 933 unus
3134 881 3305 935 exta·

1743 961 1852 1025 bat
1874 981 2202 1043 supremus
2228 962 2535 1036 sacerdos,
2564 969 2627 1025 et
2662 972 2849 1044 caput
2898 965 2967 1025 in
3015 966 3303 1045 spiritua-

1746 1055 1928 1130 libus,
1945 1062 2017 1115 ut
2042 1056 2121 1117 de
2138 1055 2539 1117 Melchisedec
2558 1057 2625 1119 in
2650 1076 2763 1119 suo
2788 1076 3001 1138 regno,
3026 1059 3177 1120 Gen.
3206 1062 3299 1135 u,

1741 1149 2124 1221 insinuatur;
2158 1154 2220 1211 et
2254 1149 2421 1211 idem
2450 1150 2721 1219 creditur
2752 1152 2831 1211 de
2850 1151 3117 1223 Adamo,
3150 1154 3301 1227 Noe,

1747 1242 2079 1315 Abraham,
2096 1243 2259 1305 Isaac
2272 1249 2333 1305 et
2350 1242 2543 1305 Jacob
2553 1258 2573 1319 3
2596 1244 3011 1324 Hieronymus
3028 1263 3299 1326 quoque,

1739 1336 1901 1397 libro
1937 1336 2017 1397 de
2060 1337 2524 1399 Traditiouibus
2576 1337 2883 1399 hebraicis
2906 1356 3091 1418 super
3114 1340 3299 1414 Gen„

1737 1431 1929 1495 refert
1958 1432 2059 1510 jus
2084 1432 2357 1511 supremi
2397 1432 2723 1494 sacerdotii
2758 1432 3125 1513 pertinuisse
3154 1439 3301 1495 tunc

1737 1524 1818 1586 ad
1847 1525 2314 1605 primogenitos.
2346 1525 2438 1585 Ad
2462 1530 2783 1603 quartum,
2820 1524 3023 1605 primo
3074 1526 3301 1587 dieitur

1737 1637 1866 1679 non
1910 1636 2042 1681 esse
2070 1616 2271 1679 simile
2310 1618 2387 1679 de
2423 1617 2753 1697 temporali
2803 1618 3082 1679 dominio
3099 1634 3120 1695 3
3152 1636 3299 1680 nam

1737 1712 1886 1793 quia
1919 1710 2377 1792 quodammodo
2404 1710 2687 1772 naturale
2716 1717 2827 1783 est,
2864 1711 2945 1772 ab
2994 1712 3145 1791 ipsis
3188 1711 3303 1772 ho-

1737 1805 2015 1865 minibus
2046 1804 2203 1882 erigi
2232 1809 2295 1865 et
2324 1804 2621 1865 constitui
2660 1804 2841 1865 facile
2872 1809 3089 1883 potest.
3122 1803 3301 1866 Unde

1735 1898 2019 1979 quamvis
2062 1898 2219 1959 Deus
2244 1914 2351 1959 sua
2386 1896 2776 1977 providentia
2829 1914 3025 1975 regna
3070 1896 3301 1975 dirigat

1735 1998 1798 2053 et
1838 1992 2167 2069 gubernet,
2220 2008 2347 2051 non
2401 1996 2612 2051 tamen
2669 1988 2869 2051 voluit
2908 1989 3299 2051 dominatum

1739 2090 1920 2145 terrae
1941 2084 2053 2147 uni
2098 2083 2395 2159 tribuere,
2426 2082 2533 2143 sed
2582 2082 2645 2143 id
2674 2081 2946 2143 libertati
2968 2082 3299 2146 hominum

1737 2176 2111 2256 relinquere.
2168 2176 2371 2250 Quare
2436 2174 2613 2239 nullo
2659 2192 2939 2255 unquam
2992 2182 3295 2255 tempore,

1741 2276 1902 2331 totus
1930 2268 2101 2331 orbis
2122 2268 2239 2329 sub
2264 2287 2393 2329 uno
2416 2268 2695 2348 principe
2718 2268 2897 2341 vixit,
2934 2269 3083 2348 quia
3096 2286 3299 2353 neque

1736 2362 2013 2425 universi
2054 2362 2339 2423 homines
2370 2360 2729 2423 voluntarie
2765 2380 2829 2423 se
2866 2360 2989 2422 illis
3026 2358 3299 2441 subiece-

1731 2462 1903 2529 runt,
1927 2474 2131 2537 neque
2154 2475 2317 2517 unus
2338 2458 2543 2536 potuit
2560 2464 2761 2517 totum
2786 2454 3001 2517 orbem
3031 2456 3297 2519 invitum

1731 2549 1995 2613 subdere
2020 2572 2037 2626 3
2067 2570 2238 2613 secus
2266 2568 2411 2613 vero
2430 2558 2523 2613 est
2558 2552 2633 2613 de
2658 2556 2959 2631 potestate
2991 2550 3297 2631 spirituali

1731 2662 1804 2706 ac
1831 2644 2313 2724 supernaturali,
2355 2662 2493 2725 quae
2530 2662 2567 2705 a
2594 2643 2833 2707 Christo
2884 2644 3183 2718 manavit,
3232 2651 3298 2705 et

1735 2738 1848 2799 uni
1874 2738 2129 2800 concedi
2170 2738 2393 2817 potuit,
2434 2739 2644 2817 sicque
2684 2738 3029 2799 successive
3052 2754 3297 2800 conser-

1732 2830 1889 2904 vari,
1921 2837 1995 2892 ut
2038 2830 2338 2894 dicemus.
2376 2830 2685 2903 Secundo,
2726 2830 2958 2891 dicitur
3004 2848 3134 2891 non
3184 2848 3295 2910 po·

1732 2925 1920 2987 tuisse
1966 2930 2168 2985 totum
2208 2924 2425 2985 orbem
2484 2923 2715 2987 habere
2756 2924 3065 2986 rationem
3088 2910 3295 3014 Turius

1729 3020 1932 3097 regni,
1957 3018 2057 3079 vel
2083 3014 2271 3079 unius
2298 3017 2673 3099 Reipublieoe
2704 3018 3096 3097 temporalis;
3117 3036 3297 3099 opor-

1731 3112 1918 3173 tuisse
1944 3117 2155 3173 autem
2174 3112 2240 3172 in
2264 3110 2530 3173 Ecclesia
2550 3128 2685 3173 esse
2708 3128 2901 3173 unam
2918 3118 2981 3172 et
3008 3112 3293 3173 eamdem

1731 3203 1944 3280 fidem,
1975 3204 2193 3267 eadem
2237 3210 2647 3267 sacramenta.
2679 3208 2741 3265 et
2774 3203 3021 3265 easdem
3064 3204 3294 3285 praeci-

1732 3314 1888 3376 puas
1921 3296 2091 3377 leges
2118 3315 2365 3378 semper
2414 3298 2704 3374 retiner-13
2745 3297 2909 3377 quod
2938 3296 3075 3358 fieri
3128 3302 3294 3359 recte

1733 3408 1859 3452 non
1904 3391 2111 3470 potuit
2141 3391 2375 3471 absque
2410 3407 2537 3451 uno
2574 3390 2797 3470 capite.
2858 3390 3135 3469 Denique
3166 3408 3293 3451 non

1731 3484 2067 3545 admodum
2110 3484 2429 3564 expediret
2476 3484 2665 3545 unica
2695 3489 2965 3565 potestas
2996 3485 3065 3545 in
3098 3501 3295 3563 regno

1729 3578 2083 3657 temporali,
2120 3579 2316 3659 posita
2361 3577 2689 3639 hominum
2729 3576 2966 3639 malitia
2998 3587 3063 3638 et
3106 3594 3294 3658 appe·

1729 3672 1848 3733 titu
1878 3671 2288 3735 dominandi:
2317 3673 2659 3733 consistunt
2684 3672 2855 3733 enim
2888 3688 2963 3733 ac
2987 3678 3293 3750 reguntur

1727 3766 2094 3846 temporalia
2131 3784 2329 3845 regna
2374 3766 2690 3828 coactione
2742 3766 2947 3845 potius
2986 3771 3291 3845 et-poten-

1729 3860 1836 3935 tia,
1859 3877 2161 3939 servoque
2190 3861 2434 3932 timore,
2466 3876 2655 3937 quam
2692 3856 2813 3920 fide
2835 3856 3291 3939 supernaturali

1728 3966 1792 4014 et
1813 3969 2026 4014 amore
2052 3952 2351 4028 filiorum,
2378 3958 2443 4013 et
2466 3951 2628 4029 ideo,
2660 3953 2765 4013 vix
2790 3957 2993 4031 posset
3040 3951 3291 4013 univer·

1729 4065 1830 4108 sus
1857 4048 2025 4109 orbis
2045 4046 2367 4109 commode
2392 4046 2637 4110 subesse
2688 4050 2799 4107 uni
2854 4046 3119 4126 principi
3134 4062 3155 4123 ;
3178 4046 3291 4107 Ec·

1729 4140 1926 4203 clesioe
1960 4147 2169 4203 autem
2226 4140 2435 4202 unitas
2478 4138 2601 4201 fide
2643 4139 3029 4219 potissimum
3058 4138 3291 4203 tuenda

1730 4242 1827 4295 est
1853 4240 1916 4295 et
1947 4234 2388 4308 conservanda,
2420 4250 2546 4313 qua
2591 4238 2755 4294 certe
2792 4232 2941 4295 facit
2976 4250 3192 4294 omnes
3216 4233 3289 4294 li-

1729 4326 1896 4389 deles
1925 4327 2041 4387 uni
2062 4325 2249 4406 capiti
2277 4325 2457 4387 facile
2484 4324 2858 4387 obedientes.
2891 4326 3091 4400 Quam
3114 4326 3291 4389 nulla

1728 4422 1906 4483 estin
1923 4423 2235 4502 proposito
2262 4420 2451 4482 allata
2477 4418 2837 4482 similitudo.
2861 4418 2956 4481 Ad
2970 4420 3284 4499 quintum,

1726 4515 1825 4576 dic
1860 4516 2239 4596 cyprianum
2282 4514 2451 4595 loqui
2492 4530 2621 4575 non
2662 4513 3013 4593 generatim
3046 4513 3123 4575 de
3154 4532 3286 4577 om·-

1725 4606 1908 4669 nibus
1939 4608 2264 4689 episcopis,
2295 4608 2399 4669 sed
2422 4607 2500 4668 de
2526 4607 2606 4667 iis
2628 4606 2737 4687 qui
2764 4606 2831 4667 in
2856 4606 3127 4669 Concilio
3145 4606 3288 4669 Car·

1724 4700 2079 4780 thaginensi
2114 4701 2375 4762 aderant
2390 4716 2411 4779 ;
2440 4701 2607 4781 quod
2660 4716 2807 4761 vero
2852 4700 2965 4774 ait,
3012 4698 3289 4763 defectus

1725 4795 2149 4874 episcoporum
2179 4812 2313 4857 esse
2353 4794 2565 4854 divino
2598 4792 2831 4873 judicio
2858 4792 3283 4868 reservandos,

1723 4887 2019 4966 intelligit
2060 4888 2265 4968 quoad
2309 4888 2579 4968 plurima
2614 4889 2873 4965 occulta,
2902 4906 3163 4969 quaeque
3190 4907 3287 4950 re·

1725 4978 2025 5058 gulariter
2048 4996 2177 5041 non
2206 4987 2459 5059 possunt
2477 4980 2555 5043 ad
2580 4984 2801 5057 unu‘m,
2828 4998 3013 5061 quem
3036 4982 3104 5041 in
3122 4986 3287 5042 terra

1725 5070 1982 5148 habent,
2026 5090 2385 5153 supremum
2406 5066 2681 5152 judicem
2710 5074 2960 5151 deferri,
2994 5080 3056 5135 et
3083 5072 3163 5135 ab
3191 5074 3287 5134 in-

1723 5164 2051 5227 ferioribus
2106 5185 2233 5228 non
2288 5168 2460 5229 decet
2506 5167 2807 5245 judicari3
2850 5168 3015 5246 quod
3068 5173 3283 5228 autem

1721 5260 2009 5339 Episcopi
2049 5260 2425 5340 superiorem
2464 5258 2735 5320 habeant
2772 5259 2841 5321 in
2881 5258 3082 5335 terris,
3131 5260 3283 5322 alias

1722 5370 1882 5431 saepe
1909 5352 2085 5414 docet
2112 5354 2477 5433 Cyprianus,
2514 5359 2583 5411 ut
2607 5351 2765 5411 libro
2796 5352 2855 5425 3,
2888 5350 3156 5431 Epistola
3180 5354 3281 5417 ¹5.

1721 5446 1876 5507 Vide
1897 5446 2339 5525 Augustinnm,
2364 5448 2401 5507 3
2424 5447 2501 5507 de
2520 5446 2851 5525 Baptismo,
2878 5446 3058 5524 capit.
3089 5446 3148 5521 3,
3176 5446 3281 5507 ubi

1722 5540 1958 5601 dictum
1990 5541 2279 5621 Cypriani
2310 5542 2511 5603 locum
2544 5541 2999 5619 interpretatur.
3029 5539 3123 5599 Ad
3146 5554 3283 5601 sex·
