3900 6217
554 327 672 388 732

555 453 628 496 ex
659 435 822 507 odio,
853 438 963 494 aut
1005 452 1082 496 ex
1120 433 1392 510 iuvidia3
1427 451 1617 514 quare
1665 431 1890 493 horum
1939 431 2119 493 vitio·

555 547 696 590 rum
734 527 1038 588 malitiam
1081 527 1426 607 participat.

633 625 694 684 4.
739 622 848 685 E'x
875 639 980 684 suo
1015 641 1221 706 genere
1259 628 1349 686 est
1381 623 1658 697 mortale,
1695 625 1888 702 Juxta
1915 620 2121 684 divum

559 719 867 780 ftomam.
919 751 996 762 --
1049 714 1392 796 Aliquando
1451 722 1796 781 excusatur.
1846 748 1930 761 —-
1976 715 2118 774 Pro-

555 817 768 890 pterea
794 810 952 872 dixit
989 809 1166 872 divus
1207 811 1496 888 ThomaS,
1551 817 1766 890 quaest.
1801 809 2119 887 trigesima

555 905 840 985 septima,
875 919 1100 982 genere
1136 922 1248 965 suo
1297 924 1429 966 esse
1453 911 1782 984 peccatum,
1817 903 2115 976 mortale;

556 1005 619 1060 ct
645 996 1031 1077 regulariter,
1061 997 1114 1057 si
1152 999 1289 1076 quis
1314 998 1400 1059 ita
1439 998 1811 1060 discordaret
1838 1016 1876 1057 a
1903 996 2122 1057 volun-

555 1097 681 1152 tate
706 1092 972 1172 proxImi
1002 1092 1069 1152 in
1113 1110 1181 1152 re
1222 1109 1360 1171 quae
1387 1092 1468 1154 ad
1497 1091 1661 1152 illius
1687 1090 1920 1153 bonum
1949 1109 2119 1170 spec-

555 1191 670 1260 tat,
700 1186 901 1248 solum
940 1186 1058 1247 hoc
1085 1187 1434 1262 intendenS,
1463 1192 1535 1246 ut
1561 1184 1662 1247 ille
1680 1202 1806 1246 non
1845 1184 2121 1246 obtineat

555 1285 802 1340 tantum
830 1287 940 1341 aut
972 1279 1090 1342 tale
1127 1278 1388 1354 bonum,
1430 1296 1574 1340 vere
1602 1297 1681 1340 ex
1729 1295 1958 1358 genere
2008 1294 2120 1339 suo

555 1371 742 1435 habet
769 1391 1022 1450 gravem
1064 1372 1584 1434 inordinationem
1609 1373 1684 1434 de
1721 1390 1782 1432 se
1815 1370 2122 1432 sufficien-

557 1469 684 1525 tem
713 1464 793 1524 ad
839 1464 1253 1526 dissolvendas
1287 1466 1590 1526 amicitias
1609 1480 1628 1544 ;
1687 1465 1851 1524 unde
1897 1463 2121 1523 merito

557 1558 810 1637 ponitur
837 1558 1146 1618 contraria
1174 1558 1482 1620 charitati.
1535 1559 1744 1620 Posset
1773 1569 1983 1618 tamen
2016 1574 2121 1616 ex-

557 1651 755 1712 cusari
790 1671 826 1712 a
853 1657 1106 1730 peccato
1134 1651 1352 1712 saltem
1395 1653 1662 1728 mortali,
1715 1653 1770 1712 si
1812 1652 1950 1730 quis
2000 1649 2121 1712 dis-

557 1745 834 1807 cordaret
881 1746 998 1806 hoc
1043 1746 1228 1807 modo
1255 1764 1293 1807 a
1324 1746 1636 1808 voluntate
1664 1746 1939 1822 alterius,
1994 1763 2121 1806 non

556 1838 936 1900 intendendo
973 1838 1416 1900 detrimentum
1459 1841 1614 1918 ejus,
1655 1839 1761 1901 sed
1796 1837 2119 1899 consulen-

559 1932 638 1993 do
668 1951 792 1993 suae
819 1933 1095 2008 utilitati,
1125 1933 1226 1994 vel
1260 1933 1595 2012 voluptati3
1626 1951 1774 1994 nam
1795 1933 1939 1993 licet
1968 1937 2123 1992 esset

558 2045 742 2090 causa
771 2029 1027 2088 fortasse
1056 2036 1268 2089 contra
1310 2029 1636 2104 rationem,
1667 2034 1878 2090 tamen
1907 2031 1959 2088 si
1984 2045 2120 2105 pro-

559 2128 772 2199 pterea
797 2121 1113 2198 proximus
1151 2141 1279 2182 non
1306 2122 1783 2184 constitueretur
1809 2121 1877 2182 in
1913 2120 2123 2199 aliqua

496 2245 502 2250 ·
559 2213 949 2288 necessitate,
993 2231 1119 2275 non
1153 2221 1310 2276 esset
1355 2215 1444 2276 ibi
1493 2216 1752 2294 speciale
1801 2222 2123 2294 peccatum

561 2313 772 2372 contra
793 2307 1184 2384 charitatem,
1217 2308 1321 2370 sed
1359 2315 1514 2368 esset
1537 2311 1696 2370 actio
1716 2311 1900 2388 juxta
1925 2309 2122 2388 quali·

561 2406 777 2476 tatem,
810 2406 873 2462 et
898 2403 1157 2463 modum
1187 2402 1548 2462 intentionis
1567 2418 1586 2479 ;
1623 2420 1769 2464 uam
1799 2402 2123 2464 immedia-

561 2507 696 2554 tum
733 2495 1042 2573 objectum
1086 2501 1331 2555 tantum
1382 2495 1744 2557 indifferens
1799 2502 1914 2568 est,
1973 2513 2121 2574 quo-

560 2587 754 2662 niam,
781 2588 940 2649 sicut
975 2606 1102 2647 non
1143 2593 1358 2648 teneor
1385 2589 1716 2649 subvenire
1769 2607 1970 2668 neque
2016 2588 2122 2650 be·

559 2681 838 2742 nefacere
868 2681 1171 2760 proxImO,
1199 2682 1287 2742 ita
1313 2701 1516 2762 neque
1541 2683 1884 2742 consentire
1905 2681 2124 2742 volun—

559 2775 672 2838 tati
702 2774 892 2851 illius,
942 2781 1051 2836 aut
1105 2795 1235 2836 non
1287 2777 1656 2850 discordare,
1702 2775 1820 2835 nisi
1872 2775 2121 2854 quando

559 2867 704 2929 inde
739 2869 1216 2930 constitueretur
1247 2870 1462 2949 ipsein
1489 2869 1696 2947 aliqua
1737 2869 2116 2930 necessitate.

558 2963 648 3023 Ex
676 2961 899 3041 quibus
927 2962 1110 3023 multi
1140 2982 1315 3024 casus
1343 2969 1598 3043 possunt
1626 2961 1767 3023 elici
1801 2962 1876 3022 de
1904 2981 2122 3022 consu-

557 3053 724 3116 lente
764 3061 1142 3130 testatorem,
1175 3075 1255 3116 ne
1285 3074 1429 3116 eum
1479 3055 1788 3136 relinquat
1813 3055 2123 3116 haeredem

559 3165 747 3227 quem
777 3148 1043 3224 volebat,
1085 3149 1228 3211 licet
1266 3150 1400 3210 sine
1440 3149 1657 3210 fraude
1699 3157 1762 3210 et
1811 3147 1954 3208 dolo
1976 3164 1995 3224 ;
2048 3149 2123 3210 de

557 3247 815 3318 rogante
848 3240 1172 3304 electorem
1203 3259 1282 3303 ne
1322 3242 1410 3302 illi
1451 3242 1722 3304 conferat
1752 3241 2123 3302 beneficium

559 3332 652 3394 cui
681 3333 957 3412 volebat3
989 3341 1052 3396 et
1095 3335 1351 3410 simileS,
1403 3335 1471 3395 in
1528 3335 1754 3414 quibus
1799 3335 1850 3395 si
1896 3335 2127 3414 injuria

557 3433 894 3506 separetur,
929 3435 990 3489 et
1017 3428 1254 3504 odium,
1282 3429 1345 3488 et'
1371 3428 1632 3504 invidia,
1665 3446 1805 3489 raro
1835 3437 1942 3488 aut
1964 3447 2125 3488 nun-

559 3539 747 3600 quam
776 3528 868 3582 est
907 3530 1228 3602 peccatum
1257 3522 1542 3598 mortale,
1573 3530 1636 3585 et
1661 3540 1824 3602 saepe
1854 3522 2121 3597 nullum,

558 3615 610 3676 si
637 3615 999 3675 rationabili
1027 3615 1139 3678 fiat
1177 3635 1378 3679 causa.

639 3711 699 3770 5.
747 3709 958 3772 Tertia
985 3711 1305 3772 conclusio.
1328 3744 1412 3756 —
1437 3712 1522 3773 In
1535 3709 1801 3790 judiciis
1829 3727 2128 3791 quousque

559 3807 618 3864 et
657 3803 919 3882 qualiter
963 3803 1048 3866 sit
1088 3803 1180 3867 vel
1206 3821 1326 3864 non
1354 3804 1436 3866 sit
1471 3805 1632 3866 mala
1680 3805 1998 3886 eontentio.
2046 3836 2128 3850 --

560 3895 708 3954 Dico
735 3895 917 3956 tertio
951 3912 968 3955 ι
998 3897 1310 3958 contentio
1353 3916 1494 3976 quae
1531 3916 1608 3958 ex
1646 3897 1948 3958 discordia
1988 3916 2128 3958 nas-

561 3988 744 4060 citur,
800 3995 892 4049 est
923 3989 1111 4050 etiam
1159 3990 1323 4050 mala
1369 4008 1480 4069 pro
1529 3989 1825 4068 qualitate
1875 3989 2127 4050 malitiae

559 4081 752 4161 ipsius
773 4082 1120 4144 discordiae.
1151 4083 1617 4145 Advertendum
1638 4091 1728 4144 est
1757 4083 2129 4162 generaliter

561 4192 738 4253 posse
778 4175 900 4235 dici
931 4178 1414 4254 contentionem,
1442 4195 1692 4238 omnem
1729 4177 2129 4238 contrarieta-

561 4273 685 4327 tem
719 4275 918 4328 ortam
949 4287 1023 4330 ex
1072 4269 1400 4343 discordia,
1437 4270 1618 4349 quasi
1667 4269 1832 4331 idem
1877 4269 1959 4330 sit
1985 4287 2129 4330 con-

561 4361 837 4437 tendere,
881 4361 1045 4439 quod
1093 4363 1158 4422 in
1209 4363 1517 4423 contraria
1573 4363 1846 4423 tendere.
1893 4364 2129 4423 Tamen

559 4453 906 4534 specialiter
951 4455 1486 4516 accommodatum
1517 4463 1608 4517 est
1635 4455 1754 4518 hoc
1792 4475 2021 4516 nomen
2052 4457 2129 4516 ad

561 4545 1031 4626 significandam
1061 4549 1560 4610 contrarietatem
1604 4551 1670 4609 iu
1715 4549 1984 4627 judiciiS,
2030 4547 2129 4610 vel

563 4641 1062 4702 contrarietatem
1118 4641 1184 4703 in
1233 4642 1458 4718 verbiS,
1495 4662 1632 4722 quae
1659 4651 1915 4704 eatenus
1966 4643 2129 4704 mala

562 4740 729 4810 sunt,
761 4739 1067 4812 quatenus
1112 4753 1190 4796 ex
1233 4735 1660 4796 voluntatibus
1691 4735 1870 4796 malis
1915 4736 2126 4795 oriun-

561 4833 683 4888 tur.
739 4828 820 4888 De
872 4828 1249 4889 dissensione
1300 4847 1446 4908 ergo
1499 4831 1564 4889 iu
1610 4829 1880 4908 judiciiS,
1929 4830 2127 4907 primo

561 4921 1008 4983 advertendum
1055 4928 1148 4982 est
1177 4939 1304 4982 non
1333 4941 1462 4983 esse
1499 4924 1828 4982 intrinsece
1863 4921 2119 4996 malam,

563 5013 732 5092 quia,
764 5032 904 5075 cum
931 5013 1291 5075 hominibus
1316 5034 1438 5074 non
1485 5034 1644 5094 saepe
1685 5016 1764 5075 sit
1811 5019 2127 5094 perspecta

562 5105 811 5182 veritaS,
839 5113 1096 5185 possunt
1131 5125 1206 5168 cx
1240 5107 1582 5170 rationibus
1612 5107 2033 5186 probabilibus
2062 5107 2129 5167 in

563 5199 870 5259 contraria
899 5199 1048 5261 ferri
1075 5199 1329 5280 judicia.
1359 5201 1644 5262 Secundo
1673 5197 1796 5262 erit'
1824 5201 1957 5276 liaec
1986 5217 2131 5261 con·

563 5291 757 5351 tentio
787 5292 973 5367 mala,
1024 5293 1075 5353 si
1117 5293 1199 5352 sit
1244 5294 1310 5354 in
1348 5293 1446 5354 his
1489 5293 1670 5355 rebus
1703 5313 1858 5373 quas
1907 5293 2131 5374 aliquis

567 5384 817 5445 credere
847 5391 1116 5461 tenetur,
1141 5393 1202 5446 et
1231 5393 1382 5446 tunc
1407 5387 1645 5448 malitia
1675 5388 1808 5466 ejus
1831 5387 1906 5447 ad
1937 5388 2131 5450 haere-

568 5476 684 5540 sim
725 5480 1036 5558 praecipue
1086 5485 1318 5560 spectat
1338 5501 1356 5555 ;
1411 5486 1706 5560 praetcrea
1747 5486 1949 5562 potest
2000 5500 2131 5543 esse

1373 331 1608 384 DlSl‘UT.
1643 332 1726 384 xl.
1763 332 1844 384 DE
1877 330 2212 384 PRAEOEH‘TO
2244 331 2329 382 An
2361 331 2564 384 PACEM
2596 334 2962 390 ATTlNENTE.

2198 433 2385 505 mala,
2442 436 2691 515 quando
2740 442 2975 499 temere
3016 445 3079 499 et
3121 437 3253 500 sine
3280 440 3625 502 sufficienti
3672 463 3743 506 ra-

2199 529 2369 590 tione
2386 529 2727 607 judicatur,
2748 539 2811 592 et
2837 536 2983 592 tunc
2999 531 3137 592 haec
3161 533 3405 594 malitia
3432 553 3513 594 ex
3540 534 3749 614 objecto

2199 623 2266 683 in
2297 622 2687 701 speculativis
2727 625 2911 684 rebus
2946 633 3037 686 est-
3066 632 3281 687 contra
3307 628 3617 689 virtutem
3644 639 3749 691 stu-

2201 715 2534 794 diositatis;
2556 716 2623 776 in
2647 717 2929 797 practicis
2956 736 3101 780 vero
3130 724 3221 778 est
3248 725 3479 780 contra
3514 722 3752 798 pruden-

2198 809 2378 883 tiam,
2404 814 2467 869 et
2494 815 2693 888 potest
2728 828 2855 871 6556
2876 817 3093 872 contra
3114 811 3430 889 justitiam
3469 812 3571 873 vel
3594 815 3753 878 aliam

2200 903 2519 977 virtutem,
2548 904 2598 964 si
2626 909 2839 964 contra
2859 905 3035 966 illam
3062 905 3296 985 aliquid
3322 906 3600 968 oriatur.
3626 911 3756 970 Con·

2200 1002 2299 1058 tra
2325 995 2686 1058 charitatem
2709 1015 2855 1060 vero
2894 999 3143 1068 videtur
3165 1018 3292 1062 esse
3319 1001 3618 1080 specialis
3648 1022 3755 1064 ma·

2198 1089 2356 1165 litia,
2402 1091 2652 1170 quando
2689 1091 2913 1170 aliquis
2956 1092 3187 1154 directe
3239 1101 3300 1155 et
3342 1095 3539 1173 quasi
3570 1112 3641 1156 ex
3682 1098 3755 1156 in-

2198 1185 2475 1245 tentione
2520 1185 2653 1245 vult
2682 1184 2850 1246 aliud
2896 1186 3142 1266 opinari
3187 1187 3286 1248 vel
3332 1187 3648 1266 judicare,
3698 1200 3756 1252 ut

2200 1277 2380 1338 alteri
2428 1279 2843 1355 contradicat;
2904 1299 3051 1340 nam
3106 1281 3239 1342 sine
3288 1281 3493 1342 dubio
3542 1281 3657 1342 hoc
3696 1303 3758 1346 ex

2202 1370 2442 1448 objecto
2468 1389 2579 1433 suo
2624 1377 2717 1432 est
2746 1372 3191 1451 irrationabile,
3232 1381 3295 1438 et
3322 1375 3611 1437 maxime
3638 1395 3757 1440 cou-

2200 1465 2463 1525 trarium
2498 1464 2589 1524 illi
2636 1467 3055 1544 conjunctioni
3090 1487 3283 1548 quam
3326 1467 3611 1530 charitas
3638 1489 3756 1548 pos·

2204 1560 2389 1635 tulat;
2422 1578 2562 1621 raro
2589 1566 2801 1622 tamen
2838 1561 2953 1623 hoc
2980 1563 3099 1624 erit
3128 1571 3461 1643 peccatum
3492 1566 3751 1640 mortale,

2201 1654 2323 1714 nisi
2365 1653 2444 1714 ab
2474 1655 2812 1716 extrinseco
2838 1663 2898 1716 et
2938 1674 3012 1717 ex
3038 1657 3371 1732 accidenti,
3402 1659 3563 1735 quia
3584 1677 3687 1736 per
3705 1676 3757 1720 se

2201 1766 2329 1808 non
2368 1753 2460 1807 est
2516 1748 2721 1826 gravis
2774 1747 2943 1808 laesio
2992 1749 3335 1814 charitatis·
3392 1751 3589 1814 Seeus
3636 1769 3753 1814 vero

2201 1847 2358 1901 esset
2384 1841 2435 1902 si
2484 1841 2621 1919 quis
2652 1860 2727 1902 ea
2773 1843 3011 1903 ratione
3062 1861 3127 1902 se
3174 1850 3456 1923 exponat
3508 1845 3756 1922 periculo

2200 1934 2457 1995 docendi
2496 1952 2592 1995 res
2628 1935 2831 1996 falsas.
2882 1935 3037 1996 Nam
3067 1937 3215 1998 inde
3250 1943 3463 2018 posset
3496 1939 3753 2000 contrahi

2202 2027 2409 2106 gravis
2438 2027 2695 2087 malitiaa

2282 2123 2343 2181 6.
2392 2119 2553 2193 Quid
2584 2121 2652 2183 de
2694 2121 3061 2184 contentione
3098 2124 3168 2186 in
3208 2124 3408 2186 verbo.
3453 2155 3541 2168 —
3574 2124 3754 2206 Expo-

2202 2214 2464 2277 m'turD.
2498 2214 2780 2298 Z'komas,
2806 2215 3006 2278 dicens
3036 2217 3189 2279 Itane
3206 2218 3642 2280 contentionem
3654 2237 3755 2280 esse

2206 2310 2272 2370 de
2317 2324 2379 2369 se
2418 2308 2694 2369 mortale.
2742 2343 2824 2354 —
2854 2308 3086 2369 Ultimo
3132 2309 3592 2371 advertendum
3618 2312 3751 2372 circa

2204 2401 2614 2461 intentionem
2665 2401 2730 2461 iu
2774 2401 3001 2476 verbiS,
3048 2402 3357 2480 imprimis
3392 2421 3512 2482 per
3548 2422 3611 2464 se
3648 2424 3753 2463 non

2204 2512 2331 2556 esse
2356 2493 2603 2568 malam,
2629 2496 2679 2555 si
2710 2495 2907 2572 gratia
2925 2495 3365 2574 disputationis
3388 2503 3687 2568 sumatur,
3703 2505 3753 2557 et

2204 2588 2423 2648 modus
2452 2593 2751 2662 servetur,
2784 2588 2862 2648 de
2896 2607 3021 2666 quo
3050 2589 3355 2650 nonnulla
3384 2591 3524 2651 dixi
3552 2591 3615 2650 in
3645 2610 3748 2652 ma·

2204 2683 2360 2742 teria
2396 2682 2471 2742 de
2502 2681 2662 2756 fide;
2710 2689 2773 2742 et
2824 2682 3025 2744 videri
3056 2688 3308 2760 possunt
3352 2683 3576 2757 Basil„
3616 2684 3749 2744 libro

2204 2773 2281 2834 de
2334 2773 2565 2855 Spiritu
2622 2775 2843 2835 Sancto
2859 2820 2879 2849 ,
2932 2775 3112 2836 initio
3134 2791 3154 2852 3
3209 2777 3531 2846 Nazianz.,
3578 2777 3677 2838 lib.
3720 2781 3743 2838 l

2202 2867 2525 2945 Theolog.;
2544 2869 2971 2945 etAugustin.,
3002 2887 3101 2947 ep.
3132 2869 3405 2942 83,=etin
3430 2869 3743 2946 Eut-huid,

2204 2979 2337 3040 cap.
2364 2964 2441 3022 57
2485 2968 2547 3021 et
2572 2962 2673 3022 58.
2710 2962 3015 3037 Secund0‚
3048 2965 3100 3022 si
3141 2963 3273 3024 haec
3302 2965 3622 3024 contentio
3660 2963 3749 3024 fiat

2203 3054 2385 3130 serio,
2414 3059 2476 3116 et
2504 3055 2716 3116 animo
2744 3055 3005 3116 docendi
3034 3057 3421 3118 contrarium
3454 3057 3588 3136 ejus
3612 3057 3747 3136 quod

2204 3148 2358 3208 alter
2386 3147 2535 3209 dicit
2550 3165 2571 3225 3
2615 3150 2665 3208 si
2696 3149 2881 3210 etiam
2912 3149 3023 3210 fiat
3044 3149 3305 3212 honesto
3334 3168 3415 3210 ex
3450 3151 3613 3229 joce,
3632 3150 3746 3210 ani-

2206 3259 2308 3302 mo
2337 3260 2448 3302 suo
2472 3241 2605 3302 loco
2633 3247 2694 3303 et
2730 3248 3007 3320 tempore
3049 3243 3383 3305 veritatem
3432 3243 3744 3322 aperiendi,

2206 3353 2318 3413 per
2345 3352 2409 3395 56
2435 3352 2561 3395 nou
2588 3341 2681 3395 est
2716 3335 2901 3398 mala.
2943 3336 3173 3410 Tertio,
3204 3337 3253 3396 si
3278 3337 3425 3415 quis
3450 3337 3746 3415 impugnat

2207 3427 2480 3488 exterius
2504 3429 2824 3489 veritatem
2852 3429 3191 3506 cognitam,
3221 3429 3330 3490 illa
3354 3437 3451 3490 est
3476 3428 3746 3490 formalis-

2206 3521 2356 3582 sima
2404 3522 2743 3595 contentio,
2774 3527 2835 3582 et
2866 3523 3159 3601 primario
3188 3529 3281 3584 est
3304 3530 3528 3584 contra
3553 3523 3743 3582 verita·

2210 3628 2360 3694 tem,
2402 3620 2611 3678 tamen
2648 3614 2835 3676 simul
2879 3617 3069 3676 etiam
3111 3623 3206 3677 est
3254 3623 3476 3678 contra
3512 3617 3743 3678 charita·

2207 3715 2357 3770 tem.
2412 3710 2487 3769 Et
2523 3709 2595 3768 D.
2652 3708 2945 3784 ThomaS,
3000 3715 3219 3788 quaest.
3276 3712 3383 3784 38,
3438 3709 3585 3771 dicit
3632 3725 3739 3768 esse

2206 3808 2525 3882 peccatum
2568 3801 2829 3862 mortale
2858 3820 2932 3862 ex
2962 3819 3211 3880 genere.
3248 3805 3506 3877 Verum,
3534 3802 3583 3862 si
3620 3819 3741 3862 con-

2208 3897 2507 3956 sideretur
2534 3895 2737 3955 solum
2779 3897 3189 3975 repugnantia
3221 3913 3413 3974 quam
3440 3897 3555 3956 hoc
3582 3895 3739 3956 habet

2208 4009 2350 4051 cum
2399 3989 2717 4066 charitate,
2750 3990 3049 4050 nimirum
3096 3990 3203 4050 illa
3252 3991 3585 4068 disjunctio
3630 3988 3741 4047 ani·

2210 4101 2453 4144 morum
2482 4099 2669 4162 quam
2700 4089 2898 4161 potest
2925 4101 3039 4163 per
3064 4101 3127 4144 se
3161 4081 3407 4146 efficere
3434 4081 3734 4153 contentio,

2206 4195 2347 4238 raro
2398 4176 2517 4238 erit
2564 4182 2885 4254 peccatum
2936 4175 3218 4250 mortale,
3270 4177 3419 4254 quia
3480 4193 3597 4236 non
3642 4174 3737 4234 tre·

2209 4278 2471 4350 quanter
2492 4269 2660 4332 laedit
2681 4269 2953 4348 graviter
2976 4269 3359 4340 charitate1n3
3394 4275 3597 4330 tamen
3618 4265 3739 4345 quia

2210 4383 2289 4426 ex
2336 4383 2399 4424 se
2446 4368 2645 4443 potest
2673 4363 3001 4424 dissolvere
3042 4362 3405 4438 amicitiam,
3436 4369 3500 4423 et
3530 4374 3739 4437 semper

2210 4457 2458 4518 videtur
2496 4457 2727 4518 habere
2766 4455 3043 4535 aliquam
3084 4455 3427 4516 admixtam
3463 4454 3733 4516 rationem

2212 4549 2481 4626 iniuriae,
2514 4549 2653 4610 ideo
2682 4549 2995 4610 interdum
3026 4565 3153 4608 esse
3184 4549 3413 4626 poterit
3450 4551 3734 4628 peccatum

2211 4642 2489 4704 mortale.

2289 4737 2347 4795 7.
2402 4733 2857 4807 Quoestiuncula
2912 4736 2979 4798 de
3026 4736 3397 4798 contentione
3444 4751 3557 4795 non
3596 4747 3737 4812 spec-

2209 4832 2373 4890 tante
2400 4829 2482 4890 ad
2496 4828 2691 4906 fidem,
2737 4831 2796 4890 et
2818 4846 3031 4890 mores.
3054 4859 3135 4872 —
3162 4828 3488 4910 Cajetanus
3516 4844 3647 4888 var.
3667 4855 3733 4868 -

2204 4919 2511 4984 Resolutio
2532 4965 2550 4996 ,
2586 4921 2653 4982 de
2690 4938 2809 4999 qua
2853 4918 3113 4992 Sancto„
3142 4921 3188 4984 l.
3230 4925 3285 4980 1.
3333 4921 3561 4986 Decet„
3588 4935 3634 4980 o.
3680 4917 3729 4985 9,

2205 5033 2267 5075 n.
2313 5016 2411 5086 16,
2457 5031 2592 5076 cum
2633 5012 2797 5075 aliis,
2831 5048 2906 5057 —
2943 5014 3173 5087 Quaerit
3206 5021 3413 5074 tamen
3442 5012 3731 5090 Cajetanus

2210 5128 2290 5170 an
2315 5109 2430 5169 hoc
2459 5109 2647 5169 etiam
2676 5107 2901 5170 habeat
2924 5109 3130 5170 locum
3156 5110 3224 5170 in
3250 5109 3433 5172 rebus
3456 5126 3598 5188 pure
3618 5119 3728 5182 spc-

2213 5200 2517 5275 culativiS,
2550 5218 2686 5280 quae
2714 5219 2917 5280 neque
2944 5202 3022 5262 ad
3050 5202 3261 5277 fidem,
3293 5219 3491 5280 neque
3519 5199 3589 5259 ad
3618 5213 3727 5256 mo·

2212 5313 2311 5356 res
2336 5299 2633 5373 spectant,
2660 5300 2721 5354 et
2750 5294 2997 5356 videtur
3021 5295 3353 5370 affirmare,
3396 5291 3654 5375 quamvis
3677 5289 3729 5346 in

2212 5389 2489 5460 Summa,
2515 5387 2686 5447 verb.
2736 5387 3069 5464 Cannutio,
3113 5390 3457 5467 oppositum
3498 5383 3724 5453 sentiat,-

2212 5479 2315 5542 sed
2343 5478 2418 5539 dc
2457 5479 2576 5540 hoc
2622 5478 2801 5558 plura
2840 5480 3109 5542 diximus
3132 5481 3198 5542 in
3231 5484 3289 5545 1.
3322 5483 3383 5556 2,
3407 5482 3639 5560 agentes
3664 5472 3724 5533 de
