3900 6217
896 376 1065 430 SECT.
1103 378 1161 429 11.
1199 376 1411 429 UTRUM
1444 374 1750 429 efflatus
1782 372 1879 427 sl'l·
1914 372 2174 425 Pnopmss
2209 372 2432 425 vm‘rns
2464 369 2776 423 Afflcl’rlAE.

233 482 298 537 ct
326 494 405 537 ex
434 475 614 537 dictis
642 476 709 537 in
740 476 1006 539 materia
1046 476 1123 538 de
1155 476 1373 555 gratia.
1406 476 1581 554 (Vide
1608 474 1719 537 lib.
1757 474 1797 535 8

230 570 311 629 de
346 570 543 644 urat„
566 588 623 629 c.
651 571 729 631 17
758 576 820 629 et
840 569 967 651 21.)

310 665 375 723 4.
422 660 707 743 objectio.
754 698 837 711 --
878 665 1282 739 Quorumdam
1328 662 1547 729 solutio
1602 664 1793 729 obser·

228 756 451 818 venda.
470 789 553 803 —
592 756 743 823 Vera
791 758 1257 821 solatia—Sed
1284 763 1561 838 superest
1606 776 1789 837 argu·

228 855 543 909 mentum.
579 851 735 911 Nam
788 850 1046 912 virtutes
1073 850 1421 912 intellectus
1472 855 1620 911 sunt
1654 868 1793 930 per-

226 941 519 1003 fectiores
552 942 889 1003 virtutibus
918 943 1275 1018 voluntatis,
1325 961 1470 1005 cum
1517 942 1793 1005 intellec-

226 1042 333 1097 tus
366 1037 445 1097 sit
470 1037 823 1116 perfectior.
854 1039 1030 1101 Unde
1062 1040 1394 1119 prudentia
1420 1038 1665 1101 excellit
1690 1038 1793 1099 in·

226 1136 327 1190 ter
354 1131 615 1194 virtutes
654 1132 943 1208 morales,
986 1140 1049 1195 et
1090 1134 1305 1196 lumen
1330 1133 1543 1213 gloriae
1571 1138 1662 1195 est
1687 1150 1794 1194 ex·

226 1222 551 1285 cellentius
581 1224 911 1301 charitate3
937 1232 1265 1307 propterea
1293 1227 1549 1307 quidam
1577 1226 1796 1289 dicunt

228 1314 423 1375 fidem
467 1317 533 1377 in
574 1317 915 1380 substantia
942 1328 1005 1379 et
1030 1320 1285 1381 entitate
1327 1324 1621 1399 praestare
1649 1317 1795 1378 cha·

230 1408 432 1485 ritati,
456 1409 816 1473 charitatem
838 1430 983 1473 vero
1007 1412 1302 1475 excellere
1330 1414 1395 1473 in
1420 1430 1549 1475 esse
1576 1411 1789 1485 moris,

226 1501 394 1561 sicut
425 1502 607 1563 docet
632 1504 703 1565 D.
733 1503 997 1567 Thomas
1042 1505 1487 1567 intellectuales
1533 1504 1793 1565 virtutes

226 1596 564 1673 acquisitas
613 1616 743 1659 esse
798 1598 1131 1661 nobiliores
1184 1600 1252 1660 in
1305 1616 1531 1679 genere
1588 1597 1787 1671 entis,

230 1690 520 1765 quamvis
547 1690 614 1751 in
642 1708 869 1768 genere
896 1693 1083 1755 moris
1110 1698 1173 1754 et
1201 1692 1447 1754 virtutis
1484 1690 1792 1752 excellant

230 1780 497 1841 virtutes
535 1783 799 1845 morales
854 1803 871 1845 z
916 1785 1021 1847 sed
1050 1792 1279 1847 errant.
1332 1786 1409 1846 Et
1453 1802 1600 1845 sane
1640 1783 1800 1844 ratio

228 1879 485 1951 sumpta
512 1894 587 1937 ex
616 1875 857 1954 obiecto
888 1879 1213 1940 manifeste
1243 1879 1305 1939 id
1334 1878 1531 1940 docet.
1565 1876 1655 1939 Ad
1701 1894 1798 1937 ar·

228 1974 605 2045 gumentum
634 1969 850 2048 igitur,
878 1973 1219 2051 respondeo
1247 1972 1507 2033 virtutes
1532 1969 1799 2031 intellec-

234 2063 333 2117 tus
362 2076 438 2119 ex
461 2078 687 2139 genere
729 2081 839 2125 suo
867 2081 997 2125 esse
1030 2065 1361 2127 nobiliores
1374 2080 1395 2142 3
1425 2082 1553 2125 non
1584 2070 1795 2123 tamen

236 2152 305 2211 in
359 2153 682 2215 individuo
732 2158 1077 2235 quamlibet
1108 2160 1403 2219 virtutem
1454 2156 1797 2217 intellectus

232 2252 529 2325 przestare
562 2248 815 2311 cuilibet
843 2251 1063 2311 virtuti
1085 2251 1441 2325 voluntatis,
1466 2250 1567 2311 sed
1594 2250 1795 2309 solum

238 2337 389 2398 hinc
432 2339 503 2399 fit
548 2359 900 2421 supremam
946 2345 1239 2407 virtutem
1286 2344 1629 2405 intellectus
1664 2360 1795 2403 esse

238 2432 665 2509 perfectiorem
706 2456 996 2515 suprema
1040 2438 1267 2500 virtute
1316 2437 1684 2513 voluntatis,
1726 2441 1799 2497 ut

236 2524 451 2587 lumen
497 2527 712 2607 gloriae
758 2531 1055 2592 charitate
1068 2548 1088 2609 3
1120 2551 1233 2593 nec
1270 2532 1432 2593 sumi
1468 2537 1662 2611 potest
1700 2548 1797 2590 ar·

236 2627 603 2697 gumentum
652 2641 726 2683 ex
775 2630 939 2685 statu
982 2626 1200 2705 patriae
1248 2625 1326 2686 ad
1373 2632 1602 2686 statum
1650 2624 1794 2698 viae,

235 2712 385 2789 quia
402 2716 674 2791 cognitio
695 2720 909 2795 patriae
932 2718 1335 2781 essentialiter
1360 2725 1451 2781 est
1474 2718 1798 2798 perfectior

238 2806 592 2882 cognitione
633 2810 747 2870 vioe
764 2827 785 2889 3
826 2830 1067 2873 amores
1100 2830 1247 2872 vero
1288 2812 1487 2873 solum
1519 2810 1797 2872 acciden-

238 2897 447 2959 taliter
484 2900 804 2977 differunt,
838 2911 906 2965 nt
930 2904 1207 2967 dicemus
1220 2921 1241 2984 3
1280 2910 1342 2967 et
1370 2904 1508 2965 ideo
1537 2923 1662 2964 non
1704 2909 1797 2965 est

238 2991 429 3051 etiam
458 2992 763 3081 simile-de
801 2998 1128 3076 prudentia
1154 2998 1459 3077 praecipue
1500 2997 1791 3073 naturali,

238 3083 385 3161 quia
411 3092 501 3145 est
548 3087 851 3149 excellens
878 3096 942 3150 et
974 3090 1414 3170 perfectissima
1459 3091 1526 3150 in
1553 3108 1665 3151 suo
1692 3106 1797 3169 ge-

240 3194 419 3245 nere,
453 3185 515 3238 et
560 3186 651 3240 est
698 3182 914 3259 regula
940 3184 1220 3244 omnium
1247 3181 1574 3263 virtutum}
1595 3200 1796 3244 mora·

236 3268 417 3329 lium.
452 3272 575 3347 (De
620 3272 877 3335 luminis
901 3275 1111 3354 glorioe
1147 3276 1519 3355 perfectione.
1547 3276 1793 3355 maj0ri,

236 3361 302 3421 in
328 3362 441 3423 lib.
472 3366 513 3425 6
538 3364 614 3425 de
642 3366 837 3439 Grat.‚
860 3386 913 3429 c.
941 3370 1043 3443 13,
1066 3386 1102 3429 a
1130 3387 1193 3429 n.
1223 3370 1325 3445 8.)

322 3458 380 3518 5.
431 3458 715 3521 Primum
759 3461 1021 3524 dubium.
1048 3494 1129 3508 -
1162 3461 1505 3525 Secundum
1531 3460 1792 3525 dubium.

259 3550 524 3617 Videlib.
562 3556 618 3628 1,
650 3555 718 3616 de
742 3552 948 3629 Grat„
976 3557 1159 3619 (5.4ιί
1186 3558 1449 3619 5.—-·Sed
1469 3574 1703 3635 quaeres
1718 3573 1801 3616 an

245 3642 512 3704 charitas
526 3664 651 3705 non
670 3646 873 3707 solnm
896 3650 974 3709 sit
988 3650 1203 3723 virtus,
1234 3648 1340 3711 sed
1366 3666 1606 3727 semper
1632 3649 1711 3708 sit
1730 3649 1797 3711 in

232 3742 394 3797 statu
424 3738 694 3800 virtutis.
726 3740 1152 3821 Respondetur
1180 3744 1269 3803 ita
1291 3760 1443 3804 esse.
1476 3742 1656 3802 Ratio
1680 3746 1795 3816 est,

234 3829 383 3909 quia
411 3828 547 3893 haec
598 3832 793 3895 virtus
840 3852 1080 3915 semper
1110 3835 1299 3897 habet
1346 3835 1796 3897 connexionem

234 3941 377 3984 cum
414 3924 704 3987 omnibus
749 3928 847 3987 sui
900 3928 1155 3989 ordinis.
1218 3929 1521 4003 Secunde,
1552 3946 1796 4006 semper

236 4022 405 4077 amat
435 4018 635 4079 Deum
686 4025 749 4079 et
780 4020 1158 4099 proximum.
1212 4020 1488 4082 Tandem
1536 4021 1799 4082 minima

236 4110 505 4171 charitas
552 4128 795 4191 semper
832 4113 981 4175 facit
1020 4114 1254 4175 bonum
1304 4120 1367 4174 et
1406 4114 1697 4189 amicum,
1738 4118 1799 4173 et

232 4208 443 4263 servat
466 4222 653 4265 omne
698 4212 1100 4285 praeceptum.
1146 4191 1389 4281 Qu'aeres
1422 4206 1689 4266 secundo
1716 4224 1797 4267 an

232 4294 505 4357 charitas
532 4296 763 4359 tribuat
792 4316 921 4359 esse
948 4299 1087 4359 aliis
1125 4298 1481 4374 virtutibus,
1508 4297 1595 4358 ita
1624 4303 1694 4358 ut
1722 4302 1801 4359 sit

234 4388 441 4449 forma
495 4388 770 4454 illarum.
841 4391 1269 4471 Respondetur
1325 4391 1669 4469 theologice
1711 4391 1799 4451 ita

232 4480 623 4559 loquendum
654 4500 805 4558 esse,
840 4485 1065 4563 primo,
1114 4484 1263 4563 quia
1299 4484 1567 4546 charitas
1611 4484 1801 4545 refert

234 4590 455 4632 omnes
486 4580 659 4635 actus
684 4576 987 4637 virtutum
1022 4577 1090 4636 in
1120 4576 1409 4639 ultimum
1437 4577 1650 4648 finem,
1691 4576 1800 4656 qui

236 4667 305 4725 in
351 4666 691 4729 moralibus
744 4676 836 4729 est
876 4670 1053 4747 quasi
1086 4668 1307 4731 forma.
1350 4671 1501 4731 Item
1534 4670 1709 4730 valor
1740 4676 1805 4731 et

236 4760 538 4821 meritum
566 4760 789 4822 horum
836 4770 1087 4823 actuum
1145 4764 1368 4842 pendet
1410 4782 1447 4824 a
1479 4762 1801 4837 charitate,

235 4854 526 4932 quamvis
566 4861 631 4915 et
666 4855 752 4914 sic
775 4856 963 4916 etiam
992 4857 1194 4934 gratia
1244 4856 1363 4917 dici
1390 4857 1577 4936 possit
1604 4856 1805 4917 forma

236 4947 571 5008 virtutum.
604 4947 723 5009 Sed
770 4946 1067 5026 objicies:
1100 4950 1411 5011 interdum
1438 4949 1574 5013 aliae
1604 4950 1801 5008 virtu-

238 5049 333 5101 tes
364 5041 641 5103 referunt
681 5047 931 5103 caeteras
955 5042 1023 5103 in
1062 5062 1245 5105 sunm
1274 5042 1485 5104 finem.
1529 5045 1679 5104 Item
1706 5060 1801 5103 re-

234 5134 393 5213 ligio
420 5140 483 5195 et
501 5135 869 5214 poenitentia
892 5154 975 5199 sae
986 5154 1057 5215 pe
1084 5136 1393 5215 imperant
1418 5144 1629 5196 actum
1659 5136 1801 5197 cha-

232 5227 462 5301 ritatis,
500 5227 824 5289 referendo
870 5228 947 5287 ad
978 5227 1191 5289 finem.
1239 5228 1663 5308 Respondetur
1693 5246 1803 5309 per

234 5318 521 5381 accidens
548 5326 613 5381 et
647 5320 824 5399 quasi
850 5338 927 5381 ex
956 5322 1269 5399 operantis
1314 5320 1597 5383 libertate
1632 5339 1800 5401 posse

232 5413 556 5475 interdum
602 5414 964 5476 inferiorem
997 5414 1292 5475 virtutem
1333 5414 1668 5477 informare
1698 5433 1802 5476 su-

232 5508 573 5594 perierem,
602 5526 730 5568 non
758 5506 1141 5597 simpliciter,
1164 5506 1269 5569 sed
1293 5507 1500 5599 quoad
1528 5506 1801 5589 aliquem

3313 363 3424 423 651

1877 477 2109 545 actum,
2149 476 2210 531 et
2259 470 2327 530 in
2367 470 2584 531 ordine
2641 467 2719 528 ad
2747 463 3186 547 particularem
3215 463 3427 524 finem.

1876 563 2153 625 Charitas
2198 581 2343 623 vero
2389 579 2499 642 per
2543 580 2631 636 se,
2681 577 2753 621 ac
2797 565 3021 619 natura
3081 576 3193 618 sua
3245 558 3434 617 habet

1876 656 2061 715 istum
2094 654 2347 717 modum
2367 652 2766 723 informandi,
2799 657 2860 714 et
2889 656 3190 731 praeterea
3212 650 3431 710 relatio

1870 748 1947 809 ad
1969 748 2261 808 ultimum
2289 746 2501 821 finem,
2533 766 2671 828 quae
2691 761 2981 825 suprema
3005 750 3097 805 est
3119 744 3184 803 in
3205 760 3433 823 genere

1868 840 2146 915 virtutis,
2171 839 2250 901 ad
2279 838 2452 900 illam
2481 840 2674 903 solam
2711 842 2966 920 spectat.

2497 1050 2712 1105 sueno
2746 1052 2806 1103 n.

1887 1225 2110 1291 Utnmt
2138 1226 2409 1289 charitas
2457 1224 2542 1287 sit
2576 1222 2821 1305 proprio
2867 1220 3064 1287 virtus
3110 1218 3425 1283 amicitioe.

1956 1418 2012 1475 1.
2071 1414 2447 1479 Condiciones
2493 1414 2781 1478 amicitiae
2835 1416 3095 1493 quatuor
3109 1432 3135 1479 ,·
3191 1407 3260 1469 de
3322 1408 3435 1470 lm

1872 1506 2138 1571 humana
2163 1506 2438 1572 amicitia
2457 1509 2651 1586 infra,
2677 1512 2821 1569 sect.
2859 1507 2919 1565 6.
2938 1536 3013 1553 -—-
3043 1502 3221 1563 Ratio
3255 1499 3436 1561 dubi·

1870 1600 2042 1660 tandi
2088 1608 2202 1675 est,
2241 1602 2387 1681 quia
2415 1599 2799 1661 conditiones
2825 1595 3114 1657 amicitias
3157 1594 3433 1671 assigna-

1870 1696 1949 1751 tae
1982 1692 2059 1753 ab
2099 1694 2443 1769 Aristotele,
2474 1694 2514 1754 8
2549 1698 2610 1753 et
2635 1697 2676 1754 9
2706 1691 3002 1765 Ethicor.,
3039 1706 3166 1749 non
3203 1704 3428 1747 conve·

1880 1784 2068 1845 niunt
2087 1786 2153 1847 in
2177 1786 2562 1847 charitatem.
2600 1786 2810 1846 Prima
2833 1790 2928 1845 est
2954 1778 3430 1843 communIcatio

1880 1884 2130 1954 mutua;
2157 1886 2222 1940 at
2253 1898 2368 1941 nos
2405 1898 2547 1940 cum
2581 1880 2706 1939 Deo
2734 1876 3193 1938 communicare
3218 1873 3436 1952 nequi-

1880 1988 2042 2047 mus,
2077 1972 2220 2033 licet
2241 1971 2372 2053 ipse
2415 1972 2601 2053 possit
2634 1971 2979 2031 nobiscum.
3035 1966 3310 2029 Secunda
3337 1970 3431 2026 est

1878 2065 2371 2145 aequalitas;qui
2413 2066 2580 2128 enim
2623 2064 2892 2125 multum
2923 2059 3248 2122 dissimiles
3289 2062 3434 2119 sunt

1876 2155 1944 2217 in
1997 2158 2380 2234 excellentia,
2425 2176 2554 2220 non
2596 2157 2756 2218 bene
2800 2154 3176 2216 contrahunt
3222 2150 3434 2212 amici-

1872 2250 2050 2311 tiam.
2070 2251 2246 2313 Unde
2277 2251 2586 2313 concludit
2602 2247 3046 2331 Aristotelesfin
3066 2246 3106 2305 8
3131 2244 3433 2318 Ethicor.,

1877 2360 2010 2423 cap.
2039 2346 2098 2417 7,
2126 2345 2288 2405 inter
2307 2362 2420 2405 nos
2449 2350 2511 2404 et
2533 2346 2726 2405 Deum
2767 2359 2891 2404 uon
2916 2356 3044 2400 esse
3069 2336 3430 2399 amicitiam.

1876 2434 2082 2497 Tertia
2142 2442 2236 2498 est
2295 2436 2725 2516 singularitas3
2778 2441 2844 2495 at
2896 2431 3163 2494 charitas
3225 2428 3436 2489 omnia

1876 2530 2327 2609 complectitur.
2377 2532 2609 2604 Quarta
2653 2535 2780 2601 est,
2835 2532 2908 2588 ut
2955 2529 3210 2585 mutuus
3258 2537 3435 2583 amor

1876 2640 2004 2682 non
2035 2623 2224 2683 lateat
2241 2622 2422 2697 31atet
2440 2626 2650 2683 autem
2679 2638 2792 2682 nos
2813 2637 2894 2680 an
2917 2618 3110 2679 Deum
3137 2613 3434 2675 charitate

1876 2731 2181 2790 amemus,
2209 2714 2308 2775 vel
2341 2715 2419 2775 ab
2448 2732 2522 2775 eo
2549 2730 2856 2775 amemur.

1957 2811 2017 2868 2.
2063 2809 2286 2871 Prima
2318 2807 2633 2883 conclusio,
2671 2822 2786 2889 pro
2827 2822 2946 2887 qua
2965 2802 3096 2865 vide
3143 2799 3248 2862 zib.
3278 2802 3317 2859 7
3365 2797 3435 2860 de

1879 2900 2087 2975 Grac„
2113 2920 2167 2964 c.
2192 2904 2254 2979 5,
2281 2906 2339 2964 et
2367 2903 2433 2965 in
2459 2902 2683 2965 Relect.
2717 2900 2785 2963 de
2812 2900 3085 2961 libertato
3107 2895 3245 2969 Dei,
3271 2892 3428 2972 disp.

1876 2997 1937 3067 2,
1974 3001 2117 3059 sect.
2150 2999 2212 3072 2,
2237 3015 2302 3059 n.
2347 2998 2543 3057 16.-
2572 2994 2717 3055 Dico
2749 2992 2952 3072 primo
2986 3010 3001 3048 :
3035 2988 3198 3048 inter
3234 2986 3434 3065 justos

1876 3096 1939 3151 et
1967 3093 2162 3152 Deum
2210 3097 2302 3151 est
2345 3087 2704 3169 simpliciter
2751 3082 3045 3157 amicitia,
3076 3086 3147 3140 ut
3195 3081 3434 3140 constat

1876 3202 1956 3246 ex
2007 3184 2222 3243 multis
2275 3181 2642 3243 testimoniis
2695 3178 3047 3256 Scripturas,
3087 3171 3279 3235 Judit.
3337 3170 3378 3231 8
3411 3189 3427 3229 :

1877 3278 2188 3341 Abraham
2235 3276 2349 3340 Dei
2397 3273 2653 3352 amicus]
2676 3276 2930 3355 effectus
2975 3276 3066 3335 est
3083 3295 3108 3343 ,·
3153 3273 3216 3328 et
3269 3261 3430 3324 Psal-

1881 3372 2000 3435 138
2031 3393 2044 3431 :
2081 3370 2294 3435 Nimis
2333 3367 2610 3432 honorati
2648 3372 2796 3429 sunt
2827 3366 3014 3429 amici
3061 3361 3176 3433 tui,
3230 3360 3396 3421 Deus
3405 3378 3431 3428 ,-

1878 3466 2054 3527 Cant.
2097 3467 2175 3526 5:
2221 3463 2518 3527 comedin
2556 3460 2778 3533 amioi;
2803 3458 3078 3538 Sapient.
3105 3458 3141 3516 ’1
3173 3449 3435 3516 :Parti-

1881 3559 2039 3639 cipes
2055 3558 2209 3637 facti
2225 3562 2369 3622 runt
2401 3554 2691 3619 amicitioe
2723 3555 2840 3616 Dei
2852 3580 2878 3626 ;
2896 3552 3064 3612 lsaiae
3089 3552 3162 3610 41
3191 3546 3434 3611 :semen

1879 3652 2142 3714 Abram
2163 3649 2348 3713 amici
2365 3649 2515 3720 νηὶ,-
2539 3665 2663 3727 quo
2687 3644 2953 3726 respexit
2979 3640 3188 3704 Jacob.
3221 3640 3290 3699 in
3323 3654 3436 3697 sua

1877 3746 2136 3816 Cannu„
2169 3760 2305 3822 cap.
2351 3744 2428 3803 2:
2460 3740 2799 3814 Abraham,
2846 3736 3159 3817 inquiens,
3201 3733 3434 3797 amicus

1875 3836 1994 3899 Dei
2018 3834 2359 3917 appellatus
2399 3839 2490 3898 est
2507 3858 2534 3904 ,·
2574 3835 2755 3894 Lucae
2787 3832 2864 3892 12
2897 3851 2909 3893 :
2942 3830 3089 3893 Dico
3119 3831 3320 3892 autem
3339 3842 3436 3887 vo·

1877 3931 1970 3993 bis
2001 3930 2219 3993 amicis
2249 3928 2395 3991 meis
2406 3954 2428 4001 ;
2453 3940 2516 3989 et
2541 3928 2763 3988 Joann.
2814 3928 2892 3987 15
2926 3924 3112 3988 :Jam
3139 3940 3256 3983 non
3305 3920 3435 3982 dico

1879 4042 1982 4087 vos
2007 4040 2235 4098 servos,
2265 4023 2374 4085 sed
2387 4019 2608 4083 amicos
2627 4040 2653 4093 ,·
2673 4019 2738 4079 id
2766 4025 2881 4093 est,
2901 4015 3183 4096 quamvis
3211 4020 3436 4073 natura

1879 4117 2014 4177 sitis
2039 4115 2224 4193 servi,
2251 4114 2450 4193 gratia
2476 4119 2710 4186 autem,
2735 4128 2874 4190 quae
2899 4107 3292 4171 excellentior
3317 4110 3432 4179 est,

1880 4210 2025 4270 facti
2054 4208 2197 4269 estis
2247 4206 2450 4269 amici.
2487 4204 2656 4265 Dices
2693 4222 2710 4265 z
2739 4204 2927 4264 etiam
2969 4201 3260 4261 dicuntur
3285 4197 3436 4276 justi

1878 4302 1992 4364 filii
2022 4301 2154 4376 Dei,
2183 4305 2246 4362 et
2290 4298 2524 4378 templa
2561 4296 2828 4376 Spiritus
2872 4291 3104 4367 Sancti,
3141 4310 3280 4371 quoe
3308 4308 3437 4350 nou

1878 4395 2124 4476 proprie
2152 4394 2258 4455 sed
2284 4391 2698 4473 metaphorice
2717 4392 3134 4469 exponuntur.
3167 4387 3439 4464 Respon-

1880 4489 2061 4549 detur
2087 4486 2334 4564 singula
2349 4484 2537 4546 verba
2565 4483 2894 4563 Scripturas
2923 4498 3054 4541 esse
3080 4476 3438 4558 accipienda

1882 4583 1945 4641 iu
1974 4598 2048 4641 ea
2071 4579 2444 4659 proprietate
2473 4594 2662 4656 quam
2692 4576 3013 4656 patiuntur
3057 4594 3072 4633 ε
3105 4576 3254 4633 sunt
3291 4586 3438 4648 ergo

1877 4674 2029 4754 justi
2057 4673 2286 4751 templa
2314 4668 2682 4750 spiritualia,
2716 4669 2864 4747 quia
2911 4668 2978 4728 in
3031 4666 3118 4728 eis
3175 4666 3441 4747 Spiritus

1884 4770 2144 4830 Sanctus
2172 4764 2518 4839 inhabitat3
2548 4769 2694 4823 sunt
2717 4779 2864 4823 vero
2889 4760 3001 4821 filii
3025 4778 3136 4840 per
3161 4760 3440 4839 adoptio·

1884 4879 2030 4922 nem
2059 4906 2079 4935 ,
2133 4859 2317 4920 amici
2362 4876 2471 4936 per
2517 4858 2780 4935 gratiam
2823 4860 2885 4915 et
2944 4853 3440 4915 benevolentiam

1883 4960 2167 5015 mutuam
2193 4950 2753 5031 supernaturalem,
2772 4966 2908 5028 quae
2927 4966 3072 5007 vere
3101 4954 3164 5008 et
3189 4946 3439 5026 proprie

1880 5050 2043 5107 inter
2086 5047 2282 5106 Deum
2318 5051 2380 5105 et
2427 5044 2748 5104 hominem
2777 5040 3156 5101 intercedere
3205 5044 3436 5119 potest3

1880 5146 1942 5201 et
1979 5139 2096 5199 hoc
2139 5138 2218 5198 ad
2260 5138 2576 5216 propriam
2618 5134 2956 5195 amicitiam
2981 5132 3210 5193 sufficit
3233 5152 3247 5192 :
3273 5132 3442 5193 unde

1880 5231 1947 5291 in
1977 5230 2360 5299 Tridentin0‚
2391 5248 2538 5290 sess.
2567 5225 2631 5303 8,
2657 5245 2790 5307 cap.
2826 5231 2884 5302 1,
2904 5226 3052 5305 justi
3082 5224 3443 5305 simpliciter

1880 5329 2182 5383 vocantur
2210 5322 2412 5384 amici.

1961 5418 2020 5477 3.
2069 5416 2326 5496 Triplex
2345 5421 2434 5480 est
2462 5413 2843 5479 amicitia.—-
2862 5414 3144 5491 Perfecta
3170 5410 3442 5476 amicitia

1881 5508 2312 5587 subdividitur.
2331 5540 2414 5555 --
2439 5508 2557 5569 Sed
2612 5514 2684 5579 ut
2741 5508 2876 5581 hoec
2929 5506 3168 5579 ratione
3219 5504 3443 5578 constr-
