3900 6217
548 392 700 447 SECT.
735 391 796 443 n.
833 391 914 442 AN
947 388 1092 442 ILLA
1122 390 1440 445 POTESTAS
1469 390 1549 441 ET
1583 388 1989 442 UNIVERSALIS
2021 391 2333 443 ECCLESIAE
2365 390 2679 454 PASTORIS,
2714 390 2847 444 ETC.
3164 390 3278 452 291

207 510 368 579 refero,
387 500 505 581 qnia
525 492 668 557 nihil
687 492 765 553 ad
791 491 1142 553 institutam
1163 489 1646 553 controversiam
1723 487 1818 549 Ad
1841 495 2134 567 quartum
2150 536 2169 563 ,
2212 491 2617 570 respondetur
2645 491 2845 571 primo
2870 490 2937 553 id
2962 492 3153 557 fuisse
3180 512 3285 573 ge-

209 600 434 683 pertinere
451 590 726 651 videntur.
1725 597 1846 641 nus
1885 582 2203 643 modestiae
2239 590 2301 645 et
2345 583 2620 659 honoris,
2666 600 2852 661 quem
2890 586 3113 647 merito
3154 588 3287 651 Cle-

257 696 332 755 27.
354 686 436 751 Ad
447 675 862 765 primume-Ad
881 674 1380 741 secunduma-Ad
1398 675 1646 739 tertium
1725 691 1903 733 mens
1945 675 2175 737 Jacobo
2220 676 2442 737 tribuit
2492 683 2790 757 tanquam
2837 679 3130 756 Apostolo
3151 727 3171 757 ,
3224 690 3289 745 et

205 781 448 865 aquidum
460 766 1647 854 respondeant.-Impu9natw.-Aliorum
1729 767 1908 828 fratri
1931 768 2195 831 Domini.
2219 771 2296 831 Et
2314 770 2606 845 secundo,
2636 770 2782 847 quia
2803 787 3020 832 revera
3043 774 3289 853 Episco-

200 872 426 957 mponsio
445 861 1288 943 displicet.--Acommodatior
1309 880 1384 926 em
1407 860 1652 942 Auqzcs·
1731 879 1846 939 pus
1869 868 2003 922 erat
2030 862 2375 925 multorum
2400 864 2837 943 Episcoporum
2867 864 2985 924 sibi
3008 866 3159 927 subd
3168 869 3290 929 ito-

202 970 352 1033 tiwet
371 960 567 1029 ceteris
589 956 1010 1037 interpretibus
1039 957 1123 1019 ad
1143 957 1336 1019 locum
1355 954 1654 1017 Pauli.—-
1731 971 1895 1013 rum.
1951 956 2159 1016 Tertio
2180 1000 2203 1034 ,
2252 957 2399 1035 quia
2448 961 2585 1018 erat
2634 962 2934 1036 tanquam
2990 958 3174 1021 decus
3228 968 3289 1025 et

195 1062 269 1125 Ad
283 1060 527 1141 quartum.
564 1082 638 1097 -
671 1050 766 1110 Ad
797 1050 1074 1131 primum
1103 1066 1253 1128 ergo
1282 1045 1647 1125 respondeo,
1672 1042 2050 1126 *exemplar
2075 1049 2339 1110 aliorum
2372 1048 2792 1111 Praelatorum.

197 1156 370 1215 mittero
385 1164 492 1209 non
507 1141 846 1223 significare
867 1159 1112 1221 semper
1129 1141 1558 1202 auctoritatem
1579 1139 1650 1197 in
1809 1140 1908 1200 28.
1960 1139 2413 1213 Quoestiunoula
2440 1143 2711 1207 incidens
2744 1144 3059 1210 deciditur.
3094 1178 3177 1191 -
3202 1148 3294 1208 Ex

192 1248 424 1315 mittente,
465 1236 598 1317 quia
633 1252 798 1315 saepe
837 1234 910 1295 fit
945 1233 1384 1313 permittendo,
1430 1248 1653 1292 consu·
1731 1234 2049 1293 occasione
2095 1242 2305 1297 autem
2342 1236 2626 1297 resolutas
2654 1238 3035 1315 quaestionis,
3066 1240 3289 1319 agitari

191 1337 343 1409 leudo,
383 1331 466 1393 vel
509 1330 801 1406 rogando,
855 1344 984 1387 non
1037 1324 1471 1405 praecipiendO,
1528 1338 1652 1401 quo
1729 1330 1975 1403 poterat
2006 1344 2086 1389 an
2116 1326 2387 1407 Apostoli
2392 1329 2558 1408 „qui
2590 1331 2769 1393 Petro
2788 1332 3291 1410 supervixerant,

189 1436 318 1509 pacto
355 1425 560 1487 amicus
617 1420 841 1481 dicitur
902 1420 1173 1480 amicum
1236 1422 1480 1477 mittere
1504 1459 1525 1490 ,
1591 1418 1654 1475 et
1735 1416 1971 1479 fuerint
2016 1437 2159 1482 vere
2200 1420 2431 1483 subditi
2468 1422 2765 1503 Episcopo
2794 1423 3095 1500 Romam,
3130 1427 3297 1487 Petri

191 1525 316 1583 llatt.
341 1522 371 1579 2
407 1518 610 1595 legitur
643 1514 912 1577 Herodes
952 1512 1194 1573 misisse
1221 1512 1430 1587 Magos
1453 1508 1522 1568 in
1546 1508 1658 1567 Bc-
1736 1528 2107 1588 successore,
2142 1514 2219 1575 de
2246 1533 2371 1594 qua
2408 1534 2477 1577 re
2509 1516 2667 1577 nihil
2694 1517 2857 1595 apud
2884 1523 3163 1579 auctores
3186 1537 3297 1595 ‚me

191 1615 374 1675 thleem.
395 1610 530 1671 Vide
553 1610 958 1681 Turi-eorem„
975 1605 1084 1666 lib.
1117 1607 1178 1678 2,
1207 1622 1338 1683 cap.
1364 1603 1464 1669 14.
1487 1599 1567 1663 ad
1591 1602 1651 1661 3.
1736 1604 1958 1683 legisse
1986 1606 2245 1669 memini
2273 1624 2294 1686 3
2335 1608 2582 1671 videtur
2618 1614 2829 1671 tamen
2868 1628 2943 1671 ex
2973 1610 3151 1673 dictis
3194 1630 3259 1675 se
3281 1646 3298 1658 ·

187 1708 251 1767 Ad
273 1702 578 1777 secundum,
619 1717 786 1779 nego
809 1696 1162 1760 definivisse
1189 1694 1508 1770 Jacobum‚
1550 1691 1658 1754 sed
1737 1699 1878 1777 qui,
1931 1699 2253 1763 inferiores
2312 1702 2583 1763 extitisse
2624 1703 3072 1781 jurisdictione,
3114 1712 3299 1786 atque

187 1798 520 1877 subscripsisse
556 1795 764 1875 potius
808 1799 872 1854 et
914 1791 1292 1853 consensisse
1336 1789 1658 1851 sententiae
1739 1791 1895 1853 adeo
1935 1792 2349 1870 jurisdictioni
2384 1794 2699 1857 Pontificis
2745 1796 3010 1858 Romani
3060 1799 3302 1877 subjec-

193 1896 346 1957 Petri:
383 1894 459 1953 ita
493 1892 926 1969 Hieronymus,
961 1886 1218 1968 epistola
1257 1884 1337 1947 ad
1370 1884 1664 1963 Augusti·
1740 1891 1859 1961 tos,
1901 1888 2188 1965 quamvis
2231 1888 2370 1949 aliis
2408 1890 2837 1967 praerogativis
2887 1897 2950 1951 et
3002 1893 3303 1953 excellen-

189 2006 294 2049 num
334 2002 492 2065 supra
545 1984 770 2061 citata3
819 1982 1217 2053 Theodoret„
1274 1978 1534 2058 epistola
1581 1975 1662 2037 ad
1740 1980 1844 2039 tiis
1867 1978 2103 2041 fuerint
2126 1982 2492 2063 superiores·
2525 1983 2803 2045 Primum
2822 1984 3009 2063 plane
3036 1992 3207 2064 patet
3224 2004 3302 2049 ex

187 2084 381 2143 Leonem
404 2078 472 2137 de
506 2076 721 2137 eadem
751 2094 844 2136 re.
887 2074 1122 2135 Verum
1155 2072 1412 2152 quidem
1444 2076 1535 2132 est
1557 2070 1661 2131 Ja·
1741 2070 1920 2132 dictis
1937 2094 1955 2147 3
1989 2092 2137 2135 nam
2166 2073 2381 2136 eadem
2403 2081 2669 2154 potestas
2700 2083 2762 2137 et
2790 2076 3137 2154 jurisdictio
3166 2098 3305 2159 quoe

183 2173 365 2247 cubum,
403 2172 564 2231 Petro
605 2167 1076 2241 consentiendo,
1107 2165 1292 2225 simul
1333 2162 1664 2243 praebuisse
1741 2162 1862 2225 tuit
1897 2166 1967 2227 in
2024 2168 2223 2243 Petro,
2273 2167 2579 2229 transfusa
2616 2176 2712 2229 est
2760 2170 2829 2230 in
2880 2189 3298 2250 successores3

183 2265 434 2325 consilium
455 2263 604 2323 circa
622 2262 886 2321 modum
905 2261 972 2319 in
992 2258 1158 2319 illius
1183 2258 1278 2319 rei
1300 2256 1664 2319 executione
1745 2275 1938 2336 quare
1988 2260 2055 2321 in
2106 2260 2306 2321 tribus
2338 2260 2473 2338 jam
2504 2261 2683 2322 dictis
2716 2262 3173 2327 conditionibus
3207 2284 3309 2327 su-

187 2356 484 2431 tenendum3
537 2355 698 2435 quod
731 2354 878 2415 licet
921 2353 1110 2415 etiam
1139 2350 1418 2412 inferiori
1453 2367 1665 2413 coram
1745 2353 2047 2435 perabant
2090 2353 2184 2413 illi
2231 2354 2507 2417 viventes
2538 2354 2861 2433 Apostolos
2887 2400 2907 2429 ‚
2958 2358 3192 2419 scilicet
3238 2359 3307 2419 in

189 2451 422 2529 superiore
443 2457 752 2527 praestare.
781 2446 874 2507 Ad
903 2446 1158 2507 tertium
1177 2445 1430 2523 quidam
1455 2461 1666 2503 oecur-
1745 2449 1989 2527 objecto
2020 2448 2359 2526 potestatis,
2400 2466 2545 2509 nam
2574 2449 2651 2509 ad
2702 2467 3113 2512 successorem
3144 2452 3308 2513 Petri

189 2548 290 2602 runt
309 2542 558 2621 cepham,
597 2558 794 2619 quem
826 2539 1046 2599 Paulus
1072 2538 1496 2619 reprehendit,
1539 2554 1666 2597 non
1747 2543 2015 2622 pertinet
2054 2559 2165 2620 per
2202 2559 2268 2602 se
2296 2543 2498 2620 primo
2530 2559 2682 2603 cura
2710 2548 2771 2602 et
2801 2543 3169 2621 gubernatio
3214 2553 3309 2607 to-

185 2637 320 2695 suisse
345 2634 706 2715 Apostolum,
763 2634 870 2695 sed
915 2650 1114 2693 unum
1153 2632 1428 2709 aliquem
1473 2648 1552 2691 ex
1587 2630 1668 2691 70
1744 2636 1868 2695 tius
1895 2633 2220 2708 Ecelesiae,
2266 2635 2432 2713 quod
2472 2641 2542 2694 ut
2595 2635 2724 2696 dixi
2770 2654 2897 2697 non
2953 2638 3313 2717 competivit

187 2728 468 2807 Discipulis;
493 2729 577 2787 sic
609 2728 812 2787 refert
845 2725 1160 2801 Eusebium,
1203 2728 1232 2785 1
1271 2725 1528 2798 Histor„
1571 2741 1668 2783 ca·
1749 2728 1987 2789 caeteris
2005 2728 2326 2807 ApostoliS.
2358 2729 2659 2801 Secunde,
2682 2735 2943 2808 potestas
2972 2730 3077 2791 illa
3100 2737 3312 2793 exten-

187 2821 280 2897 pite
305 2824 460 2895 ss,ex
484 2819 806 2881 Clemente
829 2817 1184 2891 Alexandr„
1210 2820 1248 2877 4
1275 2818 1672 2891 Stromat.,et
1752 2820 2015 2883 debatur
2043 2822 2121 2882 ad
2150 2838 2365 2881 omnes
2393 2825 2457 2881 et
2477 2821 2751 2899 singulas
2780 2840 3090 2901 personas,
3122 2825 3313 2885 etiam

191 2913 440 2973 Eunomus
469 2912 656 2975 etiam
685 2912 776 2973 ad
803 2912 1000 2973 Galat.
1033 2913 1092 2971 2.
1130 2911 1252 2972 Sed
1271 2910 1457 2989 plane
1485 2927 1671 2989 repu-
1755 2914 2225 2992 Episcoporum,
2256 2913 2405 2991 quia
2446 2913 2511 2973 id
2551 2913 2841 2991 exigebat
2883 2916 3041 2976 ratio
3082 2914 3317 2977 ordinis

193 3005 555 3081 guathoc,non
579 3004 798 3067 solum
826 3004 1143 3065 communi
1169 3002 1537 3083 expositioni
1566 3004 1676 3063 Pa·
1755 3012 1818 3067 et
1845 3005 2105 3067 unitatis
2130 3006 2571 3067 ecclesiasticae.
2604 3007 2835 3081 Tertio,
2864 3013 3132 3087 potestas
3160 3010 3317 3070 Pon-

194 3104 310 3156 uum
329 3117 642 3177 graecorum
674 3104 752 3159 et
787 3098 1124 3159 latinorum
1143 3143 1165 3173 ,
1207 3098 1314 3159 sed
1342 3097 1530 3156 etiam
1558 3094 1676 3175 ipsi
1755 3099 1940 3161 tificis
1993 3100 2260 3160 Romani
2285 3116 2529 3179 semper
2560 3100 2682 3161 fuit
2722 3100 3061 3177 ordinaria,
3091 3107 3154 3163 et
3180 3120 3318 3181 per-

181 3194 458 3271 contextui,
501 3212 654 3255 nam
686 3192 802 3253 ille
831 3191 996 3252 idem
1025 3190 1260 3269 Cephas
1281 3207 1420 3250 cum
1447 3182 1676 3250 Jacbbo
1755 3200 1941 3273 petuo
1967 3194 2035 3255 iu
2060 3193 2331 3255 Ecclesia
2366 3210 2699 3268 mansura3
2731 3212 2859 3256 non
2885 3195 2971 3255 sic
2996 3202 3203 3257 autem
3249 3196 3318 3257 in

181 3292 224 3343 et
252 3286 446 3349 ,Ioanne
476 3288 778 3347 dicuntur
815 3286 1108 3349 columnae
1143 3281 1459 3359 Ecclesioe,
1505 3290 1568 3343 et
1607 3282 1676 3341 in
1754 3286 1995 3349 caeteris
2028 3286 2351 3366 Apostolis.

177 3376 474 3455 quibusdam
509 3379 836 3441 codicibus
871 3378 1085 3459 graecis
1117 3377 1251 3437 loco
1283 3374 1494 3457 Cephoe
1523 3374 1678 3453 legi-

177 3476 248 3527 tur
271 3471 484 3534 Petrus.
533 3474 660 3533 Alii
699 3490 854 3551 ergo
881 3471 1102 3532 volunt
1131 3469 1680 3551 reprehensionem

170 3560 309 3623 fuisse
341 3566 399 3624 in
443 3550 708 3645 gratiam
764 3565 1148 3638 Judaeorum‚
1190 3564 1356 3643 quod
1400 3562 1679 3622 indicant

171 3654 422 3733 Origenes,
464 3664 524 3719 et
557 3660 668 3719 alii
710 3658 950 3733 Graeci3
994 3657 1101 3718 scd
1143 3656 1259 3716 hoc
1288 3655 1478 3717 etiam
1513 3658 1681 3714 caret

173 3744 528 3827 fundamento,
556 3752 874 3831 planeque
903 3750 1150 3811 videtur
1171 3766 1521 3829 repugnare
1545 3765 1683 3808 ver-

169 3840 236 3900 bis
255 3844 402 3905 Pauli
427 3861 444 3905 2
477 3844 627 3909 Cum
653 3848 950 3909 vidissem
974 3846 1132 3925 quod
1153 3860 1272 3905 uon
1295 3845 1454 3905 recte
1475 3842 1683 3904 ambu-

165 3932 336 4011 Iurat,
363 3944 473 4000 etc.
511 3938 690 4001 Unde
717 3938 1132 4015 AugustinuS,
1164 3936 1242 3998 de
1261 3954 1460 4015 agone
1484 3934 1686 3995 Chris-

165 4026 314 4103 tiano,
353 4032 544 4110 capite
577 4033 686 4107 30,
731 4035 798 4091 et
826 4028 1028 4089 tribus
1053 4028 1325 4108 epistolis
1360 4028 1441 4090 ad
1469 4028 1686 4087 Hiero-

165 4136 396 4199 nymum,
455 4131 515 4186 et
573 4124 762 4185 divus
809 4122 1078 4183 Thomas
1131 4125 1188 4182 1.
1233 4123 1298 4196 2,
1346 4121 1686 4201 quaestione

170 4214 272 4289 103,
300 4222 404 4276 art.
427 4220 484 4292 3,
515 4215 600 4278 ad
628 4220 694 4293 2,
723 4216 1003 4277 sentiunt
1019 4232 1299 4295 peccasse
1317 4216 1566 4275 Petrum
1586 4228 1688 4273 ve-

165 4306 380 4387 nialiter,
393 4309 474 4370 ob
489 4310 684 4391 idque
702 4309 898 4371 fuisse
912 4328 950 4369 a
981 4307 1170 4369 Paulo
1196 4325 1265 4369 re
1271 4306 1687 4387 prehensum;
1855 4313 1912 4370 1.
1962 4308 2239 4388 Quattuor
2276 4323 2511 4369 errores
2549 4323 2623 4369 σω
2673 4307 2973 4371 haereticis
3024 4326 3335 4371 resumun-

163 4400 422 4463 interdum
443 4421 726 4483 namque
752 4401 1012 4463 inferior
1029 4407 1228 4481 potest
1255 4402 1567 4478 corrigere
1589 4417 1690 4459 su·
1774 4407 1902 4466 tur.
1932 4436 2013 4449 -κ-
2034 4403 2105 4463 ln
2132 4402 2247 4463 bac
2276 4400 2617 4480 quaestione
2647 4400 2814 4460 varie
2860 4408 3133 4463 erratum
3162 4410 3253 4464 est
3286 4408 3331 4479 ¹,

165 4509 420 4569 perierem
451 4513 602 4559 cum
632 4496 854 4557 debita
877 4495 1179 4557 modestia
1206 4501 1268 4556 et
1301 4493 1649 4554 reverentia
1666 4536 1688 4567 ,
1771 4515 1846 4558 eo
1873 4496 2040 4576 quod
2071 4511 2315 4573 semper
2336 4493 2470 4553 haec
2492 4493 2762 4570 dignitas
2806 4492 3107 4556 haereticis
3135 4495 3339 4557 homi-

163 4592 216 4645 ut
247 4606 340 4647 sno
382 4588 620 4653 dicetur
665 4590 812 4649 loeo
829 4610 848 4663 ;
893 4588 1164 4649 maxime
1204 4586 1454 4666 quando
1485 4586 1549 4645 id
1581 4590 1692 4645 aut
1771 4590 1959 4651 nibus
2002 4588 2245 4649 infensa
2273 4586 2393 4647 fuit
2420 4598 2483 4647 et
2523 4586 2779 4663 odiosa3
2833 4588 3143 4667 praecipue
3187 4607 3337 4651 vero

165 4680 540 4755 proximorum
567 4682 747 4743 salus
789 4688 900 4742 aut
925 4682 1126 4743 honor
1155 4680 1304 4741 fidei
1339 4681 1601 4759 requirit
1641 4684 1686 4739 ¹.
1769 4683 1938 4744 hisce
1986 4679 2367 4761 temporibus
2416 4680 2763 4741 incredibili
2810 4682 2905 4741 ira
2963 4689 3026 4743 et
3074 4682 3216 4743 odio
3266 4683 3337 4743 in

2396 3523 2609 3576 SEGTlo
2638 3524 2700 3577 11.

1761 3707 1862 3771 An
1894 3711 2172 3788 potestas
2215 3713 2273 3771 et
2310 3706 2682 3794 universalis
2721 3706 3017 3792 Ecclesia:
3044 3710 3331 3773 Pastoris

1844 3803 2137 3884 (limitas,
2168 3818 2301 3882 qua·
2328 3802 2395 3861 in
2428 3802 2607 3864 Petro
2638 3801 2787 3881 suit,
2822 3800 2889 3863 in
2912 3802 3181 3884 episcopo
3206 3802 3329 3867 Ro-

1843 3911 2020 3958 mano
2048 3912 2163 3976 per
2205 3892 2546 3957 continuam
2580 3896 3013 3958 successionem
3044 3913 3329 3975 permane

1845 3989 1997 4051 serit
2022 4034 2039 4062 ‚
2087 4004 2273 4069 usque
2313 3987 2395 4049 ad
2428 4004 2562 4049 oum
2608 3990 2713 4068 qui
2749 4006 2907 4051 nunc
2967 3989 3330 4052 cathedram

1813 4078 1820 4083 ’
1847 4080 2147 4146 Ecclesiae
2178 4085 2355 4155 tenet,
2392 4079 2747 4161 &regarium
2778 4082 2968 4143 XIII
2985 4083 3015 4143 ‚2

165 4770 282 4833 'Vide
315 4774 380 4833 D.
421 4776 734 4836 Thomam
779 4778 841 4835 2.
877 4778 941 4850 2,
985 4792 1046 4853 q.
1075 4775 1180 4849 33,
1209 4776 1328 4833 art.
1361 4773 1424 4848 4,
1465 4772 1545 4831 ad
1569 4772 1692 4851 pri·
1772 4778 2103 4837 Summum
2132 4772 2494 4834 Pontificem
2534 4779 2683 4833 sunt
2724 4774 3041 4849 commoti,
3070 4793 3340 4854 quorum

161 4879 342 4943 mum3
387 4869 736 4929 Adrianum
783 4868 884 4942 IV,
919 4886 982 4946 q.
1022 4868 1097 4942 93
1146 4866 1413 4941 Sinum,
1446 4864 1487 4925 l·
1531 4868 1560 4925 1
1593 4864 1694 4925 Bi·
1773 4869 1965 4932 verba
2004 4874 2076 4929 ut
2121 4868 2513 4941 omittamus,
2548 4868 2845 4946 quoniam
2890 4867 3153 4947 indigna
3196 4876 3345 4931 sunt

161 4954 367 5035 blioth„
397 4964 624 5023 Annot.
657 4961 883 5035 10⁷‚et
910 4960 1019 5021 lib.
1047 4962 1110 5033 6,
1137 4960 1364 5019 Annot.
1391 4959 1533 5019 274.
1553 4958 1689 5017 Alio
1773 4981 1912 5043 quae
1960 4961 2329 5047 referantur,
2358 4960 2667 5021 sententia
2722 4959 2993 5021 breviter
3034 4959 3173 5021 haec
3220 4966 3335 5021 est.

167 5052 366 5113 veroin
399 5054 530 5115 loco
562 5056 802 5115 Paulus
837 5051 1145 5113 fatebatur
1183 5050 1414 5112 habere
1453 5068 1520 5111 se
1557 5068 1690 5111 om·
1773 5057 2050 5116 Primum
2070 5059 2326 5132 negant,
2358 5058 2427 5113 ut
2451 5052 2745 5127 vidimus,
2768 5053 2934 5112 Petri
2958 5052 3296 5131 primatum
3314 5069 3335 5129 ;

165 5145 311 5203 nium
335 5148 744 5209 Ecclesiarum
765 5146 1263 5221 sollicitudinem,
1297 5152 1359 5207 et
1385 5144 1464 5204 ob
1494 5145 1692 5205 chari·
1772 5148 2077 5223 secundo,
2122 5146 2365 5209 etiamsi
2401 5146 2467 5205 in
2518 5147 2695 5206 Petro
2746 5144 2918 5205 illam
2968 5145 3342 5223 dignitatem

169 5240 283 5298 tatis
308 5240 590 5318 officium,
637 5248 703 5303 et
734 5240 818 5301 ob
845 5238 1262 5320 Apostolicum
1289 5256 1540 5315 munUS,
1587 5237 1693 5298 cui
1778 5242 2137 5316 admittant,
2164 5244 2400 5319 negant
2424 5238 2519 5299 illi
2558 5255 2992 5313 successorem,
3022 5254 3097 5299 ac
3124 5238 3345 5299 volunt

169 5338 344 5394 tamen
369 5338 577 5397 Petrus
605 5340 779 5397 esset
805 5333 1105 5414 superior,
1137 5339 1212 5393 ut
1238 5337 1550 5393 ostensum
1581 5336 1694 5393 est.

1867 5426 1883 5459 ¹
1929 5420 2085 5481 Vide
2111 5418 2178 5480 in
2216 5416 2457 5481 Defens.
2488 5416 2658 5491 fidei,
2689 5414 2735 5476 1.
2763 5418 2827 5492 3,
2856 5434 2896 5477 a
2920 5434 2977 5477 c.
3010 5416 3109 5490 12,
3142 5434 3337 5496 usque

239 5526 252 5559 ¹
291 5524 432 5589 Vide
451 5526 620 5587 infra
641 5526 718 5585 in
745 5529 830 5585 tr.
851 5526 914 5601 3,
944 5522 1100 5603 disp.
1134 5523 1196 5600 8,
1235 5527 1382 5585 sect.
1413 5523 1473 5583 5.
1781 5515 1861 5577 ad
1905 5516 2008 5577 20.
