3900 6217
524 355 643 422 572

520 471 649 524 tem
679 462 760 526 ab
813 462 940 526 illis
991 464 1348 526 auctoribus
1398 483 1524 526 non
1583 463 1957 540 admittitur,
2012 470 2083 526 ut

517 557 650 636 jam
671 555 1042 618 videbimus.

604 651 665 710 4.
718 649 954 726 Quarta
978 653 1254 716 aesortio.
1268 653 1703 718 -Limitatwr
1720 653 2085 716 assertio.-

522 745 668 808 Dico
687 764 836 825 ergo
861 751 1115 825 quarto:
1145 744 1310 807 bona
1336 765 1476 826 quae
1529 765 1658 808 non
1700 745 2081 808 transferun-

523 843 624 898 tur
665 838 743 900 ad
771 838 1045 900 haeredes
1096 844 1440 915 extraneos,
1469 831 1596 902 non
1641 839 2074 917 confiscantur.

525 932 614 992 Ita
634 932 811 992 docet
823 929 1026 992 Julius
1046 931 1276 1006 Clarus,
1294 931 1402 992 ubi
1431 950 1642 1011 supra,
1663 938 1726 995 et
1739 932 2081 996 admittunt

524 1023 732 1101 Sanc„
763 1031 826 1086 et
865 1024 972 1086 alii
1011 1043 1164 1104 quos
1202 1024 1449 1105 allegat.
1484 1028 1562 1088 Et
1593 1027 1824 1107 optime
1865 1026 2075 1105 Gigas,

522 1117 592 1178 in
625 1122 800 1178 tract.
845 1118 920 1180 de
950 1118 1137 1180 Crim.
1181 1118 1307 1180 loes.
1335 1120 1574 1198 majest.
1581 1166 1602 1197 ,
1647 1122 1740 1182 tit.
1771 1120 1848 1182 de
1877 1120 2085 1181 Ptenis

522 1208 722 1288 ejusd.
757 1210 960 1286 crim„
990 1229 1051 1290 q.
1085 1212 1122 1272 5
1147 1217 1208 1272 et
1229 1211 1269 1272 6
1282 1227 1302 1287 3
1333 1219 1394 1274 et
1421 1213 1634 1274 Panna
1653 1212 1717 1273 in
1749 1213 2075 1289 Dii-ector„

523 1303 561 1362 3
592 1321 682 1382 p.‚
699 1309 1028 1366 comment.
1057 1305 1163 1366 161
1189 1307 1462 1382 ;Farin.,
1479 1307 1555 1368 de
1574 1307 1832 1381 HaereS„
1850 1325 1914 1386 q.
1937 1307 2077 1368 190.

521 1395 599 1456 Et
627 1397 784 1456 ratio
821 1402 916 1457 est
953 1415 1138 1476 supra
1171 1395 1504 1476 assignata,
1536 1404 1599 1460 et
1637 1417 1781 1460 cum
1826 1417 2081 1479 propor-

521 1487 691 1550 tione
719 1489 1022 1569 applicata
1040 1513 1058 1566 ;
1089 1491 1236 1571 quia
1256 1491 1528 1554 defectus
1549 1493 1864 1574 potestatis
1881 1499 2081 1553 trans-

522 1582 760 1644 ferendi
779 1583 930 1644 talia
956 1583 1121 1646 bona
1143 1584 1210 1647 in
1239 1592 1559 1648 extraneos
1582 1591 1673 1648 est
1698 1586 1948 1666 signum
1974 1605 2081 1646 ca-

521 1674 739 1736 rentioe
781 1675 1038 1738 dominii
1067 1677 1168 1740 vel
1209 1679 1618 1752 limitationis,
1649 1679 1746 1741 vel
1783 1679 2082 1741 conditio-

521 1767 641 1841 nis,
683 1769 797 1830 sub
835 1789 961 1850 qua
987 1769 1131 1832 data
1156 1778 1301 1832 sunt
1333 1772 1440 1833 illa
1473 1771 1659 1847 bona,
1682 1780 1754 1834 ut
1785 1791 1912 1834 non
1941 1790 2082 1853 pos-

519 1860 644 1922 sint
690 1861 771 1923 ad
821 1869 1142 1926 extraneos
1172 1867 1474 1941 transire3
1525 1884 1668 1927 cum
1711 1883 1860 1944 ergo
1898 1865 2085 1927 fiscus

520 1960 848 2018 extraneus
902 1957 1006 2033 sit,
1055 1957 1242 2020 etiam
1289 1976 1418 2020 non
1463 1965 1721 2040 possunt
1777 1959 1860 2020 ad
1899 1959 2081 2020 illum

522 2049 805 2126 transire,
840 2051 986 2131 quia
1009 2070 1136 2113 non
1161 2058 1362 2133 potest
1377 2053 1716 2114 confiscare
1742 2052 1929 2130 bona,
1963 2053 2081 2114 nisi

519 2148 824 2218 quatenus
841 2143 1008 2205 illius
1033 2153 1177 2206 sunt
1193 2147 1300 2225 qui
1315 2145 1608 2210 delictum
1626 2146 1957 2208 commisit.
1990 2148 2082 2208 Ex

517 2232 636 2295 hac
663 2254 808 2296 vero
837 2238 1076 2299 ratione
1091 2238 1316 2317 colligo
1337 2239 1814 2302 declarationem
1849 2241 2081 2319 regulas

519 2329 858 2390 necessario
879 2331 1294 2394 adhibendam
1307 2375 1326 2407 ,
1343 2331 1596 2410 scilicet,
1611 2332 2081 2412 intelligendam

519 2440 650 2484 esse
683 2423 760 2484 de
779 2424 1208 2488 confiscatione
1249 2431 1570 2506 perpetua,
1599 2445 1706 2488 seu
1729 2445 1870 2506 quoe
1901 2426 2086 2489 duret

517 2515 705 2576 ctiam
733 2523 870 2596 post
910 2526 1172 2580 mortem
1195 2517 1494 2596 hatretici,
1527 2521 1676 2599 quia
1711 2539 1874 2601 saepe
1892 2520 2080 2596 bona,

517 2627 657 2688 quae
688 2611 752 2670 in
770 2617 970 2673 morte
998 2631 1125 2674 non
1143 2620 1400 2692 possunt
1441 2613 1763 2676 transferri
1793 2615 1858 2675 in
1891 2613 2085 2676 haere-

517 2702 684 2780 dem,
715 2705 992 2783 quandiu
1017 2705 1145 2766 vita
1185 2706 1386 2782 durat,
1415 2712 1671 2787 possunt
1693 2707 1874 2769 alteri
1892 2709 2081 2771 dona-

515 2796 593 2873 ri,
624 2796 722 2858 vel
747 2797 947 2878 quoad
974 2799 1418 2877 possessionem
1441 2805 1506 2862 et
1537 2819 1742 2875 usum,
1763 2801 1857 2862 vel
1888 2803 2079 2863 etiam

515 2889 713 2968 quoad
745 2907 926 2950 usum
974 2891 1309 2952 fructuum.
1346 2894 1422 2954 Et
1475 2900 1625 2954 tunc
1653 2900 1951 2974 poterunt
1978 2912 2079 2956 ea-

513 2981 656 3044 dem
686 2981 850 3044 bona
873 2983 984 3046 tali
1009 2985 1194 3046 modo
1230 2985 1552 3046 confiscari
1576 2988 1782 3066 quoad
1805 2988 1942 3050 illos
1989 2988 2077 3049 ef-

512 3073 706 3137 fectus
724 3099 742 3152 3
778 3084 841 3138 et
866 3077 944 3139 de
984 3077 1142 3140 facto
1169 3079 1560 3159 applicantur
1591 3080 1760 3158 fisco,
1801 3082 2079 3161 quandiu

513 3170 840 3232 haereticus
866 3172 1044 3248 vivit,
1075 3172 1220 3234 licet
1248 3178 1385 3252 post
1413 3180 1680 3234 mortem
1723 3176 1858 3253 ejus
1885 3174 2081 3236 haere-

515 3263 694 3324 dibus
727 3263 1038 3325 reddenda
1061 3265 1206 3326 sint.
1233 3266 1312 3326 Et
1331 3267 1417 3328 ita
1444 3266 1666 3328 docent
1691 3266 1841 3328 dicti
1869 3273 2081 3327 aucto·

515 3374 612 3416 res
650 3357 718 3416 in
767 3356 1075 3437 aliquibus
1104 3358 1424 3438 exemplis,
1473 3377 1740 3438 quorum
1779 3360 2083 3420 nonnulla

515 3451 722 3510 statim
750 3451 1147 3529 attingemus.
1177 3452 1356 3512 Ratio
1381 3470 1526 3514 voro
1550 3452 1769 3514 efficax
1791 3459 1905 3527 est,
1935 3453 2083 3532 quia

518 3543 626 3604 illa
676 3542 862 3620 bona,
897 3544 1158 3606 durante
1184 3545 1336 3621 vita,
1367 3551 1512 3606 sunt
1544 3544 1850 3620 haeretici,
1881 3552 1943 3606 et
1971 3563 2081 3624 pro

517 3637 732 3698 eadem
783 3637 912 3698 vita
954 3643 1213 3717 possunt
1252 3638 1575 3700 transferri
1620 3640 1690 3700 in
1719 3644 2083 3700 extraneum

517 3748 628 3809 per
649 3730 1032 3792 voluntatem
1063 3731 1340 3810 ejusdem
1365 3731 1838 3812 haeretici3ergo
1868 3750 2085 3812 quam-

516 3823 612 3885 vis
637 3823 816 3886 fiscus
840 3825 919 3886 sit
941 3831 1293 3900 extraneus,
1318 3827 1767 3889 transferentur
1785 3828 1851 3888 in
1879 3828 2083 3907 ipsum

520 3935 631 3996 pro
665 3917 884 3978 eadem
918 3919 1067 3995 vita,
1104 3920 1337 3980 virtute
1362 3919 1540 3998 legiS.

601 4012 660 4071 5.
709 4009 970 4090 Objectz'o
1002 4013 1284 4078 diluitur.
1304 4045 1387 4060 --
1405 4015 1608 4074 Dices:
1629 4015 1772 4093 jura
1799 4031 2087 4094 persona·

519 4101 604 4164 lia
629 4121 758 4164 non
776 4105 1186 4166 confiscantur
1211 4105 1336 4168 ullo
1367 4107 1574 4184 modo,
1599 4108 1748 4186 quia
1772 4125 1920 4168 cum
1946 4127 2087 4187 per-

521 4215 674 4258 sona
700 4199 1172 4278 extinguuntur,
1223 4205 1294 4260 ut
1332 4206 1424 4261 est
1448 4201 1798 4262 communis
1838 4207 2085 4262 sentcn-

519 4291 630 4367 tia,
679 4310 867 4371 quam
907 4291 1099 4354 refert
1143 4299 1208 4353 et
1253 4293 1531 4372 sequitur
1575 4293 1857 4370 Sanciu3,
1917 4294 2085 4355 dicto

521 4401 655 4463 cap.
711 4387 806 4460 14,
841 4402 1018 4446 num.
1064 4387 1104 4446 6
1118 4406 1137 4459 3
1183 4403 1332 4464 ergo
1358 4385 1544 4446 etiam
1570 4385 1678 4446 illa
1721 4385 1910 4460 bona,
1946 4403 2087 4466 quae

523 4481 766 4536 tantum
796 4475 876 4536 ad
905 4477 1098 4537 vitam
1139 4475 1392 4552 durant,
1430 4476 1604 4538 nullo
1655 4478 1840 4539 modo
1866 4477 2090 4538 confis-

521 4568 850 4646 cabuntur,
903 4571 1052 4650 quia
1105 4571 1294 4632 etiam
1343 4571 1686 4651 personalia
1739 4579 1906 4633 sunt.
1976 4573 2092 4634 Re-

525 4661 798 4739 spondeo
838 4661 1078 4723 duobus
1133 4663 1332 4724 modis
1383 4681 1558 4742 posse
1604 4664 1748 4742 jura
1797 4665 1895 4726 vel
1927 4663 2092 4728 bona

525 4753 650 4813 dici
673 4755 1049 4833 personalia:
1081 4756 1304 4834 primo,
1325 4757 1474 4836 quia
1496 4757 1640 4818 huic
1656 4775 1932 4836 personae
1955 4765 2092 4818 tan-

526 4852 658 4907 tum
690 4849 1187 4924 committuntur,
1233 4856 1304 4910 ut
1351 4868 1458 4929 per
1485 4869 1550 4912 se
1585 4851 1802 4928 ipsam,
1865 4857 1928 4912 et
1965 4868 2089 4910 non

526 4957 634 5017 per
657 4939 866 5016 aliam,
913 4941 1024 5002 tali
1051 4960 1119 5003 re
1145 4948 1254 5002 aut
1285 4942 1428 5021 jure
1470 4945 1561 5004 uti
1593 4943 1689 5002 vel
1717 4943 1844 5003 frui
1871 4942 2085 5023 possit.

525 5033 898 5112 Hujus-modi
939 5042 1030 5096 est
1049 5035 1154 5114 jus
1180 5035 1474 5113 eligendi,
1525 5036 1777 5114 quando
1815 5035 1926 5096 tali
1955 5053 2089 5114 per-

525 5143 692 5186 sonae
717 5126 1050 5202 confertur,
1106 5127 1194 5188 ita
1241 5133 1309 5188 ut
1331 5127 1639 5188 industria
1691 5128 1789 5190 vel
1817 5128 2091 5206 dignitas

527 5220 658 5297 ejus
687 5219 1070 5298 postuletur;
1100 5219 1254 5280 item
1279 5221 1382 5298 jus
1409 5219 1732 5282 habitandi
1755 5221 1820 5280 in
1849 5221 1966 5282 hac
1984 5222 2091 5282 do-

527 5330 632 5372 mo
659 5312 773 5374 soli
805 5329 1082 5390 personae
1115 5329 1494 5374 concessum.
1521 5314 1600 5376 Et
1626 5313 1702 5374 de
1721 5313 1818 5374 his
1837 5320 1900 5374 et
1919 5314 2091 5375 simi-

528 5404 690 5466 libus
708 5422 924 5466 verum
955 5405 1224 5484 estquod
1243 5405 1310 5466 in
1329 5406 1716 5468 antecedenti
1729 5408 2089 5481 assumitur,

527 5516 674 5560 nam
710 5497 860 5560 talia
883 5499 1026 5580 jura
1071 5515 1198 5560 non
1225 5499 1658 5562 confiscantur.
1712 5501 1788 5562 Et
1813 5501 1972 5562 ratio
2004 5505 2095 5562 oet

904 357 1143 418 mspU'r.
1175 343 1328 416 xxii.
1363 361 1444 416 DE
1477 359 1830 416 Tssuponsu
1862 361 2056 416 POENA
2088 361 2563 424 HAERETIGORUB,
2598 361 2745 426 QUAE
2772 359 2889 414 1381·
2920 359 3338 417 coxrlscmto.

2163 464 2381 526 eadem
2410 462 2973 544 proportionaliter,
3003 462 3150 543 quia
3174 463 3325 526 talia
3358 465 3492 545 jura
3510 486 3683 551 neque

2162 557 2229 617 in
2258 563 2479 632 morte,
2504 574 2707 636 neque
2736 555 2805 616 in
2840 556 2967 618 vita
2988 561 3245 636 possunt
3274 557 3342 618 in
3364 565 3684 628 extraneam

2161 668 2487 730 personam
2532 648 2876 712 transferri.
2914 650 3054 711 Alia
3082 669 3229 712 vero
3252 661 3397 712 sunt
3430 653 3581 716 bona
3602 660 3687 720 vel

2160 745 2323 823 jura,
2354 761 2521 824 quse,
2569 743 2714 804 licet
2755 743 3097 824 personalia
3120 744 3243 805 dici
3271 747 3515 823 possint,
3562 751 3689 830 quia

2160 857 2303 900 cum
2341 855 2602 918 persona
2644 837 2969 911 finiuntur,
3006 856 3132 898 non
3164 846 3376 900 tamen
3402 839 3484 901 ita
3508 843 3689 904 adhae-

2158 937 2299 990 rent
2322 947 2624 1010 personae,
2684 931 2837 1010 quin
2875 929 2981 992 illa
3031 929 3281 992 vivente
3308 931 3531 1010 possint
3574 936 3691 997 aliis

2160 1022 2402 1100 donari,
2429 1030 2491 1084 et
2522 1023 2659 1086 ha‘c
2678 1022 2941 1086 dicimus
2977 1041 3153 1104 posse
3172 1024 3395 1085 cadere
3438 1027 3544 1086 sub
3570 1047 3691 1090 con-

2163 1115 2546 1179 fiscationem
2572 1117 2724 1195 (nisi
2758 1116 2929 1178 alind
2952 1117 3212 1196 obstet,)
3244 1135 3355 1198 pro
3378 1118 3501 1178 vita
3524 1119 3694 1182 delin-

2164 1211 2429 1290 quentis.
2466 1211 2642 1272 Unde
2674 1210 2753 1270 ad
2790 1210 3129 1272 tollendam
3176 1211 3693 1290 aequivocationem

2162 1309 2416 1382 possunt
2442 1303 2575 1364 hoec
2622 1304 2833 1364 vocari
2860 1303 3025 1364 bona
3059 1303 3157 1365 vel
3199 1304 3348 1382 jura
3384 1304 3600 1382 vitalia,
3637 1321 3695 1369 ut

2160 1395 2241 1456 ab
2264 1395 2401 1456 aliis
2436 1412 2583 1474 pure
2608 1395 3029 1476 personalibus
3052 1396 3530 1476 distinguantur.

2240 1493 2301 1553 6.
2352 1487 2627 1554 Aeaemio
2677 1492 2875 1552 variis
2920 1491 3157 1554 casibus
3217 1491 3590 1572 explanatur.
3627 1527 3694 1540 —

2160 1585 2410 1660 Quinto,
2436 1583 2787 1644 addendum
2810 1589 2903 1644 est
2922 1585 3216 1663 quasdam
3232 1601 3363 1644 esse
3384 1584 3540 1645 bona
3558 1605 3690 1666 quas,

2161 1677 2305 1738 licet
2318 1677 2401 1738 ab
2413 1677 2715 1738 haereticis
2733 1677 2797 1736 in
2816 1695 3066 1757 poenam
3090 1677 3477 1752 auferantur,
3494 1697 3607 1738 non
3620 1687 3693 1739 ta·

2162 1789 2305 1832 men
2336 1771 2583 1851 proprie
2620 1770 3059 1839 confiscantur,
3080 1771 3234 1850 quia
3260 1788 3389 1831 non
3416 1771 3692 1850 applican-

2160 1871 2265 1926 tur
2282 1863 2451 1938 fisco,
2476 1863 2583 1926 sed
2636 1864 2735 1925 vel
2764 1865 3240 1944 extinguuntur,
3269 1864 3369 1925 vel
3412 1865 3485 1925 ad
3513 1865 3693 1945 legiti-

2162 1975 2337 2020 mum
2364 1965 2426 2019 et
2454 1958 2630 2038 quasi
2660 1959 3074 2019 necessarium
3101 1975 3508 2020 successorem
3528 1965 3694 2020 trans-

2162 2057 2334 2113 eunt.
2366 2053 2481 2112 Per
2520 2069 2712 2130 quam
2752 2051 3035 2129 regulam
3074 2051 3473 2111 declarantur
3505 2069 3693 2130 praece-

2160 2144 2375 2205 dentes
2413 2144 2616 2223 quoad
2663 2144 2905 2224 aliquos
2934 2144 3337 2224 particulares
3382 2161 3566 2204 casus.
3592 2146 3695 2207 Pri-

2162 2255 2299 2300 mus
2326 2255 2454 2300 esse
2497 2244 2718 2318 potest,
2751 2255 2935 2317 quem
2970 2237 3153 2299 modo
3181 2237 3499 2314 attigimus
3514 2235 3589 2298 de
3607 2238 3691 2315 ju-

2162 2331 2333 2392 ribus
2359 2349 2513 2411 pure
2542 2331 2990 2410 personalibus,
3021 2336 3093 2390 ut
3133 2335 3250 2407 est,
3291 2329 3463 2390 verbi
3500 2330 3688 2408 gratia,

2159 2427 2262 2504 jus
2279 2423 2597 2502 'eligendi3
2620 2441 2767 2484 nam
2790 2423 2901 2484 illo
2927 2422 3210 2502 privatur
3232 2423 3565 2495 haereticus,
3588 2441 3693 2483 non

2162 2535 2274 2598 per
2300 2516 2829 2588 confiscationem,
2853 2517 2959 2578 sed
2990 2533 3101 2596 per
3128 2517 3584 2592 extinctionem,
3606 2535 3691 2578 sen

2163 2610 2565 2672 ablationem.
2596 2611 2911 2672 Secundus
2962 2610 3042 2670 sit
3092 2609 3175 2670 de
3215 2609 3515 2684 dominio,
3555 2609 3691 2688 quod

2160 2704 2385 2784 aliquis
2411 2704 2601 2765 habet
2638 2704 2708 2764 in
2742 2721 2990 2764 servum
3038 2721 3247 2776 suum,
3276 2720 3423 2764 nam
3466 2721 3568 2783 per
3590 2703 3692 2764 hae-

2158 2799 2343 2861 resim
2376 2797 2577 2876 perdit
2606 2796 2759 2857 illud
2775 2819 2793 2871 3
2822 2814 3032 2857 servus
3078 2803 3297 2858 tamen
3340 2815 3465 2857 non
3504 2795 3691 2856 confis-

2158 2897 2355 2966 catur,
2388 2891 2491 2952 sed
2527 2890 2783 2950 omnino
2810 2888 2884 2949 fit
2928 2889 3109 2965 liber,
3152 2890 3322 2968 quod
3357 2891 3423 2949 in
3448 2890 3689 2949 favorem

2157 2983 2459 3046 libertatis
2486 3001 2840 3044 concessum
2862 2989 2955 3044 est
2980 2984 3047 3042 in
3074 2981 3120 3044 l.
3146 2985 3544 3054 Manioltoeos,
3567 2981 3687 3041 Cod.

2160 3077 2235 3138 de
2270 3079 2527 3153 Haeret„
2566 3078 2723 3138 etin
2768 3095 2903 3158 cap.
2951 3076 3065 3137 ult.
3112 3083 3313 3139 extra.
3360 3077 3436 3137 de
3472 3077 3687 3148 Haeret„

2159 3174 2320 3252 quod
2351 3172 2417 3232 in
2450 3175 2743 3234 eumdem
2772 3173 3049 3233 favorem
3078 3170 3439 3250 ampliatur,
3471 3175 3536 3229 ut
3572 3169 3691 3230 licet

2159 3265 2487 3328 haereticus
2514 3271 2934 3341 convertatur,
2968 3271 3031 3326 et
3057 3283 3133 3325 ex
3156 3261 3567 3324 misericordia
3590 3261 3690 3322 alia

2162 3359 2327 3421 bona
2374 3361 2433 3420 ei
2488 3360 2915 3431 restituantur,
2974 3376 3191 3418 servus
3238 3361 3483 3416 maneat
3512 3354 3647 3415 liber
3670 3371 3685 3432 3

2162 3453 2307 3532 quia
2348 3453 2597 3514 libertas
2632 3451 2820 3513 semel
2873 3455 3238 3530 recuperata
3278 3467 3407 3509 non
3452 3449 3691 3528 perditur

2164 3546 2295 3606 sine
2324 3563 2485 3607 nova
2528 3545 2730 3625 culpa,
2782 3549 2853 3605 ut
2901 3544 3058 3604 bene
3100 3543 3378 3604 declarat
3426 3543 3683 3613 Simanc„

2163 3639 2229 3700 in
2267 3640 2367 3700 tit.
2401 3640 2652 3713 Servus,
2691 3658 2756 3699 n.
2786 3641 2849 3714 9,
2874 3638 2951 3698 de
2978 3655 3101 3716 quo
3128 3655 3277 3697 casu
3314 3635 3494 3696 latius
3517 3635 3685 3713 dispu-

2164 3738 2303 3793 tant
2321 3732 2559 3804 Molin.,
2602 3732 2677 3792 de
2716 3731 2873 3792 Just.
2886 3775 2905 3805 ,
2950 3731 3110 3808 disp.
3139 3731 3259 3806 403
3286 3729 3489 3804 Saue„
3524 3727 3619 3787 lib.
3654 3729 3685 3786 2

2165 3826 2391 3901 Deeal.,
2432 3845 2485 3887 c.
2527 3829 2629 3900 24,
2668 3843 2709 3885 a
2745 3843 2921 3887 num.
2951 3826 3013 3886 9.
3040 3823 3289 3884 Tertius
3328 3839 3496 3882 casus
3521 3831 3601 3880 est
3627 3821 3686 3878 de

2163 3919 2301 3998 jure
2347 3924 2705 3998 patronatus
2726 3963 2745 3992 ,
2798 3935 2945 3978 nam
3002 3915 3317 3977 ordinarie
3364 3913 3685 3976 transfertur

2164 4030 2307 4072 cum
2336 4011 2537 4086 bonis,
2567 4029 2675 4071 seu
2722 4010 3077 4070 haereditate
3124 4009 3229 4068 cui
3281 4008 3571 4083 adhaeret3
3611 4003 3685 4063 ni·

2165 4104 2505 4166 hilominus
2554 4109 2766 4164 tamen
2810 4101 3059 4182 quando
3110 4101 3282 4161 bona
3318 4099 3684 4162 confiscantur

2166 4198 2390 4278 quibus
2418 4198 2523 4277 jus
2560 4204 2918 4276 patronatus
2942 4195 3323 4270 adhaerebat,
3354 4211 3476 4255 nou
3502 4189 3683 4252 transit

2166 4310 2307 4353 cum
2338 4291 2483 4367 illis,
2531 4309 2647 4351 nec
2697 4290 3085 4362 confiscatur,
3116 4289 3223 4350 sed
3253 4285 3609 4364 extinguitur
3630 4282 3681 4340 in

2168 4385 2445 4446 favorem
2471 4383 2776 4458 Ecclesiae,
2807 4391 2879 4444 ut
2902 4382 2983 4444 ab
3012 4382 3121 4443 illo
3147 4399 3334 4442 onere
3367 4380 3547 4464 libera
3574 4393 3682 4436 ma-

2170 4484 2335 4540 ncat.
2365 4478 2537 4552 Quod
2570 4477 2715 4538 licet
2740 4493 3025 4556 expresso
3055 4476 3199 4554 jure
3228 4492 3357 4535 non
3398 4471 3679 4541 habeatur,

2170 4570 2616 4632 consuetudine
2648 4570 2735 4630 ita
2772 4574 3089 4648 receptum
3130 4585 3263 4628 esse
3294 4565 3462 4628 citati
3486 4565 3544 4623 in
3572 4579 3624 4620 n.
3650 4560 3681 4617 4

2169 4665 2445 4736 tradunt,
2484 4670 2547 4725 et
2584 4662 2931 4742 specialiter
2970 4661 3171 4722 videri
3198 4667 3397 4740 potest
3435 4655 3681 4720 Lamber-

2168 4759 2313 4830 tin.‚
2355 4757 2431 4817 de
2458 4757 2605 4817 Jure
2646 4760 2985 4835 patronat.,
3025 4753 3135 4814 lib.
3170 4756 3234 4826 3,
3279 4758 3489 4832 quaest.
3510 4751 3565 4819 8,
3593 4762 3679 4825 per

2170 4853 2373 4911 varios
2398 4849 2719 4924 articulos3
2742 4854 2803 4910 et
2820 4849 3097 4908 Far-inae.
3126 4865 3335 4926 supra,
3358 4864 3395 4906 a
3416 4859 3571 4904 num.
3596 4841 3674 4900 24.

2172 4945 2471 5018 Quartum
2490 4943 2845 5022 exemplum
2876 4942 3103 5002 addere
3133 4957 3447 5020 possumus
3467 4936 3535 4997 de
3558 4949 3681 5013 pen·

2170 5035 2449 5097 sionibus
2496 5035 2942 5107 ecclesiasticis,
2990 5032 3069 5094 de
3117 5033 3339 5112 quibus
3388 5031 3509 5091 fere
3551 5022 3680 5086 nihil

2170 5129 2467 5208 scriptum
2498 5128 2751 5188 invenio
2780 5129 2847 5187 in
2888 5125 3242 5189 auctoribus
3272 5125 3377 5204 qui
3404 5123 3475 5183 de
3498 5118 3681 5181 conlis-

2170 5224 2413 5284 catione
2438 5223 2855 5302 scripserunt3
2884 5221 3215 5281 novissime
3240 5217 3459 5298 prodiit
3474 5211 3675 5284 Gai-cia,

2172 5315 2249 5376 de
2285 5315 2582 5388 Benefic.‚
2621 5321 2784 5394 part.
2820 5317 2889 5374 11
2900 5359 2919 5389 ,
2944 5332 2999 5373 c.
3030 5314 3130 5388 10,
3164 5330 3205 5372 a
3236 5329 3297 5373 n.
3330 5312 3438 5385 773
3466 5313 3522 5369 et
3554 5307 3679 5365 Sau-

2172 5409 2326 5482 cius,
2355 5408 2466 5469 lib.
2494 5411 2533 5469 2
2559 5406 2871 5485 Decalog.‚
2896 5423 2952 5468 c.
2984 5407 3087 5480 28,
3124 5425 3189 5466 n.
3239 5406 3334 5476 36,
3367 5401 3464 5482 qui
3499 5396 3675 5474 aliqua

2174 5502 2457 5582 attigere.
2492 5501 2623 5579 Ego
2642 5518 2813 5576 vero,
2842 5517 2921 5562 ex
2944 5499 3258 5582 principiis
3284 5509 3457 5576 supra
3476 5488 3671 5573 positis,
