3900 6217
504 529 684 591 dictis
731 525 944 604 colligi
979 524 1130 606 quid
1183 525 1262 586 de
1291 524 1428 586 aliis
1459 526 1656 608 poenis
1689 527 1844 588 citra
1897 543 2065 587 mor·

505 628 634 684 tem
659 619 985 682 dicendum
1017 618 1097 680 sit
1107 634 1127 696 ;
1159 635 1307 679 nam
1334 618 1470 680 aliae
1533 635 1690 697 oenae
1721 617 2066 698 corporales

503 733 632 777 nou
666 715 1096 793 imponuntur,
1147 713 1270 772 nisi
1313 638 1602 792 quaein
1635 713 2065 772 commutatio-

503 825 648 870 nem
675 819 874 887 poenoe
897 804 1131 867 mortis.
1159 805 1238 866 Et
1255 805 1372 866 hoc
1394 805 1576 866 modo
1597 806 1794 866 solum
1825 805 2061 866 inveni-

506 920 646 963 mus
677 901 900 980 injure
933 915 1178 979 poenam
1209 899 1490 978 perpetui
1525 900 1803 973 carceris,
1839 899 1917 958 de
1942 915 2069 978 qua

498 996 630 1073 jam
689 993 860 1066 dixi3
911 997 974 1054 et
1020 992 1213 1053 videri
1264 997 1464 1070 potest
1510 992 1786 1053 Farinac.
1809 1038 1828 1067 ,
1877 993 2068 1052 citata

505 1093 723 1167 quaest.
749 1088 892 1162 ⁴193,
919 1103 958 1146 a
987 1099 1163 1146 num.
1207 1086 1346 1146 ¹01.
1377 1084 1590 1147 Solum
1623 1085 1872 1146 adverto
1913 1084 2065 1145 olim

504 1181 706 1259 magis
744 1179 932 1242 fuisse
975 1179 1041 1240 in
1069 1178 1514 1240 consuetudine
1565 1195 1815 1258 poenam
1869 1178 2065 1253 exilii,

504 1281 578 1337 ut
625 1279 864 1336 constat
917 1292 995 1334 ex
1025 1272 1201 1334 dictis
1241 1271 1484 1352 legibus
1527 1272 1838 1348 civilibus,
1885 1278 1949 1332 et
1990 1289 2071 1332 ex

507 1366 794 1430 Conciliis
821 1365 1094 1445 antiquis
1122 1365 1400 1444 allegatis
1449 1383 1660 1444 snpra,
1689 1365 1914 1446 disput.
1960 1366 2067 1442 20,

505 1461 763 1522 section.
801 1463 862 1534 3,
891 1466 956 1520 et
999 1458 1136 1520 aliis
1163 1456 1556 1538 scriptoribus
1583 1456 1750 1538 apud
1773 1456 2065 1520 eumdem

504 1555 814 1628 Farinac.,
865 1569 904 1612 a
953 1569 1132 1622 num.
1177 1553 1278 1613 80.
1311 1553 1526 1612 Postea
1551 1567 1700 1612 vero
1741 1553 1936 1630 magis
1967 1569 2069 1611 ac-

503 1646 892 1710 commodata
913 1645 1048 1706 visa
1073 1651 1165 1705 est
1191 1659 1374 1716 poena
1395 1643 1656 1704 carceris
1671 1644 1979 1724 perpetui,
2002 1650 2069 1706 et

503 1741 764 1816 merit03
800 1756 946 1800 nam
976 1735 1044 1798 in
1071 1737 1258 1798 exilio
1286 1745 1572 1816 poterant
1596 1737 1874 1798 haerctici
1912 1737 2065 1799 libe·

503 1835 634 1897 rius
669 1834 871 1895 redire
918 1833 1001 1893 ad
1045 1833 1376 1907 vomitum,
1409 1838 1473 1894 et
1511 1831 1647 1892 aliis
1695 1848 1916 1893 nocere
1934 1847 1954 1908 ;
1986 1831 2066 1893 ab

503 1933 768 2007 utroque
808 1931 1016 1986 autem
1044 1931 1500 2005 praeserventur
1528 1925 1594 1986 in
1619 1941 1884 1986 camere.
1913 1925 2067 1986 Aliae

504 2037 652 2082 vero
697 2029 898 2100 poenae
945 2025 1091 2080 sunt
1122 2019 1484 2092 arbitrarius,
1523 2024 1585 2080 et
1610 2019 1749 2080 ideo
1788 2017 1946 2078 nihil
1976 2025 2069 2079 est

505 2114 672 2194 quod
693 2114 772 2174 dc
811 2112 934 2174 illis
976 2113 1276 2174 dicamus.
1325 2113 1536 2174 Solum
1581 2112 1819 2175 caeteris
1867 2113 2067 2192 poenis

505 2206 649 2270 addi
695 2211 896 2287 potest
947 2206 1198 2268 habitus
1241 2206 1617 2286 poenitentiae
1645 2205 1928 2267 crucibus
1974 2207 2069 2266 in·

505 2301 804 2380 signitas,
845 2315 1034 2381 quem
1085 2299 1362 2360 haeretici
1417 2300 1786 2380 poenitentes
1839 2318 2071 2380 cogun-

505 2401 610 2455 tur
661 2411 848 2474 supra
913 2399 1107 2454 vestes
1155 2399 1396 2471 gestare
1413 2414 1432 2468 ;
1495 2411 1642 2453 nam
1699 2393 1830 2452 haec
1885 2411 2069 2468 poena

511 2488 586 2547 ad
646 2485 989 2566 corporales
1039 2486 1250 2547 reduci
1312 2491 1547 2564 potest,
1591 2484 1688 2547 vel
1744 2487 1928 2547 etiam
1988 2487 2065 2548 ad

506 2579 855 2655 infamiam,
883 2580 1168 2658 quamvis
1222 2579 1409 2639 etiam
1435 2591 1683 2660 propter
1703 2580 2068 2642 satisfactio·

505 2691 650 2734 nem
679 2679 742 2734 et
791 2673 1290 2734 humiliationem
1335 2674 1674 2752 propriam,
1709 2678 1770 2734 ct
1821 2675 1888 2736 in
1916 2674 2067 2736 alio-

502 2785 644 2828 rum
663 2767 1014 2846 exemplum
1037 2773 1099 2828 et
1125 2771 1422 2828 terrorem
1443 2767 1825 2844 imponatur,
1855 2773 2067 2848 estque

502 2879 617 2921 usu
676 2866 740 2921 et
786 2859 1190 2920 instructione
1216 2861 1414 2920 sancti
1445 2859 1643 2920 Officii
1691 2859 2065 2936 introducta,

504 2953 788 3033 quamvis
829 2953 900 3013 in
924 2952 1064 3030 jure
1091 2969 1220 3012 non
1247 2952 1570 3014 habeatur.
1605 2955 1679 3013 Et
1703 2953 1779 3013 de
1821 2951 1930 3013 illa
1976 2955 2067 3014 vi-

503 3046 636 3108 deri
665 3051 919 3124 possunt
967 3045 1276 3123 Zanquin,
1329 3047 1394 3106 iu
1443 3046 1644 3124 capite
1690 3047 1806 3122 203
1854 3034 2063 3124 Rojas,

503 3139 732 3217 singul.
778 3141 895 3202 154
913 3162 929 3216 ς
962 3141 1192 3215 Penna,
1223 3142 1260 3200 3
1303 3146 1489 3218 part„
1523 3145 1854 3200 comment.
1884 3142 1965 3200 42
2007 3147 2069 3202 et

503 3233 624 3310 445
651 3233 957 3311 Farinac„
981 3235 1262 3315 proxime
1287 3236 1527 3301 citatus.
1559 3253 1598 3294 a
1629 3249 1806 3295 num.
1837 3234 1942 3296 91.

923 3465 1371 3530 DISPUTATIO
1429 3465 1638 3528 XXIV.

503 3690 582 3736 DE
603 3689 878 3736 rnasoms
909 3689 989 3734 An
1007 3687 1159 3741 QUAS
1183 3686 1614 3734 EXTBNDUNTUR
1643 3685 1834 3732 POENAE
1863 3683 2068 3732 nmin-

608 3783 866 3830 neonus(
891 3781 1154 3828 nonna
1169 3782 1300 3828 0021]
1309 3779 1641 3828 flmmeum!
1663 3779 1782 3826 CUM
1805 3778 1967 3826 uus.

592 3979 975 4058 Quadruplex
998 3995 1185 4062 genus
1205 3974 1550 4056 hujusmodi
1561 3992 2073 4058 personarum.—

507 4079 787 4138 Personae
835 4074 1274 4135 haereticorum
1337 4089 1549 4150 poenas
1608 4070 2069 4149 participanteS,

509 4169 791 4248 quaedam
823 4173 969 4228 sunt
995 4166 1428 4227 convenientes
1446 4181 1586 4224 cum
1613 4162 1734 4224 illis
1759 4164 1825 4223 in
1853 4163 2073 4224 eodem

512 4279 738 4341 genere
782 4259 1011 4335 delicti,
1061 4272 1123 4319 et
1175 4258 1594 4339 propriissime
1647 4256 1939 4317 dicuntur
1976 4274 2073 4315 so-

509 4355 614 4430 cii,
650 4371 759 4415 sen
797 4353 1122 4432 complices
1169 4357 1524 4413 exercentes
1571 4367 1714 4410 cum
1768 4348 1892 4410 illis
1941 4365 2076 4409 eas-

513 4449 654 4511 dem
701 4445 1027 4525 sacrilegas
1077 4446 1372 4521 actiones,
1413 4455 1478 4506 et
1529 4460 1668 4505 cum
1715 4444 1802 4504 eis
1853 4442 1922 4503 in
1962 4443 2077 4502 eis-

513 4542 654 4602 dem
680 4539 996 4601 erroribus
1019 4539 1492 4614 consentientes,
1539 4544 1804 4616 suntque
1831 4535 2077 4614 proprie

509 4635 784 4697 haeretici
816 4678 832 4708 ,
897 4639 960 4694 et
1002 4633 1092 4693 ita
1129 4631 1379 4692 easdem
1427 4647 1639 4711 poenas
1692 4631 2023 4691 incurrunt
2054 4672 2073 4703 ,

507 4728 772 4807 ideoque
789 4725 946 4788 nihil
979 4725 1056 4786 de
1085 4723 1207 4786 illis
1231 4725 1564 4786 dicendum
1593 4729 1891 4804 superest,
1922 4739 2079 4801 pne·

511 4827 606 4884 ter
664 4837 877 4899 pauca,
933 4835 1070 4897 quae
1109 4817 1187 4879 de
1251 4817 1642 4880 credentibus
1697 4816 1908 4877 statim
1961 4815 2077 4877 ad-

509 4913 813 4994 jiciemus.
870 4909 994 4972 Alii
1048 4911 1424 4991 participant
1469 4927 1683 4991 poenas
1707 4955 1726 4985 ‚
1776 4910 1924 4988 quia
1969 4910 2077 4988 ju·-

513 5014 662 5068 vant
711 5006 1054 5080 haereticos,
1119 5010 1404 5084 quamvis
1455 5006 1574 5085 ipsi
1617 5023 1830 5066 revera
1877 5003 2075 5066 hoere-

509 5101 619 5162 tici
645 5119 772 5160 non
793 5100 944 5174 sint,
965 5098 1064 5160 vel
1106 5115 1232 5158 non
1271 5097 1386 5158 sub
1435 5116 1507 5158 ea
1527 5098 1769 5159 ratione
1799 5095 2078 5157 conside·

508 5199 750 5270 rentur,
794 5198 854 5254 et
895 5191 1169 5270 generali
1193 5193 1446 5252 nomine
1485 5191 1609 5252 dici
1654 5195 1912 5270 possunt
1943 5189 2077 5248 lau-

510 5293 676 5346 tores
711 5285 1162 5358 haereticorum,
1185 5291 1256 5344 ut
1281 5301 1426 5344 mox
1451 5282 1918 5345 declarabimus,
1951 5281 2079 5342 Alii

507 5395 681 5452 vero,
706 5376 849 5438 licet
873 5376 1154 5440 boeretici
1179 5395 1308 5437 non
1335 5375 1700 5457 probentur,
1731 5393 1934 5456 neque
1954 5373 2080 5435 for-

511 5475 672 5532 tasse
697 5469 988 5545 fautores,
1025 5476 1174 5530 sunt
1195 5477 1405 5530 tamen
1441 5472 1727 5551 suspecti,
1775 5475 1836 5530 et
1867 5471 2079 5548 quate-

513 5581 632 5634 nus
654 5560 1158 5650 huiogsuspicioni
1198 5563 1582 5630 occasionem
1609 5559 1938 5642 dederunt,
1966 5559 2081 5623 ali-

1035 423 1270 478 mspur.
1306 424 1478 479 xxiv.
1514 425 1598 478 AD
1629 425 1790 488 Quos
1821 424 2283 478 EszNnANTUR
2314 423 2523 478 POENAE
2553 421 3029 486 nAERE‘rlconuu,
3062 424 3193 478 ms.

2144 541 2333 605 quam
2366 541 2613 606 poenam
2638 529 2976 586 merentur.
3008 525 3077 584 In
3102 531 3315 604 quarto
3330 544 3463 590 vero
3488 533 3655 606 gradu

2146 625 2291 680 sunt
2352 619 2460 700 qui
2509 623 2759 698 propter
2818 618 3155 695 quamdam
3202 621 3658 698 conjunctionem

2148 731 2290 774 cum
2318 711 2625 774 haereticis
2650 729 2777 772 non
2808 712 2875 770 in
2904 710 3108 792 culpa,
3138 713 3243 773 sed
3274 713 3338 774 in
3360 715 3545 794 aliquo
3566 737 3660 779 na-

2148 806 2337 866 turali
2394 803 2641 864 vinculo
2686 821 2901 864 eorum
2948 821 3159 882 poenas
3196 805 3565 886 participant,
3604 819 3663 872 ut

2146 899 2283 974 filii,
2312 897 2411 959 vel
2436 904 2689 976 nepotes
2706 896 3162 958 haereticorum.
3192 899 3267 958 Es
3284 899 3357 960 de
3382 900 3474 960 his
3494 902 3663 964 tribus

2148 993 2381 1054 ultimis
2404 990 2732 1072 generibus
2758 1007 3161 1070 personarum
3194 991 3451 1054 breviter
3484 995 3665 1058 dicen-

2146 1087 2295 1149 dum
2325 1093 2438 1148 est.

2782 1311 3000 1364 sseno
3032 1311 3073 1364 1.

2199 1501 2418 1571 Utmm
2445 1500 2761 1580 complices
2798 1499 3215 1564 koeretiemm
3240 1497 3429 1580 panis
3462 1517 3641 1566 eorum

2394 1594 2778 1690 afficiagttur,
2808 1599 2865 1658 et
2896 1593 3145 1676 quinam
3181 1591 3295 1658 isti
3316 1594 3462 1657 sint.

2231 1842 2289 1899 l.
2318 1837 2415 1901 Hi
2446 1837 2757 1920 complices
2795 1835 3286 1920 quadrupliciter
3322 1837 3675 1902 nominantur

2144 1933 2714 2013 injure.-—Prima
2738 1949 2852 1992 vocs
2880 1933 3201 2006 credentes,
3228 1931 3378 2014 quid
3404 1931 3672 2010 importet.

2144 2027 2451 2090 —Prima
2462 2025 3215 2110 siquifleatio.—Quatuor
3240 2022 3583 2086 nominibus
3596 2043 3677 2086 so·

2148 2121 2280 2182 lent
2308 2119 2374 2179 in
2399 2120 2536 2198 jure
2576 2117 2913 2196 significari
2964 2117 3033 2180 hi
3081 2116 3433 2196 complices,
3461 2117 3675 2196 quando

2151 2229 2349 2293 poenae
2366 2217 2580 2271 contra
2607 2209 2744 2270 illos
2762 2209 3051 2272 feruntur
3072 2229 3087 2270 :
3115 2215 3437 2283 vocantur,
3456 2209 3675 2286 scilicet,

2152 2307 2473 2380 eredentes,
2500 2310 2918 2385 receptatores,
2946 2305 3305 2382 defensores,
3338 2307 3399 2364 et
3421 2307 3676 2381 mcor-es,

2153 2404 2224 2459 ut
2250 2397 2459 2458 videre
2482 2395 2626 2456 licet
2648 2398 2713 2456 in
2736 2417 2793 2470 c,
2824 2395 3461 2468 Excommunioamus,
3492 2400 3519 2456 ι
3550 2402 3605 2456 et
3628 2401 3677 2471 2,

2146 2497 2210 2552 et
2234 2509 2370 2570 cap.
2402 2487 2789 2568 Quicmque,
2816 2508 2957 2550 cum
2985 2489 3123 2550 aliis
3141 2493 3338 2562 extra,
3358 2488 3434 2548 de
3455 2489 3675 2561 Haeret„

2147 2591 2207 2646 et
2236 2601 2366 2662 rap.
2417 2583 2495 2647 Ut
2524 2584 2807 2662 officium,
2836 2601 2970 2664 cap.
3004 2583 3369 2656 Accusatus,
3396 2601 3529 2642 cum
3567 2583 3683 2642 aliis

2146 2677 2363 2739 eodem
2398 2676 2580 2736 titulo
2634 2677 2703 2738 in
2744 2683 2940 2752 sexto,
2975 2683 3039 2736 et
3078 2676 3147 2736 iu
3178 2674 3354 2736 Bulla
3380 2673 3592 2737 Coenae..
3621 2677 3682 2736 Et

2146 2773 2235 2833 ita
2257 2772 2333 2832 de
2358 2769 2485 2830 illis
2508 2768 2632 2829 late
2652 2775 2924 2828 tractant
2948 2769 3325 2850 expositores
3344 2768 3502 2847 juris
3524 2769 3587 2828 in
3610 2768 3683 2828 lo-

2148 2867 2235 2926 cis
2260 2864 2485 2936 citatis,
2516 2866 2579 2923 et
2608 2862 2716 2942 qui
2746 2868 3069 2942 exponunt
3108 2862 3355 2922 Bullam
3388 2861 3599 2940 Goenae,
3626 2867 3687 2922 ut

2147 2958 2495 3036 Cajetanus,
2533 2957 2601 3016 in
2625 2955 2892 3031 Summ.,
2918 2955 3091 3016 verb.
3118 2955 3681 3030 Esoommunioatio,

2147 3057 2209 3112 et
2231 3050 2335 3111 alii
2381 3048 2753 3124 Summistae,
2780 3047 2879 3108 vel
2918 3048 3030 3123 ibi,
3067 3046 3167 3108 vel
3184 3047 3253 3108 in
3281 3046 3469 3107 verbo
3493 3047 3685 3110 Hoere-

2146 3145 2274 3216 sis,·
2300 3148 2361 3204 et
2380 3143 2664 3217 Navarr„
2693 3159 2826 3220 cap.
2862 3143 2963 3212 27,
2992 3159 3029 3201 a
3070 3159 3249 3201 num.
3296 3141 3375 3202 55
3392 3162 3409 3215 3
3440 3141 3681 3220 Ugoliu„

2148 3238 2400 3315 Scyrus,
2432 3241 2496 3296 et
2542 3233 2653 3296 alii
2701 3235 2862 3294 circa
2914 3233 3182 3308 Bullam,
3213 3238 3278 3295 et
3328 3234 3395 3295 in
3432 3234 3688 3312 pimenti

2150 3331 2408 3390 materia
2430 3329 2854 3406 Repertorium
2884 3326 3352 3406 inquisitorum,
3376 3325 3537 3388 verb.
3564 3325 3685 3390 Cre-

2146 3419 2375 3493 dentes,
2408 3419 2548 3482 etin
2578 3419 2860 3496 caeteris3
2888 3423 2951 3479 et
2966 3418 3257 3480 similiter
3285 3419 3485 3497 RojaS,
3503 3420 3568 3479 in
3580 3417 3687 3478 suis

2150 3513 2621 3592 Singularibus3
2670 3516 2733 3573 et
2754 3513 3053 3584 Simanc.‚
3090 3512 3161 3571 in
3192 3511 3490 3586 Institut.,
3528 3509 3685 3571 titulo

2150 3609 2262 3684 153
2291 3607 2596 3685 Zanquin,
2630 3606 2707 3665 de
2754 3605 3068 3679 Haeretic.‚
3108 3605 3297 3684 capit.
3344 3606 3415 3680 33
3464 3617 3523 3666 et
3562 3604 3684 3666 Cas-

2146 3707 2267 3776 tr0,
2300 3699 2462 3760 libro
2496 3703 2526 3761 1
2562 3699 2639 3762 de
2674 3699 2851 3760 Justa
2893 3697 3110 3759 hoeret.
3150 3699 3381 3777 punit„
3428 3715 3553 3776 cap.
3586 3699 3683 3768 173

2148 3793 2329 3867 Azor‚
2372 3798 2525 3853 tom.
2562 3795 2619 3867 l,
2666 3790 2775 3852 lib.
2828 3792 2892 3864 8,
2928 3791 3125 3870 capite
3170 3791 3293 3864 15;
3346 3799 3411 3851 et
3440 3790 3687 3862 Saucius,

2148 3888 2259 3948 lib.
2288 3889 2328 3948 2
2358 3891 2425 3948 in
2451 3885 2767 3964 Decalog„
2808 3883 3008 3963 capite
3038 3886 3113 3946 40
3128 3899 3149 3960 ;
3196 3891 3261 3945 et
3288 3883 3470 3944 latius
3492 3882 3691 3944 caeteris

2152 3983 2386 4056 Penna,
2417 3997 2563 4040 cum
2610 3978 2954 4057 Eymerico,
2985 3978 3053 4036 in
3086 3977 3414 4050 nir-ector„
3462 3977 3498 4038 2
3522 3982 3684 4054 part„

2152 4082 2367 4155 quaest.
2400 4076 2503 4148 50,
2528 4091 2670 4135 cum
2696 4071 3116 4151 sequentibus,
3146 4077 3211 4130 et
3244 4071 3313 4130 in
3350 4073 3688 4132 commenta-

2152 4170 2261 4229 riis
2300 4169 2463 4228 circa
2504 4164 2708 4243 illam3
2760 4165 3067 4239 Farinac.‚
3105 4164 3184 4224 de
3219 4163 3471 4238 Haeresi,
3502 4167 3614 4220 tota
3634 4177 3684 4236 q.

2158 4262 2293 4323 ⁴82.
2328 4259 2536 4320 Primo
2562 4275 2733 4337 ergo,
2766 4257 2917 4337 quia
2955 4258 3031 4318 de
3078 4255 3473 4318 credentibus
3512 4252 3689 4333 aliqua

2154 4355 2218 4414 in
2252 4350 2669 4432 superioribus
2694 4351 2991 4425 diximus,
3018 4355 3079 4411 et
3108 4349 3179 4410 in
3210 4351 3419 4430 rigore
3446 4365 3565 4408 non
3602 4347 3689 4404 ha-

2156 4447 2305 4508 bent
2332 4443 2659 4524 specialem
2688 4444 3055 4520 materiam,
3081 4443 3245 4512 ideo,
3282 4449 3355 4503 ut
3382 4441 3513 4502 illos
3537 4455 3689 4518 expe-

2156 4538 2427 4611 diamuS,
2464 4537 2915 4598 advertendum
2964 4541 3057 4596 est
3108 4551 3343 4596 nomen
3392 4534 3687 4602 eredentes,

2157 4647 2332 4711 posse
2370 4630 2468 4691 vel
2496 4631 2577 4691 ad
2620 4628 3027 4703 intellectum,
3074 4627 3176 4690 vel
3212 4626 3297 4686 ad
3338 4624 3687 4686 voluntatem

2156 4723 2409 4785 referri:
2432 4740 2581 4784 nam
2610 4727 2809 4802 potest
2848 4721 3115 4782 derivari
3140 4738 3179 4781 a
3206 4717 3400 4782 verbo
3424 4714 3687 4782 credendi,

2158 4821 2341 4895 prout
2363 4815 2672 4894 significat
2696 4814 3011 4888 assentiri,
3042 4813 3141 4875 vel
3170 4811 3251 4872 ab
3279 4811 3514 4884 eodem,
3542 4815 3603 4866 ιιι
3626 4805 3691 4864 si-

2158 4906 2414 4986 gnificat
2442 4906 2775 4981 confidere,
2805 4907 2897 4967 ita
2934 4912 3006 4966 ιιι
3031 4906 3195 4966 idem
3222 4905 3305 4964 sit
3326 4902 3486 4984 quod
3524 4895 3689 4961 confi·

2154 5001 2391 5062 dentes.
2428 5002 2624 5075 Quam
2656 4999 3140 5074 distinctionem,
3164 4999 3309 5060 licet
3332 4994 3467 5056 aliis
3486 4991 3689 5062 verbis»,

2153 5094 2387 5154 indicat
2408 5094 2767 5172 Eymericus
2806 5109 3013 5172 supra,
3068 5097 3131 5152 et
3155 5089 3436 5151 nonnulli
3476 5085 3607 5159 alii3
3648 5084 3694 5141 si

2157 5205 2304 5266 ergo
2332 5185 2649 5248 credentes
2669 5185 2953 5246 dicantur
2980 5185 3167 5266 priori
3185 5183 3388 5256 modo,
3411 5189 3478 5241 ut
3496 5193 3689 5239 revera

2157 5279 2235 5339 dc
2254 5279 2375 5339 illis
2398 5277 2740 5358 loquuntur
2762 5277 3052 5358 praedicta
3072 5278 3241 5356 jura,
3266 5282 3330 5336 et
3350 5291 3482 5351 cap.
3508 5269 3583 5335 Si
3596 5269 3693 5332 ad·

2158 5389 2391 5442 versus.
2446 5371 2525 5434 de
2579 5371 2840 5446 Haeret.,
2868 5374 2931 5432 et
2976 5370 3331 5431 Au‘thentic.
3384 5365 3691 5434 Credentes,

2160 5465 2307 5526 Cod.
2326 5465 2405 5526 de
2428 5465 2684 5538 Han-et„
2714 5463 3057 5542 approbata
3075 5463 3139 5524 in
3166 5462 3310 5523 dict.
3340 5477 3472 5539 cap.
3498 5453 3693 5536 Inqui-

2160 5558 2427 5636 sitionis,
2452 5558 2537 5620 sic
2559 5559 2857 5624 credentes
2876 5557 3007 5622 veri
3026 5554 3305 5620 hoerctici
3326 5557 3489 5628 sunt,
3518 5555 3581 5608 ut
3598 5563 3690 5608 ex·
3766 5611 3773 5622 ,
