3900 6217
472 331 593 394 202

471 455 584 518 per
610 455 697 506 se,
728 444 790 500 et
818 437 1165 518 physicum,
1187 438 1358 518 quia,
1405 443 1475 500 ut
1498 457 1685 518 supra
1710 439 1861 515 dixi,
1883 456 2030 500 sess.

472 534 535 604 4,
565 547 887 610 nunquam
916 548 1196 593 assensus
1231 531 1372 592 fidei
1407 531 1703 593 fundatur
1726 532 1794 594 in
1830 549 2037 593 assen-

472 623 641 685 sibus
660 623 1139 703 praemissarum,
1154 624 1223 685 in
1244 625 1308 685 vi
1322 625 1636 701 illationis,
1658 627 1764 688 sed
1785 631 2033 686 tantum

472 716 541 778 in
572 715 775 796 prima
788 716 1047 778 veritate
1073 717 1406 780 revelante.
1448 719 1515 780 Si
1540 723 1752 779 autem
1776 716 1917 780 talis
1936 735 2034 777 as-

472 828 685 872 sensus
714 809 1125 871 conclusionis
1151 828 1263 889 per
1287 829 1351 871 se
1377 811 1675 873 fundetur
1701 811 1771 872 in
1806 811 2038 872 discur-

472 921 569 978 su,
597 902 727 983 jam
755 921 883 963 non
905 910 996 964 est
1025 904 1275 965 effectus
1292 904 1435 966 fidei
1450 905 1661 978 solius,
1692 905 1799 966 sed
1816 921 2038 984 coope-

472 1003 650 1058 rante
678 997 864 1058 etiam
905 996 1145 1058 lumine
1174 997 1441 1060 naturali
1456 1014 1475 1076 ;
1514 999 1641 1060 imo
1669 999 1860 1060 etiam
1888 1003 2040 1058 tunc

471 1090 625 1152 fides
647 1109 775 1152 non
802 1091 1114 1152 concurrit
1136 1092 1479 1154 secundum
1506 1093 1817 1172 propriam
1845 1092 2034 1153 ratio·

472 1201 621 1246 nem
636 1184 803 1261 fidei,
820 1184 925 1246 sed
944 1185 1287 1249 secundum
1316 1185 1651 1267 quamdam
1682 1184 2036 1264 generalem

474 1278 781 1340 rationem
813 1295 1090 1340 assensus
1132 1279 1305 1354 certi,
1356 1284 1609 1359 propter
1640 1279 1809 1358 quod
1839 1283 2038 1358 potest

475 1372 584 1435 illo
624 1370 831 1447 modo,
862 1372 1051 1434 etiam
1107 1371 1189 1435 ad
1241 1373 1490 1449 falsum,
1542 1390 1934 1448 concurrere,
1968 1379 2040 1432 ut

476 1484 685 1546 supra,
727 1473 871 1528 sect.
902 1468 966 1541 4,
993 1484 1057 1528 n.
1090 1468 1157 1542 5,
1178 1466 1341 1541 dixi3
1370 1471 1555 1546 atque
1584 1466 1673 1528 ita
1714 1465 2040 1528 concludi-

475 1563 581 1620 tur
606 1567 811 1646 actum
835 1558 981 1621 fidei
1006 1559 1253 1621 nullum
1277 1560 1591 1639 proprium
1618 1563 1681 1620 et
1708 1558 2038 1639 physicum

478 1651 765 1715 effectum
794 1653 1056 1729 habere3
1110 1651 1431 1732 loquimur
1468 1658 1682 1714 autem
1712 1652 1781 1713 in
1808 1669 2038 1731 genere

476 1745 822 1822 efficientis,
853 1764 1001 1808 nam
1029 1745 1373 1806 formaliter
1400 1744 1637 1806 clarum
1668 1752 1760 1806 est
1789 1745 2040 1826 physice

475 1841 849 1901 constituere
875 1839 1250 1902 credentem.

554 1936 617 1995 4.
669 1932 981 2016 Quousque
1002 1935 1287 2016 procedat
1322 1933 1579 1997 assertio
1616 1935 1684 1998 de
1718 1933 1831 2016 pia
1860 1934 2042 2014 affec-

480 2025 658 2090 tione.
682 2059 764 2074 —-
788 2025 1039 2106 Oportet
1056 2032 1268 2089 tamen
1294 2025 1677 2104 distinguere
1700 2027 1765 2086 in
1794 2025 1917 2088 fide
1941 2043 2041 2087 ac-

478 2126 618 2183 tum
642 2120 991 2183 intellectus
1015 2120 1093 2181 ab
1121 2125 1262 2181 actu
1292 2119 1651 2196 voluntatis,
1674 2137 1831 2198 quos
1854 2137 2042 2199 supra

478 2213 954 2294 distinguimus3
977 2231 1126 2274 nam
1146 2231 1284 2292 quae
1316 2212 1591 2276 diximus
1616 2214 1889 2274 maxime
1906 2230 2045 2292 pro-

479 2308 708 2370 cedunt
733 2309 813 2370 de
838 2315 983 2370 actu
1005 2307 1373 2382 intellectuS,
1400 2314 1472 2369 ut
1491 2314 1748 2369 constat.
1781 2309 2044 2368 Possunt

480 2406 690 2462 tamen
712 2419 852 2463 cum
876 2401 1272 2482 proportione
1295 2400 1589 2482 applicari
1611 2400 1686 2461 ad
1708 2408 1914 2461 actum
1936 2418 2046 2460 vo-

476 2495 770 2571 luntatis3
800 2496 1029 2559 etenim
1053 2494 1159 2558 ille
1181 2495 1367 2557 etiam
1402 2494 1884 2575 supernaturalis
1928 2499 2039 2568 est,

483 2596 546 2651 et
564 2589 707 2652 ideo
726 2589 1009 2650 habitum
1030 2591 1219 2652 etiam
1244 2607 1354 2668 per
1380 2606 1446 2650 se
1472 2606 1601 2650 non
1624 2587 1931 2668 producit,
1983 2593 2045 2648 et

478 2700 606 2744 non
636 2683 960 2745 ordinatur
988 2683 1065 2744 ad
1100 2682 1253 2744 alios
1286 2694 1459 2744 actus
1484 2681 1844 2756 voluntatis,
1876 2679 2046 2740 uude

478 2775 669 2839 etiam
692 2795 770 2836 ex
790 2775 900 2837 illa
925 2785 1101 2856 parte
1128 2794 1255 2836 non
1282 2775 1469 2836 habet
1494 2773 1813 2854 proprium
1834 2772 2048 2852 physi-

480 2885 623 2931 cum
652 2869 957 2932 eflectum.
990 2871 1199 2932 Potest
1232 2887 1375 2931 vero
1416 2868 1674 2928 ulterius
1696 2865 2048 2946 comparari

479 2963 583 3026 hic
597 2968 768 3025 actus
782 2963 1119 3024 voluntatis
1147 2961 1227 3025 ad
1248 2969 1461 3022 actum
1482 2960 1855 3032 intellectus,
1882 2958 2047 3020 etsie

479 3074 694 3118 revera
714 3063 806 3118 est
824 3075 1007 3118 causa
1034 3056 1195 3134 ejuS,
1226 3055 1535 3116 credimus
1562 3055 1737 3116 euim
1768 3054 1913 3132 quia
1943 3069 2048 3111 vo-

477 3149 691 3210 lumus
700 3165 722 3227 3
746 3155 809 3210 et
828 3155 1027 3229 potest
1068 3149 1191 3210 dici
1218 3166 1401 3210 causa
1445 3147 1721 3226 physica,
1752 3145 1898 3224 quia
1942 3161 2048 3206 vo-

478 3243 685 3304 luntas
720 3242 1045 3304 efficaciter
1078 3240 1350 3322 applicat
1386 3239 1769 3302 intellectum
1806 3239 1884 3300 ad
1914 3253 2048 3300 cre-

479 3338 779 3414 dendum,
806 3338 964 3400 sicut
994 3338 1305 3416 appetitus
1322 3341 1523 3417 potest
1542 3352 1687 3396 vere
1707 3333 1827 3394 dici
1856 3350 2046 3393 causa

478 3431 738 3512 physica
756 3437 963 3493 motus
988 3431 1197 3492 localis
1218 3429 1667 3492 membrorum.
1690 3426 1811 3489 Ubi
1830 3444 2042 3486 occur-

478 3524 657 3586 rebat
687 3525 893 3587 statim
914 3524 1170 3604 quaestio
1191 3524 1269 3584 de
1296 3523 1415 3584 hac
1442 3521 1819 3594 causalitate,
1842 3518 2044 3598 qualis

478 3620 582 3695 sit,
610 3637 695 3680 an
722 3619 803 3680 sit
827 3639 939 3699 per
958 3620 1277 3700 proprium
1312 3617 1650 3689 influxum,
1694 3613 1793 3676 vel
1838 3613 2044 3694 potius

478 3711 561 3772 sit
588 3731 701 3790 per
730 3713 985 3775 modum
1016 3730 1216 3773 causas
1251 3728 1361 3790 per
1406 3709 1711 3778 accidens,
1758 3713 1821 3768 et
1848 3706 2044 3787 appli-

482 3806 677 3867 cantis
712 3825 823 3886 per
861 3804 1207 3866 naturalem
1261 3802 1682 3882 sympathiam
1740 3800 2045 3878 potentia·

479 3917 625 3960 rum
664 3898 733 3959 in
766 3897 982 3960 eadem
1012 3898 1228 3958 anima
1270 3896 1709 3956 radicaturum.
1748 3891 1867 3953 Sed
1913 3891 2046 3950 haec

480 3992 740 4071 quaestio
787 3992 1041 4071 physica
1080 3997 1173 4052 est
1217 3989 1279 4068 (a
1320 3988 1543 4068 quibus
1599 3982 2046 4066 quaestionibus

478 4084 787 4148 abstinere
814 4083 1035 4164 soleo).
1070 4083 1283 4145 Videri
1324 4087 1526 4161 potest
1560 4081 1625 4140 in
1660 4084 1926 4140 tractatu
1968 4077 2046 4137 de

478 4178 729 4252 Anima,
746 4177 791 4238 1.
818 4179 881 4251 5,
906 4195 1039 4256 cap.
1070 4179 1129 4238 6.
1164 4174 1332 4237 Idem
1348 4191 1493 4236 vero
1514 4172 1819 4252 judicium
1842 4171 1908 4231 in
1930 4169 2049 4230 hac

482 4270 755 4332 motione
774 4270 1111 4332 voluntatis
1122 4271 1203 4331 ad
1216 4267 1594 4331 credendum
1612 4265 1936 4326 ferendum
1959 4269 2050 4324 est

486 4363 651 4442 quod
674 4367 741 4424 in
766 4363 905 4426 aliis
936 4363 1313 4425 motionibus
1354 4361 1775 4440 potentiarum
1801 4377 1909 4438 per
1938 4375 2050 4418 vo-

484 4454 833 4534 luntatem5
876 4474 1023 4518 nam
1052 4463 1143 4518 est
1180 4455 1402 4518 eadem
1440 4453 1623 4527 ratio,
1670 4457 1734 4512 et
1759 4449 2052 4532 probabi-

485 4549 605 4610 lius
630 4551 917 4612 existimo
948 4569 1079 4613 esse
1128 4556 1373 4610 tautum
1418 4567 1529 4628 per
1564 4545 1910 4608 naturalem
1948 4563 2050 4605 su-

488 4641 1008 4712 bordinationem.
1054 4650 1115 4704 et
1140 4641 1559 4721 sympathiam
1604 4639 2044 4718 potentiarum.

569 4741 630 4802 5.
650 4738 929 4802 Assertio
948 4738 1199 4801 secunda
1211 4760 1234 4796 .·
1258 4741 1433 4798 actus
1460 4735 1607 4811 fidoi
1633 4734 1828 4796 variis
1853 4732 2046 4796 modis

488 4835 749 4898 sortitur
793 4831 1049 4894 morales
1085 4831 1351 4910 effectus.
1380 4860 1465 4875 -
1488 4827 1791 4902 Secunde,
1835 4825 2046 4888 dicen-

488 4928 639 4990 dum
662 4932 754 4988 est
775 4931 980 4987 actum
1002 4922 1147 4984 fidei
1168 4923 1389 4984 morali
1406 4921 1589 4982 modo
1616 4919 1843 4982 habere
1872 4937 2048 4998 posse

488 5021 731 5100 aliquos
766 5017 1039 5092 effectus,
1069 5015 1177 5095 qui
1210 5015 1367 5076 varii
1402 5022 1549 5076 sunt
1568 5016 1751 5093 juxta
1776 5013 2050 5074 diversos

486 5113 707 5176 modos
734 5112 923 5190 hujus
958 5107 1353 5172 causalitatis.
1385 5109 1556 5170 Unus
1582 5107 1803 5168 modus
1830 5110 1923 5166 est
1940 5121 2050 5184 per

490 5205 747 5268 modum
798 5201 1232 5283 dispositionis,
1281 5202 1379 5263 vel
1424 5201 1749 5281 proximae,
1798 5197 1897 5258 vel
1952 5214 2050 5258 re-

492 5303 708 5373 motae5
748 5304 810 5360 et
853 5295 1101 5376 quidem
1126 5295 1405 5373 proxime
1432 5294 1633 5354 solum
1661 5289 1931 5372 disponit
1957 5309 2052 5350 ac-

492 5397 591 5450 tus
618 5389 763 5451 fidei
781 5390 859 5451 ad
876 5386 1163 5450 habitum
1181 5386 1351 5462 fidei,
1371 5387 1439 5448 in
1468 5405 1593 5466 quo
1614 5385 1829 5448 eadem
1850 5391 1942 5446 est
1952 5402 2052 5446 ra-

494 5483 585 5550 tio
608 5483 684 5547 de
706 5483 816 5546 illo
830 5499 971 5564 quae
1000 5481 1079 5542 de
1104 5481 1339 5547 caeteris
1352 5481 1589 5543 actibus
1606 5485 1885 5562 respectu
1912 5496 2056 5540 suo-

1634 338 1872 390 msPUT.
1912 338 1996 390 Vl.
2031 336 2112 389 m:
2144 337 2306 390 ACTU
2341 337 2522 390 Pium.

2115 457 2259 500 rum
2299 439 2653 502 habituum.
2685 439 2939 500 Remote
2986 455 3132 500 vero
3169 436 3439 518 disponit
3471 437 3684 516 aliquo

2115 535 2297 596 modo
2339 535 2490 598 fides
2531 535 2612 598 ad
2654 540 2846 596 totam
2881 533 3211 612 justitiam,
3243 538 3307 593 et
3337 533 3420 594 sic
3457 531 3686 594 dicitur.

2114 644 2246 689 esse
2299 627 2774 690 fundamentum
2819 625 3078 704 justitia>
3099 669 3120 700 ,
3166 627 3234 686 in
3279 623 3624 687 Tridentin.
3659 669 3682 700 ,

2118 739 2262 782 sess.
2290 721 2352 792 6,
2379 739 2515 800 cap.
2548 721 2587 780 6
2610 726 2674 781 et
2702 721 2777 797 8;
2809 727 2873 781 et
2915 720 2995 781 ab
3021 718 3396 798 Augustino,
3423 717 3686 798 epistola

2121 815 2262 888 105,
2293 831 2417 892 qua
2447 813 2524 874 de
2551 831 2620 874 re
2648 812 2847 876 videri
2879 817 3136 892 possunt
3167 811 3334 872 dicta
3364 811 3432 872 in
3481 811 3590 874 lib.
3641 812 3684 874 8

2118 906 2195 968 de
2228 907 2424 979 Grat„
2453 925 2506 968 c.
2553 908 2651 968 15.
2699 905 3014 972 Secundus
3059 904 3280 968 modus
3318 905 3506 984 hujus
3535 923 3683 968 cau-

2119 1000 2382 1062 salitatis
2404 1005 2496 1062 est
2512 1018 2622 1079 per
2643 999 2896 1062 modum
2927 998 3134 1060 meriti
3159 997 3236 1059 de
3259 997 3590 1074 condigno,
3621 1001 3685 1056 et

2123 1093 2211 1156 sic
2255 1092 2526 1154 diximus
2551 1111 2762 1172 supra,
2791 1099 2936 1154 sect.
2971 1095 3031 1167 7,
3063 1097 3270 1154 actum
3319 1089 3489 1164 fidei,
3521 1089 3574 1150 si
3602 1088 3689 1149 sit

2123 1187 2190 1248 in
2217 1187 2471 1248 homine
2491 1192 2691 1266 grato,
2713 1204 2843 1250 esse
2859 1173 3249 1248 meritorium
3274 1185 3350 1246 de
3371 1183 3689 1260 condigno

2117 1281 2464 1343 formaliter
2485 1286 2548 1342 et
2571 1299 2683 1361 per
2703 1281 3000 1360 seipsum.
3023 1280 3136 1340 Hic
3155 1295 3300 1340 vero
3318 1277 3466 1339 addi
3482 1283 3691 1357 potest

2119 1392 2248 1436 esse
2277 1375 2548 1436 radicem
2575 1373 2778 1436 omnis
2805 1373 3014 1436 meriti
3043 1372 3119 1434 de
3153 1371 3484 1451 condigno,
3509 1376 3574 1433 et
3599 1370 3694 1432 sic

2118 1469 2330 1529 omnia
2356 1468 2610 1547 praemia
2631 1467 2770 1528 talis
2799 1467 3006 1528 meriti
3035 1465 3353 1526 numerari
3379 1481 3558 1543 pesse
3581 1462 3691 1524 in-

2118 1576 2214 1623 ter
2237 1561 2489 1622 effectus
2521 1561 2702 1633 fidei;
2734 1567 2796 1622 et
2823 1559 2909 1622 sic
2944 1560 3103 1620 dixit
3123 1558 3414 1638 Cyrillus,
3454 1557 3566 1618 lib.
3610 1559 3684 1618 ss

2117 1655 2186 1716 in
2202 1656 2411 1731 Joan„
2435 1673 2568 1736 cap.
2607 1657 2708 1730 16,
2751 1653 2937 1714 fidem
2961 1671 3092 1714 esse
3116 1651 3389 1713 radicem
3411 1656 3476 1711 et
3491 1649 3694 1728 origi·

2119 1766 2264 1808 nem
2315 1754 2562 1810 aeternae
2608 1749 2750 1810 vitae
2773 1792 2793 1822 ,
2850 1747 2935 1808 ita
2979 1764 3297 1826 exponens
3342 1743 3531 1806 verba
3579 1743 3694 1804 illa

2118 1842 2298 1902 Joan.
2326 1843 2431 1902 ⁴4:
2466 1843 2622 1905 Haeo
2667 1847 2996 1906 osrautem
3039 1841 3171 1904 vita
3205 1843 3452 1908 aeterna,
3495 1841 3566 1900 vt
3595 1855 3700 1900 oo-

2121 1939 2410 2018 quosaam
2439 1941 2496 1999 te
2524 1938 2718 1998 Deum
2743 1953 2972 2008 verum,
3022 1939 3080 1998 et
3101 1951 3274 2016 quom
3306 1929 3538 1995 misisti
3588 1931 3699 1994 Je-

2122 2047 2259 2092 swm
2281 2028 2610 2092 Christum.
2631 2032 2865 2104 Tertio,
2889 2045 3022 2090 esse
3045 2032 3242 2108 potest
3265 2023 3398 2087 haec
3419 2022 3696 2086 causali-

2121 2128 2218 2184 tas
2235 2141 2345 2202 per
2381 2123 2637 2184 modum
2665 2123 3138 2204 impetrationiS,
3169 2123 3245 2184 ad
3271 2138 3462 2199 quam
3503 2118 3698 2180 redu-

2123 2217 2283 2278 citur
2306 2216 2598 2278 meritum
2618 2215 2694 2277 de
2718 2232 3028 2294 congruo;
3050 2221 3113 2278 et
3131 2215 3219 2276 ita
3238 2214 3383 2276 fidei
3402 2213 3696 2275 tribuun-

2125 2315 2229 2372 tur
2259 2308 2556 2370 miracula
2583 2307 2884 2388 tanquam
2929 2309 3180 2372 effectus
3195 2309 3366 2386 ejus3
3397 2306 3525 2368 imo
3554 2325 3696 2368 om-

2125 2421 2235 2464 nes
2261 2401 2513 2464 effectus
2551 2403 2848 2464 orationis
2875 2409 3020 2464 suut
3061 2401 3177 2462 hoc
3217 2400 3404 2462 modo
3435 2399 3698 2462 effectus

2124 2495 2294 2569 fidei,
2329 2502 2400 2555 ut
2439 2501 2680 2558 constat
2715 2515 2792 2558 ex
2819 2496 3207 2574 supradictis„
3243 2498 3306 2554 et
3346 2491 3536 2554 tradit
3563 2494 3698 2552 Au-

2124 2590 2408 2668 gustinus
2435 2607 2644 2669 supra,
2671 2589 2926 2668 epistola
2956 2591 3088 2650 107.
3119 2587 3374 2661 Quarto,
3403 2594 3465 2647 et
3493 2585 3699 2646 maxi-

2125 2699 2226 2744 me
2277 2683 2522 2762 proprie
2565 2687 2628 2743 et
2681 2681 3163 2743 connaturaliter
3199 2679 3350 2742 fides
3395 2685 3700 2758 operatur

2125 2776 2469 2852 moraliter,
2527 2776 2860 2837 excitando
2913 2774 3296 2836 voluntatem
3359 2773 3438 2834 ad
3488 2777 3691 2846 actus,

2125 2872 2271 2949 quia
2323 2871 2615 2949 proponit
2673 2867 3168 2948 supernaturalia
3221 2865 3460 2944 obJecta
3507 2863 3698 2926 valde

2127 2965 2408 3040 honesta,
2435 2963 2662 3042 quibus
2689 2963 2963 3023 maxime
2991 2958 3448 3022 soletvoluntas
3475 2958 3554 3020 ad
3580 2957 3700 3018 bo·-

2125 3075 2280 3118 num
2309 3058 2596 3134 excitari3
2628 3062 2690 3118 et
2719 3056 2834 3116 hoc
2860 3061 2976 3130 est,
3000 3053 3165 3133 quod
3197 3053 3466 3116 maxime
3483 3053 3694 3112 inten-

2126 3150 2220 3211 dit
2259 3152 2326 3212 D.
2359 3151 2654 3227 Thomas,
2680 3151 2748 3210 in
2773 3149 3113 3229 quaestione
3163 3148 3376 3222 citata,
3421 3152 3483 3206 et
3509 3145 3698 3206 sufli-

2090 3310 2101 3319 ,
2127 3244 2362 3305 cienter
2395 3243 2809 3304 declarabitur
2833 3240 3264 3323 respondendo
3291 3238 3372 3300 ab
3397 3238 3696 3318 obJectio-

2127 3355 2239 3398 nes
2271 3337 2340 3398 in
2375 3336 2680 3416 principio
2707 3336 2922 3398 factas.

2205 3433 2266 3493 6.
2312 3428 2689 3511 Adprimam
2719 3430 3150 3509 difficultatem
3165 3429 3236 3490 in
3252 3445 3416 3490 num.
3443 3427 3708 3490 2.-Ad

2125 3524 2472 3588 secundam.
2499 3521 2696 3586 -Ad
2715 3525 2982 3586 tertiam.
2999 3554 3082 3568 —-
3096 3521 3186 3583 Ad
3211 3522 3515 3601 primum,
3537 3518 3698 3580 dici-

2123 3623 2230 3677 tur
2256 3617 2483 3696 primo,
2513 3635 2624 3696 per
2651 3618 2922 3696 priorem
2953 3615 3120 3676 illius
3151 3619 3386 3694 partem
3413 3613 3696 3694 probari,

2125 3717 2334 3770 actum
2363 3709 2506 3770 fidei
2533 3728 2660 3770 non
2685 3708 2914 3772 habere
2941 3708 3220 3788 proprios
3248 3707 3506 3768 effectus
3535 3706 3702 3784 phy-

2124 3805 2302 3878 sicos,
2334 3803 2499 3882 quod
2523 3804 2955 3866 concessimus·
2987 3801 3084 3862 Ad
3105 3803 3366 3863 alteram
3386 3817 3534 3861 vero
3551 3817 3702 3880 par-

2126 3903 2254 3958 tem
2293 3896 2370 3958 de
2398 3897 2754 3976 cognitione
2797 3895 3202 3976 speculativa,
3254 3893 3704 3974 respondemus

2126 3988 2315 4050 fidem
2339 4007 2466 4050 non
2482 3995 2726 4051 tantum
2749 4006 2879 4050 esse
2895 3988 3360 4067 speculativam,
3385 3985 3702 4050 sedetiam

2128 4083 2458 4160 practicam
2469 4103 2486 4156 3
2510 4083 2744 4162 judicat
2763 4082 2932 4142 enim
2959 4081 3298 4142 amandum
3319 4097 3450 4141 esse
3469 4080 3702 4150 Deum,

2129 4182 2194 4236 et
2219 4176 2469 4251 similia,
2511 4182 2580 4238 ut
2603 4175 2790 4255 paulo
2831 4181 2968 4254 post
2993 4175 3218 4236 iterum
3247 4173 3572 4252 attingam.
3606 4172 3704 4232 Ex

2129 4267 2244 4328 hac
2263 4287 2410 4348 ergo
2430 4275 2604 4349 parte
2632 4274 2832 4348 potest
2857 4267 3176 4330 moraliter
3205 4283 3454 4328 movere
3474 4263 3708 4324 voluu—
3781 4297 3796 4316 ·

2129 4367 2348 4424 tatem.
2401 4361 2579 4424 Addo
2620 4362 2808 4424 etiam
2852 4379 2931 4420 ex
2954 4377 3113 4440 pura
3147 4358 3294 4421 fidei
3324 4363 3562 4420 contem
3571 4355 3710 4435 pla-

2131 4457 2300 4517 tione
2331 4473 2506 4535 posse
2541 4454 2840 4516 resultare
2875 4451 3346 4514 delectationem
3375 4451 3442 4513 in
3477 4450 3710 4512 volun-

2131 4556 2279 4624 tate,
2311 4568 2450 4628 quae
2477 4553 2672 4628 potest
2703 4547 2865 4608 inter
2891 4545 3145 4606 effectus
3175 4544 3322 4605 fidei
3351 4543 3700 4604 numerari.

2129 4642 2223 4703 Ad
2261 4641 2596 4702 secundam
2632 4639 3063 4718 objectionem,
3105 4637 3572 4717 respondemus,
3619 4637 3706 4696 ad

2127 4737 2400 4815 priorem
2429 4733 2680 4812 quidem
2703 4733 2838 4810 ejus
2869 4739 3140 4810 partem,
3157 4730 3378 4792 merito
3406 4730 3706 4790 timorem

2127 4829 2277 4908 poni
2297 4828 2462 4888 inter
2485 4826 2738 4888 effectus
2759 4825 2928 4900 fidei,
2952 4825 3100 4903 quia
3114 4823 3517 4904 proponendo
3535 4840 3712 4882 com-

2131 4920 2506 4983 minationes
2539 4919 2800 4992 divinaS,
2840 4917 3130 4979 timorem
3169 4917 3416 4989 excitat,
3448 4921 3519 4974 ut
3541 4914 3712 4976 dixit

2129 5014 2469 5078 Concilium
2496 5012 2954 5084 Tridentinum‚
2987 5029 3172 5090 supra
3200 5028 3338 5089 cap.
3370 5010 3433 5084 6,
3473 5015 3537 5070 et
3574 5007 3713 5070 Au-

2129 5108 2437 5187 gustinus,
2487 5106 2554 5166 in
2601 5104 2986 5179 Encliiridio,
3015 5121 3151 5182 cap.
3185 5105 3246 5164 5.
3291 5102 3461 5164 Solet
3492 5105 3708 5162 autem

2131 5201 2325 5280 quaeri
2347 5218 2427 5260 an
2449 5199 2564 5260 hoc
2589 5198 2670 5258 sit
2713 5195 3191 5276 intelligendum
3224 5195 3302 5257 de
3325 5196 3548 5256 timore
3575 5212 3710 5254 ser-

2132 5293 2242 5354 vili
2265 5292 2361 5353 vel
2383 5291 2590 5368 filiali3
2622 5289 2957 5352 dicendum
2987 5295 3079 5350 est
3097 5296 3310 5350 autem
3337 5287 3418 5348 de
3439 5293 3710 5366 utroque

2133 5403 2353 5447 verum
2376 5402 2529 5446 esse.
2553 5384 2710 5457 Quia
2741 5400 2888 5444 vero
2918 5381 3072 5442 fides
3105 5381 3420 5443 interdum
3447 5381 3710 5442 estsine

2133 5477 2460 5554 charitate,
2513 5483 2578 5538 et
2620 5475 2954 5556 aliquando
3005 5481 3100 5540 est
3121 5473 3216 5536 illi
3242 5475 3598 5554 conjuncta,
3631 5472 3704 5534 in
