3900 6217
584 422 753 477 SECT.
790 424 873 476 m.
908 423 1149 485 QUALES
1182 423 1319 475 SINT
1352 424 1551 476 Acws
1584 423 1973 487 crunnum,
2011 424 2089 475 ET
2121 424 2262 486 QUIS
2296 424 2480 477 INTER
2513 425 2628 478 Eos
2661 425 2757 478 St‘r
2790 424 3039 479 nemon.

196 526 403 603 tingat
428 523 615 585 unico
648 530 784 586 actu
824 524 1021 585 amari
1070 525 1263 585 Deum
1292 534 1353 585 et
1378 525 1755 603 proximum,

196 626 537 697 utrumque
582 624 881 696 tanquam
929 616 1237 695 objectum
1266 662 1281 691 ,
1329 623 1538 678 actum
1584 616 1765 677 illum

196 730 329 772 cese
380 711 809 791 perfectiorem
849 712 1199 786 extensive,
1248 728 1434 792 quam
1478 711 1557 771 sit
1591 710 1757 771 solus

194 824 381 867 amor
424 806 569 879 Dei;
626 806 733 867 sed
775 824 902 866 non
946 812 1038 867 est
1081 806 1145 866 id
1186 824 1429 867 necesse
1470 806 1540 867 in
1594 804 1769 868 omni

194 918 411 961 amore
428 900 714 979 proximi.
735 901 966 961 Rursus
986 900 1148 961 inter
1164 912 1337 960 actus
1352 900 1515 961 circa
1536 900 1758 973 Deum,

194 992 289 1052 illi
309 999 461 1053 sunt
482 992 769 1053 meliores
792 1010 1017 1071 genere
1038 1010 1173 1068 suo,
1196 992 1303 1073 qui
1328 1000 1473 1053 sunt
1498 1012 1604 1073 per
1636 1010 1769 1054 mo-

194 1086 355 1146 dum
386 1087 849 1165 prosecutioniS‚
872 1093 935 1148 et
954 1087 1119 1149 inter
1138 1088 1253 1147 bos
1274 1092 1521 1167 praestat
1539 1104 1717 1147 amor
1737 1100 1755 1162 3

193 1198 347 1241 nam
378 1186 472 1241 est
496 1180 698 1259 prima
724 1188 789 1242 et
814 1179 1254 1260 perfectissima
1290 1180 1642 1260 conjunctio
1683 1180 1763 1243 ad

196 1275 418 1350 Deum,
462 1287 525 1335 et
558 1274 737 1335 radix
787 1282 1149 1336 caeterorum
1192 1280 1442 1336 actuum
1466 1290 1486 1351 3
1540 1274 1763 1335 deinde

194 1368 525 1444 gaudium,
552 1368 775 1429 ultimo
803 1368 1204 1444 desiderium,
1237 1387 1381 1429 nam
1410 1366 1562 1428 illud
1590 1367 1668 1429 de
1698 1385 1763 1429 se

192 1466 485 1523 versatur
508 1462 669 1522 circa
696 1462 955 1523 meliora
977 1461 1163 1524 bona.

278 1558 343 1614 4.
394 1554 625 1628 Quarta
654 1556 974 1617 conclusio.
1010 1588 1093 1601 -
1129 1555 1273 1617 Dico
1299 1562 1553 1635 quartot
1600 1553 1766 1615 inter

192 1664 445 1707 amores
460 1646 749 1726 proximi,
772 1647 877 1708 ille
900 1653 992 1708 est
1018 1648 1240 1709 melior
1265 1649 1367 1729 qui
1400 1648 1764 1709 immediate

192 1746 287 1799 est
316 1747 568 1819 propter
602 1740 947 1802 bonitatem
992 1740 1331 1802 increatam
1350 1757 1369 1819 3
1406 1747 1541 1822 post
1568 1741 1755 1816 hunc,

192 1830 302 1891 ille
336 1834 445 1911 qui
470 1838 564 1893 est
592 1839 847 1914 propter
873 1835 1216 1896 bonitatem
1246 1842 1511 1897 creatam
1546 1852 1757 1913 super·

191 1924 582 2000 naturalem3
639 1926 893 1987 infimus
943 1933 1034 1988 est
1079 1927 1235 1989 alius
1280 1946 1477 2004 amor,
1530 1946 1758 2008 nempe

190 2022 449 2095 propter
475 2018 819 2080 naturalem
852 2020 1229 2097 bonitatem3
1259 2020 1389 2081 haec
1418 2027 1653 2083 constat
1682 2039 1761 2083 ex

190 2108 553 2169 diversitate
575 2111 956 2190 objectorum
990 2113 1387 2174 motivorum.

278 2206 340 2263 5.
398 2203 635 2267 Ultima
651 2204 1206 2267 conclusio—Dico
1232 2205 1487 2265 ultimo:
1520 2204 1570 2265 si
1598 2172 1759 2265 obm-

192 2296 613 2376 parentur·hi
656 2304 827 2357 actus
870 2298 949 2359 ad
1001 2298 1243 2377 objecta
1285 2298 1651 2374 materialia,
1692 2299 1760 2359 in

192 2406 566 2468 unaquaque
585 2390 785 2469 specie
806 2390 1146 2453 dilectionis
1174 2392 1280 2451 ille
1310 2398 1483 2451 actus
1512 2397 1602 2452 est
1626 2408 1758 2451 me-

192 2482 337 2558 lior,
371 2482 478 2563 qui
510 2484 707 2562 magis
736 2492 829 2545 est
863 2492 1311 2547 consentaneus
1338 2485 1753 2565 propensioni,

196 2583 259 2637 et
282 2576 489 2637 ordini
528 2576 883 2640 charitatis:
915 2578 1287 2658 intelligitur
1310 2596 1553 2657 semper
1580 2584 1758 2639 caete·

194 2670 283 2731 ris
337 2669 610 2749 paribus:
661 2670 842 2731 Ratio
888 2676 1001 2746 est,
1049 2672 1197 2751 quia
1236 2671 1502 2733 charitas
1558 2671 1755 2749 magis

192 2761 534 2823 inclinatur
580 2762 659 2823 ad
714 2763 999 2825 meliores
1052 2780 1225 2825 actus
1271 2782 1411 2825 suos
1426 2780 1447 2843 3
1488 2782 1659 2843 ergo,
1718 2781 1752 2823 e

194 2856 528 2930 contrariu,
571 2856 649 2916 ad
679 2874 832 2936 quos
860 2857 991 2937 ipsa
1019 2858 1217 2936 magis
1254 2856 1613 2932 inclinatur,
1661 2855 1752 2916 illi

196 2953 341 3007 sunt
387 2948 690 3010 meliores.
755 2949 1037 3011 Secundo
1091 2951 1158 3010 bi
1212 2956 1383 3011 actus
1432 2955 1753 3010 versantur

196 3040 359 3103 circa
410 3040 900 3121 objecta⁸magis
944 3045 1275 3123 conjuncta
1314 3048 1424 3105 aut
1456 3044 1601 3118 Deo,
1644 3047 1755 3104 aut

192 3133 511 3212 diligenti3
571 3152 719 3213 ergo
776 3136 1150 3217 participant
1196 3136 1396 3215 magis
1448 3138 1754 3201 rationem

192 3227 529 3289 charitatis.

271 3322 330 3383 6.
376 3322 657 3386 Amidae
676 3341 757 3385 an
780 3324 1017 3387 inimici
1040 3324 1273 3387 dilectio
1298 3325 1383 3387 sit
1408 3322 1605 3405 mayis
1640 3344 1759 3388 me-

192 3415 436 3479 ritoria.
467 3448 547 3463 --
570 3415 833 3497 objectio
849 3417 1080 3499 prima.
1114 3450 1195 3465 —-
1227 3416 1530 3481 Secunda.
1552 3450 1635 3465 ·-
1660 3418 1764 3482 Aa

190 3508 456 3590 primam
494 3510 893 3591 objectionem.
924 3542 1007 3557 -
1024 3510 1127 3575 Aa
1148 3514 1461 3575 secundam
1484 3513 1759 3592 objectio-

194 3620 346 3663 nem.
376 3632 463 3647 —-
490 3602 686 3681 Atque
716 3603 821 3664 hic
864 3604 1188 3683 expeditur
1210 3604 1317 3666 illa
1360 3606 1644 3684 quaestio,
1675 3623 1757 3666 an

194 3695 393 3773 magis
419 3697 803 3757 meritorium
833 3696 913 3756 sit
941 3696 1196 3775 diligere
1215 3698 1539 3758 inimicum
1567 3717 1757 3778 quam

194 3788 491 3849 amicum.
536 3789 986 3870 Respondetur,
1015 3790 1080 3850 in
1124 3806 1349 3869 genere
1381 3809 1493 3851 suo
1534 3791 1755 3853 melius

192 3898 319 3943 esse
360 3880 617 3960 diligere
645 3884 950 3957 amicum3
978 3901 1121 3943 nam
1150 3888 1243 3944 est
1270 3884 1470 3963 magis
1502 3902 1756 3945 consen-

191 3981 447 4037 taneum
476 3976 679 4037 ordini
717 3976 1068 4049 charitatis;
1102 3978 1259 4037 sicut
1286 3983 1375 4037 est
1400 3978 1622 4039 melius
1652 3978 1751 4038 di-

188 4069 382 4149 ligere
400 4076 639 4149 patrem
668 4089 857 4150 quam
887 4077 1249 4132 extraneum
1268 4117 1289 4147 ,
1304 4072 1543 4151 justum
1563 4088 1753 4151 quam

190 4170 571 4244 peccatorem
596 4208 615 4240 ,
670 4167 942 4227 amicum
996 4183 1183 4244 quam
1247 4166 1544 4228 alienum.
1600 4168 1754 4229 Item

189 4256 340 4335 quia
370 4275 477 4336 per
496 4276 563 4318 se
600 4257 820 4319 melius
846 4264 937 4319 est
963 4276 1039 4319 ex
1065 4258 1337 4337 objecto:
1374 4277 1523 4320 nam
1546 4278 1579 4321 e
1608 4278 1754 4321 con-

188 4350 383 4411 trario
426 4352 605 4431 pejus
645 4357 738 4412 est
763 4351 963 4413 odisse
1014 4352 1285 4413 amicum
1314 4370 1503 4431 quam
1545 4353 1756 4414 iuimi-

188 4462 336 4505 cum
353 4461 374 4522 3
406 4447 607 4524 privat
640 4463 786 4523 ergo
814 4445 1034 4524 majori
1061 4445 1403 4507 honestate.
1438 4446 1554 4508 Sed
1607 4466 1755 4508 con·

186 4546 320 4597 tra:
354 4552 529 4597 amor
557 4536 791 4597 inimici
826 4542 917 4597 est
940 4536 1249 4597 difficilior
1276 4555 1351 4597 ex
1377 4554 1477 4611 se3
1522 4544 1587 4599 at
1621 4538 1755 4599 haec

187 4628 519 4689 difficultas
568 4637 757 4706 auget
800 4626 1089 4689 meritum
1134 4634 1195 4689 et
1234 4628 1598 4691 bonitatem.
1645 4630 1754 4691 Se-

186 4720 416 4795 cundo,
469 4720 717 4781 dilectio
770 4720 1010 4781 inimici
1058 4726 1151 4781 est
1199 4723 1411 4800 purior
1450 4723 1529 4783 ab
1578 4722 1752 4783 omni

186 4814 467 4874 humano
533 4816 810 4875 motivo:
874 4815 1037 4875 unde
1102 4816 1169 4875 in
1224 4832 1396 4876 sacra
1436 4816 1752 4897 Scriptura

185 4913 253 4967 et
278 4907 559 4967 Patribus
584 4906 895 4982 laudatur,
919 4914 982 4968 et
999 4908 1269 4968 maxime
1293 4907 1565 4987 perfecta
1587 4908 1750 4987 judi-

184 5008 385 5061 catur.
420 5001 511 5060 Ad
538 5002 809 5080 primum
839 5001 1266 5081 respondetur,
1296 5001 1435 5081 plus
1475 5003 1752 5062 conferre

182 5093 499 5173 obJectum
546 5112 735 5173 quam
790 5093 1214 5156 difficultatem
1284 5094 1361 5155 ad
1410 5094 1751 5156 bonitatem

184 5194 253 5249 et
282 5187 598 5259 meritum,
645 5188 793 5266 quia
832 5186 1143 5265 objectum
1186 5194 1278 5247 est
1324 5188 1522 5267 magis
1550 5206 1752 5249 essen-

182 5278 335 5341 tiale
361 5281 549 5353 actui,
594 5280 751 5340 sicut
796 5279 1039 5341 facilius
1078 5286 1171 5341 est
1196 5278 1455 5359 diligere
1509 5286 1750 5360 patrem

182 5388 376 5453 quam
408 5379 798 5450 extraneum,
832 5378 897 5434 et
924 5378 1136 5434 tamen
1167 5372 1268 5433 hic
1308 5376 1399 5432 est
1427 5374 1753 5451 perfectior

183 5472 399 5539 actus;
424 5464 543 5528 hoc
568 5471 778 5527 autem
802 5464 1278 5543 intelligendum
1304 5469 1499 5526 estex
1525 5482 1753 5544 genere.

184 5576 327 5634 suo,
370 5574 519 5619 nam
564 5563 769 5639 posset
813 5574 945 5619 esse
993 5556 1269 5619 amicitia
1294 5558 1628 5639 levissima,
1688 5564 1753 5623 et

3295 423 3414 484 649

1850 522 2178 585 difficultas
2205 526 2498 587 maxima.
2523 526 2698 588 Unde
2725 527 2982 588 ulterius
3003 545 3184 606 negO,
3217 544 3413 606 quan-

1849 616 1927 676 do
1954 622 2124 677 actus
2151 618 2493 680 dilectionis
2521 627 2667 681 sunt
2701 622 2976 699 ejusdem
3020 620 3409 698 intensioniS,

1851 709 2231 771 voluntatem
2263 713 2460 791 magis
2481 714 2714 789 conari,
2741 714 2887 793 quia
2916 718 3172 775 conatus
3196 714 3413 776 volun-

1850 805 1993 865 tatis
2045 824 2171 867 non
2201 814 2291 867 est
2333 807 2502 869 aliud
2551 826 2739 888 quam
2777 807 3110 869 efficientia
3153 815 3214 869 et
3241 816 3412 871 actus

1848 897 2179 959 voluntatis
2194 914 2215 977 3
2247 900 2356 961 ubi
2385 906 2590 961 autem
2616 919 2741 961 non
2769 907 2860 962 est
2883 902 3186 962 intensior
3210 906 3406 979 actus,

1847 1007 2048 1069 neque
2075 997 2166 1052 est
2191 992 2392 1071 maj0r
2417 992 2769 1053 efficientia.
2791 994 3024 1055 Verum
3055 1000 3147 1055 est
3172 1001 3402 1069 tamen,

1846 1084 2096 1163 quando
2119 1084 2427 1164 obJectum
2456 1091 2546 1147 est
2568 1086 2896 1163 difficilius,-
2923 1092 3028 1148 aut
3062 1087 3272 1167 aliqua
3303 1107 3407 1149 ra-

1842 1177 2012 1237 tione
2043 1178 2248 1239 minus
2289 1179 2643 1261 appetibile,
2690 1180 3004 1241 moraliter
3036 1198 3166 1241 esse
3198 1198 3408 1243 neces-

1842 1270 2071 1331 sariam
2150 1274 2449 1351 majorem
2522 1273 2814 1334 virtutem
2878 1273 2956 1333 ad
3023 1275 3408 1353 operandum

1844 1365 2166 1444 aequaliter
2193 1367 2354 1427 circa
2396 1367 2516 1427 tale
2549 1366 2889 1446 objectum3
2923 1368 3081 1427 sicut
3124 1369 3188 1427 in
3218 1374 3408 1430 natu-

1842 1458 2076 1519 ralibus
2110 1460 2463 1537 agentibus,
2507 1460 2586 1520 ad
2616 1460 2928 1539 agendum
2965 1460 3286 1540 aequaliter
3339 1462 3408 1523 in

1843 1570 1933 1624 re,
1964 1558 2026 1610 et
2055 1552 2119 1611 in
2157 1553 2340 1612 modo
2385 1554 2545 1612 circa
2582 1572 2826 1632 passum
2865 1554 3064 1632 magis
3095 1554 3404 1631 resistens,

1846 1644 2045 1723 major
2073 1646 2271 1706 virtus
2290 1646 2356 1706 in
2381 1652 2606 1725 agente
2633 1648 2968 1727 requiritur
2983 1669 2999 1723 3
3023 1647 3168 1708 inde
3195 1654 3407 1711 tamen

1844 1755 1969 1797 non
2007 1737 2078 1798 fit
2105 1740 2413 1799 actionem
2442 1739 2540 1799 vel
2561 1738 2847 1801 effectum
2885 1758 3014 1801 esse
3060 1741 3401 1819 meliorem,

1840 1848 1984 1891 cum
2005 1849 2428 1911 supponamus
2445 1850 2576 1893 esse
2596 1834 2898 1913 aequalem
2927 1834 2990 1894 in
3018 1836 3362 1897 intensione
3383 1859 3403 1913 ς

1838 1940 2042 2003 neque
2070 1924 2258 1986 etiam
2287 1924 2358 1985 fit
2386 1944 2514 1987 esse
2549 1927 2750 2005 magis
2793 1928 3207 2001 meritorium,
3257 1930 3407 2008 quia

1840 2017 2138 2077 meritum
2188 2035 2315 2078 non
2367 2019 2711 2079 attenditur
2759 2036 2945 2099 penes
2993 2020 3288 2081 virtutem
3336 2021 3404 2082 in

1839 2113 1980 2169 actu
2004 2110 2228 2188 prim0,
2259 2111 2366 2172 sed
2391 2128 2577 2190 penes
2615 2111 2922 2173 actionem
2945 2112 3026 2173 ab
3065 2112 3172 2172 illa
3201 2129 3405 2190 proce-

1840 2202 2113 2277 dentem,
2145 2202 2287 2264 licet
2323 2204 2596 2283 dignitas
2637 2204 2936 2284 suppositi
2982 2203 3258 2266 conferat
3294 2224 3404 2285 per

1841 2294 2097 2355 modum
2127 2296 2447 2374 cujusdam
2472 2298 2983 2375 circumstantiae3
3028 2297 3228 2358 solum
3251 2300 3399 2377 ergo‘

1840 2387 2122 2466 sequitur
2147 2406 2421 2450 amorem
2451 2390 2871 2465 inimicorum,
2915 2392 3282 2467 regulariter
3309 2392 3401 2452 lo-

1841 2480 2088 2558 quendo
2117 2526 2134 2552 ,
2186 2498 2316 2541 esse
2365 2482 2615 2560 signum
2675 2482 3054 2562 perfectioris
3108 2484 3355 2545 virtutis
3374 2530 3396 2561 ,

1839 2573 2007 2652 quod
2051 2574 2384 2635 intendunt
2411 2577 2639 2636 Patres.
2667 2576 2762 2635 Ad
2790 2577 3121 2637 secundum
3147 2595 3402 2656 respon-

1840 2666 2022 2728 detur
2050 2672 2254 2727 actum
2274 2669 2504 2728 amoris
2527 2686 2673 2747 erga
2694 2670 3015 2729 inimicum
3039 2688 3197 2750 saepe
3226 2688 3399 2750 posse

1832 2776 1964 2821 esse
1991 2759 2332 2837 meliorem,
2368 2761 2516 2840 quia
2537 2761 2607 2822 fit
2628 2781 2706 2823 ex
2734 2762 2974 2823 meliori
3001 2766 3233 2825 motivo
3241 2780 3260 2841 3
3284 2782 3397 2826 nos

1833 2859 2043 2913 autem
2085 2852 2398 2933 loquimur
2449 2856 2685 2915 caeteris
2722 2856 3008 2937 paribus,
3054 2856 3219 2935 quod
3271 2876 3398 2918 non

1833 2952 2162 3025 repugnat,
2195 2946 2247 3006 si
2273 2947 2462 3007 homo
2488 2948 2636 3010 velit
2665 2967 2815 3028 pure
2838 2949 3080 3029 operari
3090 2966 3111 3026 3
3141 2950 3305 3011 unde
3325 2949 3398 3011 fit

1835 3044 1905 3098 ut
1930 3056 2090 3117 saepe
2112 3039 2192 3099 sit
2221 3040 2432 3101 utilius
2457 3058 2741 3103 exercere
2770 3049 2939 3103 actus
2967 3043 3196 3103 amoris
3237 3043 3396 3107 circa

1834 3131 2158 3193 inimicum
2175 3149 2195 3209 3
2226 3138 2362 3193 tum
2388 3134 2536 3213 quia
2561 3134 2937 3213 probabilius
2967 3142 3058 3196 est
3086 3155 3188 3199 eos
3218 3136 3396 3217 diligi

1836 3244 1909 3286 ex
1931 3224 2227 3286 charitate
2251 3277 2258 3285 .
2287 3232 2422 3287 tum
2448 3228 2594 3306 quia
2615 3227 2860 3288 dilectio
2883 3228 3276 3291 inimicorum
3295 3250 3396 3292 ra-

1836 3318 2004 3380 tione
2053 3318 2430 3379 difficultatis
2469 3325 2561 3380 est
2612 3320 2995 3382 commodior
3045 3323 3121 3383 ad
3157 3324 3396 3385 satisfa-

1837 3410 2146 3486 ciendum,
2181 3411 2657 3491 impetrandum,
2697 3419 2760 3474 et
2785 3415 3163 3475 movendum
3200 3418 3396 3478 Deum

1837 3504 1915 3563 ad
1945 3503 2315 3564 remittenda
2333 3504 2775 3584 uobis‘peccata
2841 3512 3024 3587 atque
3052 3509 3188 3568 haec
3207 3510 3394 3571 etiam

1838 3596 2174 3657 intendunt
2218 3598 2445 3658 Patres,
2487 3599 2764 3660 Tandem
2793 3600 3143 3661 addendum
3184 3610 3296 3679 est,
3342 3604 3393 3664 si

1838 3705 2015 3749 amor
2045 3689 2227 3749 amici
2262 3708 2338 3751 ex
2363 3690 2493 3751 sola
2529 3692 2769 3753 ratione
2813 3694 3104 3769 naturali,
3136 3713 3240 3755 seu
3268 3694 3392 3755 hu-

1837 3798 2024 3841 mana
2056 3782 2283 3861 potius,
2325 3782 2582 3858 oriatur,
2615 3802 2788 3863 posse
2827 3786 3078 3865 quidem
3108 3804 3235 3847 esse
3266 3804 3400 3847 mo-

1834 3874 2050 3935 raliter
2085 3874 2343 3949 bonum,
2369 3894 2496 3937 non
2524 3881 2733 3938 tamen
2761 3896 2870 3957 per
2897 3896 2960 3937 se
2990 3896 3118 3939 esse
3143 3880 3398 3940 merito-

1834 3968 2022 4043 rium,
2072 3969 2192 4028 nisi
2225 3967 2458 4048 aliquid
2491 3971 2960 4049 supernaturale
2989 3971 3091 4031 ille
3122 3972 3396 4047 accedat,

1834 4078 1958 4139 quo
1983 4078 2164 4121 sensu
2196 4060 2433 4122 dictum
2459 4070 2548 4123 est
2591 4062 2863 4124 Matthaei
2895 4066 2968 4125 5:
3019 4063 3100 4127 Si
3139 4064 3399 4147 diliyitis

1834 4167 1929 4213 eos
1965 4151 2069 4232 qui
2095 4170 2197 4214 vos
2215 4152 2502 4236 diliyunt,
2524 4172 2705 4236 quam
2734 4156 3048 4218 mercedem
3067 4157 3351 4221 habebitis
3365 4158 3396 4218 ‚²

1834 4244 1910 4304 Et
1934 4245 2021 4305 sic
2044 4252 2136 4305 est
2160 4246 2550 4325 accipiendus
2585 4248 2654 4308 D.
2688 4248 2956 4309 Thomas
2997 4251 3058 4310 2.
3090 4252 3153 4325 2,
3179 4256 3394 4329 quoest.

1835 4340 1936 4413 27,
1970 4343 2086 4398 art.
2124 4340 2185 4412 7,
2211 4339 2287 4399 ad
2323 4340 2614 4417 primum.
2660 4340 2724 4402 Si
2762 4358 2909 4402 vero
2937 4342 3094 4403 ratio
3123 4342 3401 4403 humana

1832 4448 1958 4491 non
1992 4431 2071 4490 sit
2115 4432 2433 4510 proprium
2463 4433 2768 4494 motivum
2813 4435 2952 4495 talis
2979 4436 3234 4507 amoriS,
3291 4434 3399 4495 sed

1835 4524 2150 4603 dispositio
2182 4524 2550 4601 deserviens,
2586 4532 2659 4588 ut
2681 4526 2868 4587 homo
2898 4546 3006 4607 per
3035 4527 3399 4589 charitatem

1836 4616 2138 4676 intensius
2160 4622 2470 4695 operetur,
2509 4636 2636 4679 non
2665 4620 2894 4680 minuit
2922 4620 2996 4680 de
3025 4619 3301 4681 bonitate
3332 4626 3395 4681 et

1834 4710 2076 4786 merito,
2103 4711 2206 4771 sed
2229 4711 2433 4790 potius
2462 4719 2656 4791 potest
2686 4732 2813 4774 esse
2835 4715 3070 4775 occasio
3099 4732 3399 4792 augmen-

1830 4805 1903 4879 ti,
1937 4810 2005 4863 ut
2050 4821 2161 4884 per
2188 4822 2252 4865 se
2293 4812 2550 4866 constat.
2608 4808 2692 4868 De
2733 4807 3189 4889 comparatione
3235 4808 3400 4867 inter

1832 4903 2004 4957 actus
2019 4898 2244 4958 amoris
2271 4900 2387 4959 viae
2408 4905 2468 4959 et
2491 4900 2706 4979 patrias
2727 4901 2964 4962 dicetur
2985 4900 3398 4981 disputatione

1832 4991 2132 5069 sequenti.
