3900 6217
665 367 836 423 sssc'r.
873 371 911 422 1.
947 366 1094 431 QUID
1128 368 1225 420 Sl'l'
1259 365 1552 430 HAERESIS,
1589 365 1952 419 PRAEsssnTffl
1986 364 2194 429 QUOAD
2226 364 2495 431 Noutms,
2532 364 2667 421 Em.

147 484 222 547 sed
267 478 333 541 ad
373 491 494 536 rem
539 488 646 551 per
696 488 912 533 vocem
966 466 1380 549 significatam
1408 513 1428 545 ,
1486 485 1633 529 vera

149 566 455 655 etymologia
497 572 580 625 est
607 609 632 639 ,
680 580 896 625 vocem
953 560 1238 625 haeresim
1289 563 1632 624 derivatam

147 686 241 729 esse
275 682 308 723 a
338 658 510 722 verbo
560 674 762 736 graeco
789 670 1034 731 αιροῦμαι,
1071 657 1236 735 quod
1283 655 1510 737 eligere
1555 654 1634 715 si·

153 754 371 839 gnificat,
413 750 547 831 quia
573 746 867 827 infidelis,
913 747 1160 829 proprio
1199 749 1454 811 arbitrio
1488 748 1628 808 doc-

144 852 320 913 trinam
367 842 636 923 eligendo
693 842 988 904 doctrinae
1047 841 1330 904 Ecclesiae
1389 846 1629 901 contra-

147 946 280 1017 riam,
309 943 366 1003 in
391 938 659 1000 haeresim
689 936 940 998 labitur.
974 938 1065 998 Ita
1093 935 1282 998 tradit
1305 933 1631 997 Tertullia-

143 1056 243 1109 nus,
271 1034 362 1094 lib.
392 1030 464 1092 de
507 1030 822 1109 Praescrip.
858 1030 1070 1093 haeret.
1097 1075 1118 1107 ,
1147 1048 1201 1091 c.
1238 1029 1278 1090 6
1301 1037 1363 1090 et
1408 1030 1526 1104 373
1569 1033 1634 1090 et

143 1130 488 1204 Hieronymus
527 1122 602 1184 ad
644 1123 854 1185 Titum
907 1122 968 1197 3,
1003 1128 1064 1183 et
1109 1122 1186 1185 ad
1222 1121 1421 1184 Galat.
1477 1124 1536 1195 5,
1571 1127 1632 1183 et

142 1220 348 1283 habetur
371 1217 430 1277 iu
460 1234 594 1295 cap.
628 1215 934 1293 Hoereeis,
970 1218 1072 1292 24,
1105 1223 1319 1297 quaest.
1349 1217 1386 1279 3
1417 1237 1437 1292 3
1465 1215 1633 1278 idem

143 1320 329 1375 secutus
367 1316 454 1372 est
493 1310 704 1371 Isidor.
724 1356 747 1388 ,
792 1308 902 1371 lib.
956 1311 997 1372 8
1047 1308 1580 1389 Etymologiarum
1608 1354 1628 1384 ,

143 1426 236 1486 cap.
266 1406 330 1479 33
359 1410 416 1465 et
445 1402 757 1478 Rabanus,
792 1405 860 1463 in
887 1402 996 1465 lib.
1030 1405 1106 1465 de
1135 1403 1402 1464 Institut.
1445 1400 1628 1464 cleri-

145 1516 326 1573 corum,
355 1496 458 1556 lib.
490 1497 552 1571 2,
588 1513 643 1557 c.
676 1496 785 1571 583
829 1501 892 1557 et
939 1496 1009 1557 D.
1051 1496 1319 1557 Thomas
1347 1496 1407 1555 2.
1439 1496 1518 1570 2,
1567 1512 1628 1573 q.

151 1596 216 1667 ll,
249 1597 346 1651 art.
390 1591 442 1650 1.
483 1588 561 1650 Et
605 1594 925 1651 tantorum
977 1588 1255 1651 virorum
1306 1588 1639 1649 auctoritas

149 1684 310 1745 sufficit
344 1682 414 1743 ad
453 1680 570 1742 hoc
615 1680 1136 1757 confirmandum,
1180 1682 1330 1761 quia
1374 1686 1464 1742 est
1513 1680 1640 1742 dis-

151 1778 326 1859 putatio
363 1782 605 1837 tantum
653 1774 730 1837 de
783 1792 973 1854 voce3
1019 1782 1426 1857 praeterquam
1473 1775 1638 1854 quod

149 1870 452 1951 etymologia
489 1866 628 1929 haec
674 1869 1013 1931 maximam
1067 1868 1257 1931 habet
1297 1870 1638 1948 proportio-

145 1980 251 2024 nem
288 1970 400 2023 tam
446 1980 590 2025 cum
641 1980 792 2024 voce
837 1964 993 2043 ipsa,
1037 1980 1226 2043 quam
1256 1979 1400 2023 cum
1447 1980 1515 2023 re
1559 1961 1639 2023 si-

148 2056 389 2134 gnificata.
425 2055 603 2117 Unde
646 2056 960 2135 colligitur
1009 2072 1088 2117 ex
1137 2060 1348 2116 mente
1394 2073 1638 2117 eornm-

146 2150 248 2209 dem
279 2148 509 2209 Patrum
529 2166 751 2211 vocem
782 2147 1030 2211 hoeresis
1057 2165 1454 2211 communem
1483 2164 1638 2225 esse,

147 2252 238 2303 tam
279 2241 667 2323 philosophiae
692 2288 714 2319 ,
752 2261 944 2323 quam
1003 2260 1188 2305 sacrae
1234 2242 1550 2319 doctrinae,
1581 2247 1645 2303 et

149 2354 272 2416 posse
297 2342 408 2395 tam
433 2336 499 2397 in
532 2335 768 2397 bonam
810 2354 1000 2416 quam
1036 2337 1102 2397 iu
1131 2335 1362 2397 malam
1403 2340 1643 2414 partem

157 2430 310 2508 accipi,
334 2430 392 2489 id
431 2440 522 2490 est
550 2437 689 2490 tam
733 2448 846 2511 pro
890 2428 1190 2491 electione
1235 2446 1397 2491 verae
1452 2446 1641 2509 quam

156 2520 270 2583 falsae
285 2522 580 2583 doctrinae.
623 2523 797 2583 Unde
825 2523 990 2583 inter
1031 2522 1450 2602 Philosophoe,
1481 2528 1645 2583 secta

155 2614 356 2676 Platonis
387 2616 477 2677 vel
510 2615 861 2677 Aristotelis
895 2615 1144 2677 haeresis
1172 2616 1380 2676 vocari
1419 2616 1640 2695 potuit,

155 2712 196 2767 et
219 2710 374 2769 Actor.
404 2712 440 2771 5
472 2713 768 2770 -vocatam
809 2708 1073 2786 legimus
1099 2707 1383 2770 haeresim
1423 2707 1646 2768 doctri-

154 2819 258 2860 nam
291 2802 753 2879 Pharisaeorum,
783 2820 926 2862 cum
968 2807 1177 2863 tamen
1227 2800 1293 2861 in
1352 2800 1474 2861 fide
1519 2818 1646 2861 non

161 2902 362 2956 errarent
400 2905 540 2958 ante
584 2896 818 2959 Christi
868 2895 1228 2969 adveutum,
1261 2900 1330 2953 ut
1379 2894 1647 2955 sumitur

164 3006 218 3045 ex
239 2988 335 3049 eod.
359 2988 460 3051 lib.
501 2990 744 3066 Actor„
776 3008 910 3069 cap.
959 2991 1038 3050 25
1067 2994 1129 3049 et
1175 2990 1277 3062 26,
1309 2987 1417 3048 ubi
1457 2989 1643 3049 etiam

159 3082 323 3142 Paulus
357 3082 684 3163 profitetur
719 3102 782 3145 se
821 3082 1009 3145 luisse
1044 3082 1419 3145 Phanisaeum
1445 3127 1465 3157 ,
1511 3089 1647 3143 tan-

153 3192 290 3252 quam
319 3195 560 3255 sequens
618 3192 830 3238 veram
886 3177 963 3238 de
1006 3176 1452 3237 resurrectione
1507 3176 1647 3236 doc-

153 3270 346 3346 trinam,
371 3270 431 3331 in
463 3290 590 3351 qua
657 3270 944 3331 Pharisaei
982 3289 1020 3331 a
1068 3270 1375 3331 Saducaeis
1424 3268 1646 3331 discre-

153 3360 341 3438 pabant.

205 3458 252 3515 2.
289 3460 383 3520 Ea:
421 3477 534 3522 usu
577 3459 884 3523 Ecclesioe
901 3476 1020 3541 pro
1049 3458 1324 3521 electione
1359 3459 1674 3522 doctrinae·

155 3549 280 3611 mala·
303 3552 362 3613 iu
379 3555 650 3616 materia
675 3570 856 3615 sacra
884 3553 1204 3635 accipitur.
1227 3584 1310 3599 -
1330 3554 1377 3613 N
1385 3551 1650 3613 ihilomi-

157 3660 236 3702 nus
268 3652 454 3707 tamen
522 3665 680 3708 usus
741 3645 1026 3709 Ecclesiae
1077 3648 1208 3727 jam
1260 3645 1530 3708 obtinuit
1578 3655 1650 3709 ut

155 3732 244 3797 hec
265 3756 368 3801 vox
394 3741 478 3801 sic
519 3739 834 3819 explicata
855 3740 936 3801 ad
965 3740 1327 3802 electionem
1351 3738 1646 3803 doctrinae

153 3832 200 3891 in
231 3836 452 3895 materia
475 3854 658 3899 sacra
685 3842 746 3897 et
773 3835 941 3914 fidei,
973 3843 1036 3898 et
1063 3837 1220 3897 utin
1255 3834 1486 3897 malam
1508 3854 1649 3915 par·

153 3929 238 3985 tem
270 3929 585 4009 accipiatur
638 3948 748 4010 pro
806 3930 1106 3993 electione
1135 3929 1392 4010 privata}
1428 3927 1646 3989 doctri-

155 4034 237 4091 nae,
261 4030 448 4083 contra
477 4024 851 4085 catholicam
893 4030 956 4084 et
1000 4022 1079 4085 ab
1121 4022 1391 4084 Ecclesia
1443 4038 1651 4101 recep·

161 4118 260 4174 tam.
288 4116 455 4197 Cujus
497 4118 969 4181 consuetudinis
1010 4120 1308 4200 optimam
1345 4118 1652 4180 rationem

157 4206 301 4268 reddit
333 4211 534 4273 Isidor.
557 4257 577 4287 ,
612 4230 694 4272 ex
757 4210 892 4273 aliis
955 4211 1410 4295 antiquioribus
1457 4212 1652 4273 Patri-

157 4296 234 4359 bus
255 4346 270 4375 ,
305 4304 437 4381 quia
475 4304 546 4365 in
587 4305 872 4366 doctrina
911 4322 1084 4366 sacra
1132 4304 1293 4366 nihil
1347 4304 1525 4365 nohis
1575 4324 1653 4365 ex

155 4400 308 4453 nostro
339 4396 587 4458 arbitrio
630 4398 921 4459 inducere
960 4398 1126 4475 licet,
1157 4397 1264 4460 sed
1301 4416 1504 4478 neque
1545 4397 1653 4459 eli·

155 4500 259 4559 gere
283 4488 429 4569 quod
471 4491 701 4572 aliquis
731 4491 808 4553 de
838 4489 1096 4553 arbitrio
1129 4508 1240 4552 suo
1283 4490 1599 4553 induxerit
1631 4508 1648 4554 :

157 4576 406 4657 Apostolos
441 4586 600 4647 enim
649 4584 906 4657 Christi,
939 4586 1168 4665 inquit,
1207 4586 1485 4649 habemus
1513 4603 1652 4649 aue-

159 4676 287 4745 tores,
329 4674 440 4757 qni
459 4696 650 4759 neque
687 4678 814 4759 ipsi
856 4678 1170 4761 quicquam
1227 4696 1300 4743 ex
1340 4696 1446 4742 suo
1487 4682 1654 4743 arbi-

161 4767 258 4839 trio,
283 4774 422 4850 quod
443 4774 815 4849 inducerent,
838 4774 1165 4853 elegerunt,
1204 4773 1309 4836 sed
1349 4780 1654 4853 acceptam

156 4874 182 4918 a
224 4860 430 4929 Christo
473 4866 813 4929 doctrinam
849 4866 1110 4946 fideliter
1166 4868 1335 4931 nobie
1390 4868 1653 4931 tradide-

155 4963 281 5017 runt.
319 4958 480 5019 Sicut
507 4977 661 5039 ergo
708 4960 958 5039 propria
993 4960 1280 5022 voluntas
1317 4962 1386 5022 in
1421 4961 1649 5022 malam

155 5052 342 5120 partem
385 5053 572 5133 accipi
611 5052 790 5129 solet,
821 5071 934 5133 pro
963 5071 1037 5115 ea
1069 5071 1208 5133 quae
1257 5054 1506 5134 culpam
1560 5055 1656 5114 iu-

155 5138 325 5217 volvit,
347 5148 490 5224 quia
515 5146 654 5207 haec
683 5144 814 5207 sola
840 5146 1158 5208 voluntate
1177 5144 1268 5221 fit,
1303 5154 1364 5206 ot
1391 5146 1657 5227 propriis

157 5230 254 5307 ejns
269 5236 481 5301 viribus
501 5284 524 5317 ,
555 5241 649 5299 ita
669 5238 915 5300 haeresis
942 5240 1011 5300 in
1037 5237 1266 5301 malam
1291 5245 1530 5319 partem
1557 5257 1654 5300 ac-

159 5328 336 5403 cipitur
360 5350 466 5410 pro
513 5332 813 5395 electione
846 5332 1018 5393 illius
1045 5332 1361 5412 doctrinae,
1393 5350 1531 5413 quae
1579 5333 1659 5393 ab

158 5414 462 5487 inventione
511 5426 788 5489 humana
817 5432 1034 5489 contra
1081 5426 1428 5489 doctrinam
1472 5427 1660 5487 tradi-

161 5520 254 5576 tam
293 5520 526 5584 inducta
563 5528 658 5585 est
679 5572 692 5599 ,
743 5523 1048 5604 habetque
1100 5542 1248 5585 usus
1303 5523 1406 5585 hic
1438 5522 1659 5585 funda-

1711 472 1996 528 mentum
2026 468 2092 527 in
2120 468 2435 547 Scriptura
2451 483 2473 547 3
2503 485 2651 529 nam
2676 468 2756 529 ad
2782 466 2978 531 Galat.
3010 470 3073 546 5,
3110 468 3275 531 inter

1712 560 1866 621 vitia
1904 559 2283 621 damnabilia
2312 562 2566 641 ponitur
2604 567 2791 638 secta,
2826 564 2893 623 et
2928 580 3125 641 graece
3160 560 3274 623 ha-

1712 652 1894 713 betur
1935 654 2188 717 Itoeresis
2211 678 2238 727 ,·
2274 660 2337 716 et
2382 654 2463 715 ad
2503 656 2714 717 Titum
2767 658 2829 731 3,
2856 655 3003 717 dicit
3048 655 3274 717 Paulus

1713 746 2073 809 haereticum
2102 766 2230 809 esse
2272 766 2309 809 a
2339 766 2402 809 se
2428 749 2561 830 ipso
2590 748 2988 826 damnatum3
3020 749 3274 811 denota·

1710 845 1815 901 tur
1853 846 2065 902 autem
2092 840 2418 903 haereticus
2464 842 2543 903 ab
2584 841 2833 918 haeresi,
2865 848 2935 903 ut
2974 843 3141 903 infra
3181 844 3273 903 di-

1711 936 1892 1007 cam',
1936 940 2000 995 et
2058 933 2287 996 dicitur
2352 954 2481 997 esse
2538 935 2865 997 damnatus
2916 953 2954 996 a
3002 952 3067 997 se
3115 938 3272 1015 ipSO,

1712 1028 1860 1107 quia
1913 1026 2211 1089 electione
2255 1027 2489 1109 proprii
2532 1028 2748 1108 judicii
2800 1030 3273 1104 condemnatur,

1713 1126 1782 1181 ut
1817 1123 1846 1182 1
1883 1120 1962 1180 ad
1990 1120 2220 1182 Cor-int.
2264 1125 2330 1182 11
2366 1142 2381 1181 ε
2415 1120 2674 1187 Necesse
2700 1127 2793 1186 eet
2819 1168 2832 1195 ,
2880 1122 3087 1203 inquit
3121 1122 3273 1183 Pau·

1710 1212 1826 1288 lus,
1857 1212 2111 1278 haereses
2139 1232 2287 1289 esce,
2316 1219 2386 1277 ut
2430 1215 2535 1295 qui
2578 1215 2820 1295 probati
2862 1220 3031 1289 sunt,
3078 1215 3278 1279 mani-

1713 1307 1864 1382 festi
1912 1308 2105 1387 fiant,·
2136 1314 2229 1369 est
2256 1325 2405 1387 ergo
2434 1308 2680 1371 haeresis
2719 1307 3172 1389 reprobationis
3199 1310 3279 1369 si-

1713 1416 1909 1477 guum
1948 1420 1969 1475 3
2023 1416 2168 1479 ergo
2234 1401 2302 1463 in
2361 1401 2592 1463 malam
2652 1408 2888 1481 partem
2954 1403 3274 1482 accipitur,

1713 1492 1878 1571 quod
1923 1511 2002 1554 ex
2048 1494 2186 1555 aliis
2214 1495 2404 1557 etiam
2432 1494 2582 1557 locis
2630 1494 2945 1572 Actorum,
2975 1514 3113 1575 quoe
3160 1502 3278 1557 sta-

1717 1585 1831 1643 tim
1863 1584 2243 1663 notabimus,
2271 1588 2463 1668 accipi
2493 1592 2713 1667 potest.

1802 1679 1860 1738 3.
1908 1676 2091 1743 Fides
2139 1681 2437 1743 catholica
2478 1679 2712 1743 nomine
2750 1681 2997 1745 hcm-esis
3040 1679 3281 1764 siff-nifi-

1721 1771 1852 1836 cari
1891 1774 2117 1855 nequit.
2135 1775 2433 1854 —Atque
2462 1773 2608 1836 hinc
2634 1775 3040 1839 certissimum
3075 1784 3163 1838 est
3192 1776 3280 1859 (ut

1719 1884 1756 1926 a
1781 1867 2140 1929 Doctoribus
2167 1867 2447 1947 allegatis
2481 1868 2757 1947 notatur)
2800 1868 3165 1931 catholicam
3208 1870 3281 1933 fi-

1718 1960 1858 2023 dem
1913 1979 2045 2022 non
2102 1978 2279 2041 posse
2325 1962 2579 2024 nomine
2625 1961 2873 2025 haeresis
2918 1963 3277 2043 significari,

1721 2054 1965 2116 etiamsi
1992 2054 2059 2115 in
2084 2054 2389 2135 principio
2424 2055 2877 2135 praedicationis
2910 2055 3281 2136 evangelicae

1721 2164 1760 2207 a
1789 2147 2089 2226 perversis
2117 2147 2499 2222 homiuibus,
2540 2154 2609 2209 ut
2636 2148 2839 2228 inquit
2864 2148 3283 2229 Hieronymus

1722 2239 1800 2300 ad
1828 2240 2029 2303 Galat.
2054 2242 2115 2317 5,
2148 2240 2214 2301 id
2242 2247 2355 2315 est,
2402 2259 2439 2301 a
2475 2240 2706 2301 Judaeis
2744 2241 2831 2301 ita
2857 2240 3043 2303 fuerit
3070 2242 3284 2323 appel-

1721 2332 1869 2394 lata.
1919 2332 2095 2396 Unde
2130 2332 2376 2410 Paulus,
2408 2333 2701 2396 Actorum
2759 2335 2862 2408 24,
2902 2335 2988 2395 sic
3028 2333 3279 2415 inquit:

1723 2426 2072 2492 Secundum
2113 2426 2554 2509 sectam‘quam
2601 2428 2810 2491 dieunt
2846 2428 3147 2501 luere-sim,
3195 2426 3283 2491 sic

1722 2522 1986 2586 deservio
2018 2522 2205 2585 Patri
2228 2527 2283 2584 et
2300 2522 2421 2585 Deo
2448 2540 2572 2585 meo
2586 2545 2613 2593 ;
2641 2521 2749 2583 ubi
2784 2540 2909 2583 non
2938 2522 3071 2583 sine
3102 2540 3285 2583 causa

1725 2618 2094 2698 interposuit
2142 2616 2314 2679 illam
2362 2617 2763 2697 particulam,
2819 2635 2999 2698 quam
3052 2617 3281 2693 dicunt,

1728 2714 1834 2775 sed
1877 2719 1948 2774 ut
1988 2712 2310 2773 denotaret
2340 2731 2467 2773 non
2512 2730 2643 2773 esse
2697 2711 2785 2772 ita
2824 2710 3282 2791 appellandam,

1727 2806 2010 2886 quamvis
2034 2824 2071 2865 a
2092 2806 2127 2866 J
2134 2805 2325 2867 udaeis
2357 2805 2445 2865 ita
2470 2810 2971 2883 nuncuparetur3
3004 2810 3138 2867 etc.
3178 2807 3281 2881 28,

1727 2898 1837 2959 ubi
1877 2898 1943 2959 in
1990 2897 2261 2976 Vulgata
2300 2897 2565 2977 legimus
2604 2900 2672 2961 de
2706 2903 2871 2961 secta
2896 2898 3045 2973 hac,
3091 2916 3286 2977 graece

1727 2990 1993 3053 habetur
2020 2993 2088 3055 de
2126 2992 2343 3055 heresi
2376 2993 2487 3055 kae
2505 3015 2533 3062 ,·
2558 2996 2702 3053 sunt
2730 2992 2939 3053 autem
2963 2990 3069 3051 illa
3098 2992 3289 3053 verba

1725 3087 2109 3164 Judoeorum,
2148 3087 2257 3165 qui
2285 3084 2444 3148 nihil
2483 3086 2768 3147 divinum
2811 3085 2879 3147 in
2912 3082 3034 3147 fide
3066 3084 3289 3147 Christi

1727 3179 2083 3252 credebant,
2114 3180 2221 3240 sed
2266 3179 2613 3240 humanum
2652 3178 2981 3239 inventum
3024 3198 3154 3240 esse
3182 3198 3289 3241 co·-

1728 3272 2033 3353 gitabant,
2070 3280 2132 3334 et
2161 3271 2299 3333 ideo
2326 3271 2610 3335 haeresim
2645 3270 2819 3334 illam
2855 3270 3285 3352 appellabant3

1727 3366 1902 3426 nullo
1946 3373 2159 3427 tamen
2205 3366 2387 3427 modo
2416 3366 2504 3427 ita
2541 3366 2747 3427 vocari
2772 3372 2974 3446 potest
2989 3382 3011 3444 3
3042 3372 3105 3428 et
3130 3367 3289 3428 ratio

1729 3467 1842 3535 est,
1869 3460 2019 3539 quia
2046 3461 2191 3521 licet
2218 3460 2565 3522 Christiana
2586 3458 2739 3521 fides
2756 3466 3061 3538 quantum
3084 3460 3163 3523 ad
3191 3478 3291 3521 as·-

1727 3570 1980 3615 seusum
2008 3573 2047 3615 a
2076 3553 2392 3615 voluntate
2435 3552 2633 3615 libera
2668 3552 2957 3632 pendeat,
2988 3570 3061 3613 ac
3081 3554 3291 3633 proin-

1729 3647 1806 3709 de
1843 3648 1977 3709 sine
2024 3648 2320 3709 electione
2372 3646 2677 3708 credentis
2714 3663 2841 3707 non
2884 3646 3014 3721 fiat,
3063 3646 3289 3708 nihilo·

1727 3742 1936 3802 minus
1964 3745 2097 3821 ipsa
2120 3741 2402 3802 doctrina
2428 3739 2576 3802 fidei
2602 3757 2727 3800 non
2761 3746 2854 3799 est
2882 3757 2959 3800 ex
2990 3739 3291 3801 adinven-

1727 3836 1896 3897 tione
1925 3833 2023 3896 vel
2048 3833 2345 3896 electione
2371 3834 2670 3911 humana,
2710 3832 2819 3894 sed
2847 3849 2924 3894 ex
2952 3832 3165 3895 divina
3194 3852 3291 3895 re·

1732 3928 2059 4005 velatione,
2086 3935 2147 3991 et
2178 3929 2457 3989 voluntas
2481 3929 2637 4008 ipsa,
2662 3944 2786 4007 qua
2815 3926 2954 3988 talis
2984 3926 3137 3987 fides
3171 3926 3289 3988 eli-

1731 4022 1922 4102 gitur,
1954 4042 2084 4085 non
2119 4032 2211 4083 est
2233 4022 2655 4103 principaliter
2680 4038 2756 4082 ex
2788 4020 3043 4082 arbitrio
3069 4018 3291 4081 huma·

1729 4134 1836 4194 nc,
1881 4117 1991 4179 sed
2022 4133 2093 4178 ex
2126 4116 2329 4195 gratia
2357 4116 2593 4192 divina,
2638 4120 2703 4177 et
2741 4115 2881 4176 ideo
2906 4112 3159 4175 haeresis
3185 4132 3291 4174 vo-

1731 4209 1859 4271 cari
1885 4229 2014 4271 non
2042 4214 2239 4290 potest
2252 4226 2273 4287 3
2300 4228 2447 4269 nam
2477 4208 2609 4271 haec
2636 4226 2755 4269 vox
2779 4208 3144 4270 electionem
3173 4205 3291 4268 hu·

1732 4322 1988 4365 manam-
2019 4322 2211 4380 mere,
2242 4310 2305 4365 et
2346 4303 2646 4364 doctrinae
2676 4301 2755 4362 ab
2790 4300 3147 4363 hominihus
3189 4301 3293 4361 in-

1731 4404 1932 4459 ventae
1968 4395 2293 4477 significat.
2333 4397 2503 4457 Unde
2540 4394 3030 4475 Theopliylactus
3048 4438 3067 4469 ,
3113 4394 3181 4454 in
3226 4393 3293 4455 id

1733 4490 1959 4552 Coloss.
2006 4492 2083 4550 2:
2123 4489 2465 4554 Secundum
2517 4487 2900 4552 traditionem
2946 4487 3249 4549 hominum
3270 4513 3292 4547 .-

1731 4584 2039 4660 Haereses,
2075 4584 2301 4663 inquit,
2329 4586 2645 4665 propterea
2671 4579 2978 4653 dicontur,
3014 4578 3159 4663 quia
3186 4581 3294 4643 Ιιτι-

1731 4694 1927 4739 manoe
1975 4681 2118 4739 sunt
2171 4678 2515 4757 opiniones,-
2562 4672 3041 4738 Christianorum
3098 4678 3295 4737 aulem

1733 4771 1946 4854 doymo
1987 4788 2108 4831 non
2148 4773 2236 4832 est
2272 4770 2408 4831 hum
2417 4787 2621 4843 anum,
2657 4773 2715 4832 et
2753 4774 3073 4849 propterea
3114 4787 3297 4853 neque

1733 4864 1857 4927 tale
1907 4881 2118 4926 nomen
2176 4862 2550 4947 consequitur
2576 4889 2604 4935 ,·
2646 4867 2707 4923 et
2755 4861 3073 4940 OrigeneS,
3130 4862 3298 4943 apud

1735 4955 2173 5037 Pamphylum,
2204 4957 2270 5018 iu
2293 4956 2551 5037 Apolog.
2569 4974 2683 5036 pro
2721 4952 3012 5034 Origene,
3044 4974 3118 5017 ex
3145 4954 3297 5015 locis

1735 5051 1815 5111 ad
1841 5050 2041 5113 Galat.
2049 5096 2070 5127 ,
2100 5051 2353 5127 scilicet,
2384 5057 2447 5113 et
2472 5052 2551 5111 ad
2572 5052 2694 5111 Tit.
2722 5052 2782 5123 3,
2823 5050 3045 5123 citatis,
3064 5048 3298 5127 colligit

1737 5150 2023 5224 oportere
2048 5163 2181 5220 nos,
2208 5145 2368 5206 sicut
2391 5151 2610 5207 caetera
2643 5140 2831 5218 mala,
2860 5142 2951 5203 ita
2973 5143 3159 5205 etiam
3183 5160 3297 5204 no·

1739 5255 1887 5298 men
1914 5237 2168 5299 haeresis
2187 5238 2440 5299 omniuo
2467 5238 2766 5298 devitare.

1819 5333 1880 5393 4.
1925 5330 2112 5394 Fides
2141 5330 2477 5395 christiana
2513 5350 2617 5395 nec
2644 5334 2809 5396 secta
2859 5331 3160 5415 appellari
3194 5349 3302 5413 po-

1741 5430 1877 5491 test.
1906 5458 1989 5474 —
2008 5425 2126 5487 Sed
2166 5431 2399 5505 quaeret
2428 5424 2651 5505 aliquis
2679 5425 2878 5487 obiter
2906 5426 3054 5505 quid
3091 5426 3301 5487 dicen·

1740 5519 1892 5581 dum
1920 5520 2001 5581 sit
2029 5520 2105 5582 de
2134 5520 2387 5581 nomine
2409 5525 2587 5581 sectae
2602 5536 2624 5599 3
2655 5520 2849 5598 aliqui
2876 5520 3045 5581 euim
3078 5526 3301 5599 putant
