3900 6217
569 420 691 481 262
721 419 730 431 '

569 525 928 587 immediate
968 524 1349 587 ordinaverit
1391 524 1727 605 episcopos,
1757 522 1859 585 vel
1897 524 2139 603 aliquos

569 624 838 693 tantum,
865 637 1012 679 nam
1042 617 1102 679 id
1131 616 1247 678 sub
1271 618 1565 698 opinione
1589 624 1705 694 est,
1733 636 1922 697 quam
1948 618 2136 691 infra,

567 712 724 791 disp.
761 715 861 787 10,
885 718 1038 772 sect.
1069 714 1129 788 1,
1160 727 1339 772 num.
1373 712 1434 785 5,
1463 709 1734 771 breviter
1762 711 2139 791 perstringe-

569 820 747 882 mus3
780 806 894 885 ipsi
925 822 1072 867 vero
1100 804 1370 884 Apostoli
1399 804 1607 885 plures
1631 803 1785 864 alios
1809 804 2138 884 Episcopos

568 904 883 973 crearunt,
923 898 1034 977 qui
1065 916 1310 977 semper
1338 897 1596 959 fuerunt
1637 902 1933 977 tanquam
1964 894 2139 957 Prin·

569 990 734 1070 cipes
762 989 1046 1053 Ecclesiae
1095 996 1159 1050 et
1201 990 1464 1052 aliorum
1511 988 1788 1051 fidelium
1836 992 2133 1069 pastores,

569 1082 839 1165 ipsisque
869 1084 1053 1143 datur
1089 1088 1354 1162 potestas
1381 1082 1710 1144 ordinandi
1744 1080 2139 1161 Presbyteros

566 1184 630 1239 et
683 1177 941 1256 regendi
990 1177 1348 1252 Ecclesiam,
1395 1195 1535 1257 quae
1585 1176 1798 1237 omnia
1839 1174 2140 1237 indicavit

566 1269 794 1332 Paulus
817 1271 894 1330 ad
934 1270 1058 1331 Tit.
1093 1273 1120 1330 1
1161 1291 1174 1330 :
1215 1270 1430 1349 Huius
1463 1272 1674 1351 qratia
1705 1270 1952 1350 (inquit)
1994 1270 2139 1333 reli-

565 1366 673 1445 qui
715 1366 772 1427 te
825 1361 1040 1438 Cretoe,
1071 1368 1214 1440 etc„
1243 1369 1312 1425 ιιι
1352 1366 1688 1427 constituas
1715 1382 1825 1443 per
1864 1362 2138 1427 civitates

565 1456 982 1536 Presbyteros.
1015 1455 1188 1518 Unde
1213 1456 1402 1517 etiam
1430 1457 1834 1518 confirmatur
1855 1455 2017 1517 hanc
2038 1458 2137 1536 ju-

572 1549 998 1611 risdictionem
1047 1554 1112 1611 et
1157 1548 1412 1611 modum
1463 1549 1785 1629 regiminis
1817 1568 1856 1610 a
1898 1548 2138 1611 Christo

567 1660 696 1703 esse
729 1644 1110 1718 institutum,
1155 1642 1304 1723 quia
1347 1643 1566 1705 stabile
1606 1644 1672 1704 in
1705 1641 1972 1705 Ecclesia
2002 1660 2139 1722 per·

566 1735 831 1811 mausit3
873 1736 925 1796 si
967 1742 1178 1797 autem
1213 1754 1292 1797 ex
1331 1736 1664 1797 hominum
1696 1724 1858 1798 esset
1892 1736 2141 1797 institu-

566 1828 762 1905 tione,
808 1828 1058 1890 facilius
1107 1835 1480 1905 mutaretur,
1532 1836 1605 1891 ut
1650 1829 1717 1891 in
1767 1828 1951 1891 rebus
2000 1828 2137 1889 aliis

565 1926 793 2003 passim
816 1922 1120 1985 videmus,
1152 1923 1329 1984 Ratio
1360 1938 1503 1985 vero
1527 1928 1642 1998 est,
1673 1924 1820 2003 quia
1841 1929 1973 1983 tota
2000 1924 2137 1984 haec

569 2016 882 2078 distinctio
911 2018 1114 2078 oritur
1139 2036 1215 2079 ex
1237 2017 1479 2079 diversa
1501 2020 1800 2097 potestate
1822 2018 2056 2078 ordinis
2075 2024 2138 2078 et

563 2110 1008 2191 jurisdictionis
1045 2129 1183 2189 quae
1229 2129 1340 2190 per
1380 2128 1444 2171 se
1489 2114 1854 2190 potestatem
1902 2110 2137 2171 ordinis

569 2203 883 2283 supponit,
917 2209 978 2265 et
1019 2204 1144 2264 illis
1174 2209 1420 2265 tantum
1451 2204 1746 2283 competit
1771 2202 1998 2283 quibus
2036 2203 2135 2264 vel

570 2296 701 2375 ipse
750 2297 1026 2360 Christus
1071 2314 1208 2359 eam
1259 2297 1618 2358 immediate
1665 2297 1988 2374 concessit,
2038 2296 2135 2357 vel

571 2408 787 2451 eorum
831 2389 1301 2466 successoribus,
1352 2389 1460 2470 qui
1501 2409 1538 2450 a
1584 2388 1823 2451 Christo
1865 2389 2135 2451 mediate

566 2482 741 2545 illam
792 2488 1181 2564 receperunt.
1221 2484 1368 2559 Quae
1405 2482 1620 2545 omnia
1641 2488 1658 2522 ¹
1693 2474 1920 2563 aperte
1947 2483 2136 2545 etiam

572 2576 947 2638 confirmant
973 2577 1134 2638 hanc
1157 2582 1522 2657 potestatem
1545 2594 1673 2638 non
1703 2594 1832 2637 esse
1854 2577 1921 2636 in
1960 2574 2139 2655 plebe

575 2676 688 2731 aut
715 2669 943 2750 populo
973 2669 1166 2747 fideli,
1195 2688 1399 2749 neque
1440 2688 1516 2731 ex
1561 2668 1938 2750 Reipublicae
1962 2670 2137 2729 insti-

569 2764 809 2824 tutione
837 2776 1142 2838 moeasse,
1180 2781 1295 2824 nec
1324 2764 1513 2825 etiam
1551 2762 1933 2843 principibus
1968 2780 2138 2823 secu·

570 2853 808 2917 laribus
849 2857 1203 2934 convenire,
1234 2857 1402 2936 quod
1434 2858 1500 2918 in
1541 2857 1824 2937 sequenti
1868 2856 2139 2917 sectione

569 2947 754 3010 latius
783 2950 1187 3026 confirmabO,
1211 2958 1274 3011 et
1292 2968 1451 3031 saepe
1471 2950 1535 3010 in
1553 2948 1948 3030 sequentibus
1972 2948 2138 3009 idem

570 3051 848 3105 occurret
859 3059 880 3122 3
905 3062 982 3106 ex
1013 3044 1282 3123 professo
1309 3050 1518 3106 tamen
1541 3042 2024 3104 demonstranda
2046 3048 2139 3102 est

570 3135 639 3197 in
682 3136 942 3198 materia
983 3138 1060 3199 de
1103 3138 1342 3200 ordine.
1383 3137 1538 3199 Vide
1572 3136 1853 3213 Hosium,
1885 3136 1954 3197 in
1996 3154 2137 3197 con-

569 3229 834 3292 fessione
881 3231 1093 3293 Polou.
1103 3277 1124 3308 ,
1165 3232 1350 3313 capit.
1383 3234 1463 3295 52
1495 3238 1559 3293 et
1595 3234 1698 3307 53,
1733 3241 1795 3292 et
1842 3235 1868 3291 1
1919 3236 2138 3291 contra

571 3320 783 3383 Brent.
809 3324 903 3385 Ex
922 3324 1252 3407 historiciS,
1279 3326 1420 3387 vide
1446 3324 1808 3399 Eusebium,
1833 3322 1944 3385 lib.
1974 3326 2045 3403 33
2074 3329 2138 3386 et

569 3414 897 3496 Nicephor.
919 3462 939 3493 ,
969 3417 1081 3480 lib.
1109 3422 1181 3497 23
1207 3420 1622 3495 Turrecrem.‚
1651 3418 1764 3479 lib.
1799 3420 1858 3491 3,
1898 3436 2012 3497 cap
2066 3420 2127 3480 4.

653 3513 714 3571 6.
758 3507 1035 3576 Assertio
1063 3514 1248 3577 tortia
1271 3530 1345 3576 σω
1386 3512 1704 3592 Dionysio.
1729 3546 1814 3561 —-
1834 3513 1983 3574 Dico
2008 3516 2133 3573 ter-

565 3604 658 3666 tio
686 3625 706 3666 =
752 3611 974 3685 praeter
1001 3606 1284 3667 ordinem
1312 3607 1710 3668 sacerdotum
1729 3652 1750 3682 ‚
1789 3606 1856 3667 in
1904 3606 2129 3666 Christi

568 3698 839 3759 Ecclesia
875 3704 970 3761 est
1003 3699 1213 3779 aliqua
1240 3699 1362 3761 alia
1387 3699 1698 3762 distinctio
1729 3699 2040 3779 graduum
2068 3705 2132 3760 et

569 3796 843 3853 statuum
874 3807 1114 3863 eorum,
1158 3792 1268 3872 qui
1312 3792 1392 3854 ad
1439 3799 1734 3855 aeternam
1767 3792 2131 3854 felicitatem

565 3883 854 3947 tendunt.
871 3886 1012 3946 Hoec
1025 3890 1118 3946 est
1133 3884 1410 3965 Dionysii
1426 3904 1613 3965 supra
1632 3885 1740 3946 ubi
1757 3891 1884 3946 tres
1903 3884 2131 3964 gradus

567 3976 892 4057 distinguit
921 3994 1138 4040 eorum
1165 3980 1274 4058 qui
1300 3978 1729 4059 perficiuntur,
1753 3978 2005 4052 scilicet,
2031 3996 2133 4039 ca·

568 4072 1108 4147 techumenorum‚
1139 4070 1216 4133 de
1238 4072 1465 4152 quihus
1484 4074 1619 4152 jam
1661 4071 1932 4134 diximus
1976 4078 2123 4133 sect.

565 4170 628 4243 1,
653 4184 693 4226 a
722 4183 900 4226 num.
931 4164 1491 4246 decimoseptimo,
1509 4164 1706 4246 plebis
1732 4164 2034 4239 fidelium,
2064 4170 2127 4225 et

563 4259 1004 4323 monachorum
1030 4274 1052 4336 3
1087 4265 1152 4320 et
1191 4258 1394 4339 quoad
1436 4257 1550 4319 hos
1576 4258 1808 4337 gradus
1841 4264 1933 4319 est
1960 4264 2126 4318 certa

564 4351 898 4428 conclusio,
931 4352 1230 4414 nimirum
1259 4351 1413 4414 duos
1441 4368 1572 4413 esse
1600 4350 1848 4413 ordines
1874 4368 2118 4426 eorum,

559 4445 670 4525 qui
697 4451 835 4525 post
879 4446 1256 4525 Baptismum
1285 4451 1622 4524 receptum,
1667 4442 1749 4505 ad
1793 4440 2121 4505 beatitudi-

561 4556 708 4600 nem
753 4535 1058 4599 tendunt:
1100 4554 1322 4613 unum,
1375 4556 1590 4598 eorum
1637 4536 1747 4616 qui
1801 4535 2121 4597 communi

557 4632 661 4693 via
709 4631 1148 4693 mandatorum
1193 4632 1521 4709 incedunt,
1571 4627 1837 4691 alterum
1899 4647 2119 4692 eorum

556 4722 662 4801 qui
723 4722 1150 4803 perfectiorem
1207 4724 1604 4787 consiliorum
1661 4722 2118 4785 observantiam

557 4816 946 4895 profitentur,
992 4824 1062 4878 ut
1110 4818 1256 4901 satis
1295 4822 1496 4899 patet,
1544 4823 1681 4877 tum
1730 4832 1810 4877 ex
1849 4815 1957 4877 illo
1983 4815 2119 4877 loco

553 4908 918 4987 Evangelii:
952 4910 1153 4975 Serva
1177 4912 1467 4976 mandata
1479 4935 1506 4983 ,·
1533 4917 1630 4973 et:
1669 4909 1752 4975 Si
1775 4908 1870 4974 vis
1891 4914 2123 4990 perseo-

551 5008 654 5065 tus
669 5020 817 5076 esse,
848 5006 1018 5081 vade,
1045 5011 1104 5069 et
1129 5006 1308 5069 vende
1331 5006 1552 5079 omnia,
1587 5020 1718 5085 μοι
1735 5004 1934 5077 habes,
1968 5008 2116 5078 etc„

548 5094 768 5157 Matth.
823 5099 932 5170 19;
983 5112 1121 5159 tum
1172 5116 1249 5159 ex
1300 5104 1604 5179 perpetuo
1661 5114 1778 5157 usu
1821 5101 1887 5157 et
1923 5095 2115 5157 tradi-

547 5187 716 5251 tione
745 5191 1052 5253 Ecclesiae.
1093 5192 1302 5255 Refert
1339 5192 1693 5272 Nicephor.,
1723 5189 1833 5251 lib.
1877 5191 1940 5259 2,
1972 5206 2106 5268 cap.

629 5396 646 5413 ·
692 5371 903 5435 Videri
940 5374 1130 5437 etiam
1159 5380 1419 5455 possunt
1459 5392 1598 5455 quoe
1627 5378 1848 5435 auctor
1873 5372 2111 5447 scribit,

547 5462 707 5546 disp.
741 5468 819 5529 16
845 5464 924 5528 de
968 5469 1217 5543 Poemt„
1247 5467 1504 5529 section.
1552 5470 1612 5543 1,
1655 5472 1718 5529 et
1742 5464 1972 5546 disput.
2004 5468 2109 5542 25,

537 5566 685 5621 sect.
719 5563 782 5639 1;
809 5568 872 5624 et
899 5560 1010 5624 lib.
1035 5566 1076 5626 4
1103 5562 1180 5624 de
1205 5562 1449 5643 Legib„
1478 5580 1515 5622 a
1545 5562 1741 5644 princ.

3242 334 3273 361 Ν

1763 420 1987 474 msrm·
2040 422 2122 473 lx.
2160 421 2241 473 DE.
2272 422 2586 477 Euctusm.

2222 526 2324 596 16,
2354 545 2432 588 ex
2460 526 2719 589 Philone
2742 528 2984 604 Judaeo,
3026 526 3182 589 libro
3209 526 3284 589 de
3318 528 3451 590 Vita
3478 531 3721 594 Contem-

2220 618 2476 699 plativa,
2506 620 2697 681 vitam
2726 621 3131 682 monasticam
3158 621 3223 681 in
3246 618 3505 701 AEgypto
3530 643 3564 684 a
3592 632 3721 687 tem-

2218 730 2366 791 pore
2412 714 2474 774 S.
2524 712 2715 775 Marci
2765 714 3091 793 incepisse,
3129 712 3205 773 de
3248 732 3367 793 quo
3401 716 3573 777 etiam
3611 718 3722 796 lege

2218 804 2598 881 Eusebium,
2653 806 2811 867 libro
2865 810 2933 881 3,
2988 824 3124 884 cap.
3174 807 3285 883 3⁷3
3328 808 3718 887 Epiphanium,

2216 896 2435 960 haeresi
2486 900 2565 961 58
2606 906 2669 960 et
2712 900 2810 961 50.
2838 897 3017 961 Ratio
3048 898 3311 979 denique
3352 901 3415 961 id
3459 904 3721 979 ostendit3

2218 992 2569 1053 ordinarius
2606 993 2772 1053 enim
2812 992 2953 1055 vitae
2994 992 3215 1053 modus
3254 999 3316 1053 et
3362 998 3725 1061 communitas

2218 1084 2501 1146 Ecclesiae
2552 1102 2947 1146 communem
2996 1085 3183 1146 etiam
3227 1087 3544 1167 quamdam
3588 1089 3725 1151 viam

2216 1178 2653 1239 mandatorum
2696 1176 2979 1258 requirit,
3022 1178 3314 1258 perfectio
3352 1198 3492 1241 vero
3534 1188 3591 1243 et
3624 1184 3726 1244 exi-

2218 1273 2345 1334 mia
2412 1272 2701 1333 sanctitas
2750 1270 3037 1332 Ecclesiae
3108 1270 3525 1351 perfectiorem
3572 1277 3726 1336 etiam

2219 1370 2449 1426 statum
2504 1363 2767 1427 consulit
2832 1370 2895 1425 et
2960 1364 3417 1444 complectitur⁸
3452 1411 3469 1440 ,
3514 1366 3583 1428 de
3628 1388 3727 1448 quo

2218 1457 2403 1537 plura
2442 1457 2507 1517 in
2540 1457 2801 1518 materia
2836 1456 3109 1538 propria,
3158 1476 3299 1538 quae
3345 1464 3433 1520 eat
3474 1457 3545 1519 de
3586 1462 3725 1521 stati·

2218 1549 2357 1611 hus·
2384 1549 2541 1613 Vide
2584 1550 2902 1611 waldene.
2909 1596 2929 1627 ,
2956 1554 2995 1612 2
3038 1551 3237 1613 Doctr.
3274 1550 3443 1613 Fidei
3470 1552 3723 1631 antiquae,

2218 1662 2355 1725 cap.
2389 1646 2485 1707 19..

2838 1838 3054 1891 sacrm
3088 1802 3168 1891 νἰ.
3230 1852 3239 1858 ⁷

2214 2006 2316 2071 An
2338 2010 2637 2074 Ecclesia·
2660 2012 2873 2076 atritas
2899 2030 3087 2075 unum
3124 2012 3311 2077 etiam
3338 2010 3563 2075 visibile
3586 2020 3731 2094 caput

2671 2104 2740 2167 in
2767 2107 2953 2169 terris
2978 2104 3253 2188 requirat
3280 2107 3307 2167 ἲ

2300 2302 2355 2358 1.
2403 2298 2613 2361 Error
2639 2298 3053 2361 hoereticmm
3080 2316 3330 2379 usqam,
3360 2304 3419 2360 et
3440 2300 3653 2361 varies.
3669 2330 3731 2343 -

2224 2390 2633 2465 Quorumdam
2684 2392 2869 2455 etiam
2920 2390 3392 2456 Catholicomm.
3428 2422 3504 2437 --
3535 2392 3597 2452 ln
3644 2390 3735 2452 hac

2218 2487 2555 2565 quoestione
2583 2486 2634 2562 ²,
2660 2486 2817 2548 nihil
2848 2484 2926 2548 de
2956 2487 3159 2563 Petro,
3196 2486 3361 2546 nihil
3379 2486 3453 2548 de
3478 2486 3733 2566 Episcopo

2219 2580 2495 2641 Romano
2514 2581 2913 2659 inquirimus,
2936 2587 3300 2661 sequentem
3326 2580 3489 2641 enim
3512 2579 3579 2642 de
3596 2598 3657 2640 ea
3682 2598 3735 2640 re

2220 2672 2615 2734 instituemus
2638 2674 3153 2755 disputationemg
3181 2674 3371 2735 sedin
3391 2692 3603 2751 genere
3618 2681 3734 2734 tan-

2217 2772 2376 2842 tum,
2416 2774 2486 2827 ut
2532 2775 2935 2846 cognoscatur
2966 2787 3111 2829 vera
3150 2767 3442 2840 Ecclesia,
3470 2772 3529 2829 et
3568 2767 3735 2846 qualis

2218 2859 2297 2919 sit
2336 2862 2469 2939 ejus
2496 2862 2723 2937 unitaS,
2757 2860 3193 2940 explicandum
3222 2866 3316 2922 est
3342 2860 3517 2941 quale
3538 2861 3608 2920 sit
3640 2860 3734 2920 Ec-

2218 2952 2416 3013 clesiae
2454 2952 2773 3031 regimen3
2828 2955 2892 3015 in
2939 2972 3063 3034 qua
3109 2972 3177 3014 re
3226 2952 3501 3015 haeretici
3535 2970 3735 3032 semper

2218 3046 2628 3120 contendunt,
2670 3054 2743 3107 ut
2770 3046 3011 3126 Agatho
3054 3050 3241 3127 Papa,
3288 3048 3355 3107 in
3396 3047 3635 3127 epistola
3656 3064 3732 3125 sy-

2217 3140 2438 3201 nodica
2465 3142 2727 3217 notavit,
2770 3141 3195 3203 monarchiam
3236 3140 3521 3204 Ecclesia!
3544 3146 3727 3201 everte-

2218 3249 2309 3306 re,
2334 3239 2405 3295 ut
2434 3234 2825 3317 puber-<nacon
2850 3234 3109 3311 ste-blato,
3144 3235 3421 3299 atrocius
3448 3240 3613 3314 atque
3642 3232 3733 3294 tio-

2216 3326 2439 3389 lentius
2466 3330 2633 3392 circa
2658 3330 2998 3411 nauso-apia
3034 3328 3339 3392 Ecclesiae
3387 3328 3571 3392 hostis
3594 3343 3736 3410 φαε-

2212 3424 2401 3492 retur,
2446 3424 2515 3480 ut
2545 3421 2633 3481 ait
2656 3421 3028 3501 Cyprianus,
3068 3420 3229 3481 libro
3270 3421 3493 3502 primo,
3524 3419 3739 3500 epistola

2212 3513 2415 3574 tertia.
2458 3513 2697 3591 Negant
2738 3514 2933 3594 igitur
2958 3514 3298 3576 instituisse
3330 3513 3648 3589 Christum,
3686 3524 3742 3571 ut

2211 3604 2343 3683 ejus
2370 3604 2636 3667 Ecclesia
2666 3607 2732 3668 in
2776 3606 2958 3669 terris
2996 3608 3269 3670 exlatens
3302 3624 3429 3668 uno
3462 3610 3743 3685 regeretur

2210 3698 2453 3777 capite3
2500 3715 2647 3759 nam
2696 3700 2827 3781 ipse
2862 3700 3028 3762 solus
3079 3706 3171 3764 est
3226 3704 3417 3783 caput
3454 3698 3736 3772 Ecclesioe,

2208 3790 2291 3851 ad
2326 3791 2619 3870 Ephesios
2654 3792 2898 3872 primo;
2942 3799 3005 3855 et
3049 3808 3381 3873 supremus
3414 3792 3547 3856 Rem
3582 3810 3617 3854 a
3638 3792 3742 3853 Deo

2212 3886 2579 3949 constitutus
2606 3904 2791 3969 super
2824 3884 2981 3950 Sion
3007 3894 3267 3950 montem
3313 3890 3585 3951 sanctum
3608 3884 3739 3965 Qus,

2210 3976 2368 4038 Psal.
2401 3978 2693 4039 secundo.
2742 3962 2953 4057 Itaqde
2988 3978 3243 4058 quidam
3296 3996 3375 4041 ex
3424 3977 3510 4041 eis
3554 3977 3745 4038 volunt

2208 4068 2490 4133 Ecclesiae
2521 4072 2797 4150 regimen
2838 4088 2968 4134 esse
2996 4071 3505 4145 democraticum,
3544 4072 3603 4132 id
3644 4076 3740 4145 est,

2206 4180 2319 4243 per
2368 4162 2664 4243 populum
2714 4164 3187 4245 exequendum3
3220 4164 3333 4226 alii
3384 4166 3595 4227 volunt
3635 4181 3743 4225 esse

2205 4256 2715 4334 aristocraticum,
2758 4258 2822 4321 id
2856 4264 2973 4333 est,
3016 4259 3391 4339 primatibus
3416 4258 3609 4321 solum
3652 4258 3745 4317 Ec-

2204 4348 2405 4409 clesiae
2454 4350 2873 4425 commissum,
2903 4369 3059 4431 quos
3086 4352 3207 4432 ipsi
3248 4352 3469 4413 dicunt
3512 4368 3633 4413 esse
3662 4348 3745 4409 vel

2204 4443 2475 4503 seniores
2518 4442 2618 4503 vel
2664 4445 2973 4523 Principes
3027 4445 3377 4521 saeculares,
3420 4444 3519 4505 vel
3555 4459 3744 4505 eorum

2204 4535 2457 4597 similes.
2484 4535 2609 4597 Alii
2637 4536 2905 4617 denique
2924 4538 3206 4599 Ecclesiae
3233 4540 3515 4617 regimen
3554 4536 3745 4597 volunt

2202 4646 2333 4690 esse
2382 4628 2650 4690 mixtum
2704 4648 2782 4691 ex
2825 4630 3203 4719 democratia
3250 4636 3315 4693 et
3362 4628 3741 4700 aristocratia,

2203 4720 2485 4801 nihilque
2529 4722 2759 4784 habere
2788 4722 3186 4786 monarchiae.
3222 4724 3489 4798 Quidam
3524 4739 3659 4783 vero
3680 4736 3743 4779 ex

2203 4812 2517 4875 catholicis
2562 4821 2711 4877 autu
2720 4828 2893 4878 mant
2943 4816 3229 4879 Ecclesiae
3293 4818 3573 4897 regimen
3630 4830 3745 4874 esse

2201 4906 2456 4987 quidem
2484 4909 2969 4987 monarchicum,
3013 4910 3103 4973 ita
3130 4916 3342 4973 tamen
3386 4916 3459 4971 ut
3506 4912 3745 4990 potestas

2202 5000 2461 5079 regendi
2502 5001 2837 5063 Ecclesiam
2868 5020 2997 5065 non
3026 5022 3065 5065 a
3093 5003 3366 5080 Christo,
3408 5005 3514 5067 sed
3550 5000 3624 5064 ab
3649 5000 3743 5060 ho·

2203 5094 2479 5157 minibus
2522 5096 2603 5157 sit
2628 5097 2744 5159 uni
2770 5114 2987 5189 eorum
3013 5098 3240 5161 collata
3263 5120 3281 5175 ς
3311 5098 3391 5161 ad
3420 5114 3604 5180 quem
3626 5090 3743 5157 mo-

2286 5286 2300 5318 ¹
2346 5278 2430 5340 De
2449 5278 2566 5341 hac
2588 5282 2920 5359 partitione
2946 5287 3164 5359 status,
3190 5288 3339 5343 tom.
3370 5284 3407 5344 3
3436 5280 3511 5343 dc
3532 5279 3739 5357 Relig„

2195 5373 2306 5435 lib.
2344 5377 2405 5449 1,
2442 5392 2479 5435 a
2506 5392 2559 5435 c.
2592 5377 2655 5435 2.
3396 5404 3421 5421 ·

2273 5468 2299 5505 ²
2326 5466 2409 5527 De
2438 5464 2553 5527 hoc
2581 5482 2827 5545 argum.
2853 5468 2975 5529 late
2996 5469 3291 5545 Coccius.,
3320 5467 3432 5530 lib.
3460 5471 3495 5529 '¹1
3522 5466 3595 5528 de
3614 5465 3739 5527 Hic·

2187 5578 2312 5627 rar.
2342 5559 2595 5641 eccleS.;
2626 5559 2817 5625 Salm.
2858 5560 2925 5627 in
2956 5562 3155 5647 Paul.,
3184 5563 3222 5625 1.
3254 5566 3311 5641 1,
3336 5562 3495 5644 disp.
3532 5564 3628 5627 11.
