3900 6217
622 395 787 448 SECT.
823 395 906 447 vl.
941 393 1154 447 UTRUH
1185 393 1284 447 sn·
1316 393 1561 458 ALIQms
1593 393 1859 448 Haemus
1889 392 2274 458 Pnopussrm,
2308 393 2389 448 ET
2420 393 2644 457 QUALIS
2674 392 2794 448 ΒΙΤ.

163 507 326 566 tiones
351 515 511 582 posse
544 495 738 578 specie
767 513 896 557 esse
925 495 1216 556 diversas
1250 493 1662 574 improbabile

166 599 302 659 enim
330 600 410 656 oet
445 591 606 674 quod
632 590 958 669 CaJetanus
987 588 1496 662 comminiscitur,
1533 605 1662 648 non

165 692 298 772 loqui
319 693 579 751 sanctum
598 685 914 746 Doctorem
942 701 1020 746 ex
1049 683 1298 764 propria
1327 683 1656 758 sententia,

163 787 244 848 sed
264 785 466 845 alienas
489 778 732 840 referre.
758 777 960 840 Simili
1002 778 1171 839 enim
1213 776 1508 838 facilitate
1537 775 1660 839 dici

161 885 344 960 posset,
379 875 718 952 ubicunque
749 871 855 934 ille
893 873 1146 932 Patrum
1179 870 1514 932 sententias
1559 887 1662 932 ex-

161 977 328 1056 plicat,
360 987 475 1031 non
500 967 666 1047 loqui
697 985 774 1030 ex
813 967 1083 1048 propria.
1112 965 1308 1028 Aliter
1346 982 1492 1026 vero
1524 982 1663 1044 pos-

159 1079 232 1129 set
252 1063 480 1136 occurri,
509 1062 576 1121 in
601 1061 793 1141 priori
825 1060 962 1121 loco
1005 1076 1135 1121 non
1179 1059 1488 1119 affirmare
1531 1075 1662 1118 om-

159 1179 246 1222 nes
287 1153 647 1237 propheticas
704 1151 1110 1214 revelationes
1175 1167 1310 1214 esse
1377 1149 1657 1229 ejusdem

157 1251 357 1334 speciei,
389 1247 488 1310 sed
516 1263 783 1309 asserere
811 1244 1203 1326 prophetiam
1227 1244 1528 1306 unitatem
1559 1261 1661 1304 su·

156 1363 293 1407 mere
328 1361 363 1404 a
389 1339 640 1403 luminis
683 1339 950 1413 unitate,
1000 1338 1286 1418 quamvis
1313 1335 1660 1398 materialia

152 1440 348 1518 objecta
385 1436 504 1496 sint
529 1433 804 1512 diversa3
836 1449 1158 1512 nunquam
1188 1437 1400 1492 tamen
1428 1429 1656 1492 dixisse

152 1535 324 1594 lumen
348 1527 490 1590 illud
523 1541 768 1608 semper
810 1527 1066 1586 unicum
1100 1542 1254 1600 esse,
1281 1528 1467 1604 atque
1493 1523 1658 1602 ejus-

153 1625 264 1686 dem
291 1621 514 1702 speciei.
556 1621 626 1681 In
648 1618 974 1701 posteriori
1001 1623 1209 1679 autem
1239 1617 1399 1693 loco,
1441 1634 1658 1696 quam-

151 1719 223 1778 vis
243 1715 399 1776 nobis
424 1713 649 1791 faveat,
677 1729 808 1773 non
843 1710 1094 1773 videtur
1119 1709 1366 1790 proprie
1389 1709 1560 1788 loqui
1581 1708 1658 1770 de

156 1808 435 1890 speciehuS,
457 1811 644 1888 prout
669 1805 1028 1884 significant
1051 1804 1339 1865 essentias
1361 1801 1651 1876 diversas,

161 1903 238 1964 sed
259 1903 499 1962 diversos
524 1897 744 1961 modos
771 1897 1257 1979 prophetiarum.
1287 1895 1429 1957 Haec
1454 1896 1658 1974 quoad

159 1997 318 2056 dirum
341 1993 675 2070 Thomam3
707 1991 914 2072 quoad
965 2009 1100 2052 rem
1145 1991 1368 2069 ipsam,
1397 1987 1654 2069 planum

157 2089 348 2149 videtur
360 2085 694 2167 propnetioe
717 2092 780 2146 et
801 2085 1109 2166 prophetes
1133 2100 1364 2144 nomen
1395 2100 1522 2144 non
1549 2099 1656 2143 ne-

153 2181 360 2242 cessario
401 2177 756 2258 significare
805 2177 1089 2238 eamdem
1135 2178 1400 2260 speciem
1447 2175 1656 2255 cogni-

151 2275 316 2334 tionis.
339 2273 483 2334 Nam
517 2277 582 2332 et
617 2270 864 2332 Christo
892 2271 1153 2332 Domino
1175 2275 1237 2331 et
1263 2267 1438 2348 puris
1465 2269 1653 2330 etiam

152 2367 445 2429 hominihus
488 2364 796 2427 tribuitur
818 2410 839 2441 ,
883 2365 952 2426 in
1010 2363 1232 2445 quibus
1275 2368 1514 2445 certum
1564 2371 1656 2426 est

157 2479 248 2520 non
283 2461 448 2520 fuisse
487 2459 918 2538 cognitionem
955 2458 1156 2538 specie
1197 2475 1411 2533 unam,
1461 2457 1655 2520 idem-

157 2571 241 2633 que
257 2559 430 2632 potest
449 2552 726 2614 inveniri
747 2552 912 2613 inter
937 2569 1125 2631 puros
1151 2550 1454 2613 homines.
1478 2551 1655 2614 Unde

149 2648 392 2727 propietoe
427 2663 660 2709 nomen
719 2661 1048 2708 commune
1085 2651 1178 2707 est
1217 2652 1533 2725 sumptum
1579 2663 1656 2708 ex

152 2738 309 2800 officio
331 2738 702 2820 praedicendi
729 2737 958 2812 futura,
999 2737 1147 2799 licet
1173 2755 1250 2800 ex
1275 2737 1518 2800 diversa
1547 2757 1650 2800 co·

155 2833 376 2909 gnitione
406 2831 869 2912 supernaturali
897 2832 1202 2911 procedat.

219 2925 266 2984 9,
301 2925 382 2988 Μ
398 2927 728 2989 secundnm
767 2926 1049 2988 medium.
1079 2925 1269 2987 —Ad
1312 2925 1654 2988 secundum

167 3019 484 3096 respondetur
511 3022 754 3099 primo,
784 3019 1102 3081 interdum
1127 3037 1254 3081 non
1281 3038 1410 3082 esse
1438 3019 1652 3082 incon·

165 3112 350 3171 veniens
371 3113 740 3193 prophetam
794 3130 924 3174 non
978 3111 1206 3175 hahere
1251 3111 1438 3176 fidem
1456 3159 1476 3190 ,
1504 3113 1653 3194 quia

157 3201 418 3282 aliquando
441 3205 716 3268 materia
744 3205 1086 3286 prophetias
1115 3205 1256 3266 talis
1276 3211 1368 3267 est
1397 3210 1471 3266 ut
1495 3203 1656 3266 nihil

151 3295 328 3355 referat
363 3297 526 3380 illam
567 3297 826 3360 credere
863 3316 976 3378 per
999 3297 1211 3375 fidem,
1259 3298 1478 3373 veluti,
1504 3297 1656 3379 quid

149 3386 270 3447 alius
287 3391 517 3467 cogitet,
544 3389 652 3452 vel
679 3391 839 3451 sitne
861 3396 1133 3466 sanctus,
1155 3389 1256 3452 vel
1281 3391 1432 3471 quid
1454 3391 1565 3454 fiat
1587 3393 1656 3453 in

151 3477 248 3539 loeo
279 3481 536 3544 distanti.
570 3481 866 3545 Secundo
893 3487 1156 3562 negatur
1175 3483 1456 3564 sequela,
1482 3485 1652 3565 quia,

148 3570 256 3632 licet
282 3591 382 3653 pro
413 3576 680 3638 instanti
707 3576 778 3636 in
805 3593 930 3655 quo
963 3575 1105 3655 quis
1143 3577 1366 3656 recipit
1403 3579 1658 3641 eviden-

145 3673 240 3724 tem
267 3667 720 3745 revelationem,
767 3687 895 3729 non
925 3675 1207 3730 exerceat
1247 3675 1453 3730 actum
1483 3669 1653 3747 fidei,

147 3763 312 3820 tamen
349 3767 478 3841 post
517 3761 680 3824 illud
717 3768 964 3842 tempus
993 3763 1216 3840 poterit
1253 3777 1560 3841 exercere,
1588 3769 1658 3825 ut

146 3851 263 3912 alias
301 3854 456 3932 dixi3
489 3857 624 3917 imo
655 3861 721 3917 et
765 3854 972 3932 simul,
1015 3873 1158 3916 eum
1188 3857 1252 3917 id
1279 3873 1408 3917 non
1447 3857 1659 3938 impli-

145 3951 231 4004 oet.
259 3945 412 4022 (Vide
440 3965 653 4028 supra,
681 3947 836 4026 disp.
869 3949 930 4024 3,
956 3955 1099 4011 sect.
1133 3951 1222 4027 9.)

205 4041 284 4100 10.
323 4039 416 4103 Aa
436 4043 707 4106 torrium.
736 4071 822 4088 -
837 4042 933 4104 Ad
975 4041 1254 4118 tertium,
1297 4041 1652 4104 insinuatur

145 4131 353 4195 dubium
387 4135 660 4197 breviter
685 4153 856 4198 nunc
877 4137 1330 4216 expediendum
1355 4153 1377 4216 3
1406 4143 1652 4217 possent

143 4225 272 4285 enim
297 4229 482 4288 multa
517 4227 777 4304 discuti,
805 4227 1056 4305 scilicet,
1096 4247 1178 4290 an
1217 4229 1326 4290 illa
1353 4229 1648 4309 cognitio,

145 4317 346 4380 evidens
367 4321 431 4382 in
455 4321 852 4400 testificante,
883 4323 964 4384 sit
989 4323 1214 4385 certior
1241 4341 1432 4403 quam
1455 4323 1608 4386 fides
1630 4345 1649 4401 3

145 4407 260 4469 item
288 4431 358 4473 an
389 4414 467 4476 sit
503 4415 836 4495 perfectior
862 4415 966 4478 vel
991 4416 1201 4478 minus
1233 4416 1518 4496 perfecta.
1553 4417 1654 4480 Di-

147 4515 200 4559 eo
237 4502 406 4582 igitur
449 4509 874 4588 cognitionem
917 4507 1269 4570 evidentem
1319 4509 1390 4572 in
1437 4510 1654 4572 testifi-

148 4603 282 4655 cante
319 4617 486 4677 posse
535 4617 670 4664 esse
725 4600 1037 4682 duplicem
1087 4619 1105 4665 t
1157 4619 1380 4678 unam,
1431 4603 1655 4666 funda-

155 4689 246 4748 tam
267 4690 326 4750 in
350 4693 586 4756 visione
613 4693 922 4773 beatifica,
960 4713 1084 4776 qua
1125 4695 1267 4776 quis
1299 4695 1460 4758 clare
1485 4697 1656 4758 videt

153 4777 298 4842 Deum
320 4801 436 4846 esse
467 4789 579 4867 qui
607 4787 888 4868 loquitur
901 4803 924 4865 3
955 4797 1018 4850 et
1059 4789 1222 4850 hanc
1262 4805 1392 4851 esse
1423 4790 1655 4870 perfec-

149 4871 324 4936 tiorem
347 4881 691 4958 cognitione
725 4879 892 4958 fidei,
921 4882 1068 4962 quia
1109 4888 1173 4944 et
1217 4883 1474 4944 omnino
1513 4883 1655 4945 fun-

149 4962 294 5027 datur
313 4971 374 5030 in
399 4975 600 5052 prima
630 4975 911 5052 veritate,
938 4977 1092 5037 sicut
1123 4975 1296 5053 fides,
1343 4981 1406 5038 et
1433 4983 1653 5056 praete·

149 5073 234 5117 rea
271 5071 496 5142 superat
537 5067 604 5128 in
634 5068 971 5129 evidentia.
1030 5068 1238 5132 Altera
1287 5076 1485 5150 potest
1525 5087 1653 5132 esse

151 5155 372 5226 cognitio
399 5159 648 5220 evidens
675 5160 744 5221 in
771 5162 1165 5239 testificante,
1187 5181 1325 5243 quai
1353 5163 1654 5226 fundatur

153 5244 352 5305 mltum
375 5249 439 5309 in
463 5252 673 5330 signis,
705 5255 805 5315 vel
832 5255 1149 5316 effectibus
1188 5257 1408 5317 creatis
1444 5273 1654 5336 super-

155 5339 506 5420 naturalibus,
541 5363 680 5424 quae
723 5347 928 5428 ipsum
975 5347 1406 5411 testificantem
1442 5365 1655 5428 super·

157 5433 468 5496 naturaliter
497 5439 916 5517 manifestant,
946 5448 1009 5504 et
1035 5441 1167 5502 haec
1211 5441 1366 5503 mihi
1408 5441 1655 5504 videtur

157 5523 330 5586 minus
351 5535 508 5592 certa
547 5547 735 5612 quam
775 5531 960 5630 fidem
993 5535 1144 5616 quia
1167 5551 1294 5597 non
1319 5535 1544 5598 nititur
1585 5534 1654 5596 in

3179 391 3300 456 2³7

1742 495 1874 556 sola
1899 497 2103 576 prima
2140 496 2421 572 veritate,
2452 493 2559 558 sed
2582 513 2661 558 ex
2688 503 2863 578 parte
2881 497 3207 562 resolvitur
3232 501 3301 562 in

1741 589 1922 670 signa
1980 595 2207 652 creata.
2261 591 2357 652 An
2412 606 2561 652 vero
2602 588 2667 651 id
2722 589 2986 652 sufficiat
3024 597 3095 652 ut
3149 591 3303 654 fides

1743 684 2105 765 simpliciter
2144 681 2471 764 perfectior
2498 683 2740 747 dicatur
2771 685 2838 746 in
2864 703 3089 764 genere
3116 686 3298 759 entis,

1743 778 1935 840 dubia
1988 797 2088 839 res
2126 784 2252 852 est;
2289 777 2435 857 quia
2478 777 2751 840 multum
2780 779 3030 840 aliunde
3070 778 3303 858 ponde·

1738 877 1883 934 rant
1915 872 2053 932 alias
2096 871 2481 934 conditiones
2507 872 2673 932 illius
2698 872 3069 950 cognitionis
3091 889 3303 952 super·

1739 965 2041 1027 naturalis
2078 971 2141 1027 et
2180 966 2480 1028 evidentis
2492 982 2513 1043 3
2552 966 2859 1046 quamvis,
2906 972 2979 1029 ut
3022 966 3301 1028 dicamus

1741 1058 1929 1121 talem
1960 1059 2381 1138 cognitionem
2414 1059 2933 1122 communicatam
2986 1077 3117 1121 esse
3160 1077 3303 1140 pro·

1739 1153 1961 1233 pheti3‚
2005 1151 2152 1215 satis
2178 1153 2259 1214 sit
2278 1153 2451 1215 illam
2478 1171 2607 1216 esse
2634 1153 3061 1234 perfectiorem
3096 1155 3163 1216 in
3198 1171 3303 1216 su-

1739 1246 2122 1328 pernaturali
2155 1246 2488 1336 evidentia,
2517 1254 2582 1310 et
2604 1249 2673 1310 in
2702 1247 3085 1312 abati-actiori
3114 1249 3301 1313 modo

1740 1340 2132 1420 cognitionis.

2356 1546 2571 1600 SECI'lO
2599 1547 2681 1600 VI.

1819 1735 2093 1799 Detumo
2118 1735 2362 1802 habitus
2376 1737 2738 1820 prophetice,
2765 1741 2823 1802 et
2850 1739 3053 1821 qualis
3084 1739 3173 1804 sit
3189 1739 3221 1801 ἓ

1819 1989 1876 2048 1.
1899 1989 2270 2052 Distributio
2295 1993 2771 2054 tractandorum.
2784 1993 3101 2056 -Prima
3116 2011 3297 2075 pars,

1735 2083 1805 2144 de
1847 2082 2158 2163 requisitis
2192 2084 2274 2145 ad
2314 2083 2703 2165 coquitiomm
2749 2087 3179 2167 propheticam.
3217 2119 3303 2136 -

1734 2173 2097 2254 Disputatur
2132 2174 2267 2236 haec
2302 2178 2559 2256 quaestio
2601 2196 2640 2240 a
2678 2179 2829 2240 Divo
2868 2180 3107 2242 Thoma
3146 2182 3206 2244 2.
3232 2183 3297 2258 2,

1735 2286 1798 2349 q.
1834 2271 1975 2344 171,
1998 2273 2114 2330 art.
2155 2269 2217 2345 2,
2240 2275 2303 2329 et
2328 2268 2619 2349 Cajetano
2644 2271 2801 2350 late3
2832 2289 2913 2336 ne
2934 2273 3189 2336 fortasse
3222 2275 3299 2338 de

1735 2363 1991 2422 nomine
2025 2360 2495 2440 contendamus,
2540 2365 2664 2426 tria
2697 2367 3005 2446 praecipue
3036 2367 3301 2431 videnda

1735 2461 1900 2518 sunt.
1932 2456 2234 2531 Primum,
2259 2457 2407 2537 quid
2428 2457 2795 2530 infundatur
2830 2459 3149 2541 propheto
3188 2479 3301 2542 per

1735 2551 2209 2630 modumactus
2249 2551 2478 2629 primi,
2518 2569 2643 2631 quo
2684 2554 2874 2632 possit
2912 2559 3119 2615 actum
3160 2572 3301 2634 pro·

1734 2643 1996 2723 pheticae
2043 2643 2415 2722 cognitionis
2456 2642 2700 2707 elicere.
2751 2647 3058 2721 Secundo,
3096 2665 3299 2728 quan-

1735 2743 1871 2797 tum
1921 2736 2078 2798 illud
2114 2737 2298 2798 duret
2334 2741 2466 2798 tam
2502 2756 2581 2798 ex
2618 2753 2845 2802 natura
2872 2740 2965 2802 rei
3004 2757 3191 2820 quam
3220 2741 3300 2804 de

1733 2831 1931 2909 facto3
1970 2837 2033 2892 et
2079 2829 2228 2892 hinc
2250 2831 2432 2892 tertio
2472 2831 2777 2894 constabit
2820 2833 3130 2914 quomodo
3158 2851 3303 2914 pro-

1733 2925 1948 3006 phetia
1995 2925 2075 2986 sit
2120 2925 2217 2986 vel
2265 2943 2393 2986 non
2433 2926 2513 2985 sit
2567 2943 2680 3006 per
2722 2927 2978 2988 modum
3022 2927 3295 2990 habitus.

1735 3018 1907 3080 Circa
1926 3019 2226 3099 primum,
2270 3018 2349 3078 ad
2386 3018 2803 3098 cognitionem
2846 3019 3295 3101 propheticam,

1733 3113 1890 3174 sicut
1927 3111 2006 3173 ad
2038 3127 2289 3173 omnem
2326 3111 2538 3188 aliam,
2575 3111 2699 3172 duo
2738 3120 2997 3192 possunt
3024 3117 3297 3196 requiri:

1733 3204 1907 3266 aliud
1951 3222 2031 3267 ex
2066 3211 2244 3285 parte
2302 3202 2561 3283 objecti,
2616 3206 2689 3264 ad
2742 3207 3298 3287 apprehensionem

1736 3299 1892 3377 ejus,
1915 3298 2171 3374 scilicet,
2198 3297 2464 3377 species3
2484 3296 2653 3359 aliud
2672 3315 2752 3360 ex
2774 3305 2949 3378 parte
2977 3303 3291 3381 potentias,

1735 3391 1815 3452 ad
1844 3391 2177 3469 judicium,
2207 3407 2431 3470 nempe
2454 3389 2691 3467 lumen,
2720 3397 2831 3452 aut
2864 3391 3103 3472 aliquid
3128 3394 3300 3457 simi-

1735 3483 1794 3544 le
1808 3498 1831 3562 3
1871 3491 1934 3546 et
1958 3489 2293 3564 utrumque
2348 3482 2481 3544 sine
2504 3483 2699 3545 dubio
2742 3490 2839 3546 est
2864 3485 3073 3566 aliquo
3112 3485 3297 3548 modo

1735 3578 2145 3639 necessarium
2184 3579 2254 3637 in
2293 3575 2634 3657 prophetis.
2676 3579 2761 3640 De
2792 3577 3007 3658 priori,
3038 3579 3157 3642 hoc
3204 3586 3299 3642 est

1735 3670 1814 3732 de
1857 3669 2193 3751 speciebus,
2235 3669 2415 3731 divus
2448 3670 2717 3732 Thomas
2757 3674 2816 3733 2.
2855 3674 2919 3748 2,
2960 3674 3298 3753 quastione

1737 3765 1888 3839 173,
1932 3762 2193 3825 articulo
2234 3763 2541 3839 secundo,
2592 3763 2771 3826 docet
2820 3767 3055 3845 optime
3092 3767 3297 3828 varios

1735 3855 1952 3918 modos
1996 3875 2127 3919 esse
2172 3857 2623 3919 revelationum
2665 3859 3195 3940 propheticarum,
3234 3867 3298 3924 et

1735 3949 1814 4012 ad
1841 3967 2055 4011 omnes
2082 3949 2453 4011 necessarias
2494 3968 2625 4013 esse
2664 3953 2918 4030 species,
2948 3952 3099 4032 quia
3124 3953 3299 4016 nulla

1729 4043 2051 4123 conceptio
2102 4043 2329 4104 mentis
2354 4041 2429 4104 fit
2470 4043 2605 4106 sine
2642 4043 2786 4105 illis.
2836 4046 3093 4149 Quaiflo
3146 4063 3297 4126 ergo

1729 4135 2059 4216 prophetia
2084 4133 2179 4212 fit,
2216 4135 2401 4196 rebus
2426 4134 2611 4197 alicui
2654 4143 2913 4199 externo
2952 4141 3164 4200 sensui
3188 4140 3300 4200 ob—

1731 4227 1896 4304 latis,
1923 4229 2151 4308 species
2178 4227 2561 4291 inducuntur
2588 4247 2629 4290 a
2652 4229 2879 4292 talibus
2902 4229 3182 4310 objectis,
3202 4233 3297 4292 in-

1731 4321 1933 4400 deque
1976 4321 2139 4382 fiunt
2164 4320 2624 4402 phantasmata,
2672 4340 2743 4384 ac
2780 4321 3033 4385 tandem
3063 4324 3297 4404 species

1731 4414 1883 4494 ipsse
1918 4413 2364 4494 intelligibiles.
2414 4414 2673 4489 Quando
2703 4433 2851 4477 vero
2886 4415 2961 4477 fit
2999 4415 3295 4479 revelatio

1733 4525 1848 4587 per
1873 4507 2311 4587 imaginariam
2342 4508 2980 4588 repraesentationem,
3004 4526 3169 4571 nova
3200 4510 3295 4571 in·

1733 4602 2085 4663 funduntur
2136 4602 2594 4682 phantasmata,
2642 4601 2695 4663 si
2736 4604 3081 4664 necessaria
3130 4603 3255 4665 sint
3270 4625 3290 4680 3

1733 4695 1834 4758 vel
1861 4703 2024 4758 certe
2046 4694 2345 4756 divinitus
2365 4694 2436 4758 fit
2470 4701 2541 4756 ut
2566 4697 3023 4776 praeexistentia
3046 4698 3115 4757 in
3136 4697 3295 4758 ima·

1735 4789 2057 4869 ginatione
2084 4788 2293 4850 debito
2330 4789 2515 4850 modo
2537 4787 2999 4866 coordinantur,
3048 4797 3111 4852 et
3136 4791 3293 4855 ima-

1735 4883 2071 4962 ginationis
2096 4883 2189 4943 vis
2214 4881 2597 4944 confortetur
2622 4881 2702 4943 ad
2730 4899 2915 4943 usum
2942 4901 3163 4945 eorum
3188 4901 3295 4945 ne·

1733 4975 2089 5052 cessarium,
2122 4981 2195 5035 ut
2226 4975 2561 5055 conspiciat
2582 4981 2647 5037 et
2677 4974 3102 5055 apprehendat
3129 4977 3294 5038 divi-

1731 5087 1847 5142 na3
1889 5069 2038 5130 inde
2064 5086 2211 5130 vero
2236 5069 2493 5130 resultat
2513 5069 2579 5131 in
2603 5069 2925 5131 intellectu
2950 5069 3171 5132 similis
3195 5071 3293 5131 in-

1731 5161 2151 5240 telligibilium
2192 5163 2540 5242 specierum
2567 5162 2929 5242 compositio
2954 5169 3017 5222 et
3046 5163 3295 5224 ordina-

1732 5256 1842 5317 tio.
1903 5253 2163 5328 Quando
2204 5262 2413 5316 autem
2460 5254 2821 5335 prophetica
2868 5253 3166 5316 revelatio
3198 5261 3292 5316 est

1733 5365 1888 5429 pure
1902 5347 2353 5424 intellectualis,
2370 5365 2485 5428 per
2498 5365 2563 5409 se
2580 5348 2786 5428 primo
2798 5347 3149 5408 infunditur
3160 5365 3291 5428 spe-

1735 5442 1860 5502 cies
1879 5441 2247 5517 intellectui,
2273 5441 2373 5502 vel
2397 5441 2744 5503 intellectus
2757 5443 2889 5520 ipse
2907 5439 3295 5504 confortatur

1733 5533 1814 5596 acl
1851 5551 2038 5596 usum
2092 5539 2155 5596 et
2210 5535 2715 5614 compositionem
2756 5535 3101 5614 specierum
3140 5551 3295 5614 quas

3216 5678 3267 5714 e
