3900 6217
585 404 754 461 SECT.
792 408 874 460 ΙΙΙ.
909 407 994 459 ΑΝ
1027 406 1288 461 coactio
1321 404 1778 461 naenssrlcomm
1809 406 1891 457 An
1925 404 2340 458 DEPONENDAM
2372 404 2678 469 mennam,
2708 404 2845 459 Ere.

141 512 354 583 notant,
397 506 658 587 quando,
686 506 849 568 facto
895 507 1194 584 funiculo,
1240 508 1577 569 vendentes
1606 512 1668 567 et

143 608 386 663 ementes
414 600 487 660 de
530 600 764 679 templo
793 600 994 680 ejecit,
1043 602 1223 662 Joan.
1264 604 1338 676 23
1388 600 1664 678 soletque

139 698 196 756 in
230 694 524 772 Scriptura
580 694 832 754 nomine
861 694 1052 771 virgae
1081 694 1217 755 haec
1261 698 1529 773 potestas
1585 692 1664 754 si-

140 788 314 867 gnari,
349 790 416 845 ut
444 786 730 847 Proverb.
770 786 845 847 13
877 806 893 849 ε
926 786 1043 860 Qui
1078 788 1286 869 parcit
1307 789 1518 869 τέφρα»,
1539 786 1662 849 odit

138 882 316 959 filium
335 906 359 955 ;
382 880 484 960 qui
521 882 716 959 <tutem
743 878 948 961 diziyit
975 878 1177 955 illum,
1208 881 1510 943 instanter
1530 898 1667 941 eru·

139 974 232 1037 dit.
273 974 442 1033 Unde
469 972 544 1033 de
573 972 686 1033 hac
707 974 892 1033 etiam
921 979 1221 1053 potestate
1241 973 1359 1033 sibi
1386 990 1662 1032 commu-

137 1068 315 1129 nicata
357 1065 632 1143 loquitur
676 1066 928 1143 Paulus,
975 1070 1003 1127 1
1040 1068 1116 1128 ad
1161 1066 1438 1129 Corinth.
1480 1068 1542 1141 4,
1574 1066 1664 1126 di·

138 1179 262 1221 cens
289 1182 302 1219 :
347 1158 546 1226 Vultis
585 1159 655 1220 in
686 1159 864 1241 virga
899 1160 1135 1243 veniam
1161 1160 1244 1224 ad
1273 1160 1425 1223 vos?
1453 1166 1523 1219 ut
1550 1178 1660 1220 no-

137 1253 271 1314 tavit
312 1252 714 1331 AugustinuS,
760 1252 798 1315 3
830 1252 990 1315 libro
1035 1260 1250 1314 contra
1290 1254 1466 1331 epist.
1517 1252 1665 1313 Par-

135 1346 402 1421 meniaui,
435 1346 617 1427 rapit.
639 1350 700 1422 1,
729 1352 790 1407 et
819 1346 1112 1427 explicuit
1159 1346 1320 1407 idem
1357 1345 1602 1419 Paulus»,
1624 1346 1664 1405 ⁶2

136 1440 198 1501 ad
223 1436 485 1500 Corinth.
521 1440 620 1517 10,
661 1438 874 1504 dicens
908 1456 925 1502 t
963 1440 1046 1503 In
1068 1444 1354 1521 promptu
1390 1440 1664 1503 habentes

134 1532 322 1595 ulcisci
362 1549 589 1595 omnem
636 1530 1093 1596 inobedientiam
1109 1558 1138 1606 ;
1180 1536 1244 1593 et
1310 1532 1471 1593 infra
1506 1554 1520 1593 ε
1581 1530 1663 1597 Si

135 1622 404 1709 storiatus
442 1627 616 1702 suero
651 1626 719 1689 de
743 1630 1043 1705 potestate
1063 1644 1241 1707 quam
1269 1624 1428 1689 dedit
1459 1624 1664 1688 Domi-

136 1736 233 1779 nus
252 1719 413 1781 nobis
437 1718 507 1781 in
547 1720 1017 1797 oedifieatz‘onem,
1045 1736 1166 1781 non
1201 1718 1272 1781 in
1311 1718 1662 1783 deetmctio-

136 1828 264 1879 nem.
284 1828 397 1873 mm
417 1810 794 1891 [erubescam.
841 1812 932 1872 Ex
957 1810 1181 1891 quibus
1213 1810 1417 1891 colligi
1465 1816 1664 1891 potest

135 1902 340 1964 dedisse
367 1900 676 1965 Christum
707 1904 1016 1985 Apostolis
1039 1910 1233 1967 totam
1258 1904 1429 1966 illam
1469 1906 1658 1984 parti-

135 1996 469 2077 cipationem
504 2014 633 2059 sua}
662 1996 876 2077 virgae,
909 2016 1015 2059 seu
1045 1998 1380 2077 potestatis,
1411 2015 1549 2078 quae
1578 1998 1658 2060 ad

137 2088 574 2153 edificationem
605 2089 882 2153 Ecclesioe
914 2099 1048 2152 erat
1075 2090 1447 2153 conveniens
1463 2108 1483 2168 ;
1519 2091 1660 2152 talis

135 2188 309 2245 autem
342 2189 430 2243 est
453 2180 596 2243 haec
639 2182 713 2243 de
741 2202 864 2263 qua
891 2190 1259 2260 tractamus3
1287 2202 1360 2245 ac
1390 2184 1658 2263 denique

135 2294 198 2337 ne
223 2278 278 2334 in
307 2275 612 2357 principio
637 2276 921 2339 Ecclesiae
955 2274 1085 2337 haec
1115 2284 1380 2357 potestas
1402 2279 1658 2338 omnino

136 2368 342 2445 lateret,
367 2372 516 2447 quia
548 2376 695 2431 tunc
720 2388 846 2431 non
871 2376 1156 2451 poterant
1178 2370 1490 2431 ordinario
1528 2388 1658 2430 mo-

138 2460 199 2521 do
223 2462 376 2521 illam
405 2458 687 2541 Apostoli
721 2480 1006 2525 exercere
1033 2472 1284 2543 propter
1310 2462 1656 2525 infidelium

138 2552 566 2615 multitudinem
607 2561 669 2616 et
715 2558 1078 2633 potentiam,
1103 2556 1246 2615 data
1279 2559 1421 2615 suut
1449 2554 1657 2637 aliqua

137 2646 463 2707 miraculosa
490 2646 730 2709 indicia
756 2646 920 2707 illius
959 2648 1316 2726 potestatis3
1349 2646 1474 2708 tale
1515 2666 1656 2708 cen-

137 2745 270 2799 setur
293 2738 472 2801 fuisse
499 2738 736 2801 factum
767 2740 954 2813 Petri,
985 2740 1277 2801 Actorum
1306 2742 1367 2814 5,
1409 2740 1658 2821 quando

135 2830 454 2893 adverbum
483 2832 624 2911 ejus
671 2832 900 2893 mortui
952 2839 1098 2893 sunt
1125 2831 1400 2893 Ananias
1442 2838 1503 2892 et
1551 2832 1657 2893 Sa·

137 2920 301 3000 phira,
327 2924 399 2985 de
423 2944 553 3004 quo
586 2925 675 2986 ait
713 2924 1092 2999 Ambrosius,
1127 2944 1307 2986 serm.
1344 2926 1461 2987 ⁴9:
1492 2926 1657 2987 Dum

137 3014 276 3079 illum
289 3017 482 3097 punit,
513 3018 672 3081 alios
693 3017 968 3098 eorriyit,
989 3018 1181 3083 votuit
1209 3020 1367 3099 enim
1392 3024 1460 3080 ut
1477 3037 1657 3101 poena

137 3110 200 3171 ad
223 3128 408 3185 unum,
437 3118 641 3176 metus
669 3114 752 3175 ad
781 3112 937 3177 alios
957 3113 1343 3197 perveniret;
1368 3117 1431 3172 et
1470 3110 1652 3172 simili

139 3202 288 3265 modo
323 3205 469 3266 solet
525 3204 632 3267 hie
677 3206 844 3267 locus
885 3206 965 3267 ab
1011 3206 1151 3267 aliis
1199 3206 1553 3285 ponderari,
1586 3210 1656 3265 ut

135 3292 292 3355 videri
317 3303 509 3377 potest
551 3296 619 3359 in
655 3298 976 3376 Gregorio,
1004 3298 1165 3359 libro
1194 3303 1251 3372 i,
1276 3298 1531 3377 epistola
1551 3298 1652 3372 24,

135 3392 182 3447 et
207 3388 262 3449 in
287 3390 652 3467 August-im,
685 3409 871 3471 supra
893 3407 914 3468 ;
945 3400 1008 3453 et
1045 3391 1197 3452 alios
1231 3391 1417 3452 refert
1437 3390 1648 3453 Lorin.

135 3476 216 3539 ibi.
251 3482 540 3544 Praeterea
595 3482 759 3545 idem
805 3483 1161 3545 confirmari
1199 3491 1396 3565 potest
1426 3501 1501 3545 ex
1543 3482 1654 3543 ali·

133 3580 251 3651 quot
282 3574 442 3636 Pauli
473 3576 669 3654 gestis
698 3592 715 3637 :
748 3574 985 3655 primo,
1033 3596 1110 3638 ex
1146 3577 1253 3639 illo
1302 3577 1508 3638 Actor.
1549 3577 1648 3652 13,

136 3662 217 3724 ubi
251 3668 508 3730 caeeitate
563 3668 863 3749 percussit
909 3669 1196 3750 Elymam
1245 3688 1533 3749 magum;
1563 3687 1653 3731 se·

138 3758 318 3834 cund0,
347 3768 406 3821 et
448 3760 677 3823 melius
705 3779 780 3823 ex
813 3764 842 3824 1
877 3762 954 3824 acl
984 3762 1256 3824 Corinth.
1291 3764 1352 3837 5,
1393 3763 1501 3823 ubi
1529 3768 1652 3824 tra-

138 3848 260 3908 didit
283 3852 512 3916 Satanae
547 3854 968 3916 incestuosum
1003 3854 1400 3935 corporaliter
1425 3872 1653 3917 vexan-

137 3938 276 4019 dum,
301 3950 366 4008 ut
393 3948 658 4029 spiritus
690 3948 820 4028 ejm
859 3948 1070 4011 salvus
1103 3950 1309 4028 fieret;
1348 3949 1436 4009 ita
1481 3948 1650 4009 enim

137 4034 344 4113 Theod.‚
377 4040 560 4101 Divus
610 4040 885 4103 Thomas
926 4047 989 4103 et
1033 4040 1142 4101 alii
1171 4046 1495 4121 exponunt
1545 4042 1651 4103 illa

139 4127 320 4190 verba:
352 4132 432 4195 In
477 4134 798 4197 interitum
850 4133 1076 4198 carnis.
1120 4135 1220 4196 Sic
1267 4152 1417 4212 ergo
1463 4134 1650 4195 habet

66 4214 68 4243 fl
138 4218 239 4279 haec
257 4230 502 4302 potestas
531 4228 843 4288 sufficiens
882 4226 1361 4288 fundamentum
1410 4226 1474 4287 in
1505 4226 1648 4287 Tes-

140 4316 363 4376 tamenta
398 4337 576 4393 novo,
611 4324 836 4401 praeter
870 4338 946 4383 ea
996 4338 1135 4399 quae
1183 4336 1260 4379 ex
1292 4318 1482 4380 veteri
1539 4318 1647 4380 ad-

139 4402 401 4474 duximus,

197 4499 280 4559 22.
315 4504 613 4568 Probatur
654 4508 906 4571 seeundo
936 4506 1078 4587 ipsa
1108 4505 1367 4567 assertio
1398 4522 1473 4568 σω
1499 4506 1648 4585 jure

141 4595 386 4656 canonico.
429 4632 512 4645 —
557 4598 839 4661 Secundo
891 4598 1314 4679 principaliter
1351 4598 1648 4676 probatur

142 4678 240 4742 haec
270 4688 478 4751 veritas
521 4708 599 4751 ex
636 4692 775 4770 jure
809 4690 1130 4765 canonic0,
1175 4695 1237 4751 et
1270 4708 1386 4749 usn
1413 4707 1486 4749 ac
1521 4696 1647 4750 tra·

144 4772 330 4839 ditione
373 4782 672 4860 Ecclesiae,
721 4802 858 4865 quai
907 4788 997 4844 est
1032 4782 1266 4863 optima
1319 4782 1646 4861 Scripturae

143 4865 422 4951 interpres;
475 4880 538 4936 et
577 4877 874 4955 quoniam
922 4876 988 4936 in
1033 4876 1196 4936 dicto
1241 4874 1400 4936 libro
1444 4876 1481 4935 3
1535 4876 1646 4935 De-

143 4957 383 5025 fensionis
399 4966 561 5045 fidei,
592 4987 723 5048 cap.
753 4971 856 5045 21,
886 4972 964 5031 202
986 4977 1047 5030 et
1070 4970 1175 5044 23,
1204 4968 1400 5028 multa
1427 4966 1502 5028 de
1525 4968 1642 5027 hoc

142 5050 346 5125 adduxi,
369 5078 563 5139 pauca
591 5062 859 5123 breviter
887 5060 1175 5141 adjiciam
1198 5077 1217 5138 3
1247 5068 1309 5120 et
1337 5060 1643 5139 imprimis

143 5147 316 5218 probat
335 5150 446 5212 hoc
468 5153 783 5215 evidenter
803 5154 1149 5215 Bonifacius
1171 5154 1324 5229 VIII,
1343 5156 1405 5214 in
1429 5154 1642 5213 Extra·

145 5244 343 5315 vaganti
381 5244 569 5309 Unam
593 5253 889 5323 sanctam,
920 5248 996 5308 de
1020 5248 1365 5325 Majoritate
1394 5252 1456 5306 et
1496 5246 1641 5306 obe-

145 5326 349 5407 dientia,
382 5336 481 5398 ubi
511 5357 586 5399 ex
628 5342 896 5419 professo
925 5339 1145 5418 probat
1176 5338 1503 5399 Ecclesiam
1533 5339 1644 5398 ha-

147 5415 254 5481 bere
295 5427 577 5507 gladium,
633 5451 758 5493 non
799 5438 1045 5492 tantum
1091 5430 1495 5510 spiritualem,
1538 5430 1643 5492 sed

148 5512 290 5576 etiam
317 5524 705 5601 materialem,
736 5525 1022 5605 quamvis
1061 5524 1186 5584 alio
1210 5526 1275 5586 et
1297 5522 1420 5585 alio
1458 5522 1642 5585 modo

3193 403 3312 467 517

1747 510 1963 566 utatur
1990 504 2111 566 illis
2128 522 2147 582 3
2182 510 2243 565 et
2273 512 2531 585 usurpat
2578 507 2768 569 verba
2794 507 3112 586 Bernardi,
3143 509 3308 573 dic-to

1745 597 1853 659 lib.
1887 600 1928 659 A
1955 598 2033 659 de
2076 598 2413 673 Consider.,
2444 618 2576 680 cap.
2611 603 2648 661 3
2690 605 2754 661 et
2792 601 2970 680 epist.
3015 604 3156 677 237,
3202 602 3311 665 ubi

1744 690 1947 769 inquit
1982 711 1996 751 ε
2031 688 2213 764 Quem
2249 696 2443 755 tamen
2470 692 2718 769 (seilicet
2762 692 3143 757 materialem
3176 696 3306 768 gla-

1745 782 1940 857 dium)
1959 786 2063 863 qui
2081 788 2249 845 tuum
2268 801 2391 845 esse
2410 790 2613 865 παραὶ,
2635 804 2753 847 non
2784 788 2941 849 satis
2964 786 3115 849 mihi
3144 790 3305 851 vide-

1746 879 1849 937 tur
1891 876 2194 938 attendere
2238 874 2478 938 verbum
2528 876 2761 940 Christi
2806 880 3061 941 dicentis
3097 906 3119 940 .·
3160 879 3309 942 Con-

1743 974 1905 1031 verte
1931 970 2203 1049 qtadium
2233 973 2402 1031 tuum
2434 970 2501 1030 iu
2535 972 2821 1053 vayinam
2837 997 2859 1043 ,·
2898 978 3040 1035 tuus
3084 990 3222 1057 erqo
3251 980 3310 1037 et

1742 1060 1893 1145 ipse,
1924 1061 2069 1142 quia
2113 1066 2215 1123 tuo
2256 1067 2430 1137 nutu,
2461 1061 2577 1125 etsi
2617 1081 2732 1124 non
2763 1068 2871 1127 tua
2896 1083 3080 1128 manu
3109 1066 3311 1149 evam·-

1743 1156 2001 1229 nandus‚
2033 1154 2259 1235 quoties
2299 1172 2529 1218 neeesse
2552 1158 2761 1233 fuerit.
2805 1158 2917 1219 Per
2946 1174 3085 1236 quse
3119 1158 3307 1221 verba

1743 1247 1922 1309 docet
1947 1248 2317 1324 BernarduS,
2348 1254 2410 1309 et
2428 1248 2727 1328 approbat
2772 1249 3144 1327 Bonifacius,
3174 1269 3305 1313 esse

1744 1346 2107 1419 potestatem
2136 1342 2204 1400 in
2246 1340 2517 1402 Ecclesia
2553 1342 2737 1402 etiam
2779 1342 2857 1403 ad
2888 1360 3119 1423 poenaS,
3167 1360 3305 1423 quae

1745 1432 1949 1509 gladio
1975 1433 2278 1495 materiali
2311 1432 2703 1512 infliguntur,
2733 1436 3015 1517 quamvis
3054 1437 3187 1518 ipsa
3232 1436 3305 1497 il-

1743 1524 1832 1585 las
1857 1544 1985 1587 non
2012 1532 2351 1606 exequatur
2376 1527 2493 1586 nisi
2521 1545 2631 1606 per
2660 1528 3071 1589 ministerium
3103 1535 3304 1609 potes-

1739 1619 1885 1677 tatis
1924 1618 2258 1695 saecularis,
2309 1619 2469 1679 sicut
2519 1622 2707 1681 etiam
2745 1620 2928 1681 hodie
2970 1620 3106 1683 fieri
3136 1624 3308 1684 vidc-

1741 1727 1916 1787 mus;
1949 1717 2012 1773 et
2033 1712 2194 1771 hanc
2216 1712 2541 1773 veritatem
2571 1711 2649 1772 de
2669 1712 3168 1776 subordinatione
3197 1736 3309 1796 po-

1741 1806 1981 1865 testatis
2020 1804 2335 1866 saecularis
2374 1788 2451 1866 tid
2480 1802 2815 1867 Ecclesiam
2851 1806 3039 1869 etiam
3080 1809 3145 1869 in
3186 1809 3305 1870 hoc

1742 1916 2023 1975 munere,
2041 1904 2336 1977 tanquam
2362 1900 2769 1961 necessariam
2796 1900 2875 1960 ad
2903 1901 3163 1962 salutem
3190 1921 3304 1963 no-

1739 1991 1834 2052 bis
1861 1992 2151 2071 proponit
2183 1991 2462 2052 Pontifex
2493 1992 2559 2052 in
2600 1990 2725 2052 fine
2753 1990 2919 2054 illius
2954 1998 3177 2055 textus.
3221 1995 3304 2056 At

1739 2101 1885 2147 vero
1920 2090 2049 2146 tam
2092 2086 2169 2146 de
2214 2084 2333 2146 hac
2367 2084 2747 2157 definitione,
2795 2104 2983 2165 quam
3041 2086 3116 2148 de
3165 2087 3302 2149 aliis

1738 2176 1999 2238 decretis
2026 2176 2418 2250 Pontificum,
2454 2196 2639 2239 ausus
2665 2184 2757 2238 est
2791 2178 2988 2240 dictus
3026 2180 3301 2258 Rogerus

1737 2270 2127 2350 respondere,
2156 2289 2283 2331 non
2329 2288 2459 2333 esse
2488 2272 2567 2333 de
2596 2270 2714 2332 fide
2748 2280 3007 2349 certum,
3046 2273 3301 2334 Pontifi-

1737 2382 1894 2439 cem,
1936 2363 2332 2426 definientem
2376 2366 2509 2427 sine
2538 2365 2807 2429 Concilio
2836 2368 3132 2446 generali,
3172 2387 3300 2431 non

1737 2476 1911 2537 posse
1934 2477 2161 2521 errare.
2194 2458 2313 2521 Sed
2338 2466 2429 2519 est
2455 2462 2770 2539 responsio
2799 2479 2926 2521 non
2968 2462 3166 2522 solum
3198 2465 3293 2524 ni·

1734 2551 1855 2611 mis
1883 2552 2233 2627 temeraria,
2264 2551 2370 2613 sed
2398 2552 2585 2613 etiam
2614 2570 2907 2623 erronea:
2944 2572 3114 2630 nam,
3155 2553 3298 2615 licet

1735 2643 1884 2703 olim
1907 2642 2159 2703 fortasse
2179 2644 2367 2723 aliqui
2396 2644 2679 2705 Doctores
2703 2645 2984 2705 catholici
3007 2646 3139 2708 sine.
3164 2666 3301 2727 per-

1737 2736 1966 2798 tinacia
1984 2737 2049 2797 in
2071 2736 2187 2798 hoc
2206 2736 2647 2809 dubitaverint,
2668 2736 2763 2798 vel
2788 2740 3151 2816 erraverint,
3164 2742 3298 2819 jam

1736 2846 1881 2892 vero
1904 2836 2034 2889 tam
2061 2836 2153 2890 est
2190 2836 2475 2891 constans
2514 2829 2796 2891 Ecclesiae
2843 2849 3194 2908 consensus,
3232 2838 3296 2894 et

1735 2924 2175 2985 catholicorum
2202 2924 2569 3003 scriptorum
2615 2942 2866 2985 concors
2895 2924 2970 2985 de
2998 2926 3113 2986 hac
3140 2926 3300 2987 veri·

1736 3024 1861 3078 tate
1901 3018 2227 3093 sententia,
2280 3022 2349 3077 ut
2397 3036 2534 3079 eam
2590 3016 2655 3079 in
2700 3018 2958 3078 dubium
3006 3036 3298 3079 revocare

1735 3110 1908 3172 nullo
1937 3112 2121 3173 modo
2150 3112 2349 3190 liceat,
2379 3117 2442 3171 et
2468 3113 2811 3202 praesertim
2856 3111 3107 3191 qnando
3149 3112 3297 3179 defi·

1734 3206 1891 3265 nitio
1930 3204 2247 3285 pontificia
2298 3205 2617 3266 communi
2671 3224 2970 3265 consensu
3018 3205 3298 3271 Ecclesiae

1735 3297 2051 3359 catholicae
2074 3303 2317 3377 recepta
2339 3303 2399 3359 et
2423 3297 2762 3378 approbata
2796 3303 2911 3373 est,
2946 3303 3019 3357 ut
3043 3298 3120 3359 de
3145 3318 3299 3379 prae·

1736 3390 1897 3453 dieta
1924 3391 2286 3453 definitione
2314 3397 2404 3452 est
2436 3391 2853 3453 manifestum.

1814 3486 1917 3545 23.
1963 3487 2124 3548 Item
2151 3503 2222 3547 eze
2255 3502 2375 3547 usu
2401 3484 2718 3549 Eeelesioe.
2746 3518 2829 3532 —
2854 3485 3122 3549 Ulterius
3150 3504 3297 3549 vero

1735 3576 2067 3639 afferamus
2128 3584 2355 3654 textus,
2399 3578 2465 3639 in
2529 3578 2754 3657 quibus
2803 3580 3085 3641 Pontifex
3152 3598 3297 3643 cum

1733 3670 2007 3731 Concilio
2030 3670 2305 3747 generali
2332 3670 2616 3732 eamdem
2645 3671 2989 3733 doctrinam
3019 3680 3081 3733 et
3109 3672 3299 3733 tradit

1733 3767 1796 3821 et
1830 3768 2121 3823 exercet:
2159 3780 2323 3823 unus
2355 3768 2447 3825 est
2489 3764 2555 3825 in
2596 3782 2729 3844 cap.
2775 3763 2880 3826 Ad
2914 3762 3292 3847 Amanum»,

1733 3854 1812 3915 de
1831 3854 2151 3915 Sententia
2180 3861 2244 3916 et
2269 3854 2649 3934 rejudicata,
2670 3856 2736 3917 in
2762 3864 2955 3932 sexto,
2988 3856 3095 3917 ubi
3115 3858 3297 3918 Inno-

1733 3946 1974 4009 centius
2030 3946 2133 4022 IV,
2191 3965 2335 4008 cum
2388 3948 2655 4009 Concilio
2710 3947 2985 4028 generali
3038 3948 3296 4027 Lugdu-

1730 4040 1932 4115 nensi,
1980 4038 2250 4101 declarat
2276 4057 2339 4104 se
2364 4038 2593 4103 hahere
2639 4048 3005 4121 potestatem
3046 4043 3127 4103 ad
3172 4062 3295 4123 pu—

1729 4132 2033 4195 niendum
2074 4132 2472 4214 corporaliter
2516 4152 2623 4195 seu
2650 4134 3072 4213 temporaliter
3106 4134 3295 4199 etiam

1729 4224 2166 4307 imperatorem
2200 4225 2561 4288 haereticum
2602 4233 2665 4288 et
2697 4225 3028 4301 rebellem;
3062 4236 3124 4288 et
3170 4234 3292 4290 sta-

1726 4320 1840 4380 tim
1889 4320 2064 4381 illam
2098 4324 2339 4381 exercet
2391 4320 2692 4401 privando
2731 4320 2989 4400 imperio
3026 4322 3293 4383 Frideri-

1727 4430 1871 4475 cum
1923 4414 2385 4492 imperatorem,
2438 4420 2689 4491 propter
2737 4411 2962 4474 similia
3005 4414 3289 4475 crimina.

1728 4504 1899 4565 Alius
1927 4511 2133 4565 textus
2174 4504 2486 4566 notandus
2533 4510 2626 4567 est
2677 4504 2742 4565 in
2796 4524 2929 4583 cap.
2986 4507 3187 4584 primo
3223 4508 3293 4569 de

1727 4596 2094 4672 HomicidiO,
2144 4598 2212 4658 in
2248 4598 2311 4674 6,
2369 4597 2477 4657 uhi
2525 4596 2691 4658 idem
2732 4597 3130 4660 Innocentius
3186 4598 3288 4674 IV,

1727 4708 1865 4749 cum
1898 4690 2117 4752 eodem
2161 4690 2458 4766 Concilio,
2500 4707 2717 4751 omnes
2744 4688 3159 4781 Christiana«,
3188 4710 3295 4753 cu·

1719 4786 2090 4863 juscumque
2118 4784 2371 4860 ordinis,
2402 4785 2592 4845 etiam
2622 4784 2929 4865 principes
2953 4803 3289 4863 procuran-

1728 4878 1817 4933 tes
1838 4873 2173 4937 homieidia
2200 4878 2462 4939 aliorum
2487 4876 2763 4938 fidelium
2794 4896 2901 4955 per
2929 4880 3287 4951 assassinos,

1726 4973 1862 5045 post
1903 4970 2603 5031 excommunicationem
2634 4974 2695 5029 et
2741 4968 2892 5030 alias
2916 4987 3126 5048 poenas
3164 4972 3287 5049 spi-

1723 5060 2001 5135 rituales,
2042 5062 2230 5121 etiam
2265 5062 2661 5141 corporaliter
2708 5064 2888 5141 punit
2920 5062 3015 5123 his
3050 5064 3285 5131 verbis:

1727 5152 1839 5215 Sit
1860 5156 2046 5217 etiam
2087 5172 2220 5216 eum
2260 5156 2392 5217 suis
2432 5154 2597 5217 bonis
2632 5154 2954 5218 mundanis
2993 5157 3282 5222 omnibus.

1723 5252 2015 5327 tanquam
2044 5244 2407 5310 Christianae
2446 5246 2759 5329 reliyionis
2783 5248 3061 5319 oemulus,
3096 5269 3134 5313 a
3168 5254 3289 5314 toto

1727 5340 2081 5402 Christiano
2108 5340 2330 5421 populo
2355 5346 2638 5423 perpetuo
2666 5340 3024 5419 diffidatus:
3050 5350 3111 5402 et
3134 5360 3291 5423 prae-

1723 5432 1914 5492 mittit
1957 5432 2243 5493 Pontifex
2270 5450 2335 5494 se
2364 5433 2426 5493 id
2454 5434 2655 5494 facere
2680 5452 2789 5512 per
2818 5440 3178 5514 potestatem
3206 5437 3285 5499 ab

1722 5525 1854 5603 ipso
1883 5526 2123 5587 Christo
2162 5526 2400 5603 datam3
2442 5524 2707 5587 includit
2746 5533 2956 5589 autem
2995 5528 3103 5590 illa
3144 5549 3283 5593 sen·
