3900 6217
661 446 830 499 SECT.
867 448 928 501 n.
963 449 1046 500 AN
1081 449 1463 504 PRAEcsspruu
1498 451 1806 504 canonum
1841 449 1938 502 Sl'r
1972 449 2287 503 sanemus
2320 449 2625 511 vffl'rU'rls,
2662 447 2797 500 mc,

195 551 419 614 lominus
453 547 726 629 proxima
751 549 970 628 regula
1001 557 1215 613 contra
1237 570 1428 632 quam
1454 557 1686 634 peccat,

193 653 264 707 est
285 640 717 724 supernaturale
745 648 1120 722 praeceptum
1137 661 1157 723 3
1207 646 1366 708 ratio
1395 664 1540 708 vcro
1581 664 1692 707 na·

193 735 368 798 taralis
385 753 443 795 se
463 733 640 794 babet
663 742 924 820 remote,
965 743 1028 798 et
1055 744 1352 818 tanquam
1377 740 1693 821 applicans

191 827 662 910 supernaturalem
687 829 996 909 regulam,
1019 835 1082 893 et
1099 833 1236 894 idco
1265 833 1478 894 dicunt
1495 833 1692 896 Theo·

189 925 288 1002 logi
315 943 410 1002 per
437 922 552 984 tale
578 930 894 1002 peccatum
917 944 1026 1004 per
1050 943 1116 986 se
1138 927 1342 1006 primo
1365 929 1564 988 averti
1581 929 1693 990 ho-

189 1019 384 1078 minem
408 1034 442 1076 a
459 1017 578 1076 Deo
604 1015 728 1079 fine
747 1019 1224 1096 supernaturali,
1251 1027 1698 1100 consequenter

187 1113 342 1172 etiam
372 1111 556 1170 averti
583 1128 622 1169 a
649 1110 772 1171 Deo
799 1110 926 1172 fine
953 1112 1260 1190 naturali3
1289 1113 1695 1176 nihilominus

187 1211 358 1264 tamen
385 1201 612 1262 malitia
656 1221 782 1263 una
829 1209 948 1280 est,
993 1205 1140 1285 quia
1177 1224 1253 1266 cx
1287 1207 1571 1286 proxima
1597 1224 1693 1269 re-

185 1297 303 1374 gula
336 1295 623 1371 sumitur,
667 1298 952 1375 quamvis
995 1297 1342 1360 eminenter
1376 1305 1579 1360 totum
1629 1300 1694 1362 id

185 1387 468 1450 contineat.
523 1387 628 1450 Est
667 1389 973 1468 optimum
1020 1391 1374 1472 exemplum
1399 1393 1468 1454 in
1503 1391 1696 1454 viola-

183 1483 318 1542 tione
353 1480 498 1558 legis
525 1480 858 1544 humanae:
903 1501 1052 1544 nam
1105 1504 1216 1564 per
1261 1486 1432 1548 illam
1484 1503 1695 1546 couse—

183 1579 400 1653 quenter
428 1572 692 1634 violatur
715 1574 820 1636 lex
846 1575 952 1638 illa
999 1578 1318 1654 naturalis,
1344 1597 1480 1658 quae
1518 1596 1699 1658 supe-

181 1667 406 1728 rioribus
431 1666 678 1728 obedire
699 1669 1018 1748 praecipit,
1051 1670 1460 1733 nihilominus
1483 1678 1696 1732 tamen

183 1761 378 1820 malitia
403 1779 524 1822 una
541 1767 657 1838 est,
684 1762 835 1841 quia
861 1781 986 1824 una
1003 1763 1192 1826 etiam
1217 1772 1306 1826 est
1317 1765 1538 1844 regula
1561 1782 1697 1844 pro-

179 1857 314 2006 3i1na
337 1855 465 1916 talis
493 1863 708 1934 actus3
751 1856 838 1920 ita
865 1857 1053 1920 etiam
1077 1859 1146 1922 in
1167 1860 1457 1940 praesenti
1489 1859 1700 1922 dicen-

213 1967 298 2008 um
321 1955 422 2010 eat.

753 2185 967 2240 sssc'rlo
1000 2191 1060 2243 11.

190 2375 368 2438 strum
385 2387 756 2462 precaeptum
794 2385 1064 2466 obligans
1103 2387 1188 2448 ad
1218 2387 1568 2450 credendum
1615 2386 1702 2448 sit

235 2472 524 2550 proprium
579 2477 640 2536 et
668 2477 923 2556 speciale
961 2477 1212 2542 virtutis
1251 2480 1420 2562 fidei,
1472 2479 1566 2542 vel
1622 2481 1706 2543 ad

241 2562 396 2625 aliam
423 2565 714 2632 virtutem
731 2571 1056 2652 pertineat.

223 2789 266 2848 1.
289 2786 506 2852 Sensus
519 2794 885 2872 quoescionie
908 2795 1480 2874 exponam-Hm
1503 2815 1700 2875 quaes·

187 2879 252 2938 tio
267 2880 388 2942 licet
409 2901 536 2944 non
561 2885 764 2948 soleat
809 2888 1080 2950 hocloco
1101 2891 1378 2965 tractari,
1409 2891 1566 2950 mihi
1595 2909 1700 2950 ne-

193 2974 392 3036 cessaria
419 2977 550 3038 visa
579 2985 700 3054 est,
741 2986 874 3041 tum
916 2981 996 3042 ad
1033 2983 1318 3044 distincte
1353 2983 1703 3061 intelligen-

195 3067 293 3126 dam
317 3068 468 3132 hanc
497 3072 973 3151 obligationem,
1021 3083 1082 3138 et
1112 3083 1360 3157 peccata
1389 3095 1526 3156 quae
1554 3095 1702 3138 con-

189 3159 422 3224 traillam
463 3167 782 3227 committi
809 3175 1064 3248 possunt
1079 3185 1100 3248 3
1138 3182 1272 3231 tum
1315 3171 1502 3231 etiam
1555 3170 1703 3249 quia

185 3269 280 3312 non
301 3263 452 3317 caret
469 3258 874 3324 difficultate:
896 3263 978 3323 ad
997 3282 1187 3344 quam
1207 3263 1698 3342 intelligendam,

185 3351 232 3404 et
269 3365 494 3412 sensum
543 3355 908 3434 quaestionis
959 3357 1416 3437 explicandum,
1449 3357 1703 3418 adverto

183 3439 380 3504 duobus
410 3447 611 3508 modis
661 3467 842 3528 posse
891 3451 1163 3531 aliquem
1205 3458 1414 3514 actum
1461 3452 1706 3512 virtutis

181 3533 358 3596 cadere
379 3538 490 3600 sub
519 3558 933 3622 praeceptum:
961 3547 1166 3626 primo
1192 3563 1302 3626 per
1327 3565 1414 3621 se,
1447 3553 1510 3608 et
1541 3565 1618 3606 ex
1642 3545 1706 3605 vi

177 3625 290 3685 talis
309 3631 575 3706 virtutis;
610 3635 776 3696 sicut
803 3647 974 3698 actus
998 3639 1251 3717 jejunii,
1279 3640 1454 3700 verbi
1481 3641 1701 3718 gratia,

179 3721 386 3794 quando
416 3726 784 3807 praecipitur
824 3731 1072 3809 speciali
1095 3739 1158 3792 et
1203 3734 1450 3812 proprio
1483 3749 1702 3812 proece-

177 3821 260 3886 pto
287 3859 306 3888 ‚
349 3818 577 3898 obligat
621 3823 796 3884 intra
844 3826 1147 3886 rationem
1187 3827 1432 3886 virtutis
1468 3832 1702 3903 tempe·-

175 3909 382 3987 rantiae3
411 3916 664 3992 qnando
705 3935 858 3978 vero
895 3919 1056 3980 cadit
1088 3919 1206 3980 sub
1261 3919 1702 3997 obligationem

177 4001 340 4063 solum
365 4025 436 4068 cx
477 4017 652 4085 voto,
697 4011 796 4074 vel
824 4011 1200 4088 obedientia,
1240 4013 1338 4074 vel
1379 4031 1456 4073 ex
1511 4031 1699 4091 pecu·-

177 4091 287 4154 liari
328 4105 686 4166 necessitate
753 4107 832 4166 ad
893 4107 1262 4167 servandam
1317 4107 1656 4167 castitatem
1675 4151 1697 4182 ,

177 4195 294 4250 tunc
315 4211 435 4254 non
480 4215 554 4258 ex
591 4199 658 4258 vi
707 4201 1158 4278 temperantiae,
1204 4199 1311 4261 sed
1357 4200 1695 4278 religionis,

177 4279 498 4349 obedientiasv
527 4297 642 4350 aut
665 4293 966 4353 castitatis
990 4294 1192 4354 oritur
1218 4293 1358 4354 talis
1373 4292 1696 4370 obligati0.

177 4375 248 4435 Ex
281 4399 390 4458 qua
431 4385 787 4447 differentia
829 4391 1026 4448 oritur
1069 4389 1212 4463 alia,
1251 4387 1400 4467 quia
1421 4387 1700 4466 quandiu

177 4482 424 4544 peccatur
473 4486 696 4540 contra
755 4487 1136 4560 praeceptum
1193 4483 1377 4562 primi
1428 4481 1698 4558 geueriS,

177 4570 544 4634 committitur
587 4573 834 4636 malitia
879 4575 1306 4655 temperantiae
1347 4575 1696 4635 contraria:

179 4655 230 4714 in
253 4666 552 4738 posteriori
573 4674 790 4729 autem
821 4670 1004 4730 modo
1024 4669 1226 4729 solum
1251 4673 1538 4747 peccatur
1555 4686 1701 4730 con-

179 4757 256 4812 tra
285 4757 662 4837 religionem,
695 4763 790 4823 vel
842 4762 1280 4837 obedientiam,
1326 4761 1426 4822 vel
1456 4764 1701 4822 castita-

181 4851 304 4922 tcm,
326 4851 418 4909 vel
441 4856 507 4913 in
527 4856 892 4916 universum
913 4863 1127 4918 contra
1144 4855 1318 4917 illam
1339 4856 1636 4916 virtutem
1663 4874 1702 4916 a

181 4957 280 5016 qna
303 4945 485 5007 oritur
513 4947 838 5026 obligat-ic.

247 5038 297 5096 2.
335 5037 514 5102 Ratio
541 5043 880 5104 dubitandi.
903 5075 986 5088 -—
1003 5043 1160 5104 Hinc
1184 5042 1380 5104 oritur
1407 5043 1567 5103 ratio
1589 5043 1701 5102 du·

183 5127 386 5193 bitandi
417 5135 482 5195 iu
512 5137 828 5216 proposita
849 5138 1222 5215 quaestione:
1261 5137 1508 5196 videtur
1534 5139 1700 5197 enim

185 5225 318 5300 quod
343 5226 628 5306 obligatio
669 5228 750 5290 ad
787 5229 1164 5290 credendum
1191 5247 1436 5308 semper
1467 5230 1702 5291 oriatur

185 5335 244 5376 ex
271 5319 376 5381 alia
397 5322 640 5397 virtute,
679 5330 744 5383 et
763 5341 892 5384 non
921 5341 999 5384 ex
1019 5324 1168 5408 ipsa
1197 5322 1342 5399 fide,
1379 5329 1441 5384 et
1485 5341 1700 5384 conse-

187 5422 410 5487 quenter
433 5416 594 5495 qumi
627 5423 1007 5495 praeceptum
1028 5415 1173 5477 fidei
1206 5434 1336 5478 nou
1362 5417 1444 5478 sit
1473 5417 1704 5496 specia-

187 5499 252 5576 le,
271 5507 362 5567 scd
383 5527 728 5586 commune,
752 5527 858 5570 seu
881 5517 1100 5589 potens
1122 5511 1430 5590 pertinere
1450 5511 1530 5571 ad
1549 5509 1704 5572 alias

189 5598 428 5662 virtutes.
459 5603 756 5664 Probatur
781 5610 1189 5682 assumptum,
1233 5606 1382 5684 quia
1409 5604 1561 5665 fides
1589 5604 1702 5665 du-

3214 443 3332 508 365

1769 550 2015 632 pliciter
2045 550 2420 614 considerari
2440 557 2666 630 potest,
2694 549 2949 626 scilicet,
2980 549 3081 611 vel
3104 556 3174 612 ut
3199 569 3335 632 spe-

1771 642 2058 712 culativa,
2090 643 2155 705 id
2179 649 2293 719 est,
2330 649 2401 704 ut
2436 661 2606 704 mere
2638 642 2959 704 ordinatur
3000 642 3081 704 ad
3126 645 3336 722 cogni·-

1771 739 2008 802 tionem
2048 747 2301 819 propter
2334 737 2772 817 cognitionem,
2798 735 2895 796 vel
2919 743 2989 796 ut
3038 739 3331 817 practica,

1773 834 1840 894 id
1867 842 1984 910 est,
2015 841 2087 894 ut
2112 833 2437 894 ordinatur
2462 831 2543 892 ad
2572 848 2746 910 opus.
2774 830 2971 891 Priori
2996 832 3182 893 modo
3206 849 3334 894 non

1773 927 2022 988 videtur
2048 927 2267 988 cadere
2297 925 2411 986 sub
2434 929 2845 1004 praeceptum:
2875 926 3201 1004 posteriori
3228 945 3337 986 an·

1775 1025 1903 1082 tem
1945 1017 2128 1081 modo
2156 1019 2321 1080 cadit
2354 1018 2469 1078 sub
2498 1017 2817 1096 praeceptis
2845 1016 3110 1079 aliarum
3140 1020 3335 1082 virtu·

1774 1119 1934 1174 tum.
1970 1113 2273 1174 Probatur
2299 1111 2503 1172 minor
2530 1111 2731 1190 quoad
2767 1111 3037 1191 priorem
3068 1119 3331 1192 partem,

1772 1207 1920 1286 quia
1947 1207 2151 1268 omnis
2186 1203 2482 1284 obligatio
2509 1204 2797 1284 praecepti
2828 1210 2918 1265 est
2948 1205 3234 1268 moralis:
3265 1206 3337 1268 fi-

1773 1299 1880 1359 des
1901 1305 2136 1374 autem,
2168 1304 2477 1379 quatenus
2500 1298 2901 1377 speculativa,
2931 1305 3024 1360 est
3048 1317 3215 1360 mere
3242 1300 3336 1360 in·-

1772 1391 2171 1466 tellectualis3
2222 1411 2371 1471 ergo
2418 1397 2493 1452 ut
2536 1393 2625 1452 sic
2668 1410 2794 1453 non
2840 1393 3003 1454 cadit
3049 1393 3165 1454 sub
3196 1412 3337 1472 pro-

1775 1486 1983 1565 prium
2026 1491 2426 1565 praeceptum.
2481 1487 2555 1546 Et
2594 1484 2999 1548 confirmatur
3045 1506 3083 1548 a
3120 1486 3333 1563 simili,

1777 1579 1924 1656 quia
1957 1578 2259 1640 naturalis
2306 1579 2577 1656 cognitio
2606 1578 2705 1640 vel
2732 1581 3015 1656 scientia,
3060 1588 3130 1642 ut
3156 1582 3337 1644 intel·

1775 1671 2054 1732 lectualia
2074 1679 2191 1747 cst,
2242 1690 2369 1732 non
2398 1673 2563 1733 cadit
2606 1673 2721 1733 sub
2767 1675 3087 1753 proprium
3114 1694 3336 1755 praece-

1779 1771 1981 1844 ptum,
2038 1772 2109 1826 ut
2160 1767 2371 1828 docuit
2418 1767 2801 1842 altisiodor„
2848 1768 3007 1828 libro
3065 1771 3335 1832 secundo

1781 1861 2048 1934 Summ„
2074 1866 2335 1921 tractatu
2363 1862 2461 1936 19,
2486 1878 2619 1939 cap.
2646 1863 2707 1934 2,
2730 1871 2944 1940 quaest.
2970 1865 3029 1938 1,
3052 1863 3127 1922 ad
3156 1881 3338 1942 quar-

1777 1959 1938 2028 tum,
1990 1953 2101 2014 ubi
2152 1960 2596 2032 consequenter
2650 1955 2738 2014 ait
2787 1954 3229 2031 ignorantiam,
3270 1964 3339 2017 ut

1777 2047 2051 2108 scientiae
2080 2047 2449 2126 oppositam,
2494 2063 2623 2106 non
2641 2065 2773 2108 esse
2816 2047 3080 2126 speciale
3128 2067 3337 2127 pecca·

1779 2147 1942 2214 tum,
1986 2140 2135 2220 quia
2190 2141 2267 2201 de
2311 2140 2663 2218 cognitione
2715 2158 2826 2220 per
2870 2158 2934 2201 se
2978 2159 3109 2202 non
3156 2141 3341 2204 datur

1779 2240 2189 2314 praeeeptum3
2219 2241 2281 2295 et
2300 2233 2585 2296 similiter
2600 2233 2927 2311 Cajetanus
2948 2237 3004 2294 1.
3030 2237 3092 2306 2,
3116 2241 3333 2314 quaest.

1782 2328 1883 2401 76,
1913 2337 2034 2388 art.
2062 2333 2124 2404 2,
2161 2329 2321 2390 dixit
2372 2328 2585 2389 virtuti
2628 2327 3030 2389 intellectuali
3078 2347 3205 2390 non
3231 2348 3339 2408 op·

1783 2422 1932 2502 poni
1956 2421 2193 2484 morale
2216 2427 2570 2502 peccatum3
2602 2437 2753 2499 ergo
2780 2437 2899 2482 nec
2922 2421 3001 2482 de
3026 2421 3135 2482 illa
3157 2421 3340 2483 datur

1779 2514 2017 2577 morale
2048 2521 2453 2594 praeceptiim3
2485 2515 2611 2575 imo
2633 2513 2709 2575 dc
2738 2515 2873 2592 ipsa
2899 2513 3231 2594 prudentia
3250 2514 3340 2574 di·-

1781 2614 1932 2668 cunt
1954 2609 2137 2670 multi
2161 2608 2455 2688 Theologi
2488 2626 2616 2668 non
2654 2606 2790 2668 dari
2828 2608 3091 2686 speciale
3117 2626 3341 2687 praece-

1779 2707 1983 2780 ptum,
2013 2701 2161 2780 quia
2206 2701 2635 2762 intellectualis
2667 2710 2777 2777 est,
2810 2706 2874 2761 et
2918 2706 3131 2762 contra
3166 2701 3339 2761 illam

1781 2812 1909 2854 non
1941 2802 2249 2872 peccatur,
2284 2795 2409 2856 nisi
2446 2794 2753 2874 peccando
2801 2800 3015 2854 contra
3066 2794 3340 2874 aliquam

1781 2887 1971 2948 aliam
2000 2888 2295 2949 virtutem
2334 2887 2632 2948 moralem
2677 2885 3035 2962 voluntatis,
3074 2878 3185 2947 s'eu
3234 2905 3343 2966 ap-

1783 2982 2036 3062 petitus,
2056 2987 2127 3042 ut
2152 2981 2275 3042 late
2304 2981 2524 3061 probat
2550 2981 2823 3059 Vasquez
2846 2981 2902 3042 1.
2930 2983 2993 3054 2,
3017 2980 3173 3060 disp.
3198 2983 3338 3057 119,

1783 3093 1838 3135 c.
1873 3079 1934 3135 2.
1978 3075 2191 3138 Altera
2225 3093 2371 3136 vero
2396 3093 2538 3154 pars
2566 3074 2825 3135 minoris
2850 3073 3167 3153 probatur,
3195 3075 3342 3155 quia

1782 3170 1834 3229 si
1875 3168 2027 3230 fides
2054 3169 2473 3230 consideretur
2504 3173 2572 3228 ut
2612 3167 2953 3228 necessaria
2996 3167 3078 3228 ad
3124 3186 3341 3229 aman-

1781 3263 1934 3324 dum
1958 3264 2180 3337 Deum,
2200 3262 2495 3340 obligatio
2520 3261 2597 3321 ad
2618 3259 2790 3322 illam
2820 3261 3056 3322 orietur
3083 3278 3161 3323 ex
3190 3279 3340 3342 prae·

1783 3363 1957 3435 cepto
1984 3355 2301 3416 charitatis
2314 3372 2335 3432 3
2372 3357 2423 3416 si
2450 3375 2598 3416 vero
2623 3357 2702 3415 sit
2730 3354 3073 3416 necessaria
3102 3354 3183 3416 ad
3209 3356 3341 3415 vin-

1786 3450 2071 3522 cendam,
2112 3450 2285 3511 verbi
2340 3451 2563 3530 gratia,
2620 3451 3023 3511 tentationem
3079 3448 3345 3509 castitati

1785 3545 2183 3620 contrariam,
2202 3545 2384 3623 juxta
2408 3544 2562 3606 illud
2587 3547 2625 3605 2
2647 3545 2805 3606 Petri
2836 3544 2904 3603 5:
2936 3540 3051 3604 Oui
3078 3541 3346 3605 resistite

1783 3641 1972 3715 sortes
1999 3639 2069 3698 in
2094 3639 2243 3714 fide,
2276 3645 2339 3700 et
2362 3638 2513 3698 illud
2542 3638 2621 3700 ad
2648 3637 2872 3716 Ephes.
2900 3637 2975 3696 6:
3026 3635 3344 3700 Samarites

1785 3736 2023 3814 scutum
2044 3733 2211 3810 fidei,
2249 3732 2337 3792 sic
2364 3731 2661 3810 obligatio
2688 3730 2975 3816 credendi
3004 3731 3237 3790 orietur
3266 3747 3343 3790 ex

1781 3830 2087 3902 praecepto
2116 3825 2435 3900 castitatiS,
2472 3831 2535 3885 et
2564 3825 2632 3884 in
2678 3823 3039 3884 universum
3088 3841 3163 3882 ex
3193 3840 3348 3902 prae·

1783 3921 1959 3994 cepto
1978 3915 2144 3976 illius
2173 3917 2441 3993 virtutis,
2468 3923 2685 3978 contra
2720 3935 2907 3996 quam
2947 3921 3187 3994 pugnat
3214 3921 3345 3976 teu·

1782 4008 1957 4068 tatio.
1984 4009 2061 4068 Et
2080 4010 2238 4071 ratio
2274 4011 2577 4088 generalis
2618 4016 2733 4086 est,
2773 4009 2922 4089 quia
2969 4013 3343 4087 praeceptum

1780 4100 2059 4180 obligans
2100 4103 2177 4162 ud
2216 4101 2407 4164 finem
2453 4102 2688 4182 obligat
2740 4105 2929 4164 etiam
2978 4101 3059 4160 ad
3103 4100 3336 4160 media:

1781 4213 1930 4273 ergo
1976 4195 2091 4254 sub
2128 4196 2302 4257 nulla
2350 4197 2593 4258 ratione
2626 4196 2763 4257 dari
2809 4194 3055 4256 videtur
3082 4191 3345 4274 speciale

1783 4294 2163 4368 praeceptum
2184 4289 2353 4350 fidei.

1865 4384 1923 4442 3.
1982 4381 2133 4446 Vera
2154 4383 2440 4445 resolutio
2458 4408 2480 4444 .·
2498 4383 2686 4447 datur
2702 4383 2961 4464 speciale
2976 4387 3345 4461 pra-ceptum

1777 4493 1888 4552 per
1908 4492 1971 4536 se
1995 4475 2267 4556 obliquus
2286 4477 2369 4540 ad
2402 4482 2603 4538 actum
2634 4478 2797 4556 fidei.
2829 4510 2911 4523 —
2934 4475 3121 4539 Ratio
3146 4493 3187 4536 ιι
3206 4492 3345 4556 pos·

1783 4569 2017 4632 teriori.
2048 4601 2131 4616 -
2170 4568 2585 4631 Nihilominus
2614 4571 2945 4632 dicendum
2984 4576 3077 4630 est
3106 4569 3241 4630 dari
3276 4569 3339 4628 in

1785 4661 1901 4722 fide
1927 4662 2189 4742 speciale
2212 4669 2277 4724 et
2302 4662 2622 4743 proprium
2654 4671 3028 4743 praeceptum
3062 4663 3141 4722 ad
3174 4662 3344 4723 illam

1784 4757 2123 4836 pertinenS,
2152 4757 2341 4817 etiam
2389 4762 2459 4816 ut
2500 4757 2751 4835 praecise
2800 4763 3160 4836 spectatam,
3212 4757 3345 4816 sine

1781 4848 2157 4927 obligatione
2184 4849 2450 4909 aliarum
2480 4850 2779 4910 virtutum
2822 4851 3103 4930 proxime
3131 4855 3192 4910 et
3235 4867 3347 4930 per

1781 4963 1844 5004 se
1876 4944 1957 5003 ad
1999 4944 2198 5022 ipsam
2254 4941 2445 5002 fidem
2492 4961 2620 5002 non
2672 4946 3137 5022 pertinentium.
3171 4944 3346 5004 Hanc

1782 5037 2183 5098 assertionem
2238 5037 2523 5096 existimo
2558 5047 2816 5114 certam,
2857 5047 2919 5098 et
2950 5054 3345 5098 communem

1782 5133 2273 5211 Theologorum3
2316 5149 2462 5191 nam
2514 5132 2581 5193 in
2622 5133 2741 5192 hoc
2781 5151 2963 5194 sensu
3004 5133 3347 5210 loquuntur

1783 5227 1860 5287 de
1891 5231 2214 5305 praeceptO,
2236 5242 2381 5284 cum
2404 5224 2723 5286 affirmant
2745 5226 2903 5287 illud
2926 5226 3062 5286 dari
3088 5225 3165 5284 de
3193 5224 3345 5296 fide3

1783 5321 1850 5381 in
1877 5321 2159 5380 terminis
2180 5317 2352 5378 illam
2374 5317 2597 5377 docent
2620 5319 2865 5380 Valent.
2872 5363 2892 5393 ,
2916 5323 2975 5379 2.
3002 5321 3063 5392 2,
3096 5319 3253 5395 disp.
3283 5319 3341 5390 1,

1785 5415 2126 5496 quaestione
2165 5413 2231 5488 2,
2266 5416 2499 5492 puncto
2530 5411 2601 5487 ὃ,
2634 5411 2812 5486 Azor,
2842 5411 3001 5472 libro
3030 5413 3069 5470 8
3096 5410 3346 5472 Institu-

1781 5511 1936 5572 tion.
1968 5507 2211 5582 Mor-al„
2236 5523 2369 5584 cap.
2400 5505 2503 5579 27,
2534 5509 2749 5582 quaest.
2782 5505 2855 5576 ὃς
2884 5503 3137 5578 Sancti„
3170 5503 3279 5564 lib.
3306 5504 3347 5561 2

1783 5603 2091 5682 Decalog.,
2124 5619 2234 5678 cap
2284 5601 2343 5670 1,
2386 5613 2558 5657 uum.
2602 5597 2663 5671 2,
2706 5600 2768 5656 ct
2804 5597 2911 5656 alii
2951 5598 3342 5658 recentiores
