3900 6217
680 439 849 493 SECT.
888 440 969 492 ΙΙΙ.
1004 437 1091 491 ΑΝ
1123 437 1185 491 m
1216 436 1683 491 'temperamus
1714 436 2048 491 TENEATUR
2079 434 2248 488 ΗΟΜΟ
2279 434 2397 487 sim
2429 432 2666 496 POTlUS,
2701 434 2820 485 mc

162 543 385 618 cundo,
415 559 665 623 possum
710 540 877 601 licite
904 538 1161 619 perdere
1202 536 1555 601 membrum
1584 556 1719 599 cor-

164 638 351 719 poriS,
395 654 475 699 ne
503 636 823 717 proximus
854 633 1169 695 occidatur
1182 650 1204 712 3
1233 650 1382 712 ergo
1410 637 1474 695 ει
1501 634 1715 697 vitam.

166 734 335 793 Patet
358 728 817 811 consequentia,
869 728 1015 807 quia
1048 728 1207 789 sicut
1254 747 1381 789 non
1429 746 1567 789 sum
1614 727 1721 789 do-

165 825 373 885 minus
397 824 563 899 vitae,
612 822 701 883 ita
742 841 945 902 neque
980 820 1397 883 membrorum
1427 821 1717 901 corporis,

164 926 223 980 et
244 917 392 998 quia
420 916 729 979 mutilatio
764 918 830 977 in
862 914 1142 977 membro
1180 914 1505 995 principali
1546 914 1721 995 quasi

166 1012 587 1091 aequiparatur
612 1009 832 1082 morti;
865 1008 1031 1071 unde
1072 1027 1201 1071 non
1248 1013 1495 1069 tenetur
1533 1008 1722 1069 homo

164 1106 335 1166 illam
364 1103 497 1185 pati
532 1109 604 1164 ιιι
649 1103 842 1165 vitam
872 1106 1093 1171 servet.
1126 1102 1359 1177 Tertio,
1394 1108 1466 1163 ut
1493 1119 1724 1182 praece-

166 1198 335 1261 denti
393 1197 787 1260 conclusione
840 1196 1219 1257 ostendimus
1242 1243 1263 1273 ,
1323 1214 1453 1257 non
1509 1201 1724 1259 teneor

164 1309 404 1370 semper
432 1296 494 1353 et
526 1290 755 1372 ubique
792 1306 1151 1353 conservare
1194 1290 1411 1366 vitam,
1440 1290 1544 1351 sed
1584 1308 1725 1369 pro-

170 1391 302 1465 pter
328 1384 568 1447 bonum
594 1384 785 1447 finem
826 1401 1076 1463 possum
1103 1401 1241 1445 eam
1280 1384 1599 1456 amittere;
1631 1390 1719 1445 at-

166 1479 271 1559 qui
297 1496 549 1541 servaoe
578 1478 771 1539 vitam
796 1477 1091 1559 proximi,
1121 1478 1309 1539 etiam
1341 1478 1595 1558 aequalis
1621 1497 1723 1541 ex-

168 1572 388 1649 tranei,
416 1578 511 1633 est
529 1572 824 1633 honestus
851 1571 1018 1647 finis,
1044 1577 1107 1634 et
1146 1572 1235 1633 ibi
1258 1572 1585 1633 intercedit
1616 1572 1725 1633 ho-

168 1672 365 1727 nestas
414 1665 804 1728 fortitudinis
862 1672 924 1726 et
966 1665 1318 1754 charitatis3
1363 1686 1511 1747 ergo
1531 1715 1551 1745 ,
1600 1675 1719 1732 etc.

168 1760 337 1823 Unde
366 1760 797 1837 confirmatur,
828 1778 975 1821 nam
1003 1760 1271 1821 charitas
1311 1766 1403 1823 est
1448 1764 1725 1825 amicitia

168 1855 239 1913 ad
263 1871 482 1915 omnes
512 1853 795 1915 homines
818 1854 1167 1935 perfectior,
1206 1872 1393 1933 quam
1416 1856 1495 1917 sit
1522 1858 1725 1918 omnis

168 1947 441 2008 amicitia
467 1946 785 2023 humana;
814 1946 921 2007 sed
958 1947 1025 2007 in
1067 1946 1393 2009 latitudine
1434 1950 1723 2012 amicitiai

168 2040 455 2101 humanas
494 2038 640 2102 lieet
669 2040 802 2121 pati
833 2047 1095 2103 mortem
1144 2059 1223 2103 ne
1252 2041 1489 2105 amicus
1530 2044 1725 2123 patia-

167 2139 287 2207 tur,
322 2142 394 2195 ιιι
441 2134 747 2215 superiori
796 2133 1192 2197 conclusione
1236 2134 1544 2209 diximus3
1578 2154 1725 2216 ergo

170 2230 347 2289 etiam
376 2234 631 2308 propter
667 2226 1169 2306 conjunctionem
1204 2228 1542 2291 charitatis.
1565 2232 1727 2293 Tan-

172 2324 303 2385 dem
349 2323 449 2385 vel
487 2324 557 2384 in
596 2323 1056 2385 conservatione
1083 2322 1226 2383 vitae
1256 2325 1597 2386 attenditur
1619 2324 1727 2385 bo·

172 2434 315 2479 num
358 2415 707 2495 proprium,
739 2422 799 2477 et
842 2414 952 2476 tali
997 2414 1183 2491 bono,
1248 2421 1320 2476 ut
1366 2417 1476 2492 sic,
1528 2424 1730 2497 potest

172 2509 587 2589 unusquisque
629 2508 887 2585 cedere3
928 2507 1026 2569 vel
1071 2507 1306 2568 bonum
1348 2509 1724 2589 reipublicae,

174 2602 261 2663 vel
304 2601 441 2677 Dei,
489 2602 669 2681 cujus
700 2604 792 2662 est
828 2600 981 2675 vita,
1022 2605 1084 2660 et
1124 2601 1191 2661 in
1228 2599 1345 2662 hoc
1368 2602 1553 2663 etiam
1599 2602 1729 2662 vita

174 2695 428 2775 proximi
450 2701 549 2757 est
566 2694 799 2773 oequale
823 2692 1057 2755 bonnm
1070 2710 1092 2771 ;
1113 2712 1263 2774 ergo
1286 2694 1348 2755 in
1372 2714 1517 2755 casu
1540 2714 1727 2775 quem

172 2796 541 2863 tractamus,
595 2806 723 2849 non
770 2788 1144 2867 pervertitur
1187 2789 1336 2850 ordo
1386 2787 1721 2849 charitatis„

175 2882 319 2943 Hinc
347 2881 543 2943 infert
564 2881 837 2943 Victoria
864 2897 991 2940 non
1019 2880 1215 2941 teneri
1250 2881 1523 2960 aliquem
1568 2884 1728 2942 occi-

178 2976 311 3035 dere
338 2975 537 3036 alium
568 2981 638 3035 ut
676 2992 740 3034 se
772 2973 1062 3034 defendat
1083 3018 1103 3049 ,
1134 2973 1239 3035 sed
1274 2991 1447 3054 posse
1473 2976 1727 3052 permit-

178 3072 293 3127 tere
336 3073 406 3127 ut
450 3084 523 3129 se
560 3066 819 3141 occidat,
852 3064 1018 3145 quod
1058 3065 1162 3126 alii
1203 3066 1391 3127 etiam
1430 3066 1728 3145 Theologi

176 3160 533 3239 probarunt.
558 3162 660 3242 (In
690 3160 789 3222 his
816 3166 905 3220 est
929 3158 1157 3221 Molina
1177 3166 1355 3222 tract.
1388 3162 1426 3222 3
1446 3160 1521 3221 de
1540 3160 1696 3223 Just.
1706 3206 1727 3237 ,

174 3255 322 3332 disp.
357 3257 457 3329 ⁴4,
498 3254 693 3315 concl.
719 3256 813 3332 3).

247 3352 302 3411 6.
352 3348 804 3413 Coactus-ionem
858 3366 977 3411 non
1029 3347 1359 3412 admittunt
1399 3348 1730 3411 Dru-andus

170 3448 221 3504 ec
281 3442 673 3505 Paludauus.
719 3474 800 3489 -
824 3442 1069 3505 Eorum
1132 3442 1607 3518 fundamentum.
1650 3474 1730 3487 —

174 3534 591 3611 Confirmatur
646 3535 920 3598 secundo.
954 3567 1039 3581 —
1054 3531 1158 3599 Ad
1193 3534 1557 3616 praedictum
1590 3536 1730 3611 fun-

172 3629 513 3691 damentum
547 3624 754 3710 inepta
790 3628 1119 3709 responsio.
1136 3628 1453 3689 —Contra
1486 3628 1731 3689 conclu-

172 3720 399 3781 sionem
436 3720 610 3781 hanc
648 3726 820 3782 tenet
857 3720 1179 3781 Duraudus
1222 3720 1290 3781 in
1332 3723 1405 3794 4,
1454 3720 1725 3781 distinct.

178 3816 267 3883 17.
298 3833 355 3893 q.
390 3814 467 3887 ὃς
502 3819 567 3875 ει
590 3812 961 3889 Paludanus,
988 3830 1048 3893 q.
1085 3817 1144 3890 1,
1176 3819 1289 3875 art.
1323 3816 1383 3888 6,
1416 3817 1478 3875 et
1510 3814 1731 3875 melius

175 3906 435 3969 distinct.
486 3908 589 3982 15,
628 3924 691 3985 q.
740 3908 799 3981 3,
832 3926 899 3968 n.
946 3910 1045 3983 13,
1092 3907 1199 3967 ubi
1226 3906 1409 3969 divus
1434 3907 1725 3981 Thomas,

176 4006 382 4078 quaest.
439 4004 503 4075 2,
557 4006 673 4061 art.
717 4004 770 4074 i,
816 4000 967 4061 dicit
1001 4016 1131 4061 esse
1182 4005 1395 4061 contra
1446 3998 1729 4060 ordinem

176 4092 485 4154 charitatis
536 4093 685 4155 dare
736 4092 919 4155 alteri
962 4097 1233 4154 extreme
1268 4092 1619 4171 indigenti,
1666 4091 1731 4151 id

176 4202 292 4264 quc
330 4205 447 4265 ego
490 4187 679 4248 etiam
726 4192 1000 4247 extreme
1056 4185 1305 4264 indigeo
1326 4201 1346 4263 3
1380 4186 1541 4246 idem
1573 4185 1732 4245 indi-

177 4284 267 4338 cat
296 4282 356 4341 2.
388 4282 451 4354 2,
488 4285 703 4360 quaest.
753 4281 854 4359 32.
899 4285 1019 4359 art.
1066 4282 1103 4342 6
1155 4286 1217 4340 ct
1260 4282 1323 4354 9,
1374 4284 1590 4359 quoest.
1623 4278 1726 4355 64,

178 4378 289 4433 art.
318 4376 377 4445 7,
402 4379 591 4453 atque
617 4370 903 4434 nonnulli
931 4390 1008 4434 ex
1038 4369 1483 4433 recentioribus
1512 4374 1529 4409 ¹
1552 4387 1573 4448 ;
1604 4377 1732 4431 tra-

178 4465 537 4547 dideratque
560 4466 965 4547 Augustinus,
997 4467 1063 4527 in
1088 4466 1247 4527 libro
1274 4465 1351 4527 de
1378 4466 1728 4541 Mendacio,

178 4575 230 4617 c.
255 4560 313 4619 6.
336 4560 519 4623 Ratio
546 4566 660 4635 est,
700 4560 847 4639 quia
884 4577 959 4621 ex
1003 4559 1220 4620 ordine
1252 4556 1591 4633 charitatis,
1620 4576 1732 4618 ειε-

177 4653 318 4711 teris
360 4652 634 4731 paribus,
680 4652 879 4731 magis
907 4651 1241 4714 inclinatur
1287 4651 1473 4713 homo
1522 4650 1603 4711 ad
1638 4650 1733 4711 sui

179 4745 567 4809 dilectionem
614 4766 802 4827 quam
844 4746 1097 4807 alterius
1114 4791 1135 4821 ,
1176 4750 1239 4805 et
1277 4744 1419 4824 quia
1474 4751 1569 4807 est
1614 4743 1733 4804 sibi

180 4840 371 4917 magis
428 4840 813 4919 conjunctus,
866 4846 929 4901 et
973 4840 1121 4919 quia
1167 4838 1485 4900 inclinatio
1526 4844 1589 4899 et
1633 4838 1734 4900 lex

182 4928 489 4993 eharitatis
518 4939 609 4995 est
636 4938 1047 4995 consentanea
1089 4936 1337 4993 naturas
1366 4936 1529 4993 recte
1559 4930 1728 4991 insti·

182 5026 357 5099 tntae;
414 5024 753 5085 secundum
808 5030 1039 5087 rectam
1106 5028 1318 5085 autem
1373 5023 1677 5084 rationem
1708 5066 1729 5097 ,

184 5116 523 5179 amicabilia
561 5118 643 5181 ad
679 5118 939 5183 alterum
968 5117 1252 5181 oriuntur
1290 5135 1359 5180 em
1402 5115 1733 5181 amicabili-

182 5207 285 5270 bus
316 5212 397 5273 ad
437 5230 537 5285 se,
585 5216 657 5271 ut
706 5210 951 5290 scripsit
986 5209 1365 5285 Aristoteles,
1415 5212 1455 5270 9
1502 5209 1730 5285 Ειὶιίε.,

184 5318 311 5381 cap.
342 5306 405 5380 4,
436 5305 635 5367 initio,
660 5304 1075 5365 confirmatur
1103 5305 1326 5383 primo,
1359 5303 1504 5382 quia
1534 5303 1732 5381 magis

269 5492 289 5527 ¹
331 5491 495 5551 Inter
532 5491 645 5554 hos
682 5495 964 5552 censetur
991 5489 1263 5565 Valent„
1296 5494 1341 5549 t.
1372 5491 1433 5567 3,
1474 5488 1633 5568 disp.
1666 5491 1729 5566 3,

188 5598 245 5659 q.
276 5583 336 5659 4,
366 5590 575 5664 punct.
610 5588 672 5663 3,
706 5590 841 5667 post
874 5584 1121 5646 tertiam
1146 5584 1570 5645 assertionem.

3239 426 3358 489 713

1799 544 1891 599 est
1928 537 2263 616 unicuique
2311 535 2684 597 demandata
2733 552 2882 595 cura
2924 532 3170 596 tuendas
3211 534 3360 597 vitae

1798 631 2061 713 propriae
2116 648 2302 710 quam
2360 630 2596 693 alienae.
2663 628 2965 704 Secundo,
3019 628 3166 708 quia
3205 635 3358 690 tunc

1800 726 2117 788 moraliter
2135 724 2357 805 aliquis
2384 742 2448 785 se
2469 724 2792 798 occideret,
2823 724 2970 804 quia
2996 742 3061 785 se
3090 724 3361 803 privaret

1800 820 2006 882 medio
2035 819 2373 881 necessario
2397 818 2476 880 ad
2504 817 2697 879 vitam
2727 816 3232 879 conservandam.
3264 816 3360 878 Ad

1802 914 2108 975 rationem
2148 913 2310 975 hanc
2349 930 2464 994 pro
2505 912 2796 975 Durando
2831 923 2893 973 et
2931 909 3243 972 Paludano
3272 912 3360 973 al-

1802 1008 2016 1083 latam,
2049 1008 2301 1089 quidam
2333 1006 2733 1087 respondent,
2779 1007 2847 1067 in
2885 1006 2992 1067 illo
3034 1024 3178 1067 casu
3233 1024 3362 1068 non

1808 1107 2052 1163 tantum
2081 1101 2371 1182 praeferre
2403 1102 2674 1181 aliquem
2712 1101 2903 1161 vitam
2931 1099 3183 1163 alterins
3217 1100 3362 1161 vitas

1804 1199 2086 1279 propriae,
2136 1197 2242 1259 sed
2275 1195 2462 1258 simul
2509 1196 2698 1257 etiam
2755 1186 3036 1257 exercer'e
3089 1195 3361 1256 officium

1803 1291 2089 1352 virtutis:
2117 1308 2262 1352 nam
2308 1296 2550 1351 exercet
2594 1295 2804 1351 actum
2833 1288 3266 1351 misericordiae
3299 1295 3362 1351 ει

1802 1384 2218 1460 fortitudinis;
2245 1384 2351 1447 sed
2371 1383 2506 1445 haec
2531 1383 2756 1444 solutio
2783 1383 2936 1462 petit
2963 1382 3361 1462 principium,

1804 1498 1957 1542 nam
1987 1481 2063 1541 de
2094 1480 2214 1543 hoc
2241 1487 2333 1543 est
2359 1479 2641 1561 quaestio,
2666 1497 2748 1565 an
2775 1478 2857 1539 sit
2898 1477 3054 1538 illud
3093 1478 3366 1539 officium

1805 1577 2073 1639 virtutis.
2108 1577 2258 1639 Item
2303 1576 2452 1655 quia
2499 1574 2621 1637 sibi
2665 1574 2856 1635 etiam
2911 1571 3236 1635 subvenire
3275 1577 3366 1632 est

1804 1670 2073 1731 officium
2117 1669 2454 1733 charitatis·

1886 1768 1944 1827 7.
2008 1764 2160 1832 Vera
2185 1764 2511 1845 responsio.
2531 1761 2729 1827 -Ad
2753 1760 3018 1843 primam
3047 1760 3368 1837 confirma-

1806 1860 2048 1923 tionem.
2086 1890 2167 1905 --
2203 1856 2307 1921 Ad
2352 1857 2672 1922 secundam
2725 1855 3263 1933 confirmationem.
3286 1884 3370 1899 —

1806 1952 2144 2013 Dicendum
2174 1958 2266 2013 est
2306 1968 2478 2029 ergo,
2502 1950 2738 2013 caeteris
2779 1947 3054 2029 paribus,
3081 1964 3210 2008 non
3237 1963 3366 2007 esse

1804 2044 2066 2105 dubium
2117 2044 2273 2125 quin
2317 2043 2657 2105 secundum
2711 2042 2994 2105 ordinem
3051 2038 3368 2101 charitatis

1806 2138 1887 2199 sit
1927 2138 2152 2199 melius
2195 2136 2524 2199 subvenire
2555 2136 2672 2197 sibi
2688 2181 2710 2212 ,
2759 2152 2948 2215 quam
2987 2131 3148 2196 aliis.
3191 2130 3368 2193 Unde

1808 2232 1857 2293 si
1888 2230 2004 2293 hac
2033 2230 2384 2311 aequalitate
2421 2229 2742 2304 existente,
2775 2228 2908 2289 sine
2939 2226 3062 2287 alia
3100 2225 3362 2299 ratione,

1808 2326 1943 2404 quis
1971 2324 2356 2405 permitteret
2376 2341 2554 2385 suam
2577 2327 2918 2383 extremam
2941 2319 3366 2381 necessitatem

1808 2423 2059 2497 propter
2085 2416 2378 2494 alienam,
2411 2415 2666 2479 fortasse
2693 2416 2902 2476 minus
2923 2412 3082 2475 bene
3111 2412 3362 2486 faceret,

1806 2517 1870 2571 et
1922 2511 2132 2572 forsan
2169 2515 2484 2591 peccaret,
2538 2527 2667 2571 non
2715 2513 2926 2569 tamen
2944 2552 2964 2582 ,
3023 2511 3095 2566 ut
3139 2504 3322 2565 credo
3342 2548 3364 2579 ,

1809 2602 2174 2675 mortaliter,
2207 2603 2352 2683 quia
2385 2602 2536 2664 ordo
2563 2600 2902 2675 charItatis,
2946 2598 3194 2679 quando
3238 2615 3366 2657 non

1808 2704 1901 2759 est
1936 2715 2202 2775 magnus
2229 2713 2533 2771 ειεεεειιε,
2562 2699 2758 2775 potest
2795 2691 3190 2773 praetermitti
3233 2691 3366 2751 sine

1809 2788 2081 2865 mortali,
2130 2794 2194 2851 et
2241 2794 2527 2850 censetur
2553 2806 2650 2849 res
2678 2786 2864 2860 levis,
2911 2791 2975 2847 et
3009 2784 3208 2845 solum
3251 2784 3367 2845 hoc

1807 2882 1926 2943 sibi
1955 2881 2153 2943 voluit
2179 2881 2561 2961 Augustinus
2588 2879 2694 2941 illo
2727 2898 2780 2940 c.
2807 2882 2879 2955 63
2909 2883 2973 2938 et
2995 2876 3174 2939 divus
3201 2876 3368 2937 Tho-

1808 2993 1965 3050 mas,
1996 2976 2064 3035 in
2097 2974 2246 3035 locis
2274 2974 2496 3035 citatis.
2529 2974 2596 3035 Si
2625 2979 2834 3034 tamen
2861 2989 2990 3032 non
3027 2976 3120 3031 est
3158 2988 3366 3050 aequa-

1811 3065 1974 3143 litas,
2005 3070 2068 3127 et
2101 3073 2195 3129 est
2225 3064 2434 3146 aliqua
2455 3066 2614 3127 ratio
2641 3064 2899 3126 honesta
2926 3063 3002 3123 ad
3035 3062 3366 3143 praeferen-

1809 3160 1952 3221 dam
1990 3160 2183 3221 vitam
2208 3159 2510 3240 proximi,
2539 3163 2611 3219 ut
2643 3157 2841 3235 major
2866 3156 3076 3236 aliqua
3105 3155 3364 3230 utilitas,

1808 3254 1909 3315 vel
1936 3260 2102 3315 certe
2135 3254 2294 3315 ratio
2321 3251 2740 3331 gratitudiniS,
2779 3268 2852 3313 ac
2888 3251 3122 3312 intimae
3155 3249 3368 3311 amici-

1810 3348 1938 3423 tiae,
1971 3347 2210 3408 nullum
2255 3347 2372 3407 erit
2409 3351 2753 3426 peccatum,
2797 3349 2860 3406 ει
2889 3344 3202 3405 interdum
3241 3343 3366 3404 for-

1808 3445 1970 3501 tasse
1998 3441 2116 3501 erit
2137 3456 2286 3519 opus
2313 3438 2560 3499 virtutis
2596 3436 3062 3499 excellentIoriS.
3086 3436 3262 3499 Unde
3289 3436 3368 3497 ad

1811 3535 2077 3614 primam
2127 3532 2658 3595 confirmationem
2689 3576 2705 3605 ,
2756 3530 3094 3611 respondeo
3139 3548 3368 3610 praece-

1811 3634 1990 3709 ptum
2019 3627 2336 3689 charitatis
2375 3625 2650 3705 obligare
2674 3624 2861 3686 etiam
2888 3625 2969 3685 ad
2998 3642 3369 3686 conservan-

1812 3722 1960 3783 dam
1985 3722 2178 3783 vitam
2213 3720 2555 3800 propriam,
2592 3725 2653 3780 et
2680 3718 2946 3799 proximi
2962 3733 2984 3796 3
3015 3718 3094 3779 ad
3122 3736 3368 3797 compa·

1808 3815 2110 3876 rationem
2153 3822 2361 3875 autem
2403 3812 2578 3874 illam
2615 3830 2742 3873 non
2788 3810 3021 3889 obligat
3055 3810 3168 3871 sub
3206 3828 3370 3872 mor-

1809 3908 1919 3970 tali
1936 3924 1958 3985 ;
1989 3914 2050 3968 et
2092 3926 2233 3968 cum
2261 3907 2344 3967 sit
2367 3905 2832 3980 affirmativum,
2863 3904 3052 3965 etiam
3091 3921 3218 3963 non
3255 3920 3369 3983 pro

1810 4020 2052 4081 semper
2078 4001 2333 4079 obligat.
2376 4000 2464 4061 Ad
2501 3998 2836 4061 secundam
2864 4004 3129 4077 negatur
3153 4016 3369 4077 seque-

1810 4094 1893 4168 la,
1927 4095 2074 4174 quia
2103 4113 2230 4155 non
2267 4094 2410 4155 satis
2437 4098 2528 4154 est
2554 4110 2728 4172 posse
2755 4109 3120 4153 conservare
3147 4090 3365 4167 vitam,

1810 4188 1914 4249 sed
1936 4193 2178 4267 oportet
2209 4188 2396 4249 etiam
2433 4186 2656 4261 teneri,
2690 4192 2761 4245 ut
2781 4190 3099 4247 censeatur
3121 4201 3185 4245 εε
3212 4185 3369 4245 occi-

1812 4282 1980 4356 dere,
2020 4280 2127 4360 qui
2177 4280 2454 4341 medium
2500 4277 2913 4341 necessarium
2967 4277 3220 4338 omittit.
3251 4276 3370 4339 Ubi

1814 4374 2258 4437 advertendum
2303 4380 2394 4435 est
2429 4373 2774 4436 cavendum
2801 4389 2954 4447 esse,
2987 4389 3066 4434 ne
3101 4372 3370 4433 interce-

1813 4468 1919 4531 dat
1952 4470 2216 4550 positiva
2241 4468 2422 4541 actio,
2454 4484 2580 4547 qua
2617 4466 2840 4547 aliquis
2885 4471 3246 4546 cooperetur
3275 4465 3370 4525 di-

1813 4570 1978 4625 recte
2006 4581 2134 4623 suee
2165 4562 2374 4636 morti,
2410 4566 2480 4621 ut
2506 4580 2720 4623 revera
2746 4564 3100 4621 censeretur
3126 4558 3370 4619 morali-

1816 4662 1908 4719 ter
1938 4656 2276 4735 cooperari,
2305 4654 2598 4733 illamque
2627 4653 2808 4730 velle,
2841 4652 2951 4732 qui
2981 4652 3215 4731 absque
3242 4670 3374 4713 ma-

1809 4750 1929 4828 jori
1987 4748 2180 4823 bono,
2235 4748 2340 4809 scd
2401 4753 2646 4807 tantum
2701 4746 2780 4807 ad
2837 4744 3128 4807 tuendam
3179 4745 3374 4805 vitam

1816 4842 2067 4922 aequalis
2114 4841 2212 4901 vel
2239 4840 2547 4902 inferioris
2593 4858 2888 4920 personae,
2929 4844 3102 4901 extra
3137 4838 3375 4919 pericu-

1815 4936 1947 4996 lum
1976 4936 2118 4995 vitoe
2149 4935 2404 5014 posituS,
2426 4933 2774 4996 certissimae
2798 4933 2983 4994 morti
3009 4951 3072 4993 εε
3097 4932 3368 4995 dederet.

1814 5027 2178 5107 Exemplum
2213 5027 2468 5106 vulgare
2499 5032 2590 5089 est
2631 5027 2710 5089 de
2757 5026 2998 5087 duobus
3028 5024 3369 5103 naufragis,

1813 5138 2079 5199 quorum
2105 5120 2260 5181 alter
2279 5125 2480 5200 posset
2509 5120 2784 5181 tabulam
2817 5119 3114 5197 accipere,
3147 5116 3214 5177 in
3251 5133 3374 5195 qua

1811 5214 2008 5275 vitam
2035 5218 2312 5275 tueretur
2323 5228 2344 5289 3
2383 5213 2547 5274 licite
2577 5213 2744 5273 enim
2773 5212 2952 5273 alteri
2977 5209 3250 5271 tabulam
3279 5226 3374 5269 re-

1812 5305 2142 5385 linqueret.
2176 5307 2312 5367 Non
2336 5310 2424 5367 ita
2448 5325 2595 5367 vero
2623 5306 2676 5365 si
2701 5306 2834 5384 jam
2867 5306 2996 5383 ipse
3028 5301 3253 5363 tabuloe
3282 5302 3376 5361 in-

1814 5400 2090 5474 sedisset,
2121 5398 2270 5478 quia
2308 5416 2380 5459 eo
2431 5403 2609 5478 paeto
2652 5416 2780 5460 non
2829 5396 3034 5459 solum
3083 5395 3201 5455 sibi
3245 5411 3375 5453 non

1816 5491 2216 5570 prospiceret,
2242 5492 2348 5553 sed
2377 5492 2606 5553 directe
2635 5510 2700 5551 se
2729 5490 3055 5570 projiceret
3082 5489 3150 5549 iu
3175 5504 3373 5560 marc,

1814 5603 1888 5647 ac
1914 5586 2066 5647 adeo
2093 5586 2354 5667 positive
2381 5592 2810 5663 cooperaretur
2844 5601 2972 5646 sure
3009 5583 3182 5661 neei3
3209 5578 3374 5663 quod
