3900 6217
722 470 891 522 SECT.
928 470 1010 524 lv.
1045 472 1130 523 AN
1163 472 1437 524 HAEREsis
1469 472 1586 523 PER
1619 469 1902 523 summum
1936 468 2267 520 ERRONEUM
2304 466 2775 519 CONSUMMETUR.

168 586 396 631 assensu
428 567 706 628 veritatis
734 613 753 643 ,
802 568 894 629 illi
925 587 1072 649 ergo
1125 570 1324 631 solum
1377 568 1708 650 opponitur

167 661 467 724 contrarias
493 679 776 721 assensus
804 660 1087 722 falsitatis
1113 678 1128 722 ε
1167 662 1469 724 dubitatio
1497 668 1704 723 autem

167 760 432 815 neutrum
489 770 803 814 assensum
849 753 1074 831 habet,
1120 756 1225 817 sed
1268 755 1334 816 10
1373 756 1574 817 medio
1616 760 1706 815 est

164 846 323 926 quasi
371 844 642 925 pendens
668 867 685 920 3
720 863 868 924 ergo
915 864 1042 907 non
1079 854 1170 908 est
1199 849 1504 909 contraria
1532 847 1699 908 fidei.

165 938 370 1011 Tertio,
403 938 546 1016 quia
575 935 729 999 alias
765 940 874 1017 qui
917 957 1166 1001 assensu
1211 942 1526 1019 opinativo
1575 958 1704 1001 crc-

165 1034 316 1093 deret
353 1048 481 1090 rem
514 1029 683 1106 fidei,
717 1030 1004 1093 haeresim
1049 1034 1490 1108 committeret,
1541 1033 1705 1115 quod

162 1124 388 1185 videtur
415 1122 753 1184 absurdum
777 1139 797 1201 3
831 1130 890 1185 et
916 1124 1162 1206 sequela
1189 1132 1378 1205 patet,
1403 1127 1547 1206 quia
1577 1127 1706 1206 opi-

163 1217 256 1278 nio
297 1216 622 1277 intrinsece
665 1217 925 1277 includit
971 1218 1393 1296 formidinem,
1426 1236 1564 1299 quae
1613 1228 1704 1279 cst

163 1308 449 1390 quoddam
497 1308 902 1371 dubitationis
942 1328 1142 1388 genus
1175 1330 1189 1383 ;
1239 1329 1387 1390 ergo
1412 1313 1462 1371 si
1500 1312 1703 1374 omnis

163 1404 253 1483 qui
293 1400 532 1461 dubitat
559 1402 722 1463 circa
749 1421 884 1463 rem
923 1402 1067 1464 fidei
1113 1402 1438 1467 haereticus
1466 1410 1580 1481 est,
1619 1405 1703 1465 sic

162 1496 400 1575 opinans
429 1493 761 1555 haereticus
802 1502 917 1556 est.

229 1590 318 1649 10.
349 1587 642 1650 Auctoris
668 1588 952 1651 resolutio
981 1588 1414 1673 receptissima.
1438 1626 1518 1637 -—
1548 1592 1700 1653 Pro-

161 1682 318 1742 batur
337 1680 540 1761 primo
579 1679 1495 1758 Pontificibus.—-Nihilominus
1523 1684 1699 1744 abso-

160 1775 267 1834 lute
306 1772 637 1833 dicendum
666 1792 906 1852 censeo,
957 1794 1207 1839 omnem
1248 1777 1697 1839 dubitationem

160 1866 538 1927 deliberatam
571 1872 632 1926 et
674 1869 1059 1946 pertinacem
1101 1871 1164 1929 in
1220 1870 1480 1931 materia
1527 1870 1694 1947 fidei,

159 1960 290 2020 etin
317 1958 576 2019 homine
618 1960 985 2036 christiam,
1036 1980 1164 2023 esse
1211 1962 1518 2024 haeresim.
1551 1962 1699 2023 Haec

159 2066 234 2115 est
278 2052 696 2132 receptissima
742 2056 1073 2130 sententia,
1125 2074 1264 2135 quae
1312 2058 1576 2117 sumitur
1624 2076 1696 2119 ex

157 2147 212 2207 D.
240 2144 499 2221 Thoma,
556 2150 583 2207 1
635 2154 823 2227 part„
877 2150 1215 2227 quaestione
1253 2153 1312 2224 2,
1357 2155 1473 2210 art.
1524 2151 1587 2225 4,
1635 2157 1698 2210 et

157 2242 206 2300 2.
235 2242 290 2313 2,
325 2242 664 2318 quaestione
707 2244 768 2301 11
781 2248 948 2317 ,.art.
985 2246 1012 2301 1
1043 2248 1104 2303 01
1132 2244 1193 2319 2,
1238 2242 1345 2302 11111
1393 2244 1696 2322 exposito·

158 2352 235 2393 res
261 2336 672 2409 consentiunt,
701 2336 1050 2412 CajetanuS,
1094 2336 1309 2413 Arag.,
1355 2337 1595 2398 Bannes
1637 2342 1698 2399 et

155 2424 408 2487 Valentia
421 2442 440 2503 3
475 2428 652 2487 idem
683 2434 897 2489 tenent
937 2428 1206 2504 Gabriel,
1245 2430 1310 2489 10
1349 2431 1410 2505 4,
1450 2430 1696 2490 distinc-

156 2519 298 2579 tione
335 2521 427 2596 13,
459 2526 588 2580 art.
641 2524 699 2597 1,
740 2520 951 2582 notab.
985 2524 1022 2582 3
1052 2539 1068 2593 ;
1105 2527 1166 2581 et
1204 2522 1263 2595 3,
1298 2522 1567 2584 distinct.
1592 2525 1695 2599 23,

157 2614 460 2693 quaestione
513 2616 575 2690 2,
617 2621 734 2675 art.
781 2619 832 2690 1,
881 2632 1094 2676 versus
1141 2614 1330 2676 finem
1352 2633 1372 2694 3
1413 2618 1693 2694 Adrian.,

161 2706 472 2779 Quodlibet.
519 2711 585 2784 2,
631 2710 968 2787 quaestione
1013 2712 1070 2783 1,
1104 2709 1266 2769 cirea
1295 2709 1692 2789 principium.

163 2799 321 2860 Castr.
363 2800 506 2875 late,
565 2802 708 2861 dict.
755 2800 865 2861 lib.
901 2805 930 2862 1
960 2800 1036 2863 de
1065 2802 1236 2862 Justa
1265 2801 1476 2863 haeret.
1511 2820 1661 2883 pun.
1673 2848 1693 2878 ‚

166 2910 276 2969 cap.
303 2896 334 2953 7
362 2894 511 2969 019,
540 2900 606 2955 et
647 2893 755 2954 lib.
799 2898 828 2955 1
881 2896 1186 2957 Adversus
1229 2896 1510 2969 haereseS,
1558 2914 1690 2975 cap.

173 2986 267 3061 10,
291 2986 586 3063 Corduba,
619 2986 782 3047 dicta
811 2995 1021 3067 quoest.
1059 2992 1157 3065 17,
1203 2988 1240 3070 ξ
1275 2992 1310 3052 7
1341 3012 1357 3065 ;
1395 2996 1456 3050 01
1487 2990 1688 3064 Torr.,

168 3076 296 3137 dieto
327 3086 437 3139 art.
473 3082 536 3155 4,
593 3080 661 3141 10
710 3082 746 3141 3
797 3100 858 3160 p.
911 3082 1358 3144 commentarii
1385 3098 1405 3161 3
1441 3102 1694 3143 consen-

163 3170 296 3230 tiunt
342 3175 760 3235 communiter
809 3176 1174 3251 Canonistae,
1233 3178 1300 3237 in
1356 3194 1492 3256 cap.
1535 3179 1561 3236 1
1616 3178 1691 3236 de

160 3264 380 3342 Haeret„
404 3286 564 3348 quos
601 3266 789 3328 refert
824 3273 885 3329 et
913 3270 1194 3349 sequitur
1229 3272 1460 3347 Penna,
1492 3273 1558 3333 in
1597 3272 1667 3332 Di

160 3364 311 3433 rect„
353 3362 392 3420 2
417 3366 580 3441 part.
590 3405 611 3436 ,
642 3366 975 3436 comment,
1009 3366 1068 3438 1,
1105 3364 1490 3424 conclusione
1519 3364 1596 3441 53
1630 3370 1692 3425 ct

157 3452 399 3529 Turrec.‚
435 3452 544 3515 lib.
584 3455 846 3531 AESum„
878 3456 917 3515 2
946 3474 1035 3535 p.,
1093 3474 1224 3534 cap.
1275 3458 1370 3517 12.
1421 3458 1691 3537 Denique

159 3546 500 3608 conveniunt
530 3549 721 3607 etiam
755 3550 1122 3626 Summistoe,
1155 3551 1402 3628 Augei„
1432 3550 1601 3631 Sylv.
1630 3556 1692 3610 01

159 3636 264 3711 alii,
291 3638 472 3700 verbo
499 3640 1067 3718 Hoeresis,·Tolet.,
1103 3644 1212 3705 lib.
1241 3645 1282 3703 4
1318 3643 1518 3720 Sum.‚
1543 3664 1596 3705 c.
1631 3646 1686 3719 1,

159 3731 371 3792 eteirca
393 3732 548 3794 bull.
585 3734 994 3810 Coenae,cenS.
1033 3738 1090 3811 1,
1125 3739 1280 3811 0.6;
1314 3744 1376 3798 01
1397 3738 1596 3811 Azor.,
1624 3738 1689 3799 in

163 3824 182 3879 1
211 3828 361 3885 10100
389 3826 696 3901 10311101.,
729 3829 838 3889 lib.
871 3830 932 3906 8,
967 3850 1101 3912 cap.
1134 3834 1198 3909 9,
1231 3840 1441 3913 quaest.
1477 3838 1512 3895 5
1537 3841 1597 3895 et
1625 3837 1687 3910 6,

159 3918 450 3996 exquibus
491 3922 850 3981 auctoribus
879 3924 1132 4001 quidam
1175 3925 1452 3988 absolute
1494 3934 1554 3987 et
1599 3928 1690 3987 in-

159 4008 406 4073 distincte
430 4012 805 4092 loquuntur3
838 4016 942 4074 alii
973 4016 1288 4079 declarant
1316 4020 1380 4078 in
1425 4020 1689 4099 particu-

160 4100 274 4180 lari,
324 4105 506 4166 etiam
542 4107 624 4167 de
661 4108 1070 4183 dubitatione,
1121 4128 1233 4190 per
1279 4128 1466 4191 quam
1513 4112 1690 4173 intel-

159 4192 318 4257 lectus
365 4206 582 4261 manet
623 4218 976 4281 suspensus,
1029 4209 1090 4263 et
1133 4202 1394 4264 firmiter
1444 4204 1688 4266 credere

161 4304 262 4349 non
287 4292 481 4355 audet.
545 4292 850 4354 Probatur
897 4303 1104 4356 autem
1153 4298 1353 4377 primo
1403 4316 1476 4359 ex
1527 4298 1686 4359 dieto

160 4384 324 4460 capite
353 4387 552 4463 primo
593 4386 670 4446 (10
717 4387 970 4463 Haeret„
1019 4390 1260 4450 dicente
1294 4412 1307 4450 z
1346 4390 1576 4453 Dubius
1622 4394 1688 4453 in

158 4476 524 4558 fideinfidelis
564 4484 679 4554 est,
732 4481 897 4560 quod
943 4482 1031 4542 ibi
1061 4501 1138 4543 ex
1183 4484 1492 4564 Stephano
1525 4488 1687 4565 Papa

160 4570 407 4633 refertur.
449 4573 732 4634 Habetin·
777 4584 986 4635 autem
1037 4576 1199 4655 apud
1249 4578 1488 4638 Xistum
1529 4580 1574 4653 ῐ,
1621 4580 1686 4640 10

162 4663 382 4740 epistola
437 4670 466 4727 1
525 4667 846 4739 Decretali,
885 4674 948 4729 et
990 4670 1055 4729 10
1105 4670 1267 4730 Julio
1313 4670 1361 4744 1,
1406 4670 1582 4749 epist.
1619 4673 1681 4747 2,

163 4772 249 4815 seu
273 4759 560 4839 rescripto
616 4760 694 4819 ad
744 4760 1106 4837 OrientaleS,
1147 4762 1482 4842 eapite113
1538 4782 1685 4843 ergo

162 4846 506 4912 Christianus
536 4852 826 4913 dubitans
861 4854 926 4913 in
949 4854 1092 4929 fide,
1127 4854 1396 4915 infidelis
1425 4862 1552 4932 est3
1594 4876 1688 4918 er-

162 4958 226 5016 go
249 4950 330 5004 est
351 4945 698 5006 haereticus,
730 4945 1029 5007 Probatur
1051 4950 1511 5027 consequentia,
1542 4950 1689 5029 quia

161 5034 213 5093 in
249 5037 486 5100 homine
523 5040 859 5100 christiano
905 5058 1028 5100 non
1075 5039 1263 5101 habet
1301 5042 1504 5102 locum
1552 5044 1685 5102 infi-

161 5127 348 5191 delitas
373 5132 700 5211 privativa,
721 5150 864 5195 cum
895 5150 1022 5193 000
1069 5132 1133 5193 10
1145 5133 1443 5211 veniatur,
1475 5134 1594 5195 nisi
1621 5137 1686 5197 in

163 5237 220 5280 eo
243 5224 339 5302 qui
374 5224 531 5285 nihil
584 5226 806 5301 credit3
861 5224 1241 5287 Christianus
1271 5234 1478 5290 autem
1508 5230 1689 5290 dubi-

165 5318 278 5376 tans
303 5318 366 5378 10
399 5336 522 5379 nno
569 5318 849 5394 articu10,
895 5318 1046 5379 alios
1087 5320 1312 5393 eredit3
1367 5338 1512 5400 ergo
1556 5324 1689 5403 ejus

168 5407 456 5473 infidelitas
486 5419 580 5475 est
610 5414 952 5473 contraria:
986 5432 1134 5493 ergo
1166 5420 1256 5475 est
1275 5414 1550 5479 haeresis,

236 5506 316 5566 11.
346 5506 605 5589 Effuyia
645 5509 817 5571 varia
859 5508 1271 5571 occluduntur.
1303 5544 1382 5555 —
1425 5508 1692 5589 Respon-

171 5594 293 5657 dent
316 5600 498 5680 aliqui
525 5600 618 5661 ibi
643 5618 768 5661 non
800 5618 928 5662 esse
951 5620 1298 5664 sermonem
1327 5604 1402 5664 de
1427 5600 1690 5663 infideli-

3226 458 3346 519 483

1785 573 1913 628 tate
1938 568 2215 648 opposita
2250 566 2393 627 fidei
2432 564 2843 641 Theologieae,
2878 563 2982 624 sed
3012 564 3088 625 de
3128 564 3343 624 infide-

1785 660 1961 722 litate
1990 660 2232 735 morali,
2285 660 2534 721 veritati
2589 658 2917 719 contraria.
2960 660 3036 717 At
3078 656 3350 737 profecto

1786 756 2115 833 Gregorius
2148 756 2248 830 IX,
2287 756 2389 835 qui
2422 752 2610 814 verba
2642 752 2747 813 illa
2780 752 2985 831 posuit
3026 750 3138 811 sub
3167 752 3350 813 titulo

1785 851 1876 912 De
1895 849 2216 920 hereticis,
2236 848 2469 908 nonita
2498 846 2603 907 illa
2622 846 2948 920 intellexit,
2969 844 3073 905 sed
3103 844 3177 905 de
3203 844 3347 904 inti-

1769 942 2035 1003 delitate
2067 958 2207 1020 quae
2246 940 2430 1001 fidem
2466 938 2832 1000 catholicam
2863 938 3049 1011 tollit,
3105 944 3166 999 et
3215 939 3345 999 sine

1785 1035 1973 1095 dubio
2007 1035 2081 1094 de
2110 1034 2223 1095 hac
2246 1032 2367 1093 fide
2396 1032 2482 1093 ibi
2518 1039 2610 1094 est
2646 1050 2871 1109 serm0,
2905 1050 3049 1092 cum
3094 1030 3344 1106 dicitur,

1779 1130 1959 1209 fidem
1984 1128 2178 1190 debere
2203 1128 2401 1189 omnia
2434 1143 2611 1207 opera
2655 1128 3011 1199 antecedere,
3036 1130 3096 1185 ct
3134 1125 3209 1185 (10
3246 1143 3345 1185 ea·

1785 1220 1926 1281 dem
1984 1220 2289 1295 subditur,
2335 1220 2511 1301 fidem
2567 1220 2872 1298 iquorare,
2922 1216 3025 1299 qui
3085 1219 3343 1281 dubitat.

1786 1314 1904 1375 Alii
1933 1324 2256 1393 exponunt
2284 1316 2359 1373 de.
2391 1314 2864 1394 praesumptione
2911 1318 3192 1388 tantum3
3240 1312 3343 1371 secl

1784 1414 1947 1469 certe
1998 1408 2268 1487 praedicti
2318 1406 2639 1468 Pontifices
2690 1425 2816 1467 non
2868 1407 3086 1466 dicunt
3134 1405 3347 1484 hujus·

1787 1501 1955 1560 modi
1987 1500 2309 1580 praesumi,
2343 1500 2447 1561 sed
2480 1518 2609 1561 esse
2638 1498 2976 1573 infidelem,
3007 1498 3345 1578 praesertim

1780 1592 1926 1672 quia
1951 1594 2092 1654 talis
2132 1593 2539 1673 praesumptio
2591 1610 2715 1653 non
2759 1598 2958 1672 potest
2998 1590 3183 1666 sumi,
3226 1592 3346 1651 nisi

1780 1706 1854 1746 ex
1909 1687 2147 1747 actibus
2199 1687 2469 1747 externis
2520 1684 2974 1746 dubitationem
3026 1684 3348 1745 ostenden-

1779 1778 1983 1856 tibus;
2020 1779 2266 1859 quando
2308 1784 2514 1839 autem
2554 1777 2858 1838 dubitatio
2892 1782 3067 1838 tauta
3110 1782 3221 1854 est,
3276 1786 3347 1838 ut

1780 1873 1970 1932 etiam
2006 1872 2277 1933 exterius
2306 1872 2586 1952 prodeat,
2618 1871 2867 1932 evidens
2896 1876 2987 1932 est
3015 1889 3139 1932 non
3170 1889 3343 1951 posse

1780 1982 1906 2026 esse
1940 1966 2072 2026 sine.
2111 1964 2353 2037 haeresi,
2400 1969 2471 2025 ut
2520 1982 2595 2025 ex
2638 1964 3034 2043 sequentibus
3084 1964 3339 2043 patebit.

1779 2058 2059 2139 Denique
2090 2059 2195 2118 alii
2222 2058 2497 2119 limitant
2542 2061 2783 2119 textum
2823 2056 3002 2116 illum
3052 2056 3131 2117 ad
3180 2071 3344 2138 quae-

1779 2152 1922 2211 dam
1952 2152 2165 2226 dubia,
2211 2150 2465 2223 scilicet,
2508 2168 2644 2231 quae
2672 2148 2995 2210 includunt
3034 2148 3341 2229 judicium

1777 2244 2275 2321 incertitudinis3
2308 2242 2413 2303 sed
2442 2243 2558 2303 1100
2582 2245 2770 2303 etiam
2801 2246 2893 2302 est
2917 2248 3131 2302 contra
3159 2262 3343 2320 gene-

1777 2338 1971 2399 ralem
2006 2338 2285 2416 regulam
2310 2337 2839 2416 jurisperitorum,
2883 2336 3070 2415 quod,
3092 2338 3195 2398 ubi
3226 2338 3341 2417 jus

1779 2447 1896 2493 nou
1937 2428 2285 2513 distinqui&
2334 2446 2438 2492 uec
2491 2446 2599 2490 nos
2643 2428 3005 2511 distin-quere
3046 2429 3340 2505 debemus,

1777 2526 1899 2585 nisi
1928 2532 2185 2601 cogente
2228 2523 2350 2583 alio
2391 2527 2587 2598 textu,
2619 2521 2717 2581 vel
2760 2521 3030 2583 evidenti
3059 2524 3342 2601 ratione3

1775 2615 1877 2677 hic
1907 2625 2115 2678 autem
2146 2616 2465 2677 ostendam
2502 2614 2738 2675 nullam
2784 2632 2936 2690 esse,
2980 2620 3041 2675 et
3088 2614 3341 2677 distinc-

1777 2712 2010 2771 tionem
2033 2727 2217 2788 supra
2244 2710 2453 2769 datam
2489 2724 2615 2768 non
2646 2726 2823 2787 posse
2864 2707 3216 2770 subsistere.

1859 2807 1958 2864 12.
1988 2802 2298 2865 Acct’dunt
2332 2802 2562 2865 Patres
2590 2802 2727 2864 alii.
2760 2832 2841 2847 -
2867 2801 3011 2864 Non
3048 2807 3204 2864 recte
3248 2820 3342 2865 oc-

1779 2898 2037 2958 currunt
2061 2892 2925 2957 adversarii.-Confirmatur
2956 2893 3086 2954 haec
3118 2886 3371 2969 veritas

1777 3006 1850 3049 ex
1894 2989 2194 3051 Clement.
2230 2988 2429 3062 prima
2468 2988 2544 3047 de
2575 2988 2814 3047 Summ.
2840 2987 3088 3063 Trinit.,
3123 2987 3341 3067 §Por-

1774 3100 1866 3156 ro,
1893 3080 2003 3141 ubi
2028 3081 2304 3142 haeretici
2334 3080 2649 3154 dicuntur,
2672 3086 2802 3140 tam
2826 3080 2934 3159 qui
2956 3087 3184 3159 negant
3204 3084 3337 3142 ani-

1774 3192 1942 3235 mam
1972 3193 2101 3235 esse
2130 3173 2571 3249 immortalem,
2626 3190 2813 3251 quam
2848 3174 3052 3251 quide
3094 3174 3199 3233 illa
3238 3194 3340 3235 ve.-

1772 3270 1952 3329 ritate
2003 3266 2297 3327 dubitant
2335 3286 2349 3326 :
2395 3266 2609 3327 eadem
2661 3272 2869 3326 autem
2920 3270 3079 3327 ratio
3126 3276 3217 3329 est
3262 3270 3338 3330 de

1771 3376 2161 3440 quacumque
2202 3360 2324 3421 alia
2370 3358 2669 3420 catholica
2712 3362 2994 3420 veritate.
3048 3360 3336 3442 Idemque

1772 3452 2103 3515 confirmat
2140 3454 2202 3513 id
2239 3450 2399 3532 quod
2443 3453 2824 3530 Augustinus
2865 3454 2988 3527 ait,
3040 3454 3195 3514 libro
3238 3474 3337 3515 00-

1773 3554 1914 3607 tavo
1942 3547 2018 3607 de
2046 3548 2370 3624 Trinitate,
2396 3564 2526 3625 cap.
2561 3550 2598 3608 5
2635 3566 2647 3606 :
2681 3546 2877 3610 Salva
2891 3548 3034 3627 fidei
3058 3547 3332 3623 veritate,

1773 3640 1895 3703 diez·
1912 3658 2111 3721 posse,
2131 3644 2392 3716 fortasse
2450 3642 2756 3722 Virqinem
2784 3638 2962 3701 talem
2988 3642 3201 3717 faciem
3231 3642 3339 3706 Iza-

1773 3734 1989 3805 bm'sse,
2022 3751 2143 3793 non
2189 3740 2388 3795 tamen
2423 3750 2622 3813 posse,
2656 3732 2827 3795 salva
2856 3732 2972 3811 fide
3022 3733 3339 3800 Catholica

1772 3824 1892 3888 dici
1919 3852 1941 3885 .·
1972 3824 2156 3888 Forte
2216 3827 2285 3886 de
2346 3826 2594 3904 Virqine
2642 3832 2824 3887 natus
2861 3830 2951 3887 est
3012 3826 3291 3892 Christus
3308 3857 3335 3903 ,-

1769 3919 1914 3997 quia
1943 3918 2203 3978 verbum
2232 3921 2417 3994 forte,
2461 3918 2622 3995 quod
2661 3917 3064 3981 dubitationis
3101 3930 3216 3996 est,
3262 3922 3332 3980 fi-

1769 4011 1869 4071 dei
1919 4010 2235 4071 catholieae
2282 4014 2582 4089 repugnat
2607 4026 2627 4087 3
2676 4012 2777 4070 cui
2830 4020 3123 4075 consonat
3179 4014 3331 4074 illud

1771 4104 2092 4177 Bai-nard„
2124 4104 2282 4163 libro
2312 4104 2349 4163 5
2389 4103 2465 4163 ad
2507 4104 2776 4182 Eugen.,
2822 4104 2895 4165 de
2924 4105 3330 4184 Considerat„

1768 4214 1900 4275 cap.
1927 4198 1967 4257 2
1998 4215 2010 4256 :
2040 4194 2223 4259 Fides
2242 4196 2399 4258 ambi
2399 4214 2584 4276 yuum
2603 4214 2720 4257 non
2744 4197 2947 4270 haba,-
2978 4204 3033 4261 et
3060 4200 3119 4260 εἰ
3137 4200 3331 4277 habet,

1767 4290 1920 4366 fides
1943 4308 2059 4351 nou
2085 4294 2213 4361 e⁸t;
2242 4294 2304 4349 01
2322 4288 2504 4365 Hugo
2533 4288 2761 4349 Victor.
2772 4334 2791 4365 ,
2815 4289 2923 4351 lib.
2962 4293 2989 4351 1
3032 4292 3109 4353 (10
3136 4294 3328 4371 Sacr.,

1768 4386 1941 4461 parte
1968 4384 2067 4459 10,
2091 4382 2287 4461 capite
2319 4384 2357 4442 2
2386 4398 2402 4441 :
2446 4380 2565 4445 Ubi
2581 4382 2871 4445 dubitatio
2893 4390 3004 4461 est,
3036 4386 3186 4463 fides
3216 4404 3334 4449 non

1767 4482 1878 4537 est.
1922 4476 2071 4537 Haec
2096 4494 2243 4536 vero
2272 4476 2483 4536 omnia
2528 4476 2754 4555 exponi
2795 4488 3048 4556 possunt
3090 4498 3127 4539 a
3155 4480 3333 4541 dictis

1767 4567 2121 4630 auctoribus
2164 4568 2239 4629 de
2286 4568 2393 4629 illa
2429 4567 2836 4645 dubitatione,
2876 4588 3017 4649 quae
3064 4572 3328 4633 includit

1763 4662 2067 4743 ¹iudicium
2096 4662 2548 4723 incertitudinis
2567 4664 2921 4743 positivum,
2948 4672 3007 4724 et
3036 4667 3210 4744 quasi
3237 4684 3329 4727 re-

1768 4748 2018 4818 flexum}
2056 4756 2186 4835 Ego
2209 4774 2355 4816 vero
2383 4774 2607 4832 assem,
2644 4756 2777 4817 sine
2814 4757 2925 4817 tali
2951 4758 3189 4836 judicio
3232 4758 3329 4819 vel

1765 4850 1888 4911 alio
1907 4850 2337 4929 aequivalente,
2368 4867 2495 4909 000
2526 4866 2698 4928 posse
2732 4868 2861 4910 esse
2891 4867 3103 4911 veram
3152 4850 3328 4911 dubi-

1767 4946 2065 5005 tationem
2092 4991 2111 5020 ,
2164 4950 2227 5005 et
2280 4944 2417 5005 ideo
2468 4942 2985 5023 quandocumque
3036 4963 3182 5005 vera
3240 4950 3334 5006 est

1768 5036 2091 5114 dubitatio,
2123 5056 2249 5099 non
2276 5054 2403 5100 esse
2430 5039 2561 5098 sine
2592 5056 2798 5099 errore
2822 5038 3053 5118 aliquo,
3086 5046 3148 5100 et
3185 5057 3331 5100 con-

1769 5140 2120 5213 sequenter,
2162 5133 2214 5193 si
2258 5132 2504 5193 accedat
2535 5132 2894 5213 pertinacia,
2952 5150 3083 5194 esse
3132 5133 3331 5195 haere-

1769 5243 1907 5288 sim.

1853 5322 1949 5382 13.
1990 5320 2299 5383 Probatur
2326 5320 2532 5383 deinde
2551 5320 2803 5382 ratione.
2829 5351 2909 5365 -
2933 5320 3193 5382 Ratione
3218 5322 3331 5401 igi-

1770 5420 1875 5474 tur
1901 5413 2021 5475 hoc
2050 5414 2315 5489 declam,
2351 5418 2412 5474 et
2447 5413 2653 5474 datam
2700 5414 3135 5475 resolutionem
3190 5434 3331 5495 pro·

1771 5505 1874 5581 bo,
1919 5508 2064 5586 quia
2106 5524 2232 5567 non
2280 5506 2479 5567 omnis
2515 5506 2621 5586 qui
2668 5506 2983 5585 suspendit
3011 5524 3328 5569 assensum

1772 5601 2095 5680 utriusque
2144 5600 2362 5679 partiS,
2422 5598 2498 5660 de
2550 5600 2808 5660 veritate
2858 5599 3099 5661 dubitat
3133 5617 3149 5661 t
3181 5620 3329 5681 ergo
