<?xml version="1.0" encoding="UTF-8"?>
<!DOCTYPE html PUBLIC "-//W3C//DTD XHTML 1.0 Transitional//EN"
    "http://www.w3.org/TR/xhtml1/DTD/xhtml1-transitional.dtd">
<html xmlns="http://www.w3.org/1999/xhtml" xml:lang="en" lang="en">
 <head>
  <title>
</title>
<meta http-equiv="Content-Type" content="text/html;charset=utf-8" />
  <meta name='ocr-system' content='tesseract 3.04.00' />
  <meta name='ocr-capabilities' content='ocr_page ocr_carea ocr_par ocr_line ocrx_word'/>
</head>
<body>
  <div class='ocr_page' id='page_1' title='image "./rpfranciscisuar00duvagoog_0756.png"; bbox 0 0 3900 6217; ppageno 0'>
   <div class='ocr_carea' id='block_1_1' title="bbox 615 495 2188 5612">
    <p class='ocr_par' dir='ltr' id='par_1_1' title="bbox 615 495 2188 4494">
     <span class='ocr_line' id='line_1_1' title="bbox 626 495 2182 582; baseline -0.005 -19"><span class='ocrx_word' id='word_1_1' title='bbox 626 502 704 562; x_wconf 89' lang='lat' dir='ltr'><strong>ad</strong></span> <span class='ocrx_word' id='word_1_2' title='bbox 749 501 1046 582; x_wconf 88' lang='lat' dir='ltr'><strong>primum,</strong></span> <span class='ocrx_word' id='word_1_3' title='bbox 1093 495 1157 557; x_wconf 89' lang='lat' dir='ltr'><strong>id</strong></span> <span class='ocrx_word' id='word_1_4' title='bbox 1191 496 1309 557; x_wconf 89' lang='lat' dir='ltr'><strong>dici</strong></span> <span class='ocrx_word' id='word_1_5' title='bbox 1346 503 1594 576; x_wconf 85' lang='lat' dir='ltr'><strong>propter</strong></span> <span class='ocrx_word' id='word_1_6' title='bbox 1629 497 1936 576; x_wconf 87' lang='lat' dir='ltr'><strong>injustum</strong></span> <span class='ocrx_word' id='word_1_7' title='bbox 1986 497 2182 557; x_wconf 86' lang='lat' dir='ltr'><strong>homi·-</strong></span> 
     </span>
     <span class='ocr_line' id='line_1_2' title="bbox 623 589 2187 669; baseline -0.003 -16"><span class='ocrx_word' id='word_1_8' title='bbox 623 594 850 654; x_wconf 84' lang='lat' dir='ltr'><strong>cidium</strong></span> <span class='ocrx_word' id='word_1_9' title='bbox 879 592 1088 666; x_wconf 82' lang='lat' dir='ltr'><strong>Uriae3</strong></span> <span class='ocrx_word' id='word_1_10' title='bbox 1132 591 1316 665; x_wconf 89' lang='lat' dir='ltr'><strong>item,</strong></span> <span class='ocrx_word' id='word_1_11' title='bbox 1359 595 1609 669; x_wconf 88' lang='lat' dir='ltr'><strong>propter</strong></span> <span class='ocrx_word' id='word_1_12' title='bbox 1633 590 1931 668; x_wconf 85' lang='lat' dir='ltr'><strong>majorem</strong></span> <span class='ocrx_word' id='word_1_13' title='bbox 1973 589 2187 669; x_wconf 81' lang='lat' dir='ltr'><strong>templi</strong></span> 
     </span>
     <span class='ocr_line' id='line_1_3' title="bbox 625 683 2186 748; baseline -0.004 0"><span class='ocrx_word' id='word_1_14' title='bbox 625 687 1056 748; x_wconf 81' lang='lat' dir='ltr'><strong>reverentiam.</strong></span> <span class='ocrx_word' id='word_1_15' title='bbox 1089 685 1182 744; x_wconf 91' lang='lat' dir='ltr'><strong>Ad</strong></span> <span class='ocrx_word' id='word_1_16' title='bbox 1227 687 1266 744; x_wconf 77' lang='lat'><strong>2</strong></span> <span class='ocrx_word' id='word_1_17' title='bbox 1307 684 1467 744; x_wconf 88' lang='lat' dir='ltr'><strong>dices</strong></span> <span class='ocrx_word' id='word_1_18' title='bbox 1495 683 1806 744; x_wconf 84' lang='lat' dir='ltr'>Christum</span> <span class='ocrx_word' id='word_1_19' title='bbox 1851 686 2186 745; x_wconf 88' lang='lat' dir='ltr'><strong>Dominum</strong></span> 
     </span>
     <span class='ocr_line' id='line_1_4' title="bbox 617 777 2188 858; baseline -0.003 -18"><span class='ocrx_word' id='word_1_20' title='bbox 617 780 792 858; x_wconf 89' lang='lat' dir='ltr'><strong>loqui</strong></span> <span class='ocrx_word' id='word_1_21' title='bbox 816 780 890 838; x_wconf 91' lang='lat' dir='ltr'><strong>de</strong></span> <span class='ocrx_word' id='word_1_22' title='bbox 919 779 1048 848; x_wconf 90' lang='lat' dir='ltr'><strong>illo,</strong></span> <span class='ocrx_word' id='word_1_23' title='bbox 1081 778 1188 856; x_wconf 89' lang='lat' dir='ltr'><strong>qui</strong></span> <span class='ocrx_word' id='word_1_24' title='bbox 1230 777 1592 837; x_wconf 85' lang='lat' dir='ltr'><strong>auctoritate</strong></span> <span class='ocrx_word' id='word_1_25' title='bbox 1639 777 1877 856; x_wconf 86' lang='lat' dir='ltr'><strong>privata</strong></span> <span class='ocrx_word' id='word_1_26' title='bbox 1919 777 2054 837; x_wconf 87' lang='lat' dir='ltr'><strong>vult</strong></span> <span class='ocrx_word' id='word_1_27' title='bbox 2098 777 2188 836; x_wconf 92' lang='lat' dir='ltr'><strong>di-</strong></span> 
     </span>
     <span class='ocr_line' id='line_1_5' title="bbox 629 869 2187 952; baseline -0.003 -19"><span class='ocrx_word' id='word_1_28' title='bbox 629 872 912 952; x_wconf 86' lang='lat' dir='ltr'><strong>gladiari,</strong></span> <span class='ocrx_word' id='word_1_29' title='bbox 944 877 1004 931; x_wconf 89' lang='lat' dir='ltr'><strong>et</strong></span> <span class='ocrx_word' id='word_1_30' title='bbox 1035 869 1344 949; x_wconf 83' lang='lat' dir='ltr'><strong>praecipue</strong></span> <span class='ocrx_word' id='word_1_31' title='bbox 1392 876 1606 944; x_wconf 78' lang='lat' dir='ltr'><strong>contra</strong></span> <span class='ocrx_word' id='word_1_32' title='bbox 1646 871 1938 948; x_wconf 87' lang='lat' dir='ltr'><strong>principis</strong></span> <span class='ocrx_word' id='word_1_33' title='bbox 1968 869 2187 930; x_wconf 81' lang='lat' dir='ltr'><strong>volun-</strong></span> 
     </span>
     <span class='ocr_line' id='line_1_6' title="bbox 625 963 2181 1042; baseline -0.001 -18"><span class='ocrx_word' id='word_1_34' title='bbox 625 972 841 1024; x_wconf 89' lang='lat' dir='ltr'><strong>tatem.</strong></span> <span class='ocrx_word' id='word_1_35' title='bbox 875 963 1077 1024; x_wconf 85' lang='lat' dir='ltr'><strong>Verba</strong></span> <span class='ocrx_word' id='word_1_36' title='bbox 1105 971 1311 1023; x_wconf 87' lang='lat' dir='ltr'><strong>autem</strong></span> <span class='ocrx_word' id='word_1_37' title='bbox 1339 963 1531 1038; x_wconf 82' lang='lat' dir='ltr'><strong>lsaiae,</strong></span> <span class='ocrx_word' id='word_1_38' title='bbox 1563 964 1870 1042; x_wconf 76' lang='lat' dir='ltr'><strong>praecipue</strong></span> <span class='ocrx_word' id='word_1_39' title='bbox 1895 964 1962 1023; x_wconf 89' lang='lat' dir='ltr'><strong>in</strong></span> <span class='ocrx_word' id='word_1_40' title='bbox 1993 980 2046 1022; x_wconf 85' lang='lat' dir='ltr'><strong>e.</strong></span> <span class='ocrx_word' id='word_1_41' title='bbox 2084 966 2181 1037; x_wconf 72' lang='lat'><strong>⁴1,</strong></span> 
     </span>
     <span class='ocr_line' id='line_1_7' title="bbox 629 1053 2185 1132; baseline -0.002 -15"><span class='ocrx_word' id='word_1_42' title='bbox 629 1057 848 1118; x_wconf 88' lang='lat' dir='ltr'><strong>referri</strong></span> <span class='ocrx_word' id='word_1_43' title='bbox 887 1056 1085 1116; x_wconf 80' lang='lat' dir='ltr'>solent</span> <span class='ocrx_word' id='word_1_44' title='bbox 1115 1054 1190 1115; x_wconf 91' lang='lat' dir='ltr'><strong>ad</strong></span> <span class='ocrx_word' id='word_1_45' title='bbox 1224 1061 1452 1115; x_wconf 86' lang='lat' dir='ltr'><strong>statum</strong></span> <span class='ocrx_word' id='word_1_46' title='bbox 1481 1054 1722 1132; x_wconf 83' lang='lat' dir='ltr'><strong>gloriae.</strong></span> <span class='ocrx_word' id='word_1_47' title='bbox 1765 1057 2047 1116; x_wconf 80' lang='lat' dir='ltr'><strong>Secundo</strong></span> <span class='ocrx_word' id='word_1_48' title='bbox 2094 1053 2185 1114; x_wconf 88' lang='lat' dir='ltr'><strong>di·-</strong></span> 
     </span>
     <span class='ocr_line' id='line_1_8' title="bbox 624 1147 2183 1227; baseline -0.003 -16"><span class='ocrx_word' id='word_1_49' title='bbox 624 1151 782 1212; x_wconf 85' lang='lat' dir='ltr'><strong>citur</strong></span> <span class='ocrx_word' id='word_1_50' title='bbox 843 1149 1026 1209; x_wconf 85' lang='lat' dir='ltr'><strong>fuisse</strong></span> <span class='ocrx_word' id='word_1_51' title='bbox 1072 1147 1482 1227; x_wconf 85' lang='lat' dir='ltr'><strong>significatam</strong></span> <span class='ocrx_word' id='word_1_52' title='bbox 1529 1165 1745 1227; x_wconf 81' lang='lat' dir='ltr'>pacem</span> <span class='ocrx_word' id='word_1_53' title='bbox 1791 1148 2067 1209; x_wconf 88' lang='lat' dir='ltr'><strong>futuram</strong></span> <span class='ocrx_word' id='word_1_54' title='bbox 2115 1147 2183 1206; x_wconf 88' lang='lat' dir='ltr'><strong>in</strong></span> 
     </span>
     <span class='ocr_line' id='line_1_9' title="bbox 630 1241 2186 1320; baseline -0.003 -16"><span class='ocrx_word' id='word_1_55' title='bbox 630 1243 902 1304; x_wconf 84' lang='lat' dir='ltr'><strong>adventu</strong></span> <span class='ocrx_word' id='word_1_56' title='bbox 941 1243 1198 1316; x_wconf 68' lang='lat' dir='ltr'><strong>Messias,</strong></span> <span class='ocrx_word' id='word_1_57' title='bbox 1233 1247 1300 1300; x_wconf 91' lang='lat' dir='ltr'><strong>ut</strong></span> <span class='ocrx_word' id='word_1_58' title='bbox 1351 1243 1604 1320; x_wconf 86' lang='lat' dir='ltr'>exponit</span> <span class='ocrx_word' id='word_1_59' title='bbox 1649 1241 1736 1302; x_wconf 89' lang='lat' dir='ltr'><strong>ibi</strong></span> <span class='ocrx_word' id='word_1_60' title='bbox 1791 1243 2074 1317; x_wconf 90' lang='lat' dir='ltr'><strong>Hieron.,</strong></span> <span class='ocrx_word' id='word_1_61' title='bbox 2122 1247 2186 1300; x_wconf 90' lang='lat' dir='ltr'><strong>et</strong></span> 
     </span>
     <span class='ocr_line' id='line_1_10' title="bbox 622 1335 2176 1411; baseline -0.002 -14"><span class='ocrx_word' id='word_1_62' title='bbox 622 1335 873 1411; x_wconf 86' lang='lat' dir='ltr'><strong>Euseh.‚</strong></span> <span class='ocrx_word' id='word_1_63' title='bbox 899 1336 942 1395; x_wconf 93' lang='lat' dir='ltr'><strong>l.</strong></span> <span class='ocrx_word' id='word_1_64' title='bbox 975 1339 1004 1397; x_wconf 98' lang='grc'><strong>1</strong></span> <span class='ocrx_word' id='word_1_65' title='bbox 1040 1336 1115 1395; x_wconf 84' lang='grc'><strong>(16</strong></span> <span class='ocrx_word' id='word_1_66' title='bbox 1144 1336 1515 1409; x_wconf 88' lang='lat' dir='ltr'><strong>Demonstr.,</strong></span> <span class='ocrx_word' id='word_1_67' title='bbox 1549 1355 1602 1397; x_wconf 87' lang='lat' dir='ltr'><strong>c.</strong></span> <span class='ocrx_word' id='word_1_68' title='bbox 1641 1339 1698 1411; x_wconf 90' lang='grc'><strong>1,</strong></span> <span class='ocrx_word' id='word_1_69' title='bbox 1731 1343 1790 1395; x_wconf 90' lang='lat' dir='ltr'><strong>et</strong></span> <span class='ocrx_word' id='word_1_70' title='bbox 1818 1335 1926 1395; x_wconf 88' lang='lat' dir='ltr'><strong>alii</strong></span> <span class='ocrx_word' id='word_1_71' title='bbox 1947 1335 2176 1395; x_wconf 81' lang='lat' dir='ltr'><strong>Patres,</strong></span> 
     </span>
     <span class='ocr_line' id='line_1_11' title="bbox 618 1425 2183 1507; baseline -0.001 -18"><span class='ocrx_word' id='word_1_72' title='bbox 618 1428 732 1490; x_wconf 87' lang='lat' dir='ltr'><strong>Vel</strong></span> <span class='ocrx_word' id='word_1_73' title='bbox 773 1437 937 1490; x_wconf 88' lang='lat' dir='ltr'><strong>certe</strong></span> <span class='ocrx_word' id='word_1_74' title='bbox 983 1425 1365 1506; x_wconf 83' lang='lat' dir='ltr'><strong>significatur</strong></span> <span class='ocrx_word' id='word_1_75' title='bbox 1393 1428 1472 1488; x_wconf 89' lang='lat' dir='ltr'><strong>ab</strong></span> <span class='ocrx_word' id='word_1_76' title='bbox 1511 1429 1664 1489; x_wconf 81' lang='lat' dir='ltr'><strong>isaia</strong></span> <span class='ocrx_word' id='word_1_77' title='bbox 1707 1428 2024 1507; x_wconf 82' lang='lat' dir='ltr'><strong>spirituale</strong></span> <span class='ocrx_word' id='word_1_78' title='bbox 2054 1427 2183 1488; x_wconf 88' lang='lat' dir='ltr'><strong>bel·-</strong></span> 
     </span>
     <span class='ocr_line' id='line_1_12' title="bbox 621 1521 2179 1601; baseline 0 -19"><span class='ocrx_word' id='word_1_79' title='bbox 621 1522 751 1582; x_wconf 92' lang='lat' dir='ltr'><strong>lum</strong></span> <span class='ocrx_word' id='word_1_80' title='bbox 782 1521 1239 1600; x_wconf 81' lang='lat' dir='ltr'>Apostolorum,</span> <span class='ocrx_word' id='word_1_81' title='bbox 1272 1529 1334 1581; x_wconf 89' lang='lat' dir='ltr'><strong>et</strong></span> <span class='ocrx_word' id='word_1_82' title='bbox 1379 1521 1852 1601; x_wconf 79' lang='lat' dir='ltr'><strong>praedicatorum</strong></span> <span class='ocrx_word' id='word_1_83' title='bbox 1901 1521 2179 1598; x_wconf 83' lang='lat' dir='ltr'><strong>Evange-</strong></span> 
     </span>
     <span class='ocr_line' id='line_1_13' title="bbox 615 1613 2174 1696; baseline -0.002 -20"><span class='ocrx_word' id='word_1_84' title='bbox 615 1616 707 1686; x_wconf 90' lang='lat' dir='ltr'>lii,</span> <span class='ocrx_word' id='word_1_85' title='bbox 741 1619 846 1696; x_wconf 89' lang='lat' dir='ltr'><strong>qui</strong></span> <span class='ocrx_word' id='word_1_86' title='bbox 877 1633 1002 1675; x_wconf 89' lang='lat' dir='ltr'><strong>non</strong></span> <span class='ocrx_word' id='word_1_87' title='bbox 1043 1615 1343 1676; x_wconf 88' lang='lat' dir='ltr'><strong>materiali</strong></span> <span class='ocrx_word' id='word_1_88' title='bbox 1375 1615 1578 1694; x_wconf 87' lang='lat' dir='ltr'><strong>gladio</strong></span> <span class='ocrx_word' id='word_1_89' title='bbox 1607 1661 1627 1690; x_wconf 93' lang='lat'><strong>,</strong></span> <span class='ocrx_word' id='word_1_90' title='bbox 1683 1613 1788 1675; x_wconf 90' lang='lat' dir='ltr'><strong>sed</strong></span> <span class='ocrx_word' id='word_1_91' title='bbox 1841 1614 2174 1694; x_wconf 78' lang='lat' dir='ltr'><strong>spirituali,</strong></span> 
     </span>
     <span class='ocr_line' id='line_1_14' title="bbox 619 1707 2178 1786; baseline -0.002 -16"><span class='ocrx_word' id='word_1_92' title='bbox 619 1710 924 1770; x_wconf 89' lang='lat' dir='ltr'><strong>mundum</strong></span> <span class='ocrx_word' id='word_1_93' title='bbox 955 1710 1274 1768; x_wconf 84' lang='lat' dir='ltr'><strong>vicerunt:</strong></span> <span class='ocrx_word' id='word_1_94' title='bbox 1305 1708 1391 1768; x_wconf 88' lang='lat' dir='ltr'><strong>ita</strong></span> <span class='ocrx_word' id='word_1_95' title='bbox 1415 1708 1667 1785; x_wconf 68' lang='lat' dir='ltr'><strong>sustin„</strong></span> <span class='ocrx_word' id='word_1_96' title='bbox 1699 1707 1959 1786; x_wconf 84' lang='lat' dir='ltr'><strong>Apolog.</strong></span> <span class='ocrx_word' id='word_1_97' title='bbox 2000 1711 2037 1768; x_wconf 69' lang='grc' dir='ltr'>Ξ</span> <span class='ocrx_word' id='word_1_98' title='bbox 2065 1725 2178 1786; x_wconf 90' lang='lat' dir='ltr'><strong>pro</strong></span> 
     </span>
     <span class='ocr_line' id='line_1_15' title="bbox 621 1801 2187 1876; baseline -0.003 -11"><span class='ocrx_word' id='word_1_99' title='bbox 621 1803 999 1876; x_wconf 88' lang='lat' dir='ltr'><strong>Christianis,</strong></span> <span class='ocrx_word' id='word_1_100' title='bbox 1051 1807 1112 1861; x_wconf 82' lang='lat' dir='ltr'><strong>et</strong></span> <span class='ocrx_word' id='word_1_101' title='bbox 1150 1801 1280 1862; x_wconf 88' lang='lat' dir='ltr'><strong>alii.</strong></span> <span class='ocrx_word' id='word_1_102' title='bbox 1309 1803 1461 1861; x_wconf 83' lang='lat' dir='ltr'><strong>Item</strong></span> <span class='ocrx_word' id='word_1_103' title='bbox 1500 1801 1843 1862; x_wconf 78' lang='lat' dir='ltr'><strong>Concilium</strong></span> <span class='ocrx_word' id='word_1_104' title='bbox 1871 1802 2187 1860; x_wconf 79' lang='lat' dir='ltr'><strong>Nicaenum</strong></span> 
     </span>
     <span class='ocr_line' id='line_1_16' title="bbox 625 1893 2188 1976; baseline -0.003 -19"><span class='ocrx_word' id='word_1_105' title='bbox 625 1896 970 1976; x_wconf 78' lang='lat' dir='ltr'><strong>specialiter</strong></span> <span class='ocrx_word' id='word_1_106' title='bbox 990 1895 1264 1973; x_wconf 89' lang='lat' dir='ltr'><strong>loquitur</strong></span> <span class='ocrx_word' id='word_1_107' title='bbox 1291 1893 1366 1954; x_wconf 89' lang='lat' dir='ltr'><strong>de</strong></span> <span class='ocrx_word' id='word_1_108' title='bbox 1396 1895 1470 1954; x_wconf 89' lang='lat' dir='ltr'><strong>iis</strong></span> <span class='ocrx_word' id='word_1_109' title='bbox 1497 1893 1855 1956; x_wconf 88' lang='lat' dir='ltr'><strong>Christianis</strong></span> <span class='ocrx_word' id='word_1_110' title='bbox 1885 1939 1904 1969; x_wconf 95' lang='lat'><strong>,</strong></span> <span class='ocrx_word' id='word_1_111' title='bbox 1950 1895 2059 1972; x_wconf 86' lang='lat' dir='ltr'><strong>qui</strong></span> <span class='ocrx_word' id='word_1_112' title='bbox 2109 1895 2188 1954; x_wconf 84' lang='lat' dir='ltr'><strong>si-</strong></span> 
     </span>
     <span class='ocr_line' id='line_1_17' title="bbox 625 1987 2184 2070; baseline -0.003 -20"><span class='ocrx_word' id='word_1_113' title='bbox 625 2007 815 2070; x_wconf 87' lang='lat' dir='ltr'><strong>gnum</strong></span> <span class='ocrx_word' id='word_1_114' title='bbox 852 1989 1197 2048; x_wconf 85' lang='lat' dir='ltr'><strong>infidelium</strong></span> <span class='ocrx_word' id='word_1_115' title='bbox 1235 1987 1529 2063; x_wconf 86' lang='lat' dir='ltr'><strong>militum,</strong></span> <span class='ocrx_word' id='word_1_116' title='bbox 1561 1987 1724 2066; x_wconf 84' lang='lat' dir='ltr'><strong>quod</strong></span> <span class='ocrx_word' id='word_1_117' title='bbox 1750 1987 2184 2067; x_wconf 82' lang='lat' dir='ltr'><strong>deposuerant,</strong></span> 
     </span>
     <span class='ocr_line' id='line_1_18' title="bbox 623 2079 2185 2160; baseline -0.003 -17"><span class='ocrx_word' id='word_1_118' title='bbox 623 2085 846 2144; x_wconf 88' lang='lat' dir='ltr'><strong>iterum</strong></span> <span class='ocrx_word' id='word_1_119' title='bbox 888 2081 1303 2142; x_wconf 79' lang='lat' dir='ltr'><strong>assumebant.</strong></span> <span class='ocrx_word' id='word_1_120' title='bbox 1355 2081 1431 2142; x_wconf 87' lang='lat' dir='ltr'><strong>Et</strong></span> <span class='ocrx_word' id='word_1_121' title='bbox 1471 2082 1590 2141; x_wconf 91' lang='lat' dir='ltr'><strong>Leo</strong></span> <span class='ocrx_word' id='word_1_122' title='bbox 1621 2082 1820 2160; x_wconf 84' lang='lat' dir='ltr'><strong>Papa,</strong></span> <span class='ocrx_word' id='word_1_123' title='bbox 1864 2087 1934 2140; x_wconf 91' lang='lat' dir='ltr'><strong>ut</strong></span> <span class='ocrx_word' id='word_1_124' title='bbox 1962 2079 2185 2142; x_wconf 75' lang='lat' dir='ltr'><strong>Glossa</strong></span> 
     </span>
     <span class='ocr_line' id='line_1_19' title="bbox 623 2171 2184 2255; baseline -0.004 -19"><span class='ocrx_word' id='word_1_125' title='bbox 623 2175 908 2255; x_wconf 84' lang='lat' dir='ltr'><strong>explicat,</strong></span> <span class='ocrx_word' id='word_1_126' title='bbox 927 2193 981 2234; x_wconf 89' lang='lat' dir='ltr'><strong>c.</strong></span> <span class='ocrx_word' id='word_1_127' title='bbox 1015 2173 1094 2238; x_wconf 79' lang='lat' dir='ltr'><strong>Si</strong></span> <span class='ocrx_word' id='word_1_128' title='bbox 1120 2176 1247 2254; x_wconf 79' lang='lat' dir='ltr'><strong>qui,</strong></span> <span class='ocrx_word' id='word_1_129' title='bbox 1275 2179 1337 2232; x_wconf 92' lang='lat' dir='ltr'><strong>et</strong></span> <span class='ocrx_word' id='word_1_130' title='bbox 1365 2193 1417 2234; x_wconf 89' lang='lat' dir='ltr'><strong>c.</strong></span> <span class='ocrx_word' id='word_1_131' title='bbox 1449 2171 1857 2247; x_wconf 75' lang='lat' dir='ltr'><strong>Contrarium,</strong></span> <span class='ocrx_word' id='word_1_132' title='bbox 1883 2173 1961 2233; x_wconf 90' lang='lat' dir='ltr'><strong>de</strong></span> <span class='ocrx_word' id='word_1_133' title='bbox 1985 2172 2184 2232; x_wconf 83' lang='lat' dir='ltr'><strong>Poeni-</strong></span> 
     </span>
     <span class='ocr_line' id='line_1_20' title="bbox 627 2265 2184 2346; baseline -0.002 -18"><span class='ocrx_word' id='word_1_134' title='bbox 627 2269 844 2344; x_wconf 85' lang='lat' dir='ltr'><strong>tentia,</strong></span> <span class='ocrx_word' id='word_1_135' title='bbox 876 2268 1013 2327; x_wconf 85' lang='lat' dir='ltr'><strong>dist.</strong></span> <span class='ocrx_word' id='word_1_136' title='bbox 1050 2270 1110 2343; x_wconf 86' lang='lat'><strong>5,</strong></span> <span class='ocrx_word' id='word_1_137' title='bbox 1143 2269 1220 2328; x_wconf 87' lang='lat' dir='ltr'><strong>de</strong></span> <span class='ocrx_word' id='word_1_138' title='bbox 1249 2266 1345 2327; x_wconf 89' lang='lat' dir='ltr'><strong>his</strong></span> <span class='ocrx_word' id='word_1_139' title='bbox 1385 2269 1537 2346; x_wconf 90' lang='lat' dir='ltr'><strong>agit,</strong></span> <span class='ocrx_word' id='word_1_140' title='bbox 1569 2267 1675 2345; x_wconf 85' lang='lat' dir='ltr'><strong>qui</strong></span> <span class='ocrx_word' id='word_1_141' title='bbox 1709 2273 1846 2345; x_wconf 88' lang='lat' dir='ltr'><strong>post</strong></span> <span class='ocrx_word' id='word_1_142' title='bbox 1870 2265 2184 2345; x_wconf 78' lang='lat' dir='ltr'><strong>publicam</strong></span> 
     </span>
     <span class='ocr_line' id='line_1_21' title="bbox 630 2358 2184 2442; baseline -0.003 -20"><span class='ocrx_word' id='word_1_143' title='bbox 630 2362 1058 2442; x_wconf 74' lang='lat' dir='ltr'><strong>poenitentiam</strong></span> <span class='ocrx_word' id='word_1_144' title='bbox 1086 2359 1424 2438; x_wconf 86' lang='lat' dir='ltr'><strong>injunctam</strong></span> <span class='ocrx_word' id='word_1_145' title='bbox 1459 2358 1927 2419; x_wconf 69' lang='lat' dir='ltr'><strong>revertebantur</strong></span> <span class='ocrx_word' id='word_1_146' title='bbox 1949 2358 2030 2418; x_wconf 88' lang='lat' dir='ltr'><strong>ab</strong></span> <span class='ocrx_word' id='word_1_147' title='bbox 2057 2358 2184 2418; x_wconf 91' lang='lat' dir='ltr'><strong>bel-</strong></span> 
     </span>
     <span class='ocr_line' id='line_1_22' title="bbox 632 2450 2185 2532; baseline -0.004 -17"><span class='ocrx_word' id='word_1_148' title='bbox 632 2457 788 2530; x_wconf 90' lang='lat' dir='ltr'><strong>lum,</strong></span> <span class='ocrx_word' id='word_1_149' title='bbox 834 2461 978 2514; x_wconf 87' lang='lat' dir='ltr'><strong>ante</strong></span> <span class='ocrx_word' id='word_1_150' title='bbox 1007 2453 1176 2516; x_wconf 87' lang='lat' dir='ltr'><strong>illam</strong></span> <span class='ocrx_word' id='word_1_151' title='bbox 1221 2451 1550 2532; x_wconf 76' lang='lat' dir='ltr'><strong>expletam.</strong></span> <span class='ocrx_word' id='word_1_152' title='bbox 1584 2453 1726 2511; x_wconf 89' lang='lat' dir='ltr'><strong>Dico</strong></span> <span class='ocrx_word' id='word_1_153' title='bbox 1749 2453 1960 2526; x_wconf 79' lang='lat' dir='ltr'><strong>etiam,</strong></span> <span class='ocrx_word' id='word_1_154' title='bbox 2008 2450 2185 2511; x_wconf 90' lang='lat' dir='ltr'><strong>initio</strong></span> 
     </span>
     <span class='ocr_line' id='line_1_23' title="bbox 623 2544 2185 2628; baseline -0.004 -18"><span class='ocrx_word' id='word_1_155' title='bbox 623 2549 900 2610; x_wconf 71' lang='lat' dir='ltr'><strong>Ecclesiae</strong></span> <span class='ocrx_word' id='word_1_156' title='bbox 943 2548 1231 2628; x_wconf 85' lang='lat' dir='ltr'><strong>expedire</strong></span> <span class='ocrx_word' id='word_1_157' title='bbox 1273 2547 1541 2626; x_wconf 88' lang='lat' dir='ltr'><strong>potuisse</strong></span> <span class='ocrx_word' id='word_1_158' title='bbox 1581 2545 1905 2624; x_wconf 88' lang='lat' dir='ltr'><strong>prohibere</strong></span> <span class='ocrx_word' id='word_1_159' title='bbox 1936 2545 2034 2622; x_wconf 75' lang='lat' dir='ltr'><strong>iia,</strong></span> <span class='ocrx_word' id='word_1_160' title='bbox 2078 2544 2185 2624; x_wconf 88' lang='lat' dir='ltr'><strong>qui</strong></span> 
     </span>
     <span class='ocr_line' id='line_1_24' title="bbox 623 2639 2186 2712; baseline -0.004 -8"><span class='ocrx_word' id='word_1_161' title='bbox 623 2641 1144 2704; x_wconf 79' lang='lat' dir='ltr'><strong>convertebantur</strong></span> <span class='ocrx_word' id='word_1_162' title='bbox 1187 2641 1264 2701; x_wconf 89' lang='lat' dir='ltr'><strong>ad</strong></span> <span class='ocrx_word' id='word_1_163' title='bbox 1305 2639 1490 2700; x_wconf 79' lang='lat' dir='ltr'><strong>fidem</strong></span> <span class='ocrx_word' id='word_1_164' title='bbox 1515 2685 1530 2712; x_wconf 94' lang='lat'><strong>,</strong></span> <span class='ocrx_word' id='word_1_165' title='bbox 1575 2659 1653 2700; x_wconf 91' lang='lat' dir='ltr'><strong>ne</strong></span> <span class='ocrx_word' id='word_1_166' title='bbox 1687 2639 1894 2700; x_wconf 86' lang='lat' dir='ltr'><strong>statim</strong></span> <span class='ocrx_word' id='word_1_167' title='bbox 1939 2639 2019 2698; x_wconf 87' lang='lat' dir='ltr'><strong>ad</strong></span> <span class='ocrx_word' id='word_1_168' title='bbox 2071 2641 2186 2699; x_wconf 90' lang='lat' dir='ltr'><strong>mi-</strong></span> 
     </span>
     <span class='ocr_line' id='line_1_25' title="bbox 621 2731 2184 2808; baseline -0.003 -12"><span class='ocrx_word' id='word_1_169' title='bbox 621 2736 828 2796; x_wconf 79' lang='lat' dir='ltr'><strong>litiam</strong></span> <span class='ocrx_word' id='word_1_170' title='bbox 866 2736 1028 2795; x_wconf 86' lang='lat' dir='ltr'><strong>irent</strong></span> <span class='ocrx_word' id='word_1_171' title='bbox 1065 2752 1204 2794; x_wconf 89' lang='lat' dir='ltr'><strong>cum</strong></span> <span class='ocrx_word' id='word_1_172' title='bbox 1248 2731 1624 2808; x_wconf 81' lang='lat' dir='ltr'><strong>infidelibuS,</strong></span> <span class='ocrx_word' id='word_1_173' title='bbox 1652 2739 1715 2793; x_wconf 89' lang='lat' dir='ltr'><strong>et</strong></span> <span class='ocrx_word' id='word_1_174' title='bbox 1754 2732 1872 2792; x_wconf 88' lang='lat' dir='ltr'><strong>sub</strong></span> <span class='ocrx_word' id='word_1_175' title='bbox 1913 2731 2184 2793; x_wconf 87' lang='lat' dir='ltr'><strong>infideli-</strong></span> 
     </span>
     <span class='ocr_line' id='line_1_26' title="bbox 625 2825 2186 2905; baseline -0.003 -15"><span class='ocrx_word' id='word_1_176' title='bbox 625 2829 741 2890; x_wconf 89' lang='lat' dir='ltr'><strong>bus</strong></span> <span class='ocrx_word' id='word_1_177' title='bbox 780 2827 1061 2888; x_wconf 68' lang='lat' dir='ltr'><strong>ducibus.</strong></span> <span class='ocrx_word' id='word_1_178' title='bbox 1095 2827 1185 2888; x_wconf 88' lang='lat' dir='ltr'><strong>Ad</strong></span> <span class='ocrx_word' id='word_1_179' title='bbox 1218 2828 1546 2902; x_wconf 90' lang='lat' dir='ltr'><strong>rationem,</strong></span> <span class='ocrx_word' id='word_1_180' title='bbox 1592 2827 1922 2905; x_wconf 85' lang='lat' dir='ltr'><strong>respondet</strong></span> <span class='ocrx_word' id='word_1_181' title='bbox 1948 2825 2186 2904; x_wconf 83' lang='lat' dir='ltr'><strong>Augus-</strong></span> 
     </span>
     <span class='ocr_line' id='line_1_27' title="bbox 617 2920 2183 3000; baseline -0.004 -16"><span class='ocrx_word' id='word_1_182' title='bbox 617 2925 664 2984; x_wconf 90' lang='lat' dir='ltr'><strong>ti</strong></span> <span class='ocrx_word' id='word_1_183' title='bbox 678 2942 817 2997; x_wconf 81' lang='lat' dir='ltr'><strong>nuS,</strong></span> <span class='ocrx_word' id='word_1_184' title='bbox 870 2927 944 2983; x_wconf 82' lang='grc'><strong>19</strong></span> <span class='ocrx_word' id='word_1_185' title='bbox 975 2921 1050 2982; x_wconf 89' lang='lat' dir='ltr'><strong>de</strong></span> <span class='ocrx_word' id='word_1_186' title='bbox 1093 2923 1299 2995; x_wconf 64' lang='lat' dir='ltr'><strong>civit„</strong></span> <span class='ocrx_word' id='word_1_187' title='bbox 1329 2921 1513 3000; x_wconf 87' lang='lat' dir='ltr'><strong>capit.</strong></span> <span class='ocrx_word' id='word_1_188' title='bbox 1546 2920 1686 2993; x_wconf 89' lang='lat' dir='ltr'><strong>ult.,</strong></span> <span class='ocrx_word' id='word_1_189' title='bbox 1717 2920 1874 2980; x_wconf 90' lang='lat' dir='ltr'><strong>bene</strong></span> <span class='ocrx_word' id='word_1_190' title='bbox 1900 2920 2183 2998; x_wconf 86' lang='lat' dir='ltr'><strong>probare,</strong></span> 
     </span>
     <span class='ocr_line' id='line_1_28' title="bbox 631 3012 2184 3093; baseline -0.004 -16"><span class='ocrx_word' id='word_1_191' title='bbox 631 3016 860 3077; x_wconf 88' lang='lat' dir='ltr'><strong>bellum</strong></span> <span class='ocrx_word' id='word_1_192' title='bbox 867 3062 886 3092; x_wconf 93' lang='lat'><strong>,</strong></span> <span class='ocrx_word' id='word_1_193' title='bbox 921 3015 1120 3093; x_wconf 92' lang='lat' dir='ltr'><strong>quoad</strong></span> <span class='ocrx_word' id='word_1_194' title='bbox 1163 3013 1295 3074; x_wconf 87' lang='lat' dir='ltr'><strong>fieri</strong></span> <span class='ocrx_word' id='word_1_195' title='bbox 1343 3015 1556 3092; x_wconf 88' lang='lat' dir='ltr'><strong>possit,</strong></span> <span class='ocrx_word' id='word_1_196' title='bbox 1587 3031 1715 3074; x_wconf 92' lang='lat' dir='ltr'><strong>esse</strong></span> <span class='ocrx_word' id='word_1_197' title='bbox 1744 3012 2094 3087; x_wconf 86' lang='lat' dir='ltr'><strong>vitandum,</strong></span> <span class='ocrx_word' id='word_1_198' title='bbox 2120 3018 2184 3072; x_wconf 88' lang='lat' dir='ltr'><strong>et</strong></span> 
     </span>
     <span class='ocr_line' id='line_1_29' title="bbox 625 3105 2183 3185; baseline -0.002 -17"><span class='ocrx_word' id='word_1_199' title='bbox 625 3109 825 3168; x_wconf 90' lang='lat' dir='ltr'><strong>solum</strong></span> <span class='ocrx_word' id='word_1_200' title='bbox 879 3109 946 3167; x_wconf 90' lang='lat' dir='ltr'><strong>in</strong></span> <span class='ocrx_word' id='word_1_201' title='bbox 1007 3108 1364 3168; x_wconf 86' lang='lat' dir='ltr'><strong>necessitate</strong></span> <span class='ocrx_word' id='word_1_202' title='bbox 1405 3113 1683 3166; x_wconf 81' lang='lat' dir='ltr'><strong>extrema</strong></span> <span class='ocrx_word' id='word_1_203' title='bbox 1705 3151 1725 3181; x_wconf 95' lang='lat'><strong>,</strong></span> <span class='ocrx_word' id='word_1_204' title='bbox 1764 3105 2013 3185; x_wconf 90' lang='lat' dir='ltr'><strong>quando</strong></span> <span class='ocrx_word' id='word_1_205' title='bbox 2045 3105 2183 3165; x_wconf 86' lang='lat' dir='ltr'><strong>nul-</strong></span> 
     </span>
     <span class='ocr_line' id='line_1_30' title="bbox 618 3199 2183 3279; baseline -0.003 -17"><span class='ocrx_word' id='word_1_206' title='bbox 618 3203 752 3262; x_wconf 90' lang='lat' dir='ltr'><strong>lum</strong></span> <span class='ocrx_word' id='word_1_207' title='bbox 781 3201 948 3262; x_wconf 90' lang='lat' dir='ltr'><strong>aliud</strong></span> <span class='ocrx_word' id='word_1_208' title='bbox 973 3201 1246 3262; x_wconf 83' lang='lat' dir='ltr'><strong>medium</strong></span> <span class='ocrx_word' id='word_1_209' title='bbox 1275 3206 1571 3279; x_wconf 85' lang='lat' dir='ltr'><strong>superest,</strong></span> <span class='ocrx_word' id='word_1_210' title='bbox 1603 3199 1968 3260; x_wconf 88' lang='lat' dir='ltr'><strong>tentandum</strong></span> <span class='ocrx_word' id='word_1_211' title='bbox 2001 3217 2017 3272; x_wconf 78' lang='grc' dir='ltr'><strong>ς</strong></span> <span class='ocrx_word' id='word_1_212' title='bbox 2053 3216 2183 3260; x_wconf 89' lang='lat' dir='ltr'><strong>non</strong></span> 
     </span>
     <span class='ocr_line' id='line_1_31' title="bbox 621 3293 2181 3376; baseline -0.003 -18"><span class='ocrx_word' id='word_1_213' title='bbox 621 3315 765 3358; x_wconf 85' lang='lat' dir='ltr'><strong>vcro</strong></span> <span class='ocrx_word' id='word_1_214' title='bbox 807 3313 936 3356; x_wconf 88' lang='lat' dir='ltr'><strong>esse</strong></span> <span class='ocrx_word' id='word_1_215' title='bbox 965 3313 1210 3376; x_wconf 90' lang='lat' dir='ltr'><strong>prorsus</strong></span> <span class='ocrx_word' id='word_1_216' title='bbox 1239 3293 1500 3369; x_wconf 89' lang='lat' dir='ltr'><strong>malum,</strong></span> <span class='ocrx_word' id='word_1_217' title='bbox 1525 3293 1668 3372; x_wconf 87' lang='lat' dir='ltr'><strong>quia</strong></span> <span class='ocrx_word' id='word_1_218' title='bbox 1691 3293 1851 3373; x_wconf 87' lang='lat' dir='ltr'><strong>quod</strong></span> <span class='ocrx_word' id='word_1_219' title='bbox 1879 3311 1957 3353; x_wconf 86' lang='lat' dir='ltr'><strong>ex</strong></span> <span class='ocrx_word' id='word_1_220' title='bbox 1982 3311 2054 3353; x_wconf 92' lang='lat' dir='ltr'><strong>eo</strong></span> <span class='ocrx_word' id='word_1_221' title='bbox 2084 3311 2181 3354; x_wconf 84' lang='lat' dir='ltr'><strong>se-</strong></span> 
     </span>
     <span class='ocr_line' id='line_1_32' title="bbox 621 3387 2179 3470; baseline -0.002 -20"><span class='ocrx_word' id='word_1_222' title='bbox 621 3397 892 3470; x_wconf 88' lang='lat' dir='ltr'><strong>quantur</strong></span> <span class='ocrx_word' id='word_1_223' title='bbox 920 3388 1084 3449; x_wconf 88' lang='lat' dir='ltr'><strong>mala</strong></span> <span class='ocrx_word' id='word_1_224' title='bbox 1125 3407 1234 3468; x_wconf 89' lang='lat' dir='ltr'><strong>per</strong></span> <span class='ocrx_word' id='word_1_225' title='bbox 1261 3387 1540 3448; x_wconf 83' lang='lat' dir='ltr'><strong>accidens</strong></span> <span class='ocrx_word' id='word_1_226' title='bbox 1568 3393 1679 3461; x_wconf 86' lang='lat' dir='ltr'><strong>est,</strong></span> <span class='ocrx_word' id='word_1_227' title='bbox 1710 3392 1772 3450; x_wconf 76' lang='lat' dir='ltr'><strong>at</strong></span> <span class='ocrx_word' id='word_1_228' title='bbox 1813 3387 2050 3464; x_wconf 87' lang='lat' dir='ltr'><strong>majora</strong></span> <span class='ocrx_word' id='word_1_229' title='bbox 2087 3405 2179 3448; x_wconf 86' lang='lat' dir='ltr'><strong>se-</strong></span> 
     </span>
     <span class='ocr_line' id='line_1_33' title="bbox 621 3479 2179 3562; baseline -0.002 -19"><span class='ocrx_word' id='word_1_230' title='bbox 621 3489 980 3562; x_wconf 86' lang='lat' dir='ltr'><strong>querentur,</strong></span> <span class='ocrx_word' id='word_1_231' title='bbox 1013 3482 1062 3541; x_wconf 91' lang='lat' dir='ltr'><strong>si</strong></span> <span class='ocrx_word' id='word_1_232' title='bbox 1103 3497 1420 3560; x_wconf 85' lang='lat' dir='ltr'><strong>nunquam</strong></span> <span class='ocrx_word' id='word_1_233' title='bbox 1459 3479 1694 3540; x_wconf 87' lang='lat' dir='ltr'><strong>liceret.</strong></span> <span class='ocrx_word' id='word_1_234' title='bbox 1731 3479 1902 3538; x_wconf 89' lang='lat' dir='ltr'><strong>Unde</strong></span> <span class='ocrx_word' id='word_1_235' title='bbox 1927 3479 2007 3538; x_wconf 90' lang='lat' dir='ltr'><strong>ad</strong></span> <span class='ocrx_word' id='word_1_236' title='bbox 2036 3497 2179 3540; x_wconf 90' lang='lat' dir='ltr'><strong>con-</strong></span> 
     </span>
     <span class='ocr_line' id='line_1_34' title="bbox 624 3571 2179 3652; baseline -0.001 -17"><span class='ocrx_word' id='word_1_237' title='bbox 624 3576 1064 3650; x_wconf 82' lang='lat' dir='ltr'><strong>firmationem,</strong></span> <span class='ocrx_word' id='word_1_238' title='bbox 1090 3579 1356 3652; x_wconf 86' lang='lat' dir='ltr'><strong>negatur</strong></span> <span class='ocrx_word' id='word_1_239' title='bbox 1379 3571 1613 3633; x_wconf 88' lang='lat' dir='ltr'><strong>bellum</strong></span> <span class='ocrx_word' id='word_1_240' title='bbox 1640 3591 1768 3634; x_wconf 88' lang='lat' dir='ltr'><strong>esse</strong></span> <span class='ocrx_word' id='word_1_241' title='bbox 1795 3574 2179 3633; x_wconf 86' lang='lat' dir='ltr'><strong>contrarium</strong></span> 
     </span>
     <span class='ocr_line' id='line_1_35' title="bbox 621 3665 2178 3747; baseline -0.002 -18"><span class='ocrx_word' id='word_1_242' title='bbox 621 3669 892 3729; x_wconf 87' lang='lat' dir='ltr'><strong>honestae</strong></span> <span class='ocrx_word' id='word_1_243' title='bbox 929 3669 1064 3747; x_wconf 89' lang='lat' dir='ltr'><strong>paci</strong></span> <span class='ocrx_word' id='word_1_244' title='bbox 1093 3713 1114 3743; x_wconf 90' lang='lat'><strong>,</strong></span> <span class='ocrx_word' id='word_1_245' title='bbox 1159 3665 1266 3727; x_wconf 89' lang='lat' dir='ltr'><strong>sed</strong></span> <span class='ocrx_word' id='word_1_246' title='bbox 1316 3666 1584 3744; x_wconf 82' lang='lat' dir='ltr'><strong>iniquae3</strong></span> <span class='ocrx_word' id='word_1_247' title='bbox 1622 3673 1711 3726; x_wconf 89' lang='lat' dir='ltr'><strong>est</strong></span> <span class='ocrx_word' id='word_1_248' title='bbox 1752 3667 1919 3726; x_wconf 90' lang='lat' dir='ltr'><strong>enim</strong></span> <span class='ocrx_word' id='word_1_249' title='bbox 1976 3667 2178 3745; x_wconf 87' lang='lat' dir='ltr'><strong>potius</strong></span> 
     </span>
     <span class='ocr_line' id='line_1_36' title="bbox 624 3759 2182 3838; baseline -0.002 -15"><span class='ocrx_word' id='word_1_250' title='bbox 624 3762 900 3823; x_wconf 87' lang='lat' dir='ltr'><strong>medium</strong></span> <span class='ocrx_word' id='word_1_251' title='bbox 929 3760 1008 3820; x_wconf 88' lang='lat' dir='ltr'><strong>ad</strong></span> <span class='ocrx_word' id='word_1_252' title='bbox 1049 3778 1262 3820; x_wconf 83' lang='lat' dir='ltr'><strong>veram</strong></span> <span class='ocrx_word' id='word_1_253' title='bbox 1306 3765 1368 3819; x_wconf 91' lang='lat' dir='ltr'><strong>et</strong></span> <span class='ocrx_word' id='word_1_254' title='bbox 1411 3765 1609 3819; x_wconf 87' lang='lat' dir='ltr'><strong>tutam</strong></span> <span class='ocrx_word' id='word_1_255' title='bbox 1646 3777 1860 3838; x_wconf 88' lang='lat' dir='ltr'><strong>pacem</strong></span> <span class='ocrx_word' id='word_1_256' title='bbox 1899 3759 2182 3820; x_wconf 88' lang='lat' dir='ltr'><strong>obtinen-</strong></span> 
     </span>
     <span class='ocr_line' id='line_1_37' title="bbox 625 3853 2184 3916; baseline -0.001 0"><span class='ocrx_word' id='word_1_257' title='bbox 625 3857 792 3916; x_wconf 86' lang='lat' dir='ltr'><strong>dam.</strong></span> <span class='ocrx_word' id='word_1_258' title='bbox 836 3853 1131 3915; x_wconf 85' lang='lat' dir='ltr'><strong>Similiter</strong></span> <span class='ocrx_word' id='word_1_259' title='bbox 1153 3872 1278 3913; x_wconf 91' lang='lat' dir='ltr'><strong>non</strong></span> <span class='ocrx_word' id='word_1_260' title='bbox 1308 3858 1397 3913; x_wconf 91' lang='lat' dir='ltr'><strong>est</strong></span> <span class='ocrx_word' id='word_1_261' title='bbox 1425 3859 1639 3912; x_wconf 90' lang='lat' dir='ltr'><strong>contra</strong></span> <span class='ocrx_word' id='word_1_262' title='bbox 1667 3854 2063 3915; x_wconf 88' lang='lat' dir='ltr'><strong>inimicorum</strong></span> <span class='ocrx_word' id='word_1_263' title='bbox 2090 3853 2184 3914; x_wconf 89' lang='lat' dir='ltr'><strong>di-</strong></span> 
     </span>
     <span class='ocr_line' id='line_1_38' title="bbox 627 3945 2180 4026; baseline -0.002 -17"><span class='ocrx_word' id='word_1_264' title='bbox 627 3949 997 4023; x_wconf 84' lang='lat' dir='ltr'><strong>lectionem3</strong></span> <span class='ocrx_word' id='word_1_265' title='bbox 1044 3963 1188 4005; x_wconf 90' lang='lat' dir='ltr'><strong>nam</strong></span> <span class='ocrx_word' id='word_1_266' title='bbox 1235 3947 1343 4024; x_wconf 87' lang='lat' dir='ltr'><strong>qui</strong></span> <span class='ocrx_word' id='word_1_267' title='bbox 1393 3945 1648 4007; x_wconf 86' lang='lat' dir='ltr'><strong>honeste</strong></span> <span class='ocrx_word' id='word_1_268' title='bbox 1698 3946 1930 4008; x_wconf 89' lang='lat' dir='ltr'><strong>bellum</strong></span> <span class='ocrx_word' id='word_1_269' title='bbox 1985 3948 2180 4026; x_wconf 88' lang='lat' dir='ltr'><strong>gerit,</strong></span> 
     </span>
     <span class='ocr_line' id='line_1_39' title="bbox 629 4039 2183 4119; baseline -0.003 -16"><span class='ocrx_word' id='word_1_270' title='bbox 629 4061 756 4102; x_wconf 92' lang='lat' dir='ltr'><strong>non</strong></span> <span class='ocrx_word' id='word_1_271' title='bbox 793 4041 923 4101; x_wconf 89' lang='lat' dir='ltr'><strong>odit</strong></span> <span class='ocrx_word' id='word_1_272' title='bbox 951 4057 1262 4119; x_wconf 76' lang='lat' dir='ltr'><strong>personaS,</strong></span> <span class='ocrx_word' id='word_1_273' title='bbox 1297 4039 1400 4099; x_wconf 86' lang='lat' dir='ltr'><strong>sed</strong></span> <span class='ocrx_word' id='word_1_274' title='bbox 1443 4057 1626 4118; x_wconf 87' lang='lat' dir='ltr'><strong>opera</strong></span> <span class='ocrx_word' id='word_1_275' title='bbox 1642 4085 1662 4116; x_wconf 92' lang='lat'><strong>,</strong></span> <span class='ocrx_word' id='word_1_276' title='bbox 1691 4057 1827 4119; x_wconf 81' lang='lat' dir='ltr'><strong>quae</strong></span> <span class='ocrx_word' id='word_1_277' title='bbox 1865 4040 2030 4118; x_wconf 88' lang='lat' dir='ltr'><strong>juste</strong></span> <span class='ocrx_word' id='word_1_278' title='bbox 2069 4058 2183 4119; x_wconf 91' lang='lat' dir='ltr'><strong>pu·</strong></span> 
     </span>
     <span class='ocr_line' id='line_1_40' title="bbox 626 4131 2176 4210; baseline -0.003 -13"><span class='ocrx_word' id='word_1_279' title='bbox 626 4138 755 4210; x_wconf 83' lang='lat' dir='ltr'><strong>nit3</strong></span> <span class='ocrx_word' id='word_1_280' title='bbox 792 4140 853 4194; x_wconf 91' lang='lat' dir='ltr'><strong>et</strong></span> <span class='ocrx_word' id='word_1_281' title='bbox 891 4134 1056 4194; x_wconf 88' lang='lat' dir='ltr'><strong>idem</strong></span> <span class='ocrx_word' id='word_1_282' title='bbox 1101 4138 1195 4193; x_wconf 90' lang='lat' dir='ltr'><strong>est</strong></span> <span class='ocrx_word' id='word_1_283' title='bbox 1247 4131 1322 4192; x_wconf 89' lang='lat' dir='ltr'><strong>de</strong></span> <span class='ocrx_word' id='word_1_284' title='bbox 1367 4131 1730 4194; x_wconf 89' lang='lat' dir='ltr'><strong>remissione</strong></span> <span class='ocrx_word' id='word_1_285' title='bbox 1783 4133 2176 4210; x_wconf 79' lang='lat' dir='ltr'><strong>injuriarum,</strong></span> 
     </span>
     <span class='ocr_line' id='line_1_41' title="bbox 626 4226 2184 4310; baseline -0.001 -21"><span class='ocrx_word' id='word_1_286' title='bbox 626 4228 930 4310; x_wconf 82' lang='lat' dir='ltr'><strong>praecipue</strong></span> <span class='ocrx_word' id='word_1_287' title='bbox 967 4227 1113 4306; x_wconf 88' lang='lat' dir='ltr'><strong>quia</strong></span> <span class='ocrx_word' id='word_1_288' title='bbox 1139 4226 1272 4286; x_wconf 80' lang='lat' dir='ltr'><strong>haee</strong></span> <span class='ocrx_word' id='word_1_289' title='bbox 1299 4243 1424 4286; x_wconf 88' lang='lat' dir='ltr'><strong>non</strong></span> <span class='ocrx_word' id='word_1_290' title='bbox 1457 4233 1546 4286; x_wconf 90' lang='lat' dir='ltr'><strong>est</strong></span> <span class='ocrx_word' id='word_1_291' title='bbox 1573 4227 1829 4286; x_wconf 86' lang='lat' dir='ltr'><strong>omniuo</strong></span> <span class='ocrx_word' id='word_1_292' title='bbox 1858 4226 1923 4285; x_wconf 90' lang='lat' dir='ltr'><strong>in</strong></span> <span class='ocrx_word' id='word_1_293' title='bbox 1952 4243 2184 4306; x_wconf 85' lang='lat' dir='ltr'><strong>praece-</strong></span> 
     </span>
     <span class='ocr_line' id='line_1_42' title="bbox 627 4318 2184 4404; baseline -0.002 -19"><span class='ocrx_word' id='word_1_294' title='bbox 627 4331 759 4404; x_wconf 87' lang='lat' dir='ltr'><strong>pto,</strong></span> <span class='ocrx_word' id='word_1_295' title='bbox 791 4339 937 4382; x_wconf 89' lang='lat' dir='ltr'><strong>nam</strong></span> <span class='ocrx_word' id='word_1_296' title='bbox 977 4319 1273 4395; x_wconf 88' lang='lat' dir='ltr'><strong>vindicta,</strong></span> <span class='ocrx_word' id='word_1_297' title='bbox 1303 4319 1405 4380; x_wconf 86' lang='lat' dir='ltr'><strong>via</strong></span> <span class='ocrx_word' id='word_1_298' title='bbox 1433 4318 1730 4398; x_wconf 86' lang='lat' dir='ltr'><strong>legitima,</strong></span> <span class='ocrx_word' id='word_1_299' title='bbox 1765 4326 1965 4398; x_wconf 88' lang='lat' dir='ltr'><strong>potest</strong></span> <span class='ocrx_word' id='word_1_300' title='bbox 1995 4320 2184 4382; x_wconf 88' lang='lat' dir='ltr'><strong>inter-</strong></span> 
     </span>
     <span class='ocr_line' id='line_1_43' title="bbox 628 4411 1492 4494; baseline -0.005 -17"><span class='ocrx_word' id='word_1_301' title='bbox 628 4417 777 4478; x_wconf 89' lang='lat' dir='ltr'><strong>dum</strong></span> <span class='ocrx_word' id='word_1_302' title='bbox 817 4414 942 4494; x_wconf 90' lang='lat' dir='ltr'><strong>peti</strong></span> <span class='ocrx_word' id='word_1_303' title='bbox 981 4413 1211 4492; x_wconf 86' lang='lat' dir='ltr'><strong>absque</strong></span> <span class='ocrx_word' id='word_1_304' title='bbox 1243 4411 1492 4490; x_wconf 86' lang='lat' dir='ltr'><strong>injuria.</strong></span> 
     </span>
    </p>

    <p class='ocr_par' dir='ltr' id='par_1_2' title="bbox 625 4504 2184 5612">
     <span class='ocr_line' id='line_1_44' title="bbox 707 4504 2184 4587; baseline -0.001 -19"><span class='ocrx_word' id='word_1_305' title='bbox 707 4510 766 4569; x_wconf 72' lang='lat'><strong>4.</strong></span> <span class='ocrx_word' id='word_1_306' title='bbox 819 4505 1100 4570; x_wconf 78' lang='lat' dir='ltr'><strong>Secunda</strong></span> <span class='ocrx_word' id='word_1_307' title='bbox 1138 4505 1436 4567; x_wconf 71' lang='lat' dir='ltr'><strong>conclusio</strong></span> <span class='ocrx_word' id='word_1_308' title='bbox 1473 4504 1789 4587; x_wconf 76' lang='lat' dir='ltr'><strong>bipartita.</strong></span> <span class='ocrx_word' id='word_1_309' title='bbox 1813 4537 1892 4552; x_wconf 91' lang='lat'><strong>-—</strong></span> <span class='ocrx_word' id='word_1_310' title='bbox 1917 4505 2059 4567; x_wconf 92' lang='lat' dir='ltr'><strong>Dico</strong></span> <span class='ocrx_word' id='word_1_311' title='bbox 2095 4523 2184 4566; x_wconf 87' lang='lat' dir='ltr'><strong>se-</strong></span> 
     </span>
     <span class='ocr_line' id='line_1_45' title="bbox 627 4597 2184 4678; baseline -0.003 -15"><span class='ocrx_word' id='word_1_312' title='bbox 627 4602 833 4664; x_wconf 84' lang='lat' dir='ltr'><strong>eundo</strong></span> <span class='ocrx_word' id='word_1_313' title='bbox 861 4619 878 4660; x_wconf 72' lang='grc' dir='ltr'>ε</span> <span class='ocrx_word' id='word_1_314' title='bbox 907 4597 1141 4660; x_wconf 90' lang='lat' dir='ltr'><strong>bellum</strong></span> <span class='ocrx_word' id='word_1_315' title='bbox 1177 4597 1558 4659; x_wconf 85' lang='lat' dir='ltr'><strong>defensivum</strong></span> <span class='ocrx_word' id='word_1_316' title='bbox 1589 4615 1716 4659; x_wconf 90' lang='lat' dir='ltr'><strong>non</strong></span> <span class='ocrx_word' id='word_1_317' title='bbox 1751 4599 1952 4660; x_wconf 87' lang='lat' dir='ltr'><strong>solum</strong></span> <span class='ocrx_word' id='word_1_318' title='bbox 1982 4605 2072 4678; x_wconf 83' lang='lat' dir='ltr'><strong>est</strong></span> <span class='ocrx_word' id='word_1_319' title='bbox 2112 4599 2184 4659; x_wconf 92' lang='lat' dir='ltr'><strong>li-</strong></span> 
     </span>
     <span class='ocr_line' id='line_1_46' title="bbox 628 4690 2184 4771; baseline -0.002 -16"><span class='ocrx_word' id='word_1_320' title='bbox 628 4695 839 4768; x_wconf 89' lang='lat' dir='ltr'><strong>citum,</strong></span> <span class='ocrx_word' id='word_1_321' title='bbox 876 4692 982 4753; x_wconf 90' lang='lat' dir='ltr'><strong>sed</strong></span> <span class='ocrx_word' id='word_1_322' title='bbox 1017 4690 1326 4750; x_wconf 89' lang='lat' dir='ltr'><strong>interdum</strong></span> <span class='ocrx_word' id='word_1_323' title='bbox 1357 4690 1542 4750; x_wconf 89' lang='lat' dir='ltr'><strong>etiam</strong></span> <span class='ocrx_word' id='word_1_324' title='bbox 1573 4699 1969 4771; x_wconf 84' lang='lat' dir='ltr'><strong>praeeeptum.</strong></span> <span class='ocrx_word' id='word_1_325' title='bbox 2010 4693 2184 4752; x_wconf 88' lang='lat' dir='ltr'><strong>Prior</strong></span> 
     </span>
     <span class='ocr_line' id='line_1_47' title="bbox 629 4783 2183 4867; baseline -0.002 -19"><span class='ocrx_word' id='word_1_326' title='bbox 629 4806 770 4867; x_wconf 89' lang='lat' dir='ltr'><strong>pars</strong></span> <span class='ocrx_word' id='word_1_327' title='bbox 819 4785 1094 4864; x_wconf 85' lang='lat' dir='ltr'><strong>sequitur</strong></span> <span class='ocrx_word' id='word_1_328' title='bbox 1150 4801 1222 4842; x_wconf 86' lang='lat' dir='ltr'><strong>ex</strong></span> <span class='ocrx_word' id='word_1_329' title='bbox 1273 4783 1477 4862; x_wconf 88' lang='lat' dir='ltr'><strong>prima</strong></span> <span class='ocrx_word' id='word_1_330' title='bbox 1523 4785 1936 4860; x_wconf 86' lang='lat' dir='ltr'><strong>conclusione,</strong></span> <span class='ocrx_word' id='word_1_331' title='bbox 1993 4801 2183 4864; x_wconf 87' lang='lat' dir='ltr'><strong>quam</strong></span> 
     </span>
     <span class='ocr_line' id='line_1_48' title="bbox 637 4877 2184 4954; baseline -0.003 -13"><span class='ocrx_word' id='word_1_332' title='bbox 637 4882 822 4941; x_wconf 87' lang='lat' dir='ltr'><strong>etiam</strong></span> <span class='ocrx_word' id='word_1_333' title='bbox 852 4877 1023 4938; x_wconf 85' lang='lat' dir='ltr'><strong>citati</strong></span> <span class='ocrx_word' id='word_1_334' title='bbox 1051 4877 1334 4936; x_wconf 88' lang='lat' dir='ltr'><strong>Doctores</strong></span> <span class='ocrx_word' id='word_1_335' title='bbox 1361 4877 1722 4954; x_wconf 89' lang='lat' dir='ltr'><strong>admittunt,</strong></span> <span class='ocrx_word' id='word_1_336' title='bbox 1767 4885 1826 4940; x_wconf 90' lang='lat' dir='ltr'><strong>et</strong></span> <span class='ocrx_word' id='word_1_337' title='bbox 1865 4877 2054 4939; x_wconf 84' lang='lat' dir='ltr'><strong>habet</strong></span> <span class='ocrx_word' id='word_1_338' title='bbox 2099 4878 2184 4937; x_wconf 90' lang='lat' dir='ltr'><strong>lo-</strong></span> 
     </span>
     <span class='ocr_line' id='line_1_49' title="bbox 631 4971 2183 5051; baseline -0.003 -16"><span class='ocrx_word' id='word_1_339' title='bbox 631 4995 769 5035; x_wconf 87' lang='lat' dir='ltr'><strong>cum</strong></span> <span class='ocrx_word' id='word_1_340' title='bbox 800 4991 925 5033; x_wconf 91' lang='lat' dir='ltr'><strong>non</strong></span> <span class='ocrx_word' id='word_1_341' title='bbox 954 4971 1150 5032; x_wconf 92' lang='lat' dir='ltr'><strong>solum</strong></span> <span class='ocrx_word' id='word_1_342' title='bbox 1178 4971 1245 5031; x_wconf 91' lang='lat' dir='ltr'><strong>in</strong></span> <span class='ocrx_word' id='word_1_343' title='bbox 1276 4971 1537 5050; x_wconf 85' lang='lat' dir='ltr'><strong>publicis</strong></span> <span class='ocrx_word' id='word_1_344' title='bbox 1561 4973 2045 5051; x_wconf 79' lang='lat' dir='ltr'><strong>magistratibuS,</strong></span> <span class='ocrx_word' id='word_1_345' title='bbox 2079 4972 2183 5034; x_wconf 90' lang='lat' dir='ltr'><strong>sed</strong></span> 
     </span>
     <span class='ocr_line' id='line_1_50' title="bbox 630 5052 2183 5144; baseline -0.003 -15"><span class='ocrx_word' id='word_1_346' title='bbox 630 5073 818 5129; x_wconf 84' lang='lat' dir='ltr'><strong>etiam</strong></span> <span class='ocrx_word' id='word_1_347' title='bbox 859 5067 926 5125; x_wconf 90' lang='lat' dir='ltr'><strong>in</strong></span> <span class='ocrx_word' id='word_1_348' title='bbox 954 5065 1208 5144; x_wconf 86' lang='lat' dir='ltr'><strong>privatis</strong></span> <span class='ocrx_word' id='word_1_349' title='bbox 1249 5065 1558 5142; x_wconf 87' lang='lat' dir='ltr'><strong>personis;</strong></span> <span class='ocrx_word' id='word_1_350' title='bbox 1607 5083 1752 5126; x_wconf 89' lang='lat' dir='ltr'><strong>nam</strong></span> <span class='ocrx_word' id='word_1_351' title='bbox 1801 5052 1934 5124; x_wconf 55' lang='lat' dir='ltr'><strong>vim⁴</strong></span> <span class='ocrx_word' id='word_1_352' title='bbox 1974 5066 2035 5124; x_wconf 90' lang='lat' dir='ltr'><strong>vi</strong></span> <span class='ocrx_word' id='word_1_353' title='bbox 2088 5084 2183 5126; x_wconf 88' lang='lat' dir='ltr'><strong>re-</strong></span> 
     </span>
     <span class='ocr_line' id='line_1_51' title="bbox 626 5157 2177 5242; baseline 0 -21"><span class='ocrx_word' id='word_1_354' title='bbox 626 5161 853 5242; x_wconf 88' lang='lat' dir='ltr'><strong>pellere</strong></span> <span class='ocrx_word' id='word_1_355' title='bbox 894 5159 1103 5220; x_wconf 89' lang='lat' dir='ltr'><strong>omnia</strong></span> <span class='ocrx_word' id='word_1_356' title='bbox 1130 5158 1270 5236; x_wconf 88' lang='lat' dir='ltr'><strong>jura</strong></span> <span class='ocrx_word' id='word_1_357' title='bbox 1304 5157 1700 5236; x_wconf 88' lang='lat' dir='ltr'><strong>permittunt,</strong></span> <span class='ocrx_word' id='word_1_358' title='bbox 1744 5177 1877 5236; x_wconf 90' lang='lat' dir='ltr'><strong>cap.</strong></span> <span class='ocrx_word' id='word_1_359' title='bbox 1916 5158 1997 5221; x_wconf 82' lang='lat' dir='ltr'><strong>Si</strong></span> <span class='ocrx_word' id='word_1_360' title='bbox 2023 5177 2177 5233; x_wconf 76' lang='lat' dir='ltr'><strong>cerv,</strong></span> 
     </span>
     <span class='ocr_line' id='line_1_52' title="bbox 630 5229 2179 5329; baseline -0.001 -13"><span class='ocrx_word' id='word_1_361' title='bbox 630 5260 827 5329; x_wconf 87' lang='lat' dir='ltr'><strong>extra,</strong></span> <span class='ocrx_word' id='word_1_362' title='bbox 860 5254 934 5313; x_wconf 91' lang='lat' dir='ltr'><strong>de</strong></span> <span class='ocrx_word' id='word_1_363' title='bbox 955 5254 1260 5312; x_wconf 87' lang='lat' dir='ltr'><strong>sententia</strong></span> <span class='ocrx_word' id='word_1_364' title='bbox 1285 5252 1957 5312; x_wconf 64' lang='lat' dir='ltr'><strong>excommunicationis</strong></span> <span class='ocrx_word' id='word_1_365' title='bbox 2001 5229 2179 5314; x_wconf 64' lang='lat' dir='ltr'><strong>hat-io</strong></span> 
     </span>
     <span class='ocr_line' id='line_1_53' title="bbox 628 5344 2178 5426; baseline -0.001 -18"><span class='ocrx_word' id='word_1_366' title='bbox 628 5355 740 5422; x_wconf 90' lang='lat' dir='ltr'><strong>est,</strong></span> <span class='ocrx_word' id='word_1_367' title='bbox 775 5347 919 5426; x_wconf 86' lang='lat' dir='ltr'><strong>quia</strong></span> <span class='ocrx_word' id='word_1_368' title='bbox 943 5346 1046 5424; x_wconf 79' lang='lat' dir='ltr'><strong>jus</strong></span> <span class='ocrx_word' id='word_1_369' title='bbox 1073 5345 1340 5423; x_wconf 84' lang='lat' dir='ltr'><strong>proprioe</strong></span> <span class='ocrx_word' id='word_1_370' title='bbox 1383 5344 1752 5404; x_wconf 88' lang='lat' dir='ltr'><strong>defensionis</strong></span> <span class='ocrx_word' id='word_1_371' title='bbox 1782 5351 1874 5405; x_wconf 89' lang='lat' dir='ltr'><strong>cst</strong></span> <span class='ocrx_word' id='word_1_372' title='bbox 1897 5347 2178 5408; x_wconf 86' lang='lat' dir='ltr'><strong>naturale</strong></span> 
     </span>
     <span class='ocr_line' id='line_1_54' title="bbox 625 5438 2178 5518; baseline -0.001 -17"><span class='ocrx_word' id='word_1_373' title='bbox 625 5449 688 5501; x_wconf 88' lang='lat' dir='ltr'><strong>et</strong></span> <span class='ocrx_word' id='word_1_374' title='bbox 729 5439 1158 5500; x_wconf 84' lang='lat' dir='ltr'><strong>necessarium.</strong></span> <span class='ocrx_word' id='word_1_375' title='bbox 1212 5439 1382 5498; x_wconf 85' lang='lat' dir='ltr'><strong>Unde</strong></span> <span class='ocrx_word' id='word_1_376' title='bbox 1425 5438 1600 5498; x_wconf 86' lang='lat' dir='ltr'><strong>facile</strong></span> <span class='ocrx_word' id='word_1_377' title='bbox 1655 5440 1997 5500; x_wconf 77' lang='lat' dir='ltr'><strong>ostenditur</strong></span> <span class='ocrx_word' id='word_1_378' title='bbox 2038 5459 2178 5518; x_wconf 85' lang='lat' dir='ltr'><strong>pars</strong></span> 
     </span>
     <span class='ocr_line' id='line_1_55' title="bbox 625 5532 2177 5612; baseline 0.001 -18"><span class='ocrx_word' id='word_1_379' title='bbox 625 5533 893 5594; x_wconf 85' lang='lat' dir='ltr'><strong>secunda</strong></span> <span class='ocrx_word' id='word_1_380' title='bbox 926 5554 938 5590; x_wconf 91' lang='lat'>:</span> <span class='ocrx_word' id='word_1_381' title='bbox 968 5551 1116 5593; x_wconf 87' lang='lat' dir='ltr'><strong>nam</strong></span> <span class='ocrx_word' id='word_1_382' title='bbox 1145 5533 1392 5612; x_wconf 89' lang='lat' dir='ltr'><strong>propria</strong></span> <span class='ocrx_word' id='word_1_383' title='bbox 1414 5532 1687 5592; x_wconf 84' lang='lat' dir='ltr'><strong>defensio</strong></span> <span class='ocrx_word' id='word_1_384' title='bbox 1708 5532 2024 5593; x_wconf 85' lang='lat' dir='ltr'><strong>interdum</strong></span> <span class='ocrx_word' id='word_1_385' title='bbox 2050 5551 2177 5598; x_wconf 87' lang='lat' dir='ltr'><strong>esse</strong></span> 
     </span>
    </p>
   </div>
   <div class='ocr_carea' id='block_1_2' title="bbox 1649 397 2795 452">
    <p class='ocr_par' dir='ltr' id='par_1_3' title="bbox 1649 397 2795 452">
     <span class='ocr_line' id='line_1_56' title="bbox 1649 397 2795 452; baseline -0.002 0"><span class='ocrx_word' id='word_1_386' title='bbox 1649 399 1886 452; x_wconf 82' lang='lat' dir='ltr'><strong>DISPUT.</strong></span> <span class='ocrx_word' id='word_1_387' title='bbox 1923 399 2054 452; x_wconf 83' lang='lat' dir='ltr'><strong>xm.</strong></span> <span class='ocrx_word' id='word_1_388' title='bbox 2090 397 2171 450; x_wconf 75' lang='lat' dir='ltr'><strong>m*</strong></span> <span class='ocrx_word' id='word_1_389' title='bbox 2206 397 2437 451; x_wconf 74' lang='lat' dir='ltr'><strong>ULTmA</strong></span> <span class='ocrx_word' id='word_1_390' title='bbox 2471 401 2550 452; x_wconf 85' lang='lat' dir='ltr'><strong>DE</strong></span> <span class='ocrx_word' id='word_1_391' title='bbox 2580 397 2795 452; x_wconf 81' lang='lat' dir='ltr'><strong>BELLO.</strong></span> 
     </span>
    </p>
   </div>
   <div class='ocr_carea' id='block_1_3' title="bbox 2258 496 3784 5620">
    <p class='ocr_par' dir='ltr' id='par_1_4' title="bbox 2260 496 3784 2235">
     <span class='ocr_line' id='line_1_57' title="bbox 2270 496 3774 576; baseline 0.006 -19"><span class='ocrx_word' id='word_1_392' title='bbox 2270 503 2466 574; x_wconf 86' lang='lat' dir='ltr'><strong>potest</strong></span> <span class='ocrx_word' id='word_1_393' title='bbox 2494 499 2560 557; x_wconf 79' lang='lat' dir='ltr'><strong>iii</strong></span> <span class='ocrx_word' id='word_1_394' title='bbox 2588 501 2910 576; x_wconf 79' lang='lat' dir='ltr'><strong>praecepto,</strong></span> <span class='ocrx_word' id='word_1_395' title='bbox 2944 496 3162 557; x_wconf 85' lang='lat' dir='ltr'><strong>saltem</strong></span> <span class='ocrx_word' id='word_1_396' title='bbox 3190 515 3266 558; x_wconf 87' lang='lat' dir='ltr'><strong>ex</strong></span> <span class='ocrx_word' id='word_1_397' title='bbox 3304 497 3523 561; x_wconf 87' lang='lat' dir='ltr'><strong>ordine</strong></span> <span class='ocrx_word' id='word_1_398' title='bbox 3558 501 3774 567; x_wconf 80' lang='lat' dir='ltr'><strong>eharita-</strong></span> 
     </span>
     <span class='ocr_line' id='line_1_58' title="bbox 2271 590 3775 670; baseline 0.007 -20"><span class='ocrx_word' id='word_1_399' title='bbox 2271 590 2371 666; x_wconf 85' lang='lat' dir='ltr'><strong>tis,</strong></span> <span class='ocrx_word' id='word_1_400' title='bbox 2415 597 2487 651; x_wconf 93' lang='lat' dir='ltr'><strong>ut</strong></span> <span class='ocrx_word' id='word_1_401' title='bbox 2528 591 2762 652; x_wconf 88' lang='lat' dir='ltr'><strong>dictum</strong></span> <span class='ocrx_word' id='word_1_402' title='bbox 2818 602 2906 651; x_wconf 85' lang='lat' dir='ltr'><strong>est</strong></span> <span class='ocrx_word' id='word_1_403' title='bbox 2952 591 3362 670; x_wconf 85' lang='lat' dir='ltr'><strong>disputatione</strong></span> <span class='ocrx_word' id='word_1_404' title='bbox 3390 595 3472 670; x_wconf 82' lang='lat'><strong>93</strong></span> <span class='ocrx_word' id='word_1_405' title='bbox 3516 595 3657 656; x_wconf 90' lang='lat' dir='ltr'><strong>item</strong></span> <span class='ocrx_word' id='word_1_406' title='bbox 3700 600 3775 661; x_wconf 85' lang='lat' dir='ltr'><strong>de·</strong></span> 
     </span>
     <span class='ocr_line' id='line_1_59' title="bbox 2267 683 3779 764; baseline 0.007 -20"><span class='ocrx_word' id='word_1_407' title='bbox 2267 683 2465 744; x_wconf 85' lang='lat' dir='ltr'><strong>fensio</strong></span> <span class='ocrx_word' id='word_1_408' title='bbox 2496 683 2868 762; x_wconf 69' lang='lat' dir='ltr'><strong>reipublicae,</strong></span> <span class='ocrx_word' id='word_1_409' title='bbox 2910 684 3221 764; x_wconf 78' lang='lat' dir='ltr'><strong>praecipue</strong></span> <span class='ocrx_word' id='word_1_410' title='bbox 3264 685 3311 745; x_wconf 85' lang='lat' dir='ltr'><strong>si</strong></span> <span class='ocrx_word' id='word_1_411' title='bbox 3364 704 3443 748; x_wconf 85' lang='lat' dir='ltr'><strong>ex</strong></span> <span class='ocrx_word' id='word_1_412' title='bbox 3488 688 3673 750; x_wconf 86' lang='lat' dir='ltr'><strong>officio</strong></span> <span class='ocrx_word' id='word_1_413' title='bbox 3712 695 3779 754; x_wconf 91' lang='lat' dir='ltr'><strong>in-</strong></span> 
     </span>
     <span class='ocr_line' id='line_1_60' title="bbox 2271 777 3780 866; baseline 0.007 -31"><span class='ocrx_word' id='word_1_414' title='bbox 2271 777 2541 837; x_wconf 88' lang='lat' dir='ltr'><strong>cumbat.</strong></span> <span class='ocrx_word' id='word_1_415' title='bbox 2568 777 2726 838; x_wconf 85' lang='lat' dir='ltr'><strong>Vide</strong></span> <span class='ocrx_word' id='word_1_416' title='bbox 2749 777 3165 850; x_wconf 85' lang='lat' dir='ltr'><strong>Ambrosium,</strong></span> <span class='ocrx_word' id='word_1_417' title='bbox 3207 780 3234 839; x_wconf 85' lang='lat'><strong>1</strong></span> <span class='ocrx_word' id='word_1_418' title='bbox 3270 779 3341 839; x_wconf 88' lang='lat' dir='ltr'><strong>dc</strong></span> <span class='ocrx_word' id='word_1_419' title='bbox 3365 779 3515 856; x_wconf 63' lang='lat' dir='ltr'><strong>off„</strong></span> <span class='ocrx_word' id='word_1_420' title='bbox 3540 799 3590 841; x_wconf 88' lang='lat' dir='ltr'><strong>c.</strong></span> <span class='ocrx_word' id='word_1_421' title='bbox 3621 785 3672 842; x_wconf 73' lang='lat'><strong>7.</strong></span> <span class='ocrx_word' id='word_1_422' title='bbox 3696 787 3780 866; x_wconf 82' lang='lat' dir='ltr'><strong>Op-</strong></span> 
     </span>
     <span class='ocr_line' id='line_1_61' title="bbox 2270 869 3781 950; baseline 0.003 -20"><span class='ocrx_word' id='word_1_423' title='bbox 2270 889 2499 950; x_wconf 81' lang='lat' dir='ltr'><strong>poneS,</strong></span> <span class='ocrx_word' id='word_1_424' title='bbox 2547 889 2691 931; x_wconf 88' lang='lat' dir='ltr'><strong>nam</strong></span> <span class='ocrx_word' id='word_1_425' title='bbox 2725 869 2803 930; x_wconf 85' lang='lat' dir='ltr'><strong>ad</strong></span> <span class='ocrx_word' id='word_1_426' title='bbox 2852 871 3161 930; x_wconf 84' lang='lat' dir='ltr'><strong>Romanos</strong></span> <span class='ocrx_word' id='word_1_427' title='bbox 3215 871 3289 931; x_wconf 75' lang='lat'><strong>12</strong></span> <span class='ocrx_word' id='word_1_428' title='bbox 3338 871 3621 934; x_wconf 89' lang='lat' dir='ltr'><strong>dicitur:</strong></span> <span class='ocrx_word' id='word_1_429' title='bbox 3674 877 3781 941; x_wconf 71' lang='lat' dir='ltr'><strong>Non</strong></span> 
     </span>
     <span class='ocr_line' id='line_1_62' title="bbox 2267 965 3783 1046; baseline 0.004 -21"><span class='ocrx_word' id='word_1_430' title='bbox 2267 983 2371 1025; x_wconf 77' lang='lat' dir='ltr'><strong>vos</strong></span> <span class='ocrx_word' id='word_1_431' title='bbox 2400 967 2765 1042; x_wconf 76' lang='lat' dir='ltr'><strong>defendentes</strong></span> <span class='ocrx_word' id='word_1_432' title='bbox 2793 1010 2808 1036; x_wconf 96' lang='lat'><strong>,</strong></span> <span class='ocrx_word' id='word_1_433' title='bbox 2852 965 3201 1026; x_wconf 71' lang='lat' dir='ltr'><strong>charissimi</strong></span> <span class='ocrx_word' id='word_1_434' title='bbox 3218 989 3246 1038; x_wconf 90' lang='lat'><em>;</em></span> <span class='ocrx_word' id='word_1_435' title='bbox 3276 966 3376 1026; x_wconf 88' lang='lat' dir='ltr'><strong>cui</strong></span> <span class='ocrx_word' id='word_1_436' title='bbox 3406 977 3706 1046; x_wconf 84' lang='lat' dir='ltr'><strong>consonat,</strong></span> <span class='ocrx_word' id='word_1_437' title='bbox 3732 975 3783 1033; x_wconf 86' lang='lat' dir='ltr'><strong>il-</strong></span> 
     </span>
     <span class='ocr_line' id='line_1_63' title="bbox 2267 1055 3782 1138; baseline 0.006 -20"><span class='ocrx_word' id='word_1_438' title='bbox 2267 1056 2375 1118; x_wconf 89' lang='lat' dir='ltr'><strong>lud</strong></span> <span class='ocrx_word' id='word_1_439' title='bbox 2404 1057 2622 1118; x_wconf 87' lang='lat' dir='ltr'><strong>Matth.</strong></span> <span class='ocrx_word' id='word_1_440' title='bbox 2660 1060 2737 1118; x_wconf 79' lang='lat'><strong>5:</strong></span> <span class='ocrx_word' id='word_1_441' title='bbox 2788 1055 2869 1120; x_wconf 75' lang='lat' dir='ltr'><strong>Si</strong></span> <span class='ocrx_word' id='word_1_442' title='bbox 2900 1057 3042 1138; x_wconf 72' lang='lat' dir='ltr'><strong>quis</strong></span> <span class='ocrx_word' id='word_1_443' title='bbox 3082 1063 3139 1118; x_wconf 77' lang='lat' dir='ltr'><strong>te</strong></span> <span class='ocrx_word' id='word_1_444' title='bbox 3174 1062 3551 1138; x_wconf 70' lang='lat' dir='ltr'><strong>percusserit</strong></span> <span class='ocrx_word' id='word_1_445' title='bbox 3598 1063 3657 1123; x_wconf 71' lang='lat' dir='ltr'><strong>in</strong></span> <span class='ocrx_word' id='word_1_446' title='bbox 3684 1067 3782 1127; x_wconf 66' lang='lat' dir='ltr'><strong>dsc-</strong></span> 
     </span>
     <span class='ocr_line' id='line_1_64' title="bbox 2272 1151 3784 1233; baseline 0.004 -20"><span class='ocrx_word' id='word_1_447' title='bbox 2272 1156 2463 1213; x_wconf 79' lang='lat' dir='ltr'><strong>teram</strong></span> <span class='ocrx_word' id='word_1_448' title='bbox 2486 1151 2833 1225; x_wconf 74' lang='lat' dir='ltr'><strong>maxillam,</strong></span> <span class='ocrx_word' id='word_1_449' title='bbox 2854 1151 3053 1230; x_wconf 77' lang='lat' dir='ltr'><strong>proebe</strong></span> <span class='ocrx_word' id='word_1_450' title='bbox 3076 1153 3137 1212; x_wconf 76' lang='lat' dir='ltr'><strong>et</strong></span> <span class='ocrx_word' id='word_1_451' title='bbox 3162 1151 3443 1214; x_wconf 77' lang='lat' dir='ltr'><strong>alteram.</strong></span> <span class='ocrx_word' id='word_1_452' title='bbox 3482 1153 3784 1233; x_wconf 79' lang='lat' dir='ltr'><strong>Responde-</strong></span> 
     </span>
     <span class='ocr_line' id='line_1_65' title="bbox 2266 1243 3779 1326; baseline 0.005 -24"><span class='ocrx_word' id='word_1_453' title='bbox 2266 1251 2370 1304; x_wconf 85' lang='lat' dir='ltr'><strong>tur</strong></span> <span class='ocrx_word' id='word_1_454' title='bbox 2398 1245 2464 1304; x_wconf 92' lang='lat' dir='ltr'><strong>in</strong></span> <span class='ocrx_word' id='word_1_455' title='bbox 2492 1244 2687 1324; x_wconf 84' lang='lat' dir='ltr'><strong>priori</strong></span> <span class='ocrx_word' id='word_1_456' title='bbox 2714 1243 2846 1304; x_wconf 91' lang='lat' dir='ltr'><strong>loco</strong></span> <span class='ocrx_word' id='word_1_457' title='bbox 2884 1259 3232 1303; x_wconf 86' lang='lat' dir='ltr'><strong>sermonem</strong></span> <span class='ocrx_word' id='word_1_458' title='bbox 3267 1261 3398 1305; x_wconf 89' lang='lat' dir='ltr'><strong>esse</strong></span> <span class='ocrx_word' id='word_1_459' title='bbox 3426 1245 3505 1306; x_wconf 81' lang='lat' dir='ltr'><strong>de</strong></span> <span class='ocrx_word' id='word_1_460' title='bbox 3536 1249 3779 1326; x_wconf 77' lang='lat' dir='ltr'><strong>vindicta,</strong></span> 
     </span>
     <span class='ocr_line' id='line_1_66' title="bbox 2264 1334 3779 1416; baseline 0.006 -21"><span class='ocrx_word' id='word_1_461' title='bbox 2264 1336 2431 1396; x_wconf 90' lang='lat' dir='ltr'><strong>unde</strong></span> <span class='ocrx_word' id='word_1_462' title='bbox 2457 1338 2579 1397; x_wconf 87' lang='lat' dir='ltr'><strong>alia</strong></span> <span class='ocrx_word' id='word_1_463' title='bbox 2612 1336 2791 1398; x_wconf 83' lang='lat' dir='ltr'><strong>lectio</strong></span> <span class='ocrx_word' id='word_1_464' title='bbox 2833 1335 3057 1396; x_wconf 89' lang='lat' dir='ltr'><strong>habet:</strong></span> <span class='ocrx_word' id='word_1_465' title='bbox 3090 1334 3233 1399; x_wconf 78' lang='lat' dir='ltr'><strong>Nou</strong></span> <span class='ocrx_word' id='word_1_466' title='bbox 3273 1355 3379 1401; x_wconf 71' lang='lat' dir='ltr'><strong>cos</strong></span> <span class='ocrx_word' id='word_1_467' title='bbox 3405 1339 3779 1416; x_wconf 51' lang='lat' dir='ltr'><strong>vindicantem</strong></span> 
     </span>
     <span class='ocr_line' id='line_1_67' title="bbox 2263 1429 3777 1512; baseline -0.006 -20"><span class='ocrx_word' id='word_1_468' title='bbox 2263 1436 2324 1492; x_wconf 89' lang='lat' dir='ltr'><strong>et</strong></span> <span class='ocrx_word' id='word_1_469' title='bbox 2374 1447 2647 1507; x_wconf 87' lang='lat' dir='ltr'><strong>graecum</strong></span> <span class='ocrx_word' id='word_1_470' title='bbox 2706 1429 2965 1490; x_wconf 80' lang='lat' dir='ltr'><strong>verbum</strong></span> <span class='ocrx_word' id='word_1_471' title='bbox 2995 1437 3319 1506; x_wconf 69' lang='grc' dir='ltr'><strong>ἐκδικοῦντες,</strong></span> <span class='ocrx_word' id='word_1_472' title='bbox 3372 1439 3691 1512; x_wconf 73' lang='lat' dir='ltr'><strong>utrumque</strong></span> <span class='ocrx_word' id='word_1_473' title='bbox 3726 1438 3777 1496; x_wconf 68' lang='lat'><strong>21.</strong></span> 
     </span>
     <span class='ocr_line' id='line_1_68' title="bbox 2260 1523 3775 1604; baseline 0.003 -22"><span class='ocrx_word' id='word_1_474' title='bbox 2260 1523 2548 1601; x_wconf 78' lang='lat' dir='ltr'><strong>gnificat3</strong></span> <span class='ocrx_word' id='word_1_475' title='bbox 2586 1529 2751 1602; x_wconf 86' lang='lat' dir='ltr'><strong>patet</strong></span> <span class='ocrx_word' id='word_1_476' title='bbox 2778 1529 2986 1584; x_wconf 87' lang='lat' dir='ltr'><strong>tamen</strong></span> <span class='ocrx_word' id='word_1_477' title='bbox 3020 1543 3234 1585; x_wconf 89' lang='lat' dir='ltr'><strong>sensus</strong></span> <span class='ocrx_word' id='word_1_478' title='bbox 3262 1543 3336 1585; x_wconf 85' lang='lat' dir='ltr'><strong>ex</strong></span> <span class='ocrx_word' id='word_1_479' title='bbox 3380 1527 3775 1604; x_wconf 85' lang='lat' dir='ltr'><strong>sequentibus:</strong></span> 
     </span>
     <span class='ocr_line' id='line_1_69' title="bbox 2262 1616 3775 1696; baseline 0.003 -18"><span class='ocrx_word' id='word_1_480' title='bbox 2262 1616 2582 1696; x_wconf 76' lang='lat' dir='ltr'><strong>Scriptum</strong></span> <span class='ocrx_word' id='word_1_481' title='bbox 2602 1622 2691 1679; x_wconf 75' lang='lat' dir='ltr'><strong>cst</strong></span> <span class='ocrx_word' id='word_1_482' title='bbox 2728 1619 2885 1678; x_wconf 77' lang='lat' dir='ltr'><strong>enim</strong></span> <span class='ocrx_word' id='word_1_483' title='bbox 2908 1642 2931 1676; x_wconf 93' lang='lat'><strong>.·</strong></span> <span class='ocrx_word' id='word_1_484' title='bbox 2957 1617 3122 1679; x_wconf 70' lang='lat' dir='ltr'><strong>Mihi</strong></span> <span class='ocrx_word' id='word_1_485' title='bbox 3146 1616 3446 1693; x_wconf 70' lang='lat' dir='ltr'><strong>vindicta,</strong></span> <span class='ocrx_word' id='word_1_486' title='bbox 3489 1623 3600 1679; x_wconf 87' lang='lat' dir='ltr'><strong>etc.</strong></span> <span class='ocrx_word' id='word_1_487' title='bbox 3652 1621 3775 1682; x_wconf 81' lang='lat' dir='ltr'><strong>Idem</strong></span> 
     </span>
     <span class='ocr_line' id='line_1_70' title="bbox 2268 1709 3778 1791; baseline 0.003 -22"><span class='ocrx_word' id='word_1_488' title='bbox 2268 1716 2361 1769; x_wconf 91' lang='lat' dir='ltr'><strong>est</strong></span> <span class='ocrx_word' id='word_1_489' title='bbox 2406 1725 2617 1770; x_wconf 85' lang='lat' dir='ltr'><strong>seusus</strong></span> <span class='ocrx_word' id='word_1_490' title='bbox 2657 1709 2909 1770; x_wconf 89' lang='lat' dir='ltr'><strong>secundi</strong></span> <span class='ocrx_word' id='word_1_491' title='bbox 2934 1711 3293 1786; x_wconf 86' lang='lat' dir='ltr'><strong>testimonii,</strong></span> <span class='ocrx_word' id='word_1_492' title='bbox 3324 1713 3377 1770; x_wconf 86' lang='lat' dir='ltr'><strong>si</strong></span> <span class='ocrx_word' id='word_1_493' title='bbox 3422 1711 3501 1772; x_wconf 89' lang='lat' dir='ltr'><strong>de</strong></span> <span class='ocrx_word' id='word_1_494' title='bbox 3532 1721 3778 1791; x_wconf 70' lang='lat' dir='ltr'><strong>praecepto</strong></span> 
     </span>
     <span class='ocr_line' id='line_1_71' title="bbox 2267 1801 3771 1884; baseline 0.003 -23"><span class='ocrx_word' id='word_1_495' title='bbox 2267 1801 2650 1880; x_wconf 88' lang='lat' dir='ltr'><strong>intelligatur</strong></span> <span class='ocrx_word' id='word_1_496' title='bbox 2680 1819 2699 1879; x_wconf 83' lang='lat'><em>3</em></span> <span class='ocrx_word' id='word_1_497' title='bbox 2746 1804 3027 1882; x_wconf 86' lang='lat' dir='ltr'><strong>quamvis</strong></span> <span class='ocrx_word' id='word_1_498' title='bbox 3076 1805 3263 1864; x_wconf 89' lang='lat' dir='ltr'><strong>etiam</strong></span> <span class='ocrx_word' id='word_1_499' title='bbox 3306 1805 3501 1882; x_wconf 87' lang='lat' dir='ltr'><strong>possit</strong></span> <span class='ocrx_word' id='word_1_500' title='bbox 3542 1805 3771 1884; x_wconf 83' lang='lat' dir='ltr'><strong>intelligi,</strong></span> 
     </span>
     <span class='ocr_line' id='line_1_72' title="bbox 2269 1896 3777 1976; baseline 0.002 -21"><span class='ocrx_word' id='word_1_501' title='bbox 2269 1903 2340 1955; x_wconf 88' lang='lat' dir='ltr'><strong>ut</strong></span> <span class='ocrx_word' id='word_1_502' title='bbox 2370 1898 2776 1974; x_wconf 81' lang='lat' dir='ltr'><strong>Augustinus,</strong></span> <span class='ocrx_word' id='word_1_503' title='bbox 2809 1903 2977 1957; x_wconf 88' lang='lat' dir='ltr'><strong>tomo</strong></span> <span class='ocrx_word' id='word_1_504' title='bbox 3004 1905 3249 1976; x_wconf 90' lang='lat' dir='ltr'><strong>quarto,</strong></span> <span class='ocrx_word' id='word_1_505' title='bbox 3272 1896 3435 1958; x_wconf 88' lang='lat' dir='ltr'><strong>libro</strong></span> <span class='ocrx_word' id='word_1_506' title='bbox 3476 1899 3552 1958; x_wconf 89' lang='lat' dir='ltr'><strong>de</strong></span> <span class='ocrx_word' id='word_1_507' title='bbox 3574 1897 3777 1958; x_wconf 75' lang='lat' dir='ltr'><strong>Menda-</strong></span> 
     </span>
     <span class='ocr_line' id='line_1_73' title="bbox 2268 1988 3775 2070; baseline 0.002 -22"><span class='ocrx_word' id='word_1_508' title='bbox 2268 1989 2384 2063; x_wconf 89' lang='lat' dir='ltr'><strong>ci0,</strong></span> <span class='ocrx_word' id='word_1_509' title='bbox 2422 2008 2475 2049; x_wconf 90' lang='lat' dir='ltr'><strong>c.</strong></span> <span class='ocrx_word' id='word_1_510' title='bbox 2524 1990 2624 2063; x_wconf 77' lang='lat'><strong>15,</strong></span> <span class='ocrx_word' id='word_1_511' title='bbox 2656 1996 2717 2049; x_wconf 88' lang='lat' dir='ltr'><strong>et</strong></span> <span class='ocrx_word' id='word_1_512' title='bbox 2738 1989 2884 2049; x_wconf 88' lang='lat' dir='ltr'><strong>alibi</strong></span> <span class='ocrx_word' id='word_1_513' title='bbox 2919 1993 3193 2069; x_wconf 84' lang='lat' dir='ltr'><strong>exponit,</strong></span> <span class='ocrx_word' id='word_1_514' title='bbox 3239 1988 3315 2050; x_wconf 90' lang='lat' dir='ltr'><strong>de</strong></span> <span class='ocrx_word' id='word_1_515' title='bbox 3353 1991 3551 2050; x_wconf 89' lang='lat' dir='ltr'><strong>animi</strong></span> <span class='ocrx_word' id='word_1_516' title='bbox 3592 2003 3775 2070; x_wconf 74' lang='lat' dir='ltr'><strong>praepa-</strong></span> 
     </span>
     <span class='ocr_line' id='line_1_74' title="bbox 2267 2081 3772 2161; baseline 0.003 -21"><span class='ocrx_word' id='word_1_517' title='bbox 2267 2082 2531 2157; x_wconf 88' lang='lat' dir='ltr'><strong>ratione,</strong></span> <span class='ocrx_word' id='word_1_518' title='bbox 2563 2081 2777 2160; x_wconf 80' lang='lat' dir='ltr'><strong>utique</strong></span> <span class='ocrx_word' id='word_1_519' title='bbox 2801 2082 3045 2161; x_wconf 87' lang='lat' dir='ltr'><strong>quando</strong></span> <span class='ocrx_word' id='word_1_520' title='bbox 3078 2082 3141 2142; x_wconf 91' lang='lat' dir='ltr'><strong>id</strong></span> <span class='ocrx_word' id='word_1_521' title='bbox 3168 2081 3361 2142; x_wconf 81' lang='lat' dir='ltr'><strong>fuerit</strong></span> <span class='ocrx_word' id='word_1_522' title='bbox 3386 2085 3772 2156; x_wconf 68' lang='lat' dir='ltr'><strong>necessarium</strong></span> 
     </span>
     <span class='ocr_line' id='line_1_75' title="bbox 2264 2173 3357 2235; baseline 0.001 -2"><span class='ocrx_word' id='word_1_523' title='bbox 2264 2192 2413 2234; x_wconf 90' lang='lat' dir='ltr'><strong>nam</strong></span> <span class='ocrx_word' id='word_1_524' title='bbox 2439 2173 2591 2234; x_wconf 84' lang='lat' dir='ltr'><strong>alias</strong></span> <span class='ocrx_word' id='word_1_525' title='bbox 2614 2179 2858 2233; x_wconf 86' lang='lat' dir='ltr'><strong>tantum</strong></span> <span class='ocrx_word' id='word_1_526' title='bbox 2891 2181 2980 2234; x_wconf 86' lang='lat' dir='ltr'><strong>est</strong></span> <span class='ocrx_word' id='word_1_527' title='bbox 3007 2175 3357 2235; x_wconf 90' lang='lat' dir='ltr'><strong>consilium.</strong></span> 
     </span>
    </p>

    <p class='ocr_par' dir='ltr' id='par_1_5' title="bbox 2258 2267 3771 4309">
     <span class='ocr_line' id='line_1_76' title="bbox 2346 2267 3768 2349; baseline 0 -21"><span class='ocrx_word' id='word_1_528' title='bbox 2346 2270 2405 2328; x_wconf 81' lang='lat'><strong>5.</strong></span> <span class='ocrx_word' id='word_1_529' title='bbox 2454 2267 2667 2331; x_wconf 75' lang='lat' dir='ltr'><strong>Tertia</strong></span> <span class='ocrx_word' id='word_1_530' title='bbox 2698 2268 2995 2330; x_wconf 74' lang='lat' dir='ltr'><strong>conclusio</strong></span> <span class='ocrx_word' id='word_1_531' title='bbox 3023 2269 3565 2349; x_wconf 57' lang='lat' dir='ltr'><strong>probatum—Dico</strong></span> <span class='ocrx_word' id='word_1_532' title='bbox 3598 2271 3768 2330; x_wconf 85' lang='lat' dir='ltr'><strong>tertio:</strong></span> 
     </span>
     <span class='ocr_line' id='line_1_77' title="bbox 2262 2361 3771 2443; baseline 0.002 -21"><span class='ocrx_word' id='word_1_533' title='bbox 2262 2361 2497 2422; x_wconf 88' lang='lat' dir='ltr'><strong>bellum</strong></span> <span class='ocrx_word' id='word_1_534' title='bbox 2544 2363 2732 2422; x_wconf 82' lang='lat' dir='ltr'><strong>etiam</strong></span> <span class='ocrx_word' id='word_1_535' title='bbox 2799 2363 3223 2440; x_wconf 82' lang='lat' dir='ltr'><strong>aggressivum</strong></span> <span class='ocrx_word' id='word_1_536' title='bbox 3272 2381 3402 2423; x_wconf 89' lang='lat' dir='ltr'><strong>non</strong></span> <span class='ocrx_word' id='word_1_537' title='bbox 3460 2369 3548 2424; x_wconf 86' lang='lat' dir='ltr'><strong>est</strong></span> <span class='ocrx_word' id='word_1_538' title='bbox 3598 2383 3693 2443; x_wconf 89' lang='lat' dir='ltr'><strong>per</strong></span> <span class='ocrx_word' id='word_1_539' title='bbox 3726 2383 3771 2426; x_wconf 77' lang='lat' dir='ltr'><strong>se</strong></span> 
     </span>
     <span class='ocr_line' id='line_1_78' title="bbox 2266 2455 3771 2534; baseline 0.002 -20"><span class='ocrx_word' id='word_1_540' title='bbox 2266 2455 2525 2524; x_wconf 87' lang='lat' dir='ltr'><strong>malum,</strong></span> <span class='ocrx_word' id='word_1_541' title='bbox 2555 2455 2657 2514; x_wconf 89' lang='lat' dir='ltr'><strong>sed</strong></span> <span class='ocrx_word' id='word_1_542' title='bbox 2692 2461 2891 2534; x_wconf 85' lang='lat' dir='ltr'><strong>potest</strong></span> <span class='ocrx_word' id='word_1_543' title='bbox 2917 2473 3044 2516; x_wconf 84' lang='lat' dir='ltr'><strong>esse</strong></span> <span class='ocrx_word' id='word_1_544' title='bbox 3084 2455 3414 2516; x_wconf 88' lang='lat' dir='ltr'><strong>honestum</strong></span> <span class='ocrx_word' id='word_1_545' title='bbox 3458 2463 3519 2519; x_wconf 89' lang='lat' dir='ltr'><strong>et</strong></span> <span class='ocrx_word' id='word_1_546' title='bbox 3552 2475 3771 2518; x_wconf 70' lang='lat' dir='ltr'><strong>neeessa-</strong></span> 
     </span>
     <span class='ocr_line' id='line_1_79' title="bbox 2264 2549 3769 2630; baseline 0.001 -22"><span class='ocrx_word' id='word_1_547' title='bbox 2264 2549 2448 2608; x_wconf 87' lang='lat' dir='ltr'><strong>rium.</strong></span> <span class='ocrx_word' id='word_1_548' title='bbox 2484 2549 2733 2608; x_wconf 89' lang='lat' dir='ltr'><strong>Constat</strong></span> <span class='ocrx_word' id='word_1_549' title='bbox 2767 2565 2839 2608; x_wconf 79' lang='lat' dir='ltr'><strong>ex</strong></span> <span class='ocrx_word' id='word_1_550' title='bbox 2884 2549 3250 2610; x_wconf 84' lang='lat' dir='ltr'><strong>testimoniis</strong></span> <span class='ocrx_word' id='word_1_551' title='bbox 3288 2552 3613 2630; x_wconf 85' lang='lat' dir='ltr'><strong>Scripturae</strong></span> <span class='ocrx_word' id='word_1_552' title='bbox 3635 2569 3769 2630; x_wconf 81' lang='lat' dir='ltr'><strong>supc-</strong></span> 
     </span>
     <span class='ocr_line' id='line_1_80' title="bbox 2264 2639 3769 2722; baseline 0 -21"><span class='ocrx_word' id='word_1_553' title='bbox 2264 2641 2393 2701; x_wconf 88' lang='lat' dir='ltr'><strong>rius</strong></span> <span class='ocrx_word' id='word_1_554' title='bbox 2408 2640 2633 2715; x_wconf 89' lang='lat' dir='ltr'><strong>allatis,</strong></span> <span class='ocrx_word' id='word_1_555' title='bbox 2657 2659 2795 2720; x_wconf 82' lang='lat' dir='ltr'><strong>quae</strong></span> <span class='ocrx_word' id='word_1_556' title='bbox 2825 2639 3249 2703; x_wconf 74' lang='lat' dir='ltr'><strong>indifferenter</strong></span> <span class='ocrx_word' id='word_1_557' title='bbox 3272 2643 3621 2722; x_wconf 84' lang='lat' dir='ltr'><strong>loquuntur.</strong></span> <span class='ocrx_word' id='word_1_558' title='bbox 3648 2643 3769 2702; x_wconf 82' lang='lat' dir='ltr'><strong>idem</strong></span> 
     </span>
     <span class='ocr_line' id='line_1_81' title="bbox 2265 2733 3768 2809; baseline 0.001 -17"><span class='ocrx_word' id='word_1_559' title='bbox 2265 2739 2505 2793; x_wconf 87' lang='lat' dir='ltr'><strong>constat</strong></span> <span class='ocrx_word' id='word_1_560' title='bbox 2532 2751 2605 2792; x_wconf 80' lang='lat' dir='ltr'><strong>ex</strong></span> <span class='ocrx_word' id='word_1_561' title='bbox 2643 2751 2759 2794; x_wconf 87' lang='lat' dir='ltr'><strong>usu</strong></span> <span class='ocrx_word' id='word_1_562' title='bbox 2788 2733 3093 2809; x_wconf 75' lang='lat' dir='ltr'><strong>Ecclesiae,</strong></span> <span class='ocrx_word' id='word_1_563' title='bbox 3136 2753 3174 2795; x_wconf 88' lang='lat' dir='ltr'><strong>a</strong></span> <span class='ocrx_word' id='word_1_564' title='bbox 3207 2736 3491 2796; x_wconf 77' lang='lat' dir='ltr'><strong>Patribus</strong></span> <span class='ocrx_word' id='word_1_565' title='bbox 3516 2742 3575 2796; x_wconf 90' lang='lat' dir='ltr'><strong>et</strong></span> <span class='ocrx_word' id='word_1_566' title='bbox 3614 2737 3768 2796; x_wconf 84' lang='lat' dir='ltr'><strong>Ponti-</strong></span> 
     </span>
     <span class='ocr_line' id='line_1_82' title="bbox 2266 2825 3765 2906; baseline 0 -20"><span class='ocrx_word' id='word_1_567' title='bbox 2266 2825 2483 2886; x_wconf 82' lang='lat' dir='ltr'><strong>ficibus</strong></span> <span class='ocrx_word' id='word_1_568' title='bbox 2528 2829 2750 2906; x_wconf 70' lang='lat' dir='ltr'><strong>saepius</strong></span> <span class='ocrx_word' id='word_1_569' title='bbox 2802 2828 3170 2906; x_wconf 88' lang='lat' dir='ltr'><strong>approbato,</strong></span> <span class='ocrx_word' id='word_1_570' title='bbox 3216 2835 3405 2906; x_wconf 85' lang='lat' dir='ltr'><strong>prout</strong></span> <span class='ocrx_word' id='word_1_571' title='bbox 3455 2830 3647 2888; x_wconf 89' lang='lat' dir='ltr'><strong>omnia</strong></span> <span class='ocrx_word' id='word_1_572' title='bbox 3678 2829 3765 2887; x_wconf 84' lang='lat' dir='ltr'><strong>late</strong></span> 
     </span>
     <span class='ocr_line' id='line_1_83' title="bbox 2270 2921 3761 2998; baseline -0.001 -18"><span class='ocrx_word' id='word_1_573' title='bbox 2270 2922 2553 2998; x_wconf 81' lang='lat' dir='ltr'><strong>congerit</strong></span> <span class='ocrx_word' id='word_1_574' title='bbox 2587 2921 2912 2996; x_wconf 80' lang='lat' dir='ltr'><strong>RoffensiS,</strong></span> <span class='ocrx_word' id='word_1_575' title='bbox 2942 2927 3059 2981; x_wconf 87' lang='lat' dir='ltr'><strong>art.</strong></span> <span class='ocrx_word' id='word_1_576' title='bbox 3113 2922 3173 2994; x_wconf 70' lang='lat'><strong>4,</strong></span> <span class='ocrx_word' id='word_1_577' title='bbox 3206 2929 3425 2982; x_wconf 88' lang='lat' dir='ltr'><strong>contra</strong></span> <span class='ocrx_word' id='word_1_578' title='bbox 3460 2921 3761 2982; x_wconf 87' lang='lat' dir='ltr'><strong>Lutherum.</strong></span> 
     </span>
     <span class='ocr_line' id='line_1_84' title="bbox 2264 3012 3759 3094; baseline 0 -22"><span class='ocrx_word' id='word_1_579' title='bbox 2264 3012 2594 3091; x_wconf 88' lang='lat' dir='ltr'><strong>Viderique</strong></span> <span class='ocrx_word' id='word_1_580' title='bbox 2624 3021 2821 3093; x_wconf 87' lang='lat' dir='ltr'><strong>potest</strong></span> <span class='ocrx_word' id='word_1_581' title='bbox 2858 3016 3169 3088; x_wconf 70' lang='lat' dir='ltr'><strong>Turi-een,</strong></span> <span class='ocrx_word' id='word_1_582' title='bbox 3210 3016 3290 3074; x_wconf 73' lang='lat'><strong>23</strong></span> <span class='ocrx_word' id='word_1_583' title='bbox 3304 3059 3327 3089; x_wconf 89' lang='lat'><strong>,</strong></span> <span class='ocrx_word' id='word_1_584' title='bbox 3383 3015 3684 3094; x_wconf 82' lang='lat' dir='ltr'><strong>quaestione</strong></span> <span class='ocrx_word' id='word_1_585' title='bbox 3720 3017 3759 3086; x_wconf 88' lang='grc'><strong>1,</strong></span> 
     </span>
     <span class='ocr_line' id='line_1_85' title="bbox 2263 3107 3758 3187; baseline 0 -22"><span class='ocrx_word' id='word_1_586' title='bbox 2263 3124 2439 3168; x_wconf 91' lang='lat' dir='ltr'><strong>num.</strong></span> <span class='ocrx_word' id='word_1_587' title='bbox 2470 3111 2499 3168; x_wconf 86' lang='grc'><strong>1</strong></span> <span class='ocrx_word' id='word_1_588' title='bbox 2536 3114 2597 3168; x_wconf 90' lang='lat' dir='ltr'><strong>et</strong></span> <span class='ocrx_word' id='word_1_589' title='bbox 2624 3109 2685 3183; x_wconf 80' lang='lat'><strong>2,</strong></span> <span class='ocrx_word' id='word_1_590' title='bbox 2714 3114 2775 3168; x_wconf 91' lang='lat' dir='ltr'><strong>et</strong></span> <span class='ocrx_word' id='word_1_591' title='bbox 2815 3107 3011 3168; x_wconf 87' lang='lat' dir='ltr'><strong>multa</strong></span> <span class='ocrx_word' id='word_1_592' title='bbox 3035 3107 3159 3168; x_wconf 84' lang='lat' dir='ltr'><strong>alia</strong></span> <span class='ocrx_word' id='word_1_593' title='bbox 3196 3107 3393 3169; x_wconf 86' lang='lat' dir='ltr'><strong>videri</strong></span> <span class='ocrx_word' id='word_1_594' title='bbox 3440 3113 3669 3187; x_wconf 79' lang='lat' dir='ltr'><strong>possunt</strong></span> <span class='ocrx_word' id='word_1_595' title='bbox 3688 3109 3758 3180; x_wconf 77' lang='lat'><strong>23,</strong></span> 
     </span>
     <span class='ocr_line' id='line_1_86' title="bbox 2263 3199 3762 3280; baseline -0.001 -22"><span class='ocrx_word' id='word_1_596' title='bbox 2263 3204 2483 3278; x_wconf 86' lang='lat' dir='ltr'><strong>quaest.</strong></span> <span class='ocrx_word' id='word_1_597' title='bbox 2514 3201 2575 3276; x_wconf 91' lang='lat'><strong>8,</strong></span> <span class='ocrx_word' id='word_1_598' title='bbox 2602 3217 2637 3260; x_wconf 89' lang='lat' dir='ltr'><strong>a</strong></span> <span class='ocrx_word' id='word_1_599' title='bbox 2667 3219 2719 3261; x_wconf 87' lang='lat' dir='ltr'><strong>c.</strong></span> <span class='ocrx_word' id='word_1_600' title='bbox 2762 3202 2822 3261; x_wconf 86' lang='lat'><strong>7.</strong></span> <span class='ocrx_word' id='word_1_601' title='bbox 2848 3199 3029 3260; x_wconf 83' lang='lat' dir='ltr'><strong>Ratio</strong></span> <span class='ocrx_word' id='word_1_602' title='bbox 3072 3207 3165 3261; x_wconf 80' lang='lat' dir='ltr'><strong>est</strong></span> <span class='ocrx_word' id='word_1_603' title='bbox 3186 3245 3206 3276; x_wconf 92' lang='lat'><strong>,</strong></span> <span class='ocrx_word' id='word_1_604' title='bbox 3237 3201 3390 3280; x_wconf 84' lang='lat' dir='ltr'><strong>quia</strong></span> <span class='ocrx_word' id='word_1_605' title='bbox 3435 3199 3549 3260; x_wconf 91' lang='lat' dir='ltr'><strong>tale</strong></span> <span class='ocrx_word' id='word_1_606' title='bbox 3584 3199 3762 3259; x_wconf 82' lang='lat' dir='ltr'><strong>bellum</strong></span> 
     </span>
     <span class='ocr_line' id='line_1_87' title="bbox 2264 3292 3762 3374; baseline -0.001 -22"><span class='ocrx_word' id='word_1_607' title='bbox 2264 3311 2423 3374; x_wconf 82' lang='lat' dir='ltr'><strong>saepe</strong></span> <span class='ocrx_word' id='word_1_608' title='bbox 2455 3301 2549 3355; x_wconf 90' lang='lat' dir='ltr'><strong>est</strong></span> <span class='ocrx_word' id='word_1_609' title='bbox 2599 3293 2953 3374; x_wconf 78' lang='lat' dir='ltr'><strong>reipublicae</strong></span> <span class='ocrx_word' id='word_1_610' title='bbox 2992 3295 3409 3356; x_wconf 89' lang='lat' dir='ltr'><strong>necessarium</strong></span> <span class='ocrx_word' id='word_1_611' title='bbox 3454 3295 3527 3354; x_wconf 89' lang='lat' dir='ltr'><strong>ad</strong></span> <span class='ocrx_word' id='word_1_612' title='bbox 3568 3292 3762 3373; x_wconf 86' lang='lat' dir='ltr'><strong>propul-</strong></span> 
     </span>
     <span class='ocr_line' id='line_1_88' title="bbox 2260 3386 3755 3466; baseline -0.001 -21"><span class='ocrx_word' id='word_1_613' title='bbox 2260 3386 2483 3447; x_wconf 88' lang='lat' dir='ltr'><strong>sandas</strong></span> <span class='ocrx_word' id='word_1_614' title='bbox 2510 3387 2793 3466; x_wconf 76' lang='lat' dir='ltr'><strong>injuriaS,</strong></span> <span class='ocrx_word' id='word_1_615' title='bbox 2821 3395 2883 3448; x_wconf 92' lang='lat' dir='ltr'><strong>et</strong></span> <span class='ocrx_word' id='word_1_616' title='bbox 2930 3388 3298 3448; x_wconf 88' lang='lat' dir='ltr'><strong>coercendos</strong></span> <span class='ocrx_word' id='word_1_617' title='bbox 3328 3389 3531 3449; x_wconf 87' lang='lat' dir='ltr'><strong>hostes</strong></span> <span class='ocrx_word' id='word_1_618' title='bbox 3549 3432 3568 3462; x_wconf 95' lang='lat'><strong>,</strong></span> <span class='ocrx_word' id='word_1_619' title='bbox 3604 3403 3755 3464; x_wconf 83' lang='lat' dir='ltr'><strong>neque</strong></span> 
     </span>
     <span class='ocr_line' id='line_1_89' title="bbox 2260 3479 3750 3562; baseline -0.003 -22"><span class='ocrx_word' id='word_1_620' title='bbox 2260 3479 2439 3540; x_wconf 84' lang='lat' dir='ltr'><strong>aliter</strong></span> <span class='ocrx_word' id='word_1_621' title='bbox 2473 3487 2720 3559; x_wconf 90' lang='lat' dir='ltr'><strong>possent</strong></span> <span class='ocrx_word' id='word_1_622' title='bbox 2752 3481 3106 3560; x_wconf 82' lang='lat' dir='ltr'><strong>respublieae</strong></span> <span class='ocrx_word' id='word_1_623' title='bbox 3146 3482 3213 3542; x_wconf 87' lang='lat' dir='ltr'><strong>in</strong></span> <span class='ocrx_word' id='word_1_624' title='bbox 3248 3499 3405 3562; x_wconf 87' lang='lat' dir='ltr'><strong>pace</strong></span> <span class='ocrx_word' id='word_1_625' title='bbox 3439 3479 3750 3543; x_wconf 82' lang='lat' dir='ltr'><strong>conservari.</strong></span> 
     </span>
     <span class='ocr_line' id='line_1_90' title="bbox 2258 3572 3757 3654; baseline -0.001 -22"><span class='ocrx_word' id='word_1_626' title='bbox 2258 3573 2365 3632; x_wconf 88' lang='lat' dir='ltr'><strong>Est</strong></span> <span class='ocrx_word' id='word_1_627' title='bbox 2387 3591 2535 3651; x_wconf 87' lang='lat' dir='ltr'><strong>ergo</strong></span> <span class='ocrx_word' id='word_1_628' title='bbox 2564 3573 2679 3633; x_wconf 87' lang='lat' dir='ltr'><strong>hoc</strong></span> <span class='ocrx_word' id='word_1_629' title='bbox 2710 3573 2852 3653; x_wconf 88' lang='lat' dir='ltr'><strong>jure</strong></span> <span class='ocrx_word' id='word_1_630' title='bbox 2893 3579 3129 3635; x_wconf 78' lang='lat' dir='ltr'><strong>naturae</strong></span> <span class='ocrx_word' id='word_1_631' title='bbox 3156 3575 3427 3650; x_wconf 88' lang='lat' dir='ltr'><strong>licitum,</strong></span> <span class='ocrx_word' id='word_1_632' title='bbox 3456 3581 3621 3654; x_wconf 80' lang='lat' dir='ltr'><strong>atque</strong></span> <span class='ocrx_word' id='word_1_633' title='bbox 3644 3572 3757 3632; x_wconf 81' lang='lat' dir='ltr'><strong>adeo</strong></span> 
     </span>
     <span class='ocr_line' id='line_1_91' title="bbox 2262 3665 3758 3747; baseline -0.002 -20"><span class='ocrx_word' id='word_1_634' title='bbox 2262 3666 2450 3727; x_wconf 90' lang='lat' dir='ltr'><strong>etiam</strong></span> <span class='ocrx_word' id='word_1_635' title='bbox 2479 3666 2616 3744; x_wconf 90' lang='lat' dir='ltr'><strong>lege</strong></span> <span class='ocrx_word' id='word_1_636' title='bbox 2659 3668 3039 3746; x_wconf 84' lang='lat' dir='ltr'><strong>evangelica,</strong></span> <span class='ocrx_word' id='word_1_637' title='bbox 3072 3687 3207 3747; x_wconf 86' lang='lat' dir='ltr'><strong>quae</strong></span> <span class='ocrx_word' id='word_1_638' title='bbox 3234 3668 3300 3728; x_wconf 87' lang='lat' dir='ltr'><strong>in</strong></span> <span class='ocrx_word' id='word_1_639' title='bbox 3332 3668 3506 3728; x_wconf 86' lang='lat' dir='ltr'><strong>nulla</strong></span> <span class='ocrx_word' id='word_1_640' title='bbox 3545 3685 3603 3728; x_wconf 90' lang='lat' dir='ltr'><strong>re</strong></span> <span class='ocrx_word' id='word_1_641' title='bbox 3628 3665 3758 3726; x_wconf 85' lang='lat' dir='ltr'><strong>dero-</strong></span> 
     </span>
     <span class='ocr_line' id='line_1_92' title="bbox 2262 3761 3756 3840; baseline -0.003 -19"><span class='ocrx_word' id='word_1_642' title='bbox 2262 3769 2368 3840; x_wconf 88' lang='lat' dir='ltr'><strong>gat</strong></span> <span class='ocrx_word' id='word_1_643' title='bbox 2382 3761 2511 3840; x_wconf 88' lang='lat' dir='ltr'><strong>juri</strong></span> <span class='ocrx_word' id='word_1_644' title='bbox 2552 3761 2843 3835; x_wconf 89' lang='lat' dir='ltr'><strong>naturali,</strong></span> <span class='ocrx_word' id='word_1_645' title='bbox 2874 3779 3076 3840; x_wconf 89' lang='lat' dir='ltr'><strong>neque</strong></span> <span class='ocrx_word' id='word_1_646' title='bbox 3114 3761 3299 3822; x_wconf 87' lang='lat' dir='ltr'><strong>hahet</strong></span> <span class='ocrx_word' id='word_1_647' title='bbox 3324 3781 3487 3822; x_wconf 85' lang='lat' dir='ltr'><strong>nova</strong></span> <span class='ocrx_word' id='word_1_648' title='bbox 3512 3765 3756 3840; x_wconf 64' lang='lat' dir='ltr'><strong>praecepta</strong></span> 
     </span>
     <span class='ocr_line' id='line_1_93' title="bbox 2265 3853 3753 3936; baseline -0.004 -22"><span class='ocrx_word' id='word_1_649' title='bbox 2265 3857 2500 3930; x_wconf 83' lang='lat' dir='ltr'><strong>divina,</strong></span> <span class='ocrx_word' id='word_1_650' title='bbox 2530 3862 2939 3936; x_wconf 78' lang='lat' dir='ltr'><strong>praeterquam</strong></span> <span class='ocrx_word' id='word_1_651' title='bbox 2986 3853 3132 3917; x_wconf 87' lang='lat' dir='ltr'><strong>fidei</strong></span> <span class='ocrx_word' id='word_1_652' title='bbox 3164 3863 3227 3916; x_wconf 87' lang='lat' dir='ltr'><strong>ot</strong></span> <span class='ocrx_word' id='word_1_653' title='bbox 3264 3861 3753 3917; x_wconf 83' lang='lat' dir='ltr'><strong>sacramentorum.</strong></span> 
     </span>
     <span class='ocr_line' id='line_1_94' title="bbox 2264 3945 3755 4025; baseline -0.003 -19"><span class='ocrx_word' id='word_1_654' title='bbox 2264 3947 2436 4021; x_wconf 90' lang='lat' dir='ltr'><strong>Quod</strong></span> <span class='ocrx_word' id='word_1_655' title='bbox 2477 3965 2625 4008; x_wconf 80' lang='lat' dir='ltr'><strong>vero</strong></span> <span class='ocrx_word' id='word_1_656' title='bbox 2666 3948 2973 4009; x_wconf 82' lang='lat' dir='ltr'><strong>Lutherus</strong></span> <span class='ocrx_word' id='word_1_657' title='bbox 3000 3947 3226 4025; x_wconf 86' lang='lat' dir='ltr'><strong>aiebat,</strong></span> <span class='ocrx_word' id='word_1_658' title='bbox 3268 3965 3399 4008; x_wconf 87' lang='lat' dir='ltr'><strong>non</strong></span> <span class='ocrx_word' id='word_1_659' title='bbox 3431 3948 3595 4009; x_wconf 85' lang='lat' dir='ltr'><strong>licere</strong></span> <span class='ocrx_word' id='word_1_660' title='bbox 3620 3945 3755 4006; x_wconf 84' lang='lat' dir='ltr'><strong>resis-</strong></span> 
     </span>
     <span class='ocr_line' id='line_1_95' title="bbox 2263 4039 3753 4120; baseline -0.003 -21"><span class='ocrx_word' id='word_1_661' title='bbox 2263 4047 2391 4101; x_wconf 89' lang='lat' dir='ltr'><strong>tere</strong></span> <span class='ocrx_word' id='word_1_662' title='bbox 2444 4041 2833 4120; x_wconf 74' lang='lat' dir='ltr'><strong>castigationi</strong></span> <span class='ocrx_word' id='word_1_663' title='bbox 2886 4041 3041 4116; x_wconf 86' lang='lat' dir='ltr'><strong>Dei,</strong></span> <span class='ocrx_word' id='word_1_664' title='bbox 3098 4041 3431 4102; x_wconf 89' lang='lat' dir='ltr'><strong>ridiculum</strong></span> <span class='ocrx_word' id='word_1_665' title='bbox 3468 4047 3593 4103; x_wconf 87' lang='lat' dir='ltr'><strong>est:</strong></span> <span class='ocrx_word' id='word_1_666' title='bbox 3634 4039 3753 4097; x_wconf 79' lang='lat' dir='ltr'><strong>Deus</strong></span> 
     </span>
     <span class='ocr_line' id='line_1_96' title="bbox 2264 4130 3752 4215; baseline -0.005 -20"><span class='ocrx_word' id='word_1_667' title='bbox 2264 4133 2431 4195; x_wconf 89' lang='lat' dir='ltr'><strong>enim</strong></span> <span class='ocrx_word' id='word_1_668' title='bbox 2462 4152 2588 4194; x_wconf 89' lang='lat' dir='ltr'><strong>non</strong></span> <span class='ocrx_word' id='word_1_669' title='bbox 2613 4135 2749 4196; x_wconf 81' lang='lat' dir='ltr'><strong>vult</strong></span> <span class='ocrx_word' id='word_1_670' title='bbox 2776 4134 2907 4196; x_wconf 80' lang='lat' dir='ltr'><strong>haee</strong></span> <span class='ocrx_word' id='word_1_671' title='bbox 2930 4135 3117 4212; x_wconf 89' lang='lat' dir='ltr'><strong>mala,</strong></span> <span class='ocrx_word' id='word_1_672' title='bbox 3150 4136 3256 4196; x_wconf 89' lang='lat' dir='ltr'><strong>sed</strong></span> <span class='ocrx_word' id='word_1_673' title='bbox 3300 4133 3604 4215; x_wconf 82' lang='lat' dir='ltr'><strong>permittit,</strong></span> <span class='ocrx_word' id='word_1_674' title='bbox 3629 4130 3752 4190; x_wconf 86' lang='lat' dir='ltr'><strong>unde</strong></span> 
     </span>
     <span class='ocr_line' id='line_1_97' title="bbox 2262 4221 3747 4309; baseline -0.005 -21"><span class='ocrx_word' id='word_1_675' title='bbox 2262 4245 2389 4289; x_wconf 89' lang='lat' dir='ltr'><strong>non</strong></span> <span class='ocrx_word' id='word_1_676' title='bbox 2440 4227 2723 4308; x_wconf 87' lang='lat' dir='ltr'><strong>prohibet</strong></span> <span class='ocrx_word' id='word_1_677' title='bbox 2766 4231 2916 4308; x_wconf 85' lang='lat' dir='ltr'><strong>quin</strong></span> <span class='ocrx_word' id='word_1_678' title='bbox 2952 4229 3118 4308; x_wconf 86' lang='lat' dir='ltr'><strong>juste</strong></span> <span class='ocrx_word' id='word_1_679' title='bbox 3164 4231 3404 4308; x_wconf 86' lang='lat' dir='ltr'><strong>possint</strong></span> <span class='ocrx_word' id='word_1_680' title='bbox 3450 4221 3747 4309; x_wconf 82' lang='lat' dir='ltr'><strong>propulsari.</strong></span> 
     </span>
    </p>

    <p class='ocr_par' dir='ltr' id='par_1_6' title="bbox 2258 4313 3751 5620">
     <span class='ocr_line' id='line_1_98' title="bbox 2343 4313 3749 4403; baseline -0.005 -20"><span class='ocrx_word' id='word_1_681' title='bbox 2343 4324 2404 4383; x_wconf 87' lang='grc'><strong>6.</strong></span> <span class='ocrx_word' id='word_1_682' title='bbox 2456 4321 2615 4396; x_wconf 74' lang='lat' dir='ltr'><strong>Quid</strong></span> <span class='ocrx_word' id='word_1_683' title='bbox 2656 4321 2870 4384; x_wconf 77' lang='lat' dir='ltr'><strong>bellum</strong></span> <span class='ocrx_word' id='word_1_684' title='bbox 2908 4321 3292 4402; x_wconf 60' lang='lat' dir='ltr'><strong>defensivum,</strong></span> <span class='ocrx_word' id='word_1_685' title='bbox 3336 4323 3485 4403; x_wconf 71' lang='lat' dir='ltr'><strong>quid</strong></span> <span class='ocrx_word' id='word_1_686' title='bbox 3514 4313 3749 4403; x_wconf 66' lang='grc' dir='ltr'><strong>6997·ωεί-</strong></span> 
     </span>
     <span class='ocr_line' id='line_1_99' title="bbox 2263 4405 3751 4496; baseline -0.005 -18"><span class='ocrx_word' id='word_1_687' title='bbox 2263 4434 2424 4478; x_wconf 79' lang='lat' dir='ltr'><strong>vum.</strong></span> <span class='ocrx_word' id='word_1_688' title='bbox 2442 4451 2523 4460; x_wconf 91' lang='lat'><strong>--</strong></span> <span class='ocrx_word' id='word_1_689' title='bbox 2541 4415 2815 4480; x_wconf 77' lang='lat' dir='ltr'><strong>Notatio.</strong></span> <span class='ocrx_word' id='word_1_690' title='bbox 2834 4448 2915 4461; x_wconf 90' lang='lat'><strong>—</strong></span> <span class='ocrx_word' id='word_1_691' title='bbox 2930 4416 3217 4493; x_wconf 84' lang='lat' dir='ltr'><strong>Superest</strong></span> <span class='ocrx_word' id='word_1_692' title='bbox 3246 4429 3604 4496; x_wconf 83' lang='lat' dir='ltr'><strong>exponamus</strong></span> <span class='ocrx_word' id='word_1_693' title='bbox 3625 4405 3751 4488; x_wconf 85' lang='lat' dir='ltr'><strong>quod</strong></span> 
     </span>
     <span class='ocr_line' id='line_1_100' title="bbox 2262 4499 3749 4588; baseline -0.006 -19"><span class='ocrx_word' id='word_1_694' title='bbox 2262 4508 2499 4570; x_wconf 87' lang='lat' dir='ltr'><strong>bellum</strong></span> <span class='ocrx_word' id='word_1_695' title='bbox 2546 4509 2625 4569; x_wconf 92' lang='lat' dir='ltr'><strong>sit</strong></span> <span class='ocrx_word' id='word_1_696' title='bbox 2670 4510 3113 4587; x_wconf 83' lang='lat' dir='ltr'><strong>aggressivum,</strong></span> <span class='ocrx_word' id='word_1_697' title='bbox 3166 4509 3329 4588; x_wconf 87' lang='lat' dir='ltr'><strong>quod</strong></span> <span class='ocrx_word' id='word_1_698' title='bbox 3372 4525 3509 4569; x_wconf 75' lang='lat' dir='ltr'><strong>vero</strong></span> <span class='ocrx_word' id='word_1_699' title='bbox 3546 4499 3749 4565; x_wconf 80' lang='lat' dir='ltr'><strong>defensi-</strong></span> 
     </span>
     <span class='ocr_line' id='line_1_101' title="bbox 2264 4599 3747 4685; baseline -0.007 -21"><span class='ocrx_word' id='word_1_700' title='bbox 2264 4621 2413 4664; x_wconf 85' lang='lat' dir='ltr'><strong>vum</strong></span> <span class='ocrx_word' id='word_1_701' title='bbox 2448 4621 2462 4662; x_wconf 93' lang='lat'>:</span> <span class='ocrx_word' id='word_1_702' title='bbox 2492 4603 2807 4664; x_wconf 90' lang='lat' dir='ltr'><strong>interdum</strong></span> <span class='ocrx_word' id='word_1_703' title='bbox 2828 4603 3079 4665; x_wconf 90' lang='lat' dir='ltr'><strong>enimin</strong></span> <span class='ocrx_word' id='word_1_704' title='bbox 3104 4605 3461 4685; x_wconf 85' lang='lat' dir='ltr'><strong>apparentia</strong></span> <span class='ocrx_word' id='word_1_705' title='bbox 3480 4599 3644 4661; x_wconf 87' lang='lat' dir='ltr'><strong>videri</strong></span> <span class='ocrx_word' id='word_1_706' title='bbox 3670 4613 3747 4674; x_wconf 91' lang='lat' dir='ltr'><strong>po·</strong></span> 
     </span>
     <span class='ocr_line' id='line_1_102' title="bbox 2265 4692 3745 4776; baseline -0.007 -19"><span class='ocrx_word' id='word_1_707' title='bbox 2265 4703 2383 4758; x_wconf 89' lang='lat' dir='ltr'><strong>test</strong></span> <span class='ocrx_word' id='word_1_708' title='bbox 2410 4697 2741 4776; x_wconf 85' lang='lat' dir='ltr'><strong>aggressio,</strong></span> <span class='ocrx_word' id='word_1_709' title='bbox 2773 4714 2910 4776; x_wconf 81' lang='lat' dir='ltr'><strong>quae</strong></span> <span class='ocrx_word' id='word_1_710' title='bbox 2940 4704 3181 4758; x_wconf 90' lang='lat' dir='ltr'><strong>tantum</strong></span> <span class='ocrx_word' id='word_1_711' title='bbox 3210 4711 3301 4758; x_wconf 88' lang='lat' dir='ltr'><strong>est</strong></span> <span class='ocrx_word' id='word_1_712' title='bbox 3329 4695 3595 4758; x_wconf 67' lang='lat' dir='ltr'><strong>defensio</strong></span> <span class='ocrx_word' id='word_1_713' title='bbox 3631 4692 3745 4750; x_wconf 85' lang='lat' dir='ltr'><strong>Nam</strong></span> 
     </span>
     <span class='ocr_line' id='line_1_103' title="bbox 2266 4778 3746 4873; baseline -0.005 -21"><span class='ocrx_word' id='word_1_714' title='bbox 2266 4792 2317 4852; x_wconf 93' lang='lat' dir='ltr'><strong>si</strong></span> <span class='ocrx_word' id='word_1_715' title='bbox 2364 4791 2589 4865; x_wconf 87' lang='lat' dir='ltr'><strong>hostes,</strong></span> <span class='ocrx_word' id='word_1_716' title='bbox 2634 4791 2805 4851; x_wconf 87' lang='lat' dir='ltr'><strong>verbi</strong></span> <span class='ocrx_word' id='word_1_717' title='bbox 2846 4791 3064 4869; x_wconf 84' lang='lat' dir='ltr'><strong>gratia,</strong></span> <span class='ocrx_word' id='word_1_718' title='bbox 3104 4799 3403 4873; x_wconf 86' lang='lat' dir='ltr'><strong>occupent</strong></span> <span class='ocrx_word' id='word_1_719' title='bbox 3432 4789 3633 4859; x_wconf 57' lang='lat' dir='ltr'><strong>domos</strong></span> <span class='ocrx_word' id='word_1_720' title='bbox 3674 4778 3746 4840; x_wconf 76' lang='lat' dir='ltr'><strong>vel</strong></span> 
     </span>
     <span class='ocr_line' id='line_1_104' title="bbox 2265 4884 3745 4959; baseline -0.006 -16"><span class='ocrx_word' id='word_1_721' title='bbox 2265 4903 2362 4944; x_wconf 91' lang='lat' dir='ltr'><strong>res</strong></span> <span class='ocrx_word' id='word_1_722' title='bbox 2393 4885 2680 4958; x_wconf 89' lang='lat' dir='ltr'><strong>aliorum,</strong></span> <span class='ocrx_word' id='word_1_723' title='bbox 2718 4884 2823 4946; x_wconf 77' lang='lat' dir='ltr'><strong>alii</strong></span> <span class='ocrx_word' id='word_1_724' title='bbox 2846 4903 2994 4945; x_wconf 83' lang='lat' dir='ltr'><strong>vero</strong></span> <span class='ocrx_word' id='word_1_725' title='bbox 3022 4903 3123 4946; x_wconf 89' lang='lat' dir='ltr'><strong>eos</strong></span> <span class='ocrx_word' id='word_1_726' title='bbox 3162 4886 3508 4959; x_wconf 85' lang='lat' dir='ltr'><strong>invaserint,</strong></span> <span class='ocrx_word' id='word_1_727' title='bbox 3537 4898 3638 4940; x_wconf 85' lang='lat' dir='ltr'><strong>non</strong></span> <span class='ocrx_word' id='word_1_728' title='bbox 3666 4891 3745 4950; x_wconf 80' lang='lat' dir='ltr'><strong>ag-</strong></span> 
     </span>
     <span class='ocr_line' id='line_1_105' title="bbox 2264 4967 3745 5055; baseline -0.008 -18"><span class='ocrx_word' id='word_1_729' title='bbox 2264 4977 2493 5055; x_wconf 77' lang='lat' dir='ltr'><strong>gressio</strong></span> <span class='ocrx_word' id='word_1_730' title='bbox 2521 4984 2634 5054; x_wconf 89' lang='lat' dir='ltr'><strong>est,</strong></span> <span class='ocrx_word' id='word_1_731' title='bbox 2660 4979 2764 5039; x_wconf 86' lang='lat' dir='ltr'><strong>sed</strong></span> <span class='ocrx_word' id='word_1_732' title='bbox 2794 4978 3089 5040; x_wconf 78' lang='lat' dir='ltr'><strong>defensio.</strong></span> <span class='ocrx_word' id='word_1_733' title='bbox 3118 4978 3431 5053; x_wconf 81' lang='lat' dir='ltr'><strong>Quomodo</strong></span> <span class='ocrx_word' id='word_1_734' title='bbox 3475 4977 3617 5053; x_wconf 85' lang='lat' dir='ltr'><strong>leges</strong></span> <span class='ocrx_word' id='word_1_735' title='bbox 3634 4967 3745 5029; x_wconf 77' lang='lat' dir='ltr'><strong>civi·</strong></span> 
     </span>
     <span class='ocr_line' id='line_1_106' title="bbox 2262 5068 3744 5151; baseline -0.001 -24"><span class='ocrx_word' id='word_1_736' title='bbox 2262 5068 2349 5128; x_wconf 88' lang='lat' dir='ltr'><strong>les</strong></span> <span class='ocrx_word' id='word_1_737' title='bbox 2377 5070 2670 5145; x_wconf 83' lang='lat' dir='ltr'><strong>dicenteS,</strong></span> <span class='ocrx_word' id='word_1_738' title='bbox 2710 5071 2761 5130; x_wconf 87' lang='lat' dir='ltr'><strong>si</strong></span> <span class='ocrx_word' id='word_1_739' title='bbox 2791 5073 2929 5150; x_wconf 86' lang='lat' dir='ltr'><strong>quis</strong></span> <span class='ocrx_word' id='word_1_740' title='bbox 2963 5071 3110 5132; x_wconf 82' lang='lat' dir='ltr'><strong>velit</strong></span> <span class='ocrx_word' id='word_1_741' title='bbox 3144 5091 3242 5134; x_wconf 90' lang='lat' dir='ltr'><strong>me</strong></span> <span class='ocrx_word' id='word_1_742' title='bbox 3276 5069 3559 5151; x_wconf 85' lang='lat' dir='ltr'><strong>expellere</strong></span> <span class='ocrx_word' id='word_1_743' title='bbox 3585 5081 3617 5124; x_wconf 89' lang='lat' dir='ltr'><strong>a</strong></span> <span class='ocrx_word' id='word_1_744' title='bbox 3641 5076 3744 5140; x_wconf 77' lang='lat' dir='ltr'><strong>pos-</strong></span> 
     </span>
     <span class='ocr_line' id='line_1_107' title="bbox 2263 5159 3743 5245; baseline -0.005 -25"><span class='ocrx_word' id='word_1_745' title='bbox 2263 5163 2551 5238; x_wconf 87' lang='lat' dir='ltr'><strong>sessione,</strong></span> <span class='ocrx_word' id='word_1_746' title='bbox 2580 5163 2767 5224; x_wconf 90' lang='lat' dir='ltr'><strong>licere</strong></span> <span class='ocrx_word' id='word_1_747' title='bbox 2784 5165 2914 5224; x_wconf 86' lang='lat' dir='ltr'><strong>vim</strong></span> <span class='ocrx_word' id='word_1_748' title='bbox 2938 5165 2999 5224; x_wconf 83' lang='lat' dir='ltr'><strong>vi</strong></span> <span class='ocrx_word' id='word_1_749' title='bbox 3029 5164 3343 5245; x_wconf 87' lang='lat' dir='ltr'><strong>repellere,</strong></span> <span class='ocrx_word' id='word_1_750' title='bbox 3374 5165 3542 5226; x_wconf 88' lang='lat' dir='ltr'><strong>etiam</strong></span> <span class='ocrx_word' id='word_1_751' title='bbox 3558 5159 3616 5218; x_wconf 88' lang='lat' dir='ltr'><strong>in</strong></span> <span class='ocrx_word' id='word_1_752' title='bbox 3638 5171 3743 5215; x_wconf 86' lang='lat' dir='ltr'><strong>con·</strong></span> 
     </span>
     <span class='ocr_line' id='line_1_108' title="bbox 2260 5245 3736 5337; baseline 0.001 -23"><span class='ocrx_word' id='word_1_753' title='bbox 2260 5256 2515 5316; x_wconf 88' lang='lat' dir='ltr'><strong>scientia</strong></span> <span class='ocrx_word' id='word_1_754' title='bbox 2543 5273 2702 5316; x_wconf 80' lang='lat' dir='ltr'><strong>verae</strong></span> <span class='ocrx_word' id='word_1_755' title='bbox 2725 5263 2891 5332; x_wconf 86' lang='lat' dir='ltr'><strong>sunt,</strong></span> <span class='ocrx_word' id='word_1_756' title='bbox 2921 5262 2993 5317; x_wconf 93' lang='lat' dir='ltr'><strong>ut</strong></span> <span class='ocrx_word' id='word_1_757' title='bbox 3016 5257 3081 5317; x_wconf 91' lang='lat' dir='ltr'><strong>in</strong></span> <span class='ocrx_word' id='word_1_758' title='bbox 3102 5258 3224 5337; x_wconf 86' lang='lat' dir='ltr'><strong>leg.</strong></span> <span class='ocrx_word' id='word_1_759' title='bbox 3260 5262 3317 5330; x_wconf 86' lang='grc'><strong>1,</strong></span> <span class='ocrx_word' id='word_1_760' title='bbox 3346 5255 3479 5319; x_wconf 88' lang='lat' dir='ltr'><strong>Cod.</strong></span> <span class='ocrx_word' id='word_1_761' title='bbox 3521 5251 3659 5317; x_wconf 77' lang='lat' dir='ltr'><strong>Unde</strong></span> <span class='ocrx_word' id='word_1_762' title='bbox 3677 5245 3736 5315; x_wconf 69' lang='lat' dir='ltr'><strong>vi,</strong></span> 
     </span>
     <span class='ocr_line' id='line_1_109' title="bbox 2260 5339 3738 5427; baseline -0.001 -19"><span class='ocrx_word' id='word_1_763' title='bbox 2260 5353 2322 5408; x_wconf 89' lang='lat' dir='ltr'><strong>et</strong></span> <span class='ocrx_word' id='word_1_764' title='bbox 2343 5347 2479 5427; x_wconf 87' lang='lat' dir='ltr'><strong>lege</strong></span> <span class='ocrx_word' id='word_1_765' title='bbox 2507 5352 2536 5410; x_wconf 92' lang='grc'><strong>1</strong></span> <span class='ocrx_word' id='word_1_766' title='bbox 2569 5356 2629 5410; x_wconf 91' lang='lat' dir='ltr'><strong>et</strong></span> <span class='ocrx_word' id='word_1_767' title='bbox 2654 5353 2715 5425; x_wconf 91' lang='lat'><strong>3,</strong></span> <span class='ocrx_word' id='word_1_768' title='bbox 2743 5350 2809 5411; x_wconf 83' lang='lat' dir='ltr'><strong>ff.</strong></span> <span class='ocrx_word' id='word_1_769' title='bbox 2844 5351 2919 5412; x_wconf 91' lang='lat' dir='ltr'><strong>de</strong></span> <span class='ocrx_word' id='word_1_770' title='bbox 2936 5351 3035 5427; x_wconf 86' lang='lat' dir='ltr'><strong>Vi,</strong></span> <span class='ocrx_word' id='word_1_771' title='bbox 3067 5360 3128 5413; x_wconf 89' lang='lat' dir='ltr'><strong>et</strong></span> <span class='ocrx_word' id='word_1_772' title='bbox 3152 5355 3213 5414; x_wconf 83' lang='lat' dir='ltr'><strong>vi</strong></span> <span class='ocrx_word' id='word_1_773' title='bbox 3241 5360 3487 5414; x_wconf 86' lang='lat' dir='ltr'><strong>armata.</strong></span> <span class='ocrx_word' id='word_1_774' title='bbox 3515 5347 3644 5422; x_wconf 87' lang='lat' dir='ltr'><strong>Quia</strong></span> <span class='ocrx_word' id='word_1_775' title='bbox 3662 5339 3738 5400; x_wconf 68' lang='lat' dir='ltr'><strong>ill·l</strong></span> 
     </span>
     <span class='ocr_line' id='line_1_110' title="bbox 2259 5438 3736 5527; baseline -0.001 -23"><span class='ocrx_word' id='word_1_776' title='bbox 2259 5463 2387 5504; x_wconf 89' lang='lat' dir='ltr'><strong>non</strong></span> <span class='ocrx_word' id='word_1_777' title='bbox 2425 5452 2514 5505; x_wconf 90' lang='lat' dir='ltr'><strong>est</strong></span> <span class='ocrx_word' id='word_1_778' title='bbox 2560 5449 2888 5526; x_wconf 82' lang='lat' dir='ltr'><strong>aggressio,</strong></span> <span class='ocrx_word' id='word_1_779' title='bbox 2930 5449 3034 5508; x_wconf 93' lang='lat' dir='ltr'><strong>sed</strong></span> <span class='ocrx_word' id='word_1_780' title='bbox 3068 5447 3366 5524; x_wconf 89' lang='lat' dir='ltr'><strong>defensi0,</strong></span> <span class='ocrx_word' id='word_1_781' title='bbox 3408 5459 3570 5527; x_wconf 89' lang='lat' dir='ltr'><strong>quam</strong></span> <span class='ocrx_word' id='word_1_782' title='bbox 3596 5438 3736 5498; x_wconf 71' lang='lat' dir='ltr'><strong>etiam</strong></span> 
     </span>
     <span class='ocr_line' id='line_1_111' title="bbox 2258 5537 3735 5620; baseline -0.007 -22"><span class='ocrx_word' id='word_1_783' title='bbox 2258 5537 2403 5598; x_wconf 90' lang='lat' dir='ltr'><strong>licet</strong></span> <span class='ocrx_word' id='word_1_784' title='bbox 2442 5538 2697 5617; x_wconf 81' lang='lat' dir='ltr'><strong>aggredi</strong></span> <span class='ocrx_word' id='word_1_785' title='bbox 2738 5540 2989 5620; x_wconf 85' lang='lat' dir='ltr'><strong>propria</strong></span> <span class='ocrx_word' id='word_1_786' title='bbox 3022 5541 3385 5603; x_wconf 86' lang='lat' dir='ltr'><strong>auctoritate</strong></span> <span class='ocrx_word' id='word_1_787' title='bbox 3402 5555 3421 5618; x_wconf 83' lang='lat'>3</span> <span class='ocrx_word' id='word_1_788' title='bbox 3460 5544 3617 5614; x_wconf 85' lang='lat' dir='ltr'><strong>atque</strong></span> <span class='ocrx_word' id='word_1_789' title='bbox 3654 5543 3735 5588; x_wconf 82' lang='lat' dir='ltr'><strong>ex·</strong></span> 
     </span>
    </p>
   </div>
  </div>
 </body>
</html>
