3900 6217
493 492 674 569 ibi‹l.,
716 510 852 572 cap.
903 494 1045 575 Eyo
1093 493 1458 569 adonias,
1511 493 1800 574 quamvis
1843 500 2060 573 postea

495 586 606 646 alii
624 588 1002 647 tentaverint
1039 586 1196 647 illud
1223 593 1522 666 repetere,
1565 588 1644 649 de
1687 606 1812 667 quo
1857 587 2063 649 multa

499 678 776 757 Pighius,
807 678 848 739 l.
878 682 916 742 3
943 679 1166 741 Eccles.
1199 678 1546 755 Hier-arch„
1567 700 1702 760 cap.
1733 682 1834 756 13,
1864 686 1926 742 et
1949 682 2063 744 Pa-

497 771 743 848 ludan.,
781 770 869 833 lib
925 774 1002 833 de
1037 772 1276 852 Repub.
1317 771 1764 849 Ecclesiastica,
1794 792 1930 853 cap.
1978 778 2017 835 7
2038 790 2059 852 ;

497 866 811 940 Turrem,
849 870 912 926 et
940 866 1070 926 alii.
1119 865 1297 943 (Vide
1325 868 1512 928 etiam
1557 866 1811 943 Bellar„
1837 868 1880 928 l.
1911 870 1955 929 2
1986 868 2063 931 de

501 958 708 1034 Pont.,
735 978 787 1019 c.
823 962 948 1037 Π.)

584 1054 682 1112 10.
713 1051 899 1115 Nunc
921 1054 1120 1117 dictus
1131 1070 1450 1116 consensus
1477 1072 1594 1115 non
1619 1056 2067 1118 attenditur.—

498 1144 773 1207 Tandem
827 1164 976 1206 vero
1019 1146 1324 1207 Adrianus
1353 1148 1404 1207 ll
1450 1149 1664 1208 statuit
1712 1153 1785 1208 ut
1811 1148 1877 1209 in
1902 1147 2059 1209 elec-

499 1239 670 1299 tione
727 1238 1044 1300 Pontificis
1107 1240 1338 1300 nullius
1395 1240 1704 1301 saecularis
1763 1242 2060 1321 principis

507 1350 838 1393 consensus
855 1332 1322 1408 observaretnr3
1352 1340 1538 1413 atque
1565 1334 1778 1411 etiam,
1807 1341 2062 1414 propter

501 1424 786 1497 abusum,
818 1442 1146 1487 consensus
1173 1428 1383 1506 populi
1417 1427 1862 1507 praetermissus
1887 1427 2011 1487 fuit
2036 1444 2057 1506 3

500 1535 613 1597 per
661 1536 726 1579 se
753 1536 904 1597 ergo
939 1520 1294 1598 hujusmodi
1355 1520 1654 1580 laicorum
1698 1538 2069 1581 consensum

499 1630 826 1691 nunquam
895 1614 1086 1675 fuisse
1153 1615 1596 1690 necessarium,
1665 1621 1906 1675 constat
1991 1634 2069 1676 ex

501 1704 776 1768 Concilio
809 1708 1088 1769 Romano
1129 1708 1244 1769 sub
1281 1708 1654 1788 Symmacho
1685 1710 1875 1789 Papa,
1909 1726 1987 1769 ex
2026 1711 2068 1769 6

501 1800 752 1878 Synodo
779 1802 1078 1879 generali,
1109 1808 1172 1863 et
1207 1803 1416 1864 multis
1444 1822 1582 1882 quae
1605 1804 1884 1882 congerit
1905 1804 2057 1863 Gra-

503 1892 750 1969 tianus,
803 1894 910 1954 illa
953 1896 1094 1955 dist.
1141 1897 1222 1957 63
1259 1903 1322 1957 et
1375 1898 1494 1971 343
1549 1897 2067 1977 postmodumque

503 1985 783 2063 Gregorii
805 1987 912 2047 VII
959 1996 1021 2048 et
1049 1989 1278 2049 Urbani
1329 2000 1630 2070 tempore,
1679 1990 1898 2051 electio
1945 1992 2065 2052 Ro·

501 2078 676 2138 mani
726 2079 1038 2141 pontificis
1081 2082 1496 2143 cardinalibus
1543 2083 1871 2145 commissa
1920 2090 2015 2143 est
2039 2129 2059 2159 ,

501 2176 574 2230 ut
599 2178 766 2249 patet
795 2189 875 2232 ex
906 2192 1042 2253 cap.
1075 2175 1160 2238 In
1187 2175 1419 2238 nomine
1451 2176 1722 2251 Domini,
1756 2176 1896 2238 dist.
1943 2179 2057 2253 233

502 2271 564 2325 et
589 2284 645 2324 c.
681 2268 739 2341 l,
767 2265 828 2327 d.
873 2268 975 2341 77,
1005 2272 1068 2327 et
1099 2286 1235 2348 cap.
1269 2268 1442 2331 Dicet
1465 2270 1753 2349 exemplo,
1783 2269 1860 2329 de
1894 2270 2062 2331 Elec-

502 2360 696 2433 tione,
727 2364 789 2420 et
827 2378 962 2439 cap.
1021 2360 1136 2424 Ubi
1175 2362 1538 2443 periculum,
1579 2364 1796 2423 eodem
1833 2364 2015 2424 titulo
2040 2410 2060 2440 ‚

500 2453 628 2514 in6
644 2468 664 2529 ;
699 2458 762 2513 et
800 2452 1183 2513 clementina
1228 2454 1328 2518 Ne
1371 2454 1659 2531 Romani,
1709 2455 1926 2516 eodem
1978 2456 2061 2517 ti-

501 2545 678 2622 tulos,
725 2552 788 2606 et
841 2564 919 2606 ex
973 2546 1244 2607 Concilio
1285 2548 1626 2623 Constant„
1671 2566 1813 2610 sess.
1860 2550 1923 2624 8,
1954 2549 2064 2609 ubi

503 2640 842 2699 damnatur
897 2638 1144 2700 Wiclel.
1177 2685 1198 2716 ,
1263 2640 1372 2720 qui
1429 2640 1593 2702 hanc
1651 2642 2061 2702 cardinalium

503 2722 862 2794 electionem
905 2734 1171 2811 negabat
1213 2752 1344 2794 esse
1397 2733 1766 2812 legitimam,
1819 2737 1896 2797 de
1938 2753 2065 2815 quo

502 2825 819 2901 Walden„
847 2828 888 2886 2
911 2826 1183 2888 Doctrin.
1209 2826 1357 2887 fidei
1387 2828 1679 2907 antiquae,
1699 2836 1814 2890 art.
1841 2832 1902 2906 3,
1925 2848 2059 2908 cap.

506 2921 586 2981 39
599 2934 620 2995 3
651 2919 757 2979 lvo
783 2919 1056 2996 Carnot.,
1090 2922 1128 2981 3
1163 2920 1433 2999 decret.;
1475 2922 1658 3000 Hugo
1700 2922 1777 2983 de
1817 2923 1881 2983 S.
1925 2922 2065 2983 Vic-

503 3018 659 3088 tore,
690 3011 734 3073 1.
773 3014 811 3073 2
838 3013 916 3073 de
935 3015 1372 3090 sacramentis,
1401 3034 1464 3094 p.
1512 3016 1572 3089 3,
1605 3034 1656 3075 c.
1695 3016 1793 3076 ⁴4.
1825 3016 1912 3077 De
1939 3017 2065 3076 ori-

501 3104 648 3184 gine
674 3123 822 3165 vero
851 3110 914 3167 et
939 3106 1242 3184 dignitate
1273 3106 1706 3183 cardinalium,
1737 3108 1878 3168 vide
1903 3110 2063 3169 Tur·

499 3204 857 3275 recremat„
888 3199 1175 3277 Pighium
1217 3206 1278 3262 et
1326 3200 1712 3262 Paludanum
1751 3216 1938 3281 supra
1978 3202 2067 3262 ci·

501 3296 686 3366 tatoS,
717 3290 881 3352 Villa
927 3294 1138 3371 Diego,
1182 3300 1245 3355 et
1276 3293 1429 3355 alios
1467 3294 1533 3355 in
1559 3304 1713 3355 tom.
1767 3297 1839 3356 13
1883 3296 2067 3356 Trac-

501 3388 769 3460 tatuum,
795 3403 854 3462 p.
877 3386 938 3446 ⁴2.

587 3479 615 3536 l
632 3480 684 3536 1.
723 3476 958 3550 Quarta
977 3480 1236 3542 assertio
1255 3479 1656 3560 bipartita.-
1679 3479 1874 3541 Prior
1905 3498 2065 3559 pars

491 3570 810 3651 probatur.
842 3602 924 3615 -
951 3572 1096 3633 Dico
1143 3580 1404 3651 quarto:
1465 3574 1544 3633 ad
1593 3573 1815 3635 Sedem
1875 3573 2067 3653 Apos-

499 3664 750 3724 tolicam
776 3666 1084 3743 praecipue
1115 3671 1349 3745 spectat
1383 3666 1774 3746 praescribere
1801 3672 1864 3727 et
1897 3666 2063 3726 ordi·

495 3774 649 3817 nare
691 3758 945 3817 modum
999 3758 1269 3836 eligendi
1297 3760 1624 3820 Summum
1656 3759 2057 3834 Pontificem3

499 3850 668 3929 quod
693 3850 744 3909 si
781 3850 858 3911 de
899 3868 974 3911 eo
1013 3851 1176 3912 nihil
1217 3858 1374 3913 esset
1411 3858 1737 3927 statutum,
1781 3858 1846 3914 et
1889 3853 2063 3915 sedes

496 3948 764 4017 vacaret,
791 3943 1010 4005 electio
1036 3944 1114 4005 ad
1155 3961 1372 4006 omnes
1413 3948 1694 4007 Ecclesiae
1729 3948 2063 4025 Episcopos

499 4036 856 4115 pertinebit.
909 4037 1184 4098 Priorem
1219 4044 1460 4119 partem
1499 4038 1658 4100 bene
1701 4038 1910 4099 docuit
1951 4040 2065 4100 Ca-

498 4128 767 4208 jetanus,
805 4128 1224 4209 probaturque
1265 4131 1488 4209 prim0,
1519 4132 1666 4211 quia
1693 4131 1915 4193 modus
1951 4132 2063 4193 eli-

500 4221 691 4299 gendi
731 4222 1115 4298 Pontificem,
1167 4224 1276 4303 qui
1325 4242 1496 4283 nunc
1533 4230 1626 4284 est
1673 4224 1744 4284 in
1771 4224 2058 4297 Ecclesia,

500 4316 808 4393 praecipue
848 4314 1147 4378 fundatur
1183 4316 1252 4377 in
1295 4316 1538 4395 legibus
1575 4323 1638 4377 et
1681 4318 1926 4377 statutis
1971 4318 2063 4397 ip-

501 4424 710 4467 sorum
754 4407 1166 4484 Pontificum;
1214 4426 1363 4488 ergo
1402 4410 1534 4489 ipse
1583 4428 1730 4469 usus
1781 4409 2065 4470 Ecclesiae

502 4500 684 4560 docet
709 4500 826 4561 hoc
847 4502 1159 4581 pertinere
1196 4502 1276 4562 ad
1320 4502 1648 4563 Summum
1677 4502 2061 4563 Pontificem.

504 4592 810 4669 Secundo,
839 4610 982 4655 cum
1006 4595 1170 4675 Papa
1198 4595 1277 4655 sit
1311 4594 1594 4656 Ecclesioe
1637 4600 1841 4674 caput,
1881 4594 1950 4655 in
1991 4612 2065 4656 eo

505 4691 596 4745 est
626 4703 911 4765 suprema
952 4692 1220 4765 potestas
1247 4687 1638 4767 gubernandi
1682 4687 2059 4764 Ecclesiam;

504 4776 584 4837 ad
612 4795 756 4838 eum
779 4796 928 4859 ergo
941 4786 1178 4859 spectat
1191 4781 1514 4859 providere
1546 4782 1612 4841 in
1641 4781 1824 4843 rebus
1864 4781 2065 4841 maxi·

505 4888 608 4931 me
659 4872 1040 4935 necessariis,
1087 4874 1224 4935 Una
1247 4892 1394 4935 vero
1421 4892 1496 4935 ex
1545 4874 1670 4949 his,
1721 4881 1787 4935 et
1832 4874 2065 4953 gravis-

503 4963 663 5023 sima
686 4969 776 5024 est
803 4964 1020 5027 electio
1049 4966 1291 5027 Summi
1337 4966 1689 5041 Pontificis3
1721 4984 1893 5046 ergo,
1939 4972 2059 5029 etc.

502 5056 746 5131 Tertio,
781 5057 930 5137 quia
965 5058 1072 5119 vix
1113 5059 1236 5120 alia
1279 5058 1520 5121 ratione
1570 5059 1868 5139 potuisset
1921 5078 2065 5121 con-

501 5148 737 5209 tinuari
764 5148 1044 5229 legitima
1075 5153 1374 5213 successio
1409 5152 1776 5213 Pontificum
1820 5152 1900 5213 ab
1943 5153 2067 5213 iui-

500 5243 590 5302 tio
633 5242 913 5304 Ecclesiae
958 5263 1153 5325 usque
1197 5246 1277 5306 ad
1329 5246 1448 5305 hoc
1485 5252 1750 5325 tempus.
1805 5246 1963 5306 Nam
2012 5245 2066 5306 si

502 5334 666 5395 solus
695 5336 977 5397 Pontifex
1016 5355 1147 5398 non
1185 5340 1480 5418 potuisset
1524 5338 1777 5398 modum
1819 5338 2067 5399 electio-

501 5428 598 5488 nis
633 5430 1048 5507 praescribere,
1093 5433 1485 5509 pertinuisset
1532 5432 1650 5491 hoc
1691 5432 1769 5492 ad
1808 5433 2031 5493 univer
2052 5466 2067 5477 ·

504 5538 638 5582 sam
667 5522 1020 5601 Ecclesiam,
1047 5542 1156 5586 seu
1180 5525 1520 5587 Concilium
1553 5526 1840 5605 generale
1861 5540 1880 5603 ;
1904 5544 2068 5587 nun-

1569 392 1806 447 nisPuT.
1843 394 1903 444 Χ.
1942 394 2023 445 1)ss
2055 394 2265 447 SUlsslo
2298 394 2639 448 Pomm-’lca

2140 512 2329 575 quam
2380 501 2590 557 autem
2650 514 2765 576 per
2804 494 3059 574 longam
3118 510 3425 556 annorum
3480 495 3706 556 seriem

2140 590 2475 669 quicquam
2504 596 2597 651 est
2614 588 2693 651 de
2722 588 2838 650 bac
2864 608 2931 650 re
2960 594 3261 649 statutum
3304 595 3413 649 aut
3456 590 3711 651 ordina·

2139 688 2276 742 tum
2298 683 2365 741 in
2392 682 2680 743 Conciliis
2698 682 3089 760 generalibus
3110 702 3129 757 3
3160 682 3408 761 signnm
3436 700 3589 761 ergo
3614 688 3711 743 est

2142 794 2181 836 a
2200 777 2504 855 principio
2532 776 2858 837 Pontifices
2883 776 3171 836 Summos
3188 774 3555 837 auctoritate
3571 792 3715 855 pro-

2142 870 2281 949 pria
2328 870 2613 931 statuisse
2650 866 2908 930 modum
2950 868 3285 943 electionis,
3314 869 3425 948 qui
3450 886 3565 949 pro
3610 886 3713 929 ra·

2142 964 2314 1024 tione
2342 968 2451 1023 aut
2476 964 2841 1024 necessitate
2870 968 3221 1041 temporum
3250 968 3527 1023 retentus
3570 962 3713 1023 fuc-

2142 1057 2248 1132 rit,
2274 1056 2373 1117 vel
2386 1056 2606 1117 eadem
2618 1054 2978 1115 auctoritate
3000 1060 3299 1130 mutatus,
3324 1055 3705 1134 tandemque

2137 1151 2556 1230 permanserit
2584 1150 2641 1209 is
2676 1150 2783 1227 qni
2826 1166 2995 1208 nunc
3046 1148 3216 1225 viget
3266 1148 3331 1209 in
3383 1146 3703 1221 Ecclaeia3

2140 1248 2329 1321 atque
2352 1243 2415 1301 in
2438 1242 2725 1301 Consiliis
2745 1239 3139 1319 generalibus
3164 1247 3257 1301 est
3276 1238 3705 1314 confirmatus,

2138 1334 2379 1395 duobus
2422 1334 2711 1397 videlicet
2750 1332 3261 1395 Lateranensibus
3289 1379 3310 1409 ,
3357 1333 3475 1393 snb
3523 1334 3707 1394 Nico·

2146 1427 2249 1488 lao
2278 1430 2389 1489 Iet
2416 1428 2769 1489 Alexandro
2808 1429 2909 1503 111,
2940 1432 3004 1487 et
3033 1428 3101 1487 in
3130 1426 3537 1506 Lugdunense
3554 1443 3713 1502 uno,

2148 1522 2467 1599 alteroque
2492 1520 2812 1581 vienensi.

2232 1618 2333 1675 12.
2358 1612 2619 1693 objectio
2638 1616 2867 1695 prima,
2887 1630 2961 1676 σω
2976 1612 3199 1675 Palud.
3228 1618 3289 1676 et
3318 1612 3706 1675 stro-eorem.

2150 1740 2232 1754 -—
2264 1709 2415 1775 Vera
2465 1708 2773 1770 resolutio.
2826 1742 2911 1751 —
2950 1706 3235 1786 Opponcs
3271 1726 3289 1764 ε
3332 1706 3387 1765 si
3431 1705 3565 1767 haec
3608 1724 3721 1785 po-

2146 1807 2333 1861 testas
2365 1798 2907 1881 apud'Pontificem
2927 1798 3242 1872 resideret,
3270 1804 3474 1877 posset
3491 1800 3721 1879 utique

2144 1912 2315 1954 nunc
2368 1912 2479 1955 sua
2532 1894 2899 1953 auctoritate
2952 1892 3122 1971 hunc
3190 1892 3463 1969 eligendi
3518 1894 3721 1952 ritum

2146 1986 2471 2063 abrogare,
2512 1994 2575 2048 et
2596 2004 2830 2047 novum
2860 1986 3290 2062 introducere;
3314 1986 3466 2046 item
3506 1993 3723 2066 posset

2146 2080 2375 2158 eligere
2390 2098 2796 2141 successorem
2818 2079 2961 2153 sibi,
2994 2086 3059 2141 et
3086 2085 3453 2155 statuerent
3490 2096 3723 2139 omnm

2142 2173 2209 2232 in
2250 2180 2563 2251 posterum
2598 2172 2765 2234 idem
2812 2178 3193 2253 praestarent,
3228 2172 3507 2251 aliosque
3550 2172 3723 2233 elec-

2140 2266 2329 2327 tionis
2354 2266 2569 2326 modos
2604 2265 2857 2339 tollere3
2908 2266 3177 2345 denique
3204 2273 3403 2343 posset
3452 2266 3711 2328 electio-

2142 2376 2287 2418 nem
2349 2360 2737 2420 committere
2794 2358 2939 2419 solis
3006 2357 3198 2419 laicis.
3272 2358 3525 2438 Propter
3568 2358 3712 2419 haec

2144 2459 2205 2513 et
2245 2452 2473 2515 similia
2508 2452 2879 2527 PaludanuS,
2930 2452 3007 2511 de
3056 2454 3355 2513 Potestate
3394 2452 3713 2527 Ecclesiae,

2141 2547 2327 2606 sentit
2351 2552 2567 2605 contra
2586 2546 2745 2605 hanc
2760 2544 3241 2619 conclusionem,
3268 2552 3331 2605 et
3343 2544 3409 2605 in
3428 2544 3599 2606 idem
3614 2548 3717 2605 in-

2143 2640 2333 2701 clinat
2360 2643 2673 2714 Turi-eor„
2722 2658 2776 2700 c.
2830 2642 2931 2715 51,
2974 2657 3249 2700 asserens
3296 2639 3717 2719 periculosum

2145 2750 2302 2808 esse,
2334 2734 2385 2793 si
2430 2734 2615 2793 unius
2657 2733 2931 2793 hominis
2960 2733 3217 2810 judicio,
3258 2734 3423 2811 quod
3463 2733 3601 2793 faui
3642 2752 3722 2794 ac

2142 2824 2357 2887 fallere
2398 2832 2617 2906 potest,
2646 2828 2907 2887 ,Summi
2952 2824 3265 2885 Pontificis
3311 2824 3525 2886 electio
3582 2844 3721 2886 cre-

2144 2920 2273 2979 dita
2299 2920 2400 2979 sit.
2438 2920 2609 2981 Unde
2638 2920 2909 2979 distinct.
2954 2920 3055 2991 79,
3098 2937 3233 2999 cap.
3281 2919 3421 2993 ult„
3466 2920 3720 2981 Summi

2146 3010 2459 3072 Pontificis
2502 3010 2715 3073 electio
2743 3011 3163 3073 sacerdotibus
3194 3017 3259 3072 et
3288 3012 3719 3091 spiritualibus

2143 3105 2221 3166 de
2288 3103 2517 3185 populo
2579 3104 2905 3165 commissa
2966 3104 3215 3165 dicitnr.
3278 3106 3715 3185 Respondetur

2144 3203 2358 3258 tamen
2392 3198 2745 3258 mirandum
2790 3215 2917 3258 non
2956 3214 3089 3259 esse
3144 3204 3509 3276 potestatem
3546 3198 3703 3259 hanc

2146 3291 2260 3350 uni
2318 3289 2563 3351 homini
2594 3308 2729 3351 esse
2769 3290 3003 3365 datam,
3046 3291 3149 3350 cui
3186 3290 3459 3351 Christus
3500 3292 3707 3351 Domi-

2147 3402 2267 3446 nus
2322 3389 2517 3445 totam
2592 3383 2926 3444 Ecclesiam
2984 3383 3281 3459 tradidit,
3348 3385 3495 3463 quia
3552 3384 3716 3445 sicut

2146 3476 2572 3539 existimamus
2618 3494 2747 3537 non
2802 3478 3246 3556 permissurum
3296 3470 3489 3538 [lenm
3510 3484 3715 3539 tantae

2144 3572 2463 3652 potestatis
2510 3571 2771 3632 abusum
2822 3572 2889 3631 in
2928 3589 3229 3650 magnum
3276 3571 3563 3633 Ecclesiae
3602 3572 3719 3634 de-

2144 3666 2509 3727 trimentum
2537 3709 2556 3738 ,
2596 3666 2685 3725 ita
2720 3664 3098 3725 credendum
3142 3669 3237 3725 est
3276 3682 3403 3724 non
3448 3666 3717 3743 permis-

2140 3774 2358 3817 surum
2397 3765 2471 3817 ut
2504 3757 2669 3819 circa
2698 3756 3063 3817 electionem
3113 3756 3431 3818 pontificis
3466 3757 3717 3837 aliquid

2142 3850 2529 3927 decernatur,
2560 3850 2727 3931 quod
2754 3848 3215 3910 intolerabilem
3242 3866 3517 3911 errorem
3560 3868 3721 3911 con-

2142 3945 2361 4006 tineat.

2226 4040 2325 4099 13.
2358 4039 2459 4102 Ad
2476 4036 2739 4117 primam
2763 4038 3163 4119 objectionem.
3182 4036 3453 4098 —Unde
3479 4035 3559 4097 ad
3588 4038 3717 4116 pri—

2142 4150 2312 4192 mam
2354 4130 2761 4211 objectionem
2814 4131 3172 4212 respondeo,
3215 4148 3343 4191 non
3372 4130 3571 4190 videri
3594 4131 3717 4191 du-

2144 4224 2317 4285 bium
2358 4226 2507 4303 quin
2536 4224 2727 4304 possit
2770 4225 2937 4303 Papa
2982 4224 3237 4285 modum
3274 4222 3570 4301 eligendi,
3600 4223 3721 4302 qui

2144 4334 2316 4377 nunc
2336 4318 2506 4395 viget
2532 4320 2600 4377 in
2648 4317 2940 4390 Ecclesia,
2996 4324 3265 4391 mutare,
3302 4322 3375 4375 ut
3409 4315 3567 4376 bene
3600 4315 3717 4376 de-

2142 4410 2342 4470 fendit
2372 4412 2701 4489 cajetanus
2718 4418 2781 4471 et
2799 4410 3073 4471 Victoria
3090 4416 3305 4469 contra
3324 4408 3719 4469 Paludanum

2145 4510 2209 4564 et
2244 4503 2399 4564 alios
2414 4519 2433 4581 3
2466 4522 2541 4563 ac
2564 4504 2881 4579 suadetur,
2912 4505 3059 4583 quia
3088 4520 3213 4563 non
3244 4508 3337 4561 est
3362 4501 3574 4562 minor
3600 4520 3718 4581 po·

2148 4601 2329 4656 testas
2343 4596 2526 4658 hodie
2542 4598 2612 4657 in
2641 4595 3039 4657 Pontificibus
3052 4614 3173 4674 qua
3183 4612 3243 4655 m
3258 4593 3523 4655 fueritin
3542 4594 3717 4654 anti-

2145 4689 2501 4770 quioribus3
2528 4706 2701 4769 ergo,
2732 4688 2897 4750 sicut
2918 4687 3011 4748 illi
3036 4694 3361 4748 mutarunt
3384 4688 3719 4766 antiquam

2142 4782 2413 4860 eligendi
2436 4782 2727 4856 formam,
2765 4780 2941 4850 itaet
2978 4781 3045 4841 hi
3080 4786 3327 4841 mutare
3376 4784 3711 4859 poterunt3

2141 4876 2290 4960 item
2328 4875 2531 4936 forma
2580 4875 2735 4950 haec,
2784 4874 2915 4935 sive
2963 4873 3181 4934 modus
3232 4872 3525 4953 eligendi,
3578 4888 3715 4933 non

2144 4976 2237 5030 est
2263 4968 2463 5029 divini
2483 4968 2667 5047 juris,
2692 4973 2765 5029 ut
2799 4972 3117 5029 ostensum
3156 4972 3249 5027 est
3272 4982 3295 5045 3
3350 4982 3499 5045 ergo
3544 4966 3717 5045 posi-

2146 5062 2295 5139 tivi3
2324 5066 2525 5142 potest
2558 5068 2769 5122 autem
2814 5062 2977 5141 Papa
3024 5065 3266 5120 mutare
3312 5076 3499 5121 omne
3542 5060 3717 5138 posi-

2144 5153 2343 5213 tivum
2396 5155 2540 5233 jus3
2586 5172 2734 5231 ergo
2760 5199 2779 5227 ,
2844 5158 2967 5213 etc.
3024 5152 3301 5213 Tandem
3366 5152 3717 5213 adversarii

2146 5246 2486 5307 admittunt
2512 5265 2689 5326 posse
2724 5247 2949 5306 inverti
2982 5246 3153 5306 hunc
3180 5246 3435 5306 modum
3466 5265 3506 5306 a
3546 5247 3717 5306 Con-

2146 5340 2285 5400 cilio
2314 5339 2624 5417 generali;
2654 5356 2803 5417 ergo
2831 5340 3033 5419 potius
3073 5356 3111 5398 a
3158 5341 3340 5417 Papa,
3380 5338 3485 5417 qui
3525 5356 3717 5417 supe-

2144 5434 2275 5493 rior
2298 5440 2412 5510 est,
2438 5434 2665 5513 poterit
2692 5434 2940 5495 inverti.
2972 5434 3126 5508 lm0,
3158 5432 3323 5512 quod
3356 5431 3719 5493 Paludanus

2147 5532 2210 5586 et
2251 5528 2359 5588 alii
2404 5528 2604 5604 aiunt,
2646 5526 2988 5589 Concilium
3042 5525 3355 5605 generale,
3412 5524 3555 5587 sede
3603 5543 3718 5587 va·
