3900 6217
524 367 692 420 SECT.
725 366 808 420 1v.
843 368 926 419 AN
959 368 1042 420 ET
1071 366 1362 431 QUOMODO
1395 366 1642 423 SUHML'S
1673 370 1980 425 PONTIFEX
2007 373 2095 443 ‚AB
2126 374 2463 429 Romuleus
2492 376 2657 431 ELlGl
2686 378 2949 433 DEBEAT.

200 475 278 551 jus
297 469 515 547 signnm
541 472 654 542 est,
679 466 828 544 quia
856 484 1098 544 semper
1125 466 1496 529 confirmant
1525 486 1698 531 suam

205 560 516 624 sententiam
546 558 664 619 illis
706 560 1028 638 Evangelii
1061 560 1266 622 verbis
1298 582 1312 621 t
1355 562 1454 625 ,Tu
1479 579 1541 624 es
1579 563 1700 627 Pe-

203 664 326 728 trus,
349 662 402 714 et
419 670 436 713 :
453 653 640 715 Pasce
656 670 788 717 oves
810 672 994 717 meas.
1021 654 1158 717 Alia
1187 656 1594 717 nihilon··.inus
1613 657 1700 719 le-

203 753 366 828 gimus
398 747 638 806 Patrum
664 750 726 806 et
756 746 1122 808 Pontificum
1151 750 1530 825 testimonia,
1560 768 1698 829 quae

199 841 424 903 indicant
458 844 592 918 post
639 838 1058 901 ascensionem
1105 840 1294 903 fuisse
1325 843 1573 905 Petrum
1620 843 1698 904 de

195 938 284 997 hac
307 952 366 994 re
401 930 785 1011 peculiariter
833 950 867 993 a
929 932 1168 994 Christo
1218 935 1584 997 instructum
1635 943 1700 998 et

195 1026 470 1089 monitum.
515 1025 608 1085 Ita
641 1026 829 1085 sentit
854 1027 1246 1089 Innocentius
1269 1031 1374 1104 ΠΙ,
1407 1048 1540 1109 cap.
1572 1031 1701 1093 Per

191 1118 549 1193 venerabilem,
582 1117 700 1189 Qui
737 1116 850 1179 filii
889 1120 1038 1193 sint,
1071 1126 1214 1190 etc..
1244 1121 1353 1183 ubi
1395 1122 1545 1184 dicit
1580 1125 1699 1186 Ro-

191 1231 322 1275 mam
347 1211 588 1289 elegisse
631 1212 994 1289 Dominum3
1029 1232 1100 1273 ac
1121 1216 1311 1276 reiert
1347 1216 1691 1294 historiam,

187 1306 315 1385 quod
357 1306 523 1365 Petro
547 1304 702 1365 urbe
745 1306 1088 1383 egredienti
1119 1308 1392 1369 Christus
1421 1328 1696 1372 occurre-

185 1399 265 1473 rit,
291 1398 356 1458 ad
379 1396 668 1476 illamque
692 1399 1071 1462 revocaverit
1084 1417 1107 1478 3
1151 1403 1328 1481 cujus
1354 1403 1542 1465 etiam
1573 1404 1696 1465 his-

185 1492 322 1551 toriae
361 1490 642 1551 meminit
674 1490 1034 1553 Ambrosius
1055 1538 1074 1567 ,
1123 1507 1279 1557 orat.
1327 1502 1542 1557 contra
1576 1497 1700 1557 An-

183 1592 341 1660 1ent.‚
367 1584 493 1645 etl.
527 1586 593 1659 5,
630 1585 806 1665 epist.
851 1587 956 1662 32,
985 1587 1340 1669 indicatque
1373 1592 1695 1669 Athenas„

184 1678 389 1757 Apolog.
412 1676 490 1737 de
513 1694 630 1739 sua
653 1676 828 1757 suga,
855 1687 919 1741 et
931 1680 1122 1741 refert
1147 1684 1467 1763 Egesipus,
1513 1683 1626 1747 lib.
1657 1687 1694 1747 3

181 1773 236 1831 dc
253 1771 480 1831 Excidio
501 1770 902 1847 Hierosol.,c.
925 1776 984 1835 2.
1011 1774 1186 1836 Unde
1209 1776 1478 1838 Marcell.
1506 1778 1694 1859 Papa,

181 1864 373 1944 epistol.
403 1866 444 1924 2
471 1862 551 1924 ad
585 1866 914 1947 Episcopus
959 1886 1072 1947 per
1115 1869 1512 1931 Antiochiam
1555 1888 1701 1931 con·

181 1960 390 2031 stitutos,
421 1974 564 2037 quae
589 1958 854 2019 habetur
881 1976 1015 2039 cap.
1047 1958 1382 2042 Rogamus,
1416 1964 1520 2035 24,
1544 1980 1605 2042 q.
1634 1964 1692 2039 1,

177 2052 292 2110 dicit
315 2052 580 2124 Petrum,
621 2051 879 2129 jubente
913 2052 1198 2129 Domino,
1231 2055 1438 2116 sedem
1474 2056 1694 2116 Antio-

177 2144 294 2203 chiae
331 2144 591 2205 Romam
639 2143 1059 2207 transtulisse.
1107 2147 1226 2207 Leo
1273 2148 1460 2207 etiam
1498 2148 1694 2233 Papa,

175 2252 407 2297 sermone
442 2236 816 2297 Sanctorum
871 2238 1040 2300 Petri
1071 2246 1134 2300 et
1161 2239 1358 2316 Pauli,
1411 2242 1698 2318 Augusti-

177 2348 264 2389 nus
286 2328 455 2389 etalii
481 2330 699 2391 Patres
737 2348 898 2411 saepe
925 2339 1232 2409 asserunt,
1263 2333 1559 2412 peculiari
1590 2333 1698 2395 Dei

176 2423 345 2483 ordine
383 2420 545 2482 sactu
555 2440 650 2498 m,
681 2430 752 2484 ut
777 2424 1068 2487 cathedra
1092 2425 1256 2487 Petri
1287 2427 1496 2487 Romae
1515 2427 1698 2487 collo·

177 2524 386 2577 caretur.
419 2516 850 2595 Congruentia
875 2518 1084 2579 afferri
1113 2526 1337 2597 potest,
1367 2518 1513 2598 quia
1541 2519 1698 2579 sicut

177 2612 394 2689 oportuit
436 2612 778 2673 Summum
813 2612 1173 2674 Pontificem
1219 2632 1349 2675 esse
1391 2630 1588 2673 unum
1635 2619 1700 2675 et

181 2709 380 2777 eertum,
411 2703 500 2764 ita
527 2705 815 2784 oportuit
855 2704 1082 2767 habere
1123 2717 1352 2767 certam
1387 2713 1446 2767 et
1473 2706 1695 2767 immo-

183 2795 318 2856 bilem
357 2796 604 2873 sedem,
653 2804 725 2857 ut
757 2806 1226 2860 removerentur
1270 2798 1600 2860 seditiones
1634 2809 1697 2860 et

189 2890 422 2964 sandala,
483 2903 549 2951 et
605 2891 843 2951 facilius
886 2899 1090 2972 posset
1136 2898 1266 2953 tota
1310 2891 1583 2953 Ecclesia
1615 2891 1696 2952 ad

197 2998 312 3041 suum
327 2990 508 3063 caput
535 2984 868 3059 accedere3
905 2986 1177 3063 oportuit
1207 3003 1357 3063 ergo
1395 2984 1558 3047 hanc
1583 2985 1694 3047 de·-

193 3076 527 3151 signationem
556 3076 702 3138 fieri
735 3077 923 3157 ipsius
951 3078 1172 3139 Christi
1204 3078 1446 3139 Domini
1475 3084 1690 3139 aucto-

187 3168 332 3230 ritate.
357 3170 508 3243 Quia
533 3170 589 3229 si
609 3169 744 3231 sola
774 3170 961 3245 Petri,
992 3177 1064 3231 ut
1089 3172 1383 3233 Summus
1412 3172 1692 3233 Pontifex

185 3266 295 3335 erat,
319 3262 631 3323 voluntate
661 3260 860 3339 fieret,
892 3263 1145 3325 alterius
1164 3266 1352 3325 etiam
1383 3263 1690 3343 pontificis

183 3352 438 3417 voluntate
479 3356 722 3416 mutari
762 3355 1094 3435 aliqnando
1142 3358 1463 3437 potuisset.
1514 3356 1691 3420 Unde

181 3447 322 3505 etiam
361 3449 628 3509 sumitur
661 3449 998 3527 probabilis
1022 3452 1410 3529 conjectura,
1467 3469 1614 3511 nam
1639 3451 1692 3510 si

181 3534 278 3598 hinc
319 3558 406 3600 res
447 3558 604 3619 pure
641 3541 923 3601 humana
970 3549 1147 3615 esset,
1191 3542 1548 3621 aliquande,
1595 3542 1692 3603 vel

179 3630 228 3689 in
247 3632 500 3693 Conciliis
519 3634 946 3713 generalibus„
975 3634 1072 3695 vel
1100 3654 1138 3695 a
1166 3634 1568 3697 Pontificibus
1601 3634 1695 3695 di-

177 3742 442 3787 versarum
485 3728 846 3803 nationum,
897 3728 994 3789 vel
1043 3728 1292 3807 regibus
1340 3730 1532 3791 etiam
1585 3735 1695 3791 aut

175 3817 593 3896 imperatoribus
623 3821 792 3883 facta
831 3820 1049 3882 fuisset
1089 3822 1352 3883 mutatio
1377 3844 1393 3897 3
1425 3839 1570 3883 cum
1597 3841 1694 3883 er-

177 3928 236 3988 go
264 3912 318 3971 id
339 3932 662 3994 nunquam
691 3914 760 3975 in
789 3914 1053 3976 Ecclesia
1094 3915 1408 3989 acciderit,
1441 3915 1692 3995 signum

177 4014 246 4065 est
267 4009 562 4087 negotium
589 4010 714 4071 hoc
746 4008 1029 4071 divinum
1067 4027 1219 4084 esse,
1267 4017 1330 4069 et
1367 4027 1495 4071 non
1520 4026 1693 4089 pror·

177 4116 254 4159 sus
273 4100 644 4179 humanum3
676 4102 842 4183 quod
867 4121 1016 4165 vero
1039 4102 1229 4163 electa
1259 4101 1446 4163 fuerit
1471 4102 1697 4163 Roma-

179 4209 240 4251 na
259 4195 450 4255 civitas
491 4196 703 4274 potius
737 4213 926 4274 quam
969 4195 1116 4271 alia,
1162 4195 1306 4257 licet
1346 4213 1422 4256 ex
1468 4194 1693 4255 Christi

181 4283 378 4347 Domini
417 4286 680 4349 arbitrio
721 4289 1108 4369 potissimum
1154 4286 1464 4367 pendeat,
1513 4304 1692 4348 suam

181 4398 376 4461 quoque
413 4382 606 4445 habet
651 4384 1153 4462 congruentiam,
1199 4383 1504 4445 nimirum
1549 4400 1692 4462 pro-

179 4478 284 4549 pter
300 4476 766 4556 amplitudinem
793 4475 1006 4555 urbis3
1049 4482 1188 4537 tum
1224 4476 1410 4537 etiam
1439 4482 1690 4557 propter

181 4566 496 4631 Sanctorum
525 4578 877 4650 martyrum
929 4577 991 4633 et
1031 4571 1383 4651 principum
1425 4569 1690 4649 Aposto-

179 4656 342 4721 lorum
363 4665 726 4743 sanguinem
759 4664 848 4723 ibi
893 4664 1374 4741 effundendum3
1405 4668 1542 4725 tum
1586 4663 1690 4725 de·

181 4756 331 4829 nique
365 4763 428 4815 nt
465 4758 578 4819 Dei
623 4757 900 4837 potentia
931 4762 992 4817 et
1020 4756 1165 4818 fidei
1194 4755 1464 4817 efficacia
1493 4756 1690 4834 magis

183 4848 578 4925 ostenderetur,
617 4855 691 4913 ut
711 4867 844 4930 quoe
863 4854 1071 4928 furat
1097 4850 1398 4932 maqistra
1438 4847 1687 4923 moris,

183 4940 314 5013 fieret
334 4942 622 5023 discipula
648 4944 954 5019 veritatis,
981 4950 1051 5005 ut
1071 4945 1193 5005 Leo
1235 4942 1398 5019 Papa
1427 4942 1688 5016 notavit,

187 5036 234 5089 et
253 5030 388 5095 bene
415 5036 480 5097 D.
513 5036 809 5114 Thomas,
848 5040 885 5100 3
927 5056 1019 5117 p.,
1054 5040 1270 5117 quoest.
1326 5034 1431 5110 36,
1473 5041 1591 5096 art.
1625 5037 1687 5111 7,

245 5220 324 5278 11.
365 5220 616 5301 objectio
681 5222 964 5287 solvitur.
1018 5254 1103 5269 -
1145 5224 1313 5285 Dicet
1378 5222 1518 5304 quis
1569 5221 1690 5283 ali-

191 5312 390 5385 qnando
441 5314 625 5377 fuisse
689 5322 992 5377 mutatam
1043 5316 1386 5378 Romanam
1435 5315 1645 5377 sedem
1664 5359 1685 5391 ‚

197 5404 522 5486 proindeque
545 5428 676 5470 non
702 5427 829 5471 esse
857 5408 934 5469 de
969 5410 1110 5489 jure
1147 5409 1380 5471 divine.
1409 5410 1690 5487 Respon-

195 5492 336 5557 detur
353 5504 725 5577 praesentiam
752 5504 994 5567 Summi
1023 5500 1336 5563 Pontificis
1361 5502 1545 5563 fuisse
1577 5518 1689 5581 per

3228 378 3343 439 307

1779 470 2017 551 aliquot
2046 490 2245 535 annos
2274 475 2339 535 in
2367 475 2587 551 Gallia,
2620 477 2727 538 sed
2771 496 2987 539 verum
3034 479 3346 562 episcopa·

1779 572 1915 625 tum
1945 584 2191 645 semper
2218 567 2402 629 fuisse
2430 570 2641 631 Romae
2670 592 2686 644 ;
2718 588 2890 648 nam,
2922 571 3067 634 licet
3102 574 3347 636 Summi

1780 658 2109 719 Pontifices
2130 658 2483 723 habitarent
2504 662 2837 739 Avinione‚
2864 683 3105 745 semper
3132 672 3344 728 tamen

1779 760 2251 832 perseverarunt
2299 756 2565 817 Romani
2621 758 2903 839 Episcopi
2938 804 2956 835 ‚
3013 760 3344 840 nullusque

1779 844 1938 907 alius
1980 855 2207 927 praeter
2234 850 2396 928 ipsos
2422 868 2532 929 per
2560 851 2625 911 id
2672 856 2917 931 tempus
2962 871 3101 915 eam
3134 854 3343 915 sedem

1780 940 2125 1019 occupavit.
2176 942 2477 1020 Urgebis:
2527 943 2578 1003 si
2614 943 2691 1003 de
2736 946 2877 1022 jure
2910 946 3121 1007 divino
3165 947 3346 1008 Sum-

1781 1050 1920 1092 mus
1955 1032 2237 1095 Pontifex
2272 1035 2609 1115 Episcopus
2638 1043 2733 1097 est
2760 1038 3096 1114 Romanus,
3129 1058 3207 1099 ex
3237 1057 3342 1100 eo·

1779 1124 1921 1186 dem
1947 1126 2089 1205 jure
2124 1127 2335 1187 Romae
2361 1127 2677 1204 residebit,
2708 1148 2851 1189 cum
2880 1130 3139 1211 quisque
3168 1133 3342 1210 Epis-

1776 1236 1967 1297 copus
2002 1219 2141 1297 jure
2192 1218 2405 1279 divino
2428 1220 2697 1282 residere
2726 1221 2947 1283 debeat
2983 1224 3049 1283 in
3094 1228 3341 1304 propria

1770 1311 2025 1395 ‘dioecesi
2056 1333 2071 1371 :
2109 1330 2491 1392 consequens
2520 1320 2610 1375 est
2637 1322 2852 1376 contra
2888 1315 2951 1376 id
2990 1318 3153 1396 quod
3196 1337 3340 1380 con·

1778 1405 1921 1483 tigit
1956 1404 2315 1483 aliquanda,
2360 1424 2433 1467 ac
2476 1408 2834 1486 contingere
2866 1428 3113 1472 necesse
3158 1418 3338 1485 esset,

1779 1496 1831 1556 si
1860 1498 2059 1559 Roma
2102 1504 2470 1560 vastaretur.
2508 1500 2727 1561 Fateor
2768 1503 2967 1562 teneri
3007 1504 3259 1582 Papam,
3288 1504 3341 1565 si

1779 1590 2103 1651 commode
2145 1592 2356 1670 possit,
2388 1592 2758 1671 regulariter
2790 1594 3056 1656 residere
3102 1597 3168 1656 in
3212 1597 3339 1658 Ro·

1780 1699 1967 1743 mana
2010 1682 2289 1761 diaecesi3
2336 1684 2493 1745 illud
2530 1685 2699 1747 enim
2746 1691 2808 1747 et
2845 1688 2920 1747 ad
2972 1687 3203 1750 bonum
3245 1708 3343 1751 re·

1779 1774 1992 1851 gimen
2020 1776 2249 1856 privati
2276 1777 2685 1858 episcopatus,
2716 1786 2778 1839 et
2804 1780 2884 1841 ad
2925 1782 3111 1841 totius
3138 1782 3341 1844 Eccle-

1775 1868 1880 1928 siae
1929 1886 2285 1944 commune,
2325 1869 2721 1949 postulatur3
2765 1878 2831 1932 at
2880 1891 3025 1934 vero
3072 1873 3152 1934 ob
3184 1881 3341 1935 tem-

1775 1978 2002 2040 porum
2036 1960 2415 2023 calamitates
2442 1969 2751 2041 coguntur
2778 1965 3091 2026 interdum
3136 1968 3341 2028 Ponti-

1776 2052 1922 2113 fices
1970 2054 2182 2115 abesse
2206 2099 2226 2129 ,
2274 2060 2385 2115 aut
2426 2062 2589 2119 certe
2642 2058 2991 2137 principum
3064 2061 3341 2138 potentia

1775 2148 1993 2219 coacti,
2024 2152 2093 2206 ut
2123 2146 2281 2207 forte
2318 2147 2561 2222 accidit,
2597 2166 2719 2227 quo
2748 2155 3022 2229 tempore
3064 2152 3343 2213 Romana

1776 2240 1945 2299 curia
1982 2244 2114 2300 erat
2167 2240 2229 2300 in
2284 2239 2503 2301 Gallia.
2552 2241 2724 2315 Quod
2777 2242 3009 2305 dicitur
3054 2244 3129 2306 de
3170 2245 3341 2305 urbis

1776 2331 2119 2393 vastatione
2160 2337 2177 2370 ¹
2202 2376 2222 2407 ,
2276 2332 2573 2394 credibile
2614 2340 2709 2394 est
2756 2334 2947 2396 Deum
3016 2354 3341 2417 nunquam

1778 2424 2245 2503 permissurum,
2272 2432 2341 2485 ut
2358 2433 2547 2505 portae
2574 2426 2759 2488 inferi
2784 2434 2999 2490 contra
3018 2448 3155 2490 eam
3184 2448 3342 2511 prae-

1775 2515 2049 2592 valeant,
2079 2517 2159 2577 ob
2188 2523 2543 2579 sanctorum
2576 2520 2741 2580 Petri
2785 2529 2847 2582 et
2898 2521 3071 2583 Pauli
3107 2541 3343 2585 succes-

1778 2610 2041 2685 sionem,
2082 2610 2239 2673 sedis
2282 2612 2644 2689 Apostolicae
2696 2614 3089 2693 dignitatem,
3121 2632 3195 2677 ac
3233 2617 3345 2677 Ec·

1775 2703 1975 2764 clesioe
2020 2705 2211 2765 totius
2262 2703 2635 2782 utilitatem3
2678 2712 2741 2767 et
2797 2708 2887 2767 ita
2934 2707 3341 2787 intelligimus

1777 2814 1938 2875 saepe
1992 2796 2181 2857 luisse
2230 2798 2557 2877 praeteritis
2612 2798 2995 2878 temporibus
3042 2801 3341 2863 (livinitus

1775 2894 2108 2964 servatam,
2144 2891 2455 2970 praecipue
2489 2897 2763 2971 tempore
2791 2893 3011 2955 Leonis
3042 2895 3243 2973 Papoe,
3270 2900 3345 2955 ut

1778 2979 1965 3041 habet
2015 2980 2271 3042 historia
2307 2981 2583 3061 vulgata.
2636 2984 2806 3046 Unde
2843 2984 3335 3065 Chrysostomus,

1772 3077 1810 3134 2
1853 3072 1930 3135 ad
1965 3074 2238 3135 Thessal.
2271 3078 2332 3143 2.
2365 3074 2543 3137 docet
2594 3094 2862 3154 regnum
2911 3079 3336 3141 Romanorum

1773 3166 2142 3227 duraturum
2198 3184 2395 3247 usque
2444 3168 2524 3229 ad
2569 3168 3040 3246 Antichristum,
3074 3190 3341 3253 eumque

1775 3266 1992 3320 contra
2021 3260 2371 3321 Romanum
2430 3261 2793 3323 Pontificem
2848 3265 3164 3343 potissime
3227 3284 3341 3345 pu-

1771 3364 2131 3431 gnaturum.
2166 3354 2333 3415 Idem
2364 3356 2805 3435 Hieronymus,
2834 3359 3011 3437 epist.
3048 3358 3126 3418 ad
3156 3358 3342 3437 Alga-

1772 3446 1952 3519 siam,
1982 3451 2198 3524 quaest.
2236 3449 2347 3523 113
2374 3448 2759 3524 Lactantius,
2783 3450 2925 3510 libr.
2964 3454 3025 3525 7,
3052 3469 3183 3529 cap.
3221 3454 3337 3529 255

1773 3538 2194 3598 Tertullianus
2222 3540 2287 3599 in
2318 3540 2618 3619 Apologia
2634 3558 2655 3617 3
2698 3543 3103 3619 Augaia-inus,
3134 3546 3214 3604 20
3246 3546 3341 3603 ci-

1777 3630 1914 3703 vit„
1948 3648 2083 3711 cap.
2125 3633 2222 3693 19.
2260 3631 2443 3693 Plura
2472 3634 2611 3695 vide
2640 3636 2706 3695 in
2743 3635 3088 3711 Waldens.,
3122 3636 3259 3697 libr.
3296 3640 3335 3697 2

1775 3722 1850 3783 de
1893 3724 2064 3798 Fide,
2096 3742 2231 3803 cap.
2264 3726 2334 3785 41
2364 3747 2382 3801 3
2433 3726 2724 3802 Roffensi,
2757 3734 2875 3788 art.
2909 3730 3029 3804 25;
3082 3729 3336 3791 Driedo-

1769 3833 1876 3891 ne,
1904 3816 2015 3877 lib.
2052 3818 2113 3892 5,
2146 3835 2278 3895 cap.
2312 3819 2376 3893 3,
2408 3826 2567 3898 part.
2599 3821 2637 3881 2
2666 3828 2727 3880 et
2754 3822 2829 3895 33
2880 3820 3106 3897 Echio,
3148 3821 3261 3881 lib.
3298 3826 3329 3882 1

1776 3909 1852 3970 de
1905 3910 2187 3971 Primatu
2226 3912 2416 3988 Petri,
2447 3931 2501 3972 c.
2536 3914 2644 3988 13,
2690 3920 2755 3975 et
2796 3920 3013 3974 contra
3052 3914 3331 3992 Luther.,

1773 4020 1826 4062 c.
1857 4004 1938 4063 29
1969 4008 2033 4062 et
2066 4004 2146 4065 30
2169 4019 2191 4080 3
2225 4003 2463 4083 Pighio,
2492 4004 2632 4067 libr.
2659 4007 2696 4067 3
2741 4006 3087 4082 Hierarch.‚
3122 4024 3175 4067 c.
3209 4008 3284 4069 12
3311 4028 3331 4081 3

1772 4096 2189 4174 Turrecrem.,
2219 4097 2363 4159 libr.
2395 4100 2457 4173 2,
2482 4116 2618 4179 cap.
2648 4100 2728 4160 36
2749 4108 2809 4161 et
2826 4099 2929 4177 40,
2952 4105 3014 4161 et
3042 4099 3179 4161 aliis
3207 4117 3335 4161 non

1773 4190 1985 4269 paucis
2022 4191 2071 4253 ².

2386 4370 2605 4424 sacrm
2636 4371 2719 4424 w.

1766 4542 1867 4608 An
1892 4549 1952 4609 et
1981 4548 2263 4628 quomodo
2306 4545 2601 4611 Summus
2630 4546 2913 4630 Pontifeoe
2942 4545 3093 4631 eligit·
3126 4548 3328 4614 debeat

2310 4642 2381 4705 ab
2425 4642 2781 4705 hominibus.
3350 4669 3361 4681 ·

1852 4851 1882 4909 1
1897 4893 1911 4908 .
1955 4845 2259 4930 Arquitwr
2291 4846 2359 4909 iu
2387 4849 2783 4911 contrarium.
2809 4882 2891 4897 -
2918 4848 3327 4929 Confirmatio.

1770 4973 1853 4988 —
1874 4942 2085 5003 Oritur
2116 4962 2193 5003 ex
2224 4943 2587 5024 praecedenti
2612 4944 2883 5005 sectione
2920 4962 3187 5025 proeseus
3210 4946 3332 5006 dir-

1769 5034 2052 5095 ficultas:
2106 5052 2255 5097 nam
2296 5035 2349 5097 si
2398 5034 2713 5114 pontificia
2763 5036 3034 5115 dignitas
3077 5038 3157 5098 ab
3198 5038 3331 5117 ipso

1769 5127 2011 5190 Christo
2052 5128 2314 5191 Domino
2344 5127 2700 5189 immediate
2740 5134 2832 5189 est
2856 5127 3164 5204 instituta,
3195 5126 3332 5191 fleri

1856 5318 1872 5352 ¹
1918 5313 2077 5375 Vide
2106 5312 2174 5375 in
2200 5313 2439 5375 Defens-
2468 5310 2678 5387 fid.,1.
2715 5314 2778 5388 ὅ,
2808 5331 2863 5373 c.
2892 5316 2955 5388 7,
2980 5331 3043 5374 n.
3076 5314 3139 5375 9.

1849 5408 1878 5447 ²
1917 5406 2127 5469 Refert
2140 5406 2468 5469 nonnullos
2485 5406 2799 5481 Mendosa‚
2821 5422 2882 5485 q.
2923 5406 2965 5467 4
2999 5404 3323 5483 Scholast„

1767 5518 1834 5562 n.
1875 5501 1934 5562 5.
