3900 6217
435 340 555 401 68⁴2

438 444 489 506 si
534 445 669 507 sine
713 462 941 523 magno
988 445 1381 523 gravamine,
1414 452 1477 506 et
1520 445 1885 525 exponendo
1929 462 1996 507 se

1364 345 1603 399 msPu‘r.
1641 344 1744 397 vn.
1781 345 1860 397 DE
1892 342 2228 397 PRAECEPTO
2261 344 2702 399 ELEEUOSYNAE.

2073 446 2150 522 63
2195 446 2410 507 Sotum
2431 487 2453 521 ,
2505 446 2572 506 in
2619 447 2903 526 opuscul.
2947 446 3310 511 Deliberatio
3353 450 3420 511 in
3457 466 3642 513 causa

436 539 729 619 gravibus
778 537 1239 599 necessitatibus
1276 556 1403 599 non
1449 544 1651 618 posset
1708 538 1989 599 reddere.
2068 556 2404 621 pauperum
2417 566 2444 612 ,·
2471 540 2714 601 Medina
2733 588 2750 615 ,
2787 542 2928 603 Cod.
2963 541 3042 601 de
3077 541 3514 621 Eleemosyna,
3563 544 3643 603 ti-

436 633 613 695 Addo
640 632 894 706 ultimo,
949 631 997 691 si
1042 631 1095 691 is
1142 632 1247 710 qui
1281 632 1451 693 dedit
1475 650 1613 693 eam
1658 630 1994 709 eleemosy-

436 744 605 800 nam,
630 730 843 806 postea
866 724 988 784 alia
1014 725 1117 785 via
1155 725 1518 787 satisfecerit
1550 724 1641 785 illi
1678 723 1990 798 creditori,

436 820 536 881 vel
567 821 712 899 quia
740 818 1007 879 creditor
1036 818 1295 879 remittit
1317 863 1337 894 ,
1367 818 1465 879 vel
1491 817 1637 897 quia
1674 817 1875 879 factus
1904 822 1996 879 est

436 910 641 985 ditior,
668 910 735 971 in
766 928 841 971 eo
858 929 1027 985 casu,
1051 928 1192 973 eum
1220 911 1329 991 qui
1357 912 1611 990 recepit,
1642 925 1891 971 manere
1918 909 1998 971 li-

438 1002 682 1080 berum,
713 1004 857 1083 quia
884 1004 1191 1083 injustitia
1227 1023 1353 1065 non
1382 1004 1584 1065 fuerat
1628 1010 1843 1065 eontra
1888 1003 1998 1065 do-

436 1104 717 1173 nantem,
754 1098 863 1159 sed
901 1109 1115 1159 contra
1162 1100 1415 1161 tertium
1444 1097 1845 1173 creditorem,
1892 1097 1996 1159 cui

439 1198 531 1253 est
558 1191 963 1269 satisfactum,
996 1198 1057 1253 et
1082 1191 1211 1271 ipse
1245 1191 1399 1253 alias
1418 1191 1635 1253 habuit
1664 1208 1799 1253 rem
1820 1190 1997 1253 illam

440 1304 517 1347 ex
540 1285 857 1350 voluntate
882 1286 1013 1349 veri
1038 1284 1298 1347 domini.

522 1384 623 1441 11.
649 1378 884 1454 Quarta
910 1378 1457 1445 conclusive-Dico
1484 1386 1739 1459 quarto:
1778 1379 1997 1441 etiam·

440 1472 493 1535 εἰ
528 1473 713 1535 homo
754 1473 980 1535 habeat
1022 1471 1370 1535 dominium
1408 1480 1471 1535 et
1514 1472 2000 1535 administratio-

438 1582 585 1627 nem
611 1565 862 1628 illorum
887 1566 1215 1639 bonorum,
1249 1584 1379 1628 non
1403 1572 1653 1629 tenetur
1684 1584 1760 1629 ex
1788 1565 1879 1629 eis
1904 1566 1996 1629 fa-

439 1676 575 1721 cere
600 1659 1083 1741 eleemosynam,
1114 1658 1168 1720 si
1190 1659 1309 1720 sibi
1334 1660 1456 1721 sint
1483 1660 1843 1733 necessaria,
1874 1674 1998 1721 ser·

438 1760 584 1815 vata
626 1760 835 1815 tamen
887 1754 1280 1833 proportione
1330 1761 1392 1816 et
1441 1754 1682 1816 ratione
1738 1754 1998 1815 necessi·

438 1846 586 1907 tatis
614 1847 905 1927 proximi.
931 1848 1108 1909 Ratio
1128 1854 1241 1918 est,
1278 1848 1426 1927 quia
1446 1846 1613 1909 bona
1632 1846 1998 1927 temporalia

440 1944 589 2001 sunt
637 1937 993 2019 hujusmodi
1050 1940 1453 2017 conditionis,
1497 1946 1568 2000 ut
1610 1957 1737 1999 non
1767 1940 2000 2020 possint

444 2031 663 2093 donari
714 2032 917 2107 alteri,
969 2034 1088 2094 nisi
1136 2034 1406 2113 seipsum
1452 2033 1529 2095 iis
1572 2033 1772 2113 privet
1802 2037 1856 2094 is
1888 2033 2000 2112 qui

442 2125 668 2202 donat3
714 2144 899 2188 nemo
928 2132 1135 2189 autem
1171 2133 1417 2189 tenetur
1443 2128 1687 2207 privare
1720 2144 1787 2188 se
1814 2126 2000 2189 rebus

448 2220 832 2294 necessariiS,
883 2227 955 2280 ut
993 2219 1129 2280 aliis
1166 2218 1515 2295 subveniat,
1562 2221 1793 2281 caeteris
1840 2222 2000 2300 pari-

441 2312 581 2387 bus,
612 2313 759 2392 quia
796 2312 1043 2374 dilectio
1078 2313 1175 2373 sui
1206 2319 1302 2374 est
1344 2313 1511 2393 prior
1542 2312 1869 2375 dilectione
1910 2313 1999 2372 al-

315 2420 323 2428 '
440 2407 654 2468 terius.
696 2406 813 2467 Sed
864 2408 1011 2486 quia
1039 2407 1105 2467 in
1134 2405 1491 2486 particulari
1516 2413 1647 2469 tota
1674 2406 2000 2469 difficultas

442 2499 723 2561 consistit
760 2500 829 2559 in
868 2505 1035 2561 recta
1064 2501 1523 2579 comparatione
1551 2499 1855 2571 facienda,
1894 2498 1998 2559 ad-

440 2593 805 2655 vertendum
834 2598 926 2653 est
957 2593 1091 2654 haec
1132 2592 1295 2655 bona
1341 2593 1674 2673 aliquando
1724 2610 1850 2653 esse
1888 2610 2002 2653 ne-

440 2684 706 2749 cessaria
727 2686 805 2747 ad
836 2688 1363 2747 conservationem
1390 2686 1653 2767 proprias
1682 2686 1851 2759 vitae,
1882 2684 2000 2745 sub

440 2800 565 2861 qua
609 2781 857 2843 includo
898 2780 1242 2857 familiam;
1304 2781 1615 2842 interdum
1667 2797 1813 2841 vero
1866 2798 2000 2841 esse

441 2874 643 2935 solum
710 2875 1050 2937 necessaria
1112 2874 1190 2933 ad
1244 2880 1475 2937 statum
1536 2880 1598 2934 et
1651 2873 2001 2935 decentiam

442 2968 772 3049 quamdam
789 2985 810 3046 ;
854 2968 1168 3029 interdum
1220 2984 1349 3031 esse
1394 2967 1726 3048 superflua,
1772 2968 1832 3027 id
1882 2972 1997 3040 est,

442 3063 652 3123 neutri
680 3061 905 3124 horum
950 3063 1313 3125 necessaria.
1348 3062 1579 3122 Rursus
1620 3063 1697 3136 is,
1742 3060 1851 3139 qui
1880 3060 2002 3121 fac·

442 3162 621 3215 turus
670 3161 761 3216 est
806 3153 1301 3233 eleemosynam,
1352 3160 1553 3233 potest
1594 3172 1724 3215 esse
1761 3156 2002 3233 privata

440 3266 729 3328 persona,
763 3247 863 3309 vel
898 3247 1376 3328 paterfamiliae,
1406 3255 1515 3308 aut
1548 3246 1730 3322 alius,
1772 3246 1877 3327 qui
1922 3265 2002 3307 ex

444 3342 643 3404 officio
666 3348 952 3403 teneatur
982 3342 1303 3421 providere
1327 3342 1405 3401 iis
1426 3341 1533 3420 qui
1556 3347 1700 3400 sunt
1728 3340 1843 3401 sub
1866 3341 1919 3419 ej
1930 3359 2000 3401 us

442 3452 611 3497 cura.
638 3436 869 3497 Rursus
896 3434 1236 3513 comparari
1267 3441 1462 3513 potest
1499 3432 1855 3512 hujusmodi
1886 3434 2004 3495 ho-

444 3546 548 3589 mo
588 3529 664 3590 ad
697 3528 891 3589 alium
921 3530 1285 3589 existentem
1322 3526 1423 3588 vel
1458 3527 1524 3586 iu
1572 3531 1846 3587 extrema
1894 3545 2002 3587 ne-

446 3621 748 3697 cessitate,
776 3620 875 3681 vel
907 3619 974 3679 in
1003 3620 1201 3697 gravi,
1244 3619 1342 3679 vel
1372 3620 1438 3679 in
1466 3620 1806 3679 communi.
1849 3620 2002 3679 item

445 3712 545 3774 vel
571 3714 652 3774 ad
683 3731 1009 3794 personam
1039 3713 1369 3793 privatam,
1409 3712 1507 3773 vel
1553 3713 1633 3773 ad
1670 3728 2004 3773 commune

443 3806 705 3882 bonum,
742 3825 849 3868 seu
878 3824 1204 3887 personam
1246 3823 1325 3866 ex
1362 3824 1487 3884 qua
1524 3822 1853 3867 commune
1896 3804 2007 3867 ho·-

442 3919 597 3961 num
623 3900 983 3979 dependeat.
1011 3899 1167 3973 Quid
1198 3917 1346 3978 ergo
1374 3900 1443 3959 in
1474 3900 1571 3959 his
1593 3898 2001 3977 comparatio-

442 3994 627 4055 nibus
653 3998 733 4053 sit
758 3993 1116 4070 dicendum,
1147 3992 1545 4072 sequentibus
1590 3992 1829 4053 duabus
1868 4010 2000 4053 see-

444 4087 717 4149 tionibus
742 4104 1071 4165 exponam.

526 4183 624 4243 12.
656 4181 879 4255 Quibus
904 4182 1179 4263 personis
1208 4180 1349 4255 fiori
1382 4181 1582 4244 debeat
1608 4180 1995 4261 eleemosyna.

444 4306 525 4323 --
548 4275 959 4348 Quaerendum
984 4274 1085 4336 hic
1116 4274 1333 4335 ultimo
1360 4280 1519 4335 esset
1546 4272 1771 4351 quibus
1802 4290 2005 4351 perso·

445 4367 544 4427 nis
571 4367 707 4427 fieri
730 4366 951 4427 debeat
975 4367 1390 4446 eleemosyna.
1418 4366 1534 4429 Sed
1564 4366 1711 4427 satis
1736 4366 2005 4443 intelligi

449 4466 647 4540 potest
671 4478 751 4521 ex
784 4478 973 4539 supra
1004 4459 1203 4534 dictis,
1234 4466 1372 4521 tum
1406 4459 1473 4521 in
1496 4460 1613 4519 hac
1638 4459 1769 4539 ipsa
1795 4458 2004 4537 dispu-

444 4554 702 4628 tatione,
750 4559 893 4613 sect.
925 4557 983 4617 1.
1016 4571 1192 4613 1111111.
1228 4555 1288 4626 5,
1321 4558 1453 4613 tum
1484 4552 1711 4631 disput.
1746 4553 1807 4627 4,
1850 4558 1998 4612 sect.

448 4651 475 4708 1
507 4668 525 4720 ;
572 4652 663 4707 est
720 4647 887 4707 enim
928 4645 1321 4725 eleemosyna
1368 4645 1687 4724 cujusdam
1740 4644 2004 4705 miseriae

446 4739 807 4801 sublevatio.
852 4738 1003 4799 Vide
1040 4741 1109 4801 D.
1133 4740 1435 4799 Thomam
1462 4740 1521 4799 2.
1556 4742 1616 4814 2,
1648 4743 1863 4817 quaest.
1898 4740 2000 4813 32,

450 4832 627 4893 artic.
664 4832 727 4906 9,
756 4837 817 4892 et
844 4832 912 4892 in
935 4834 999 4900 4,
1022 4833 1288 4893 distinct.
1325 4832 1422 4907 15,
1446 4836 1657 4910 quoest.
1697 4834 1757 4905 2,
1784 4837 1902 4892 art.
1930 4831 1971 4891 6
1980 4846 2002 4907 3

448 4923 763 4997 Richard„
819 4928 936 4985 art.
976 4926 1039 4999 8,
1088 4932 1302 5003 quaest.
1355 4926 1391 4984 7
1452 4930 1513 4984 et
1566 4924 1646 4996 83
1698 4922 2000 4997 Durand.,

446 5023 662 5096 quaest.
700 5018 770 5091 23
826 5017 1069 5093 Palud„
1099 5022 1311 5095 quoest.
1342 5019 1404 5089 3,
1434 5022 1552 5077 art.
1598 5017 1672 5092 63
1704 5013 2000 5089 Gabriel„

444 5109 675 5188 disput.
706 5111 804 5184 16,
836 5118 1053 5189 quaest.
1083 5114 1144 5184 4,
1174 5109 1349 5171 artie.
1376 5110 1439 5183 2,
1462 5108 1728 5169 conclus.
1760 5110 1801 5169 6
1828 5114 1889 5169 et
1916 5108 2000 5185 8;

446 5203 680 5275 AlenS„
717 5205 758 5263 t
789 5210 975 5283 part.‚
1021 5210 1238 5281 quaest.
1282 5203 1383 5279 33,
1438 5202 1699 5263 membr.
1752 5200 2004 5280 2;Sy1-

445 5303 635 5370 vest„
682 5298 869 5359 verbo
912 5298 1337 5377 Eleemosyna‚
1387 5302 1610 5375 quaest.
1639 5297 1679 5357 2
1706 5302 1768 5356 et
1809 5298 1845 5357 3
1866 5338 1888 5369 ,
1942 5302 2005 5356 et

446 5390 601 5451 alios
624 5391 989 5453 Summistas
1018 5390 1237 5452 eodem
1268 5388 1497 5467 verb03
1536 5390 1789 5462 Navar„
1820 5408 2007 5469 super

448 5501 581 5569 cap.
622 5484 1031 5564 Quamobrm,
1055 5483 1131 5545 de
1156 5483 1405 5563 Posuit,
1434 5481 1708 5545 distinct.
1738 5485 1797 5562 1,
1822 5500 2003 5545 1111111.

2074 631 2204 693 tulo
2235 634 2326 696 De
2353 634 2450 696 lais
2477 634 2694 713 quibus
2721 635 2921 698 danda
2947 640 3038 697 est
3077 634 3468 714 eleemosyna,
3495 652 3644 697 cum

2077 726 2376 805 sequenti.

2699 932 2916 984 snc‘rto
2949 932 3035 985 111.

2077 1100 2161 1163 In
2187 1116 2308 1181 qua
2325 1101 2678 1165 necessitato
2707 1106 2986 1165 teneatur
3009 1103 3176 1165 homo
3213 1102 3650 1183 eleemosynam

2273 1198 2471 1269 facere
2515 1212 2588 1257 ex
2623 1194 2790 1257 bouis
2815 1196 3056 1259 omniuo
3081 1196 3436 1279 superfluis.

2161 1393 2220 1451 1.
2253 1389 2478 1452 Prima
2501 1389 2823 1453 sententia.
2847 1420 2928 1437 -
2947 1390 3154 1451 Prima
3181 1390 3489 1453 sententia
3508 1394 3652 1451 tan·

2077 1487 2216 1544 tum
2257 1482 2494 1560 obligat
2530 1482 2646 1544 snb
2701 1481 2948 1544 mortali
2985 1483 3068 1543 ad
3113 1482 3392 1544 dandum
3432 1500 3508 1544 ex
3539 1502 3648 1545 su·-

2077 1574 2333 1655 perfluis
2383 1574 2450 1636 in
2493 1581 2776 1637 extrema
2814 1576 3212 1652 necessitate3
3261 1576 3350 1637 ita
3385 1576 3593 1639 Alens.
3623 1620 3642 1650 ‚

2076 1671 2116 1729 4
2146 1672 2335 1746 part.‚
2375 1674 2590 1745 quast.
2625 1671 2704 1731 34
2721 1684 2742 1745 3
2769 1668 3054 1739 Gal-son„
3087 1674 3250 1748 part.
3283 1670 3359 1744 Ξ,
3389 1668 3637 1748 alphab.

2078 1762 2184 1829 32,
2213 1759 2334 1821 litt.
2365 1761 2414 1823 Ο
2431 1776 2454 1837 ;
2497 1762 2748 1837 panor„
2773 1761 2844 1821 in
2871 1778 3012 1841 cap.·
3055 1760 3140 1825 Si
3167 1778 3328 1837 vera,
3359 1760 3439 1823 de
3463 1762 3647 1823 ,11110-

2074 1852 2380 1931 jnrand03
2413 1855 2828 1929 Turrem-eme,
2875 1854 2942 1915 in
2971 1870 3104 1933 cap.
3159 1852 3341 1917 Siout
3369 1854 3476 1929 hi,
3517 1855 3649 1914 dis·

2081 1946 2254 2007 tinet.
2279 1948 2360 2007 47
2368 1961 2390 2022 3
2411 1946 2711 2022 Gabriel„
2733 1946 2804 2009 in
2825 1949 2888 2021 4,
2915 1945 3183 2008 distinct.
3213 1947 3314 2020 16,
3335 1954 3556 2026 quoest.
3583 1950 3647 2023 1,

2081 2039 2351 2101 conclus.
2381 2041 2462 2116 33
2491 2041 2666 2103 Joan.
2695 2042 2956 2115 Media„
2985 2045 3230 2101 tractat.
3263 2039 3341 2101 de
3363 2040 3652 2101 Eleemo-

2079 2152 2262 2213 syna,
2288 2140 2501 2213 quaest.
2537 2135 2597 2209 3,
2623 2139 2686 2195 et
2713 2134 2843 2195 alii.
2880 2134 3060 2195 Ratio
3088 2139 3202 2209 est,
3227 2134 3373 2212 quia
3393 2131 3650 2211 quando

2081 2245 2208 2289 non
2231 2231 2326 2287 est
2349 2233 2630 2299 extrema
2673 2227 3033 2301 necessitas,
3058 2244 3184 2287 non
3223 2232 3316 2287 cst
3339 2226 3654 2305 simplici-

2079 2326 2176 2381 ter
2208 2320 2564 2396 necaesitas3
2595 2320 2698 2380 sed
2739 2324 3114 2399 praeceptum
3143 2319 3462 2392 affirmans
3495 2318 3654 2379 obli-

2081 2419 2190 2492 gat
2223 2419 2473 2473 tantum
2523 2414 2592 2474 in
2633 2413 2992 2473 necessitate
3017 2411 3383 2493 simpliciter
3416 2432 3434 2471 :
3467 2428 3644 2488 ergo.

2079 2508 2496 2570 Confirmatur
2545 2508 2773 2586 primo,
2809 2508 2956 2586 quia
2998 2526 3128 2569 non
3167 2513 3418 2569 tenetur
3456 2507 3650 2567 homo

2081 2604 2284 2681 magis
2327 2602 2652 2663 subvenire
2701 2601 2879 2663 alteri
2899 2649 2913 2668 .
2967 2620 3158 2681 quam
3205 2600 3358 2677 sibi3
3417 2601 3525 2661 sed
3567 2618 3646 2661 ex

2079 2702 2384 2776 praecepto
2411 2714 2540 2757 non
2577 2701 2826 2757 tenetur
2869 2695 3200 2755 subvenire
3233 2693 3376 2768 sibi,
3419 2693 3546 2753 nisi
3573 2693 3646 2753 in

2081 2796 2360 2850 extrema
2396 2791 2784 2862 necessitate,
2819 2786 2904 2848 ita
2929 2793 3026 2863 ut,
3067 2786 3210 2848 licet
3239 2787 3558 2865 permittat
3583 2803 3649 2845 se

2080 2882 2209 2961 pati
2239 2898 2493 2961 gravem
2531 2880 2981 2952 necessitatem,
3013 2886 3084 2940 ut
3115 2879 3488 2941 thesaurizet
3515 2878 3650 2939 haec

2081 2974 2246 3035 bona
2274 2974 2616 3054 superflua,
2661 2990 2790 3033 non
2837 2978 3051 3054 peccat
3093 2971 3438 3033 mortaliter
3489 2987 3508 3031 :
3555 2990 3653 3032 er-

2082 3086 2186 3146 go,
2217 3074 2332 3129 etc.
2363 3066 2666 3140 Secundo,
2695 3066 2844 3145 quia
2869 3064 3144 3144 alioquin
3171 3062 3532 3126 damnanda
3557 3081 3651 3123 es-

2081 3168 2174 3221 set
2218 3161 2420 3240 major
2465 3160 2734 3221 divitum
2769 3158 3132 3232 m'ultitudo,
3175 3156 3286 3235 qui
3331 3156 3474 3217 ideo
3519 3155 3656 3217 fere

2083 3258 2316 3331 aug-ent
2337 3252 2608 3329 divitias,
2651 3252 2801 3331 quia
2827 3250 2906 3312 de
2935 3249 3262 3331 superfluis
3299 3249 3403 3309 vix
3443 3248 3512 3309 in
3545 3265 3654 3309 ex-

2079 3352 2280 3407 trema
2310 3389 2331 3420 ,
2381 3345 2614 3407 nedum
2671 3344 2901 3405 minori
2958 3342 3318 3405 necessitate
3363 3340 3652 3421 largiun-

2079 3451 2202 3503 tur.

2163 3536 2222 3594 2.
2281 3532 2568 3597 Secunda
2607 3534 3014 3597 sentmtia.—
3027 3529 3311 3592 Secunda
3345 3531 3658 3591 sententia

2085 3632 2202 3700 est,
2231 3627 2430 3687 teneri
2474 3626 2589 3687 sub
2631 3624 2877 3687 mortali
2908 3623 2986 3685 ad
3025 3622 3230 3684 danda
3263 3621 3396 3683 hoec
3439 3621 3660 3682 omnia

2084 3720 2250 3781 bona
2283 3719 2596 3799 superflua
2633 3716 3066 3781 communibus
3111 3713 3508 3795 pauperibus,
3554 3713 3656 3775 vel

2083 3814 2301 3875 saltem
2331 3813 2408 3873 acl
2452 3813 2802 3874 faciendam
2847 3811 3312 3888 eleemosynam
3355 3826 3434 3869 ex
3479 3806 3652 3883 illis3

2082 3904 2172 3967 ita
2198 3908 2268 3969 D.
2297 3905 2560 3967 Thomas
2586 3907 2647 3967 2.
2675 3908 2738 3978 Ξ,
2767 3910 2984 3982 qnaest.
3033 3904 3134 3976 66,
3168 3902 3345 3969 artic.
3375 3903 3440 3974 7,
3478 3905 3542 3960 ct
3585 3900 3658 3959 in

2081 4000 2142 4072 4,
2173 3998 2442 4059 distinct.
2473 4000 2574 4072 15,
2607 3994 2817 4075 quaest.
2847 3998 2912 4071 Ξ,
2941 4001 3059 4057 art.
3091 3998 3150 4071 1,
3179 3992 3544 4073 quaestiunc.
3569 3993 3652 4067 ἂς

2081 4090 2326 4167 Palud.,
2349 4110 2410 4169 q.
2437 4094 2474 4152 3
2497 4112 2514 4165 3
2539 4089 2856 4164 Richard„
2885 4094 3004 4150 art.
3033 4089 3096 4161 2,
3122 4106 3185 4166 q.
3217 4088 3294 4157 23
3323 4084 3652 4160 Abulens„

2083 4184 2152 4243 in
2181 4201 2314 4263 cap.
2341 4184 2382 4244 6
2410 4183 2658 4258 Matth„
2691 4199 2754 4260 q.
2803 4183 2882 4243 34
2909 4197 2929 4258 ;
2963 4181 3194 4259 ιγταιι,
3227 4184 3292 4240 et
3333 4176 3648 4251 Caribus„

2089 4294 2274 4357 super
2317 4275 2470 4336 illud
2497 4279 2524 4336 1
2560 4276 2740 4336 Joan.
2773 4276 2810 4337 3
2841 4290 2860 4335 2
2901 4274 3022 4347 Qui
3066 4270 3342 4335 hahuerit
3373 4272 3656 4333 substan·

2085 4370 2234 4434 tiam
2263 4369 2447 4449 hujus
2479 4368 2690 4431 mundi
2713 4390 2741 4442 ;
2765 4368 3042 4446 Cajetan.
3075 4368 3135 4426 Β.
3177 4365 3216 4425 2
3236 4410 3258 4439 ,
3283 4368 3500 4443 quoest.
3541 4362 3646 4437 32,

2085 4468 2200 4523 art.
2237 4466 2298 4535 5,
2329 4468 2394 4521 et
2423 4461 2490 4521 in
2525 4478 2732 4539 opusc.
2767 4460 2844 4521 de
2877 4460 3185 4537 Proecepto
3205 4456 3654 4535 eleemosynas,

2085 4574 2258 4617 num.
2289 4557 2354 4631 2,
2385 4560 2448 4615 et
2471 4553 2600 4615 alii.
2627 4551 3058 4613 Fundamenta
3105 4550 3292 4628 hujus
3323 4549 3657 4611 sententiae

2084 4648 2286 4725 primo
2325 4652 2658 4707 sumuntur
2697 4663 2770 4705 ex
2801 4645 3145 4724 Scriptura,
3187 4659 3327 4721 quae
3375 4640 3660 4701 absolute

2083 4740 2366 4821 praecipit
2384 4738 2680 4800 divitibus
2705 4738 3135 4816 eleemosynas
3151 4735 3352 4797 facere
3377 4734 3477 4795 his
3501 4752 3660 4814 pau-

2087 4832 2340 4913 peribus
2365 4876 2384 4906 ,
2425 4832 2534 4911 qui
2587 4848 2718 4891 non
2759 4829 2986 4892 desunt
3025 4829 3092 4889 in
3135 4828 3488 4907 republica,
3545 4826 3658 4907 qui

2085 4944 2211 4985 non
2241 4930 2408 4997 sunt,
2439 4923 2560 4983 nisi
2585 4924 2693 5002 qui
2729 4939 3090 4983 communes
3113 4920 3516 4981 necessitates
3547 4937 3656 4998 pa-

2083 5020 2343 5079 tiuntur.
2379 5016 2556 5077 Unde
2583 5017 2830 5077 Denter.
2865 5014 3108 5075 decimo
3145 5014 3389 5091 quinto,
3419 5011 3656 5073 Eocloe.

2084 5112 2145 5185 4,
2185 5112 2215 5171 1
2248 5111 2428 5170 Joan.
2457 5111 2518 5183 3,
2551 5116 2614 5169 et
2638 5108 2850 5169 Jacob.
2883 5109 2947 5181 5,
2969 5106 3198 5167 dicitur
3223 5104 3508 5167 absolute
3555 5104 3655 5165 ‹li-

2083 5206 2239 5265 vites
2283 5207 2760 5279 congregantes,
2785 5207 2850 5261 et
2871 5218 2996 5261 non
3027 5198 3488 5273 distribuentes,
3519 5197 3658 5259 the-

2085 5295 2392 5358 saurizare
2429 5294 2552 5355 sibi
2593 5296 2787 5365 iram;
2837 5301 2900 5353 et
2939 5296 2978 5355 2
3018 5293 3098 5355 ad
3137 5290 3416 5353 Corinth.
3452 5291 3524 5351 8:
3571 5291 3658 5353 In

2163 5389 2373 5453 oeaeeuci
2419 5392 2678 5469 tompore
2723 5391 2930 5449 vostra
2969 5385 3340 5449 abnndantia
3377 5384 3654 5458 illorum,

2087 5484 2112 5543 i
2192 5488 2284 5543 oet
2311 5482 2650 5563 egentium,
2681 5480 2950 5563 inopiam
2985 5480 3308 5562 suppleam
3355 5481 3384 5541 1
3418 5478 3652 5539 Timet.
