<?xml version="1.0" encoding="UTF-8"?>
<!DOCTYPE html PUBLIC "-//W3C//DTD XHTML 1.0 Transitional//EN"
    "http://www.w3.org/TR/xhtml1/DTD/xhtml1-transitional.dtd">
<html xmlns="http://www.w3.org/1999/xhtml" xml:lang="en" lang="en">
 <head>
  <title>
</title>
<meta http-equiv="Content-Type" content="text/html;charset=utf-8" />
  <meta name='ocr-system' content='tesseract 3.04.00' />
  <meta name='ocr-capabilities' content='ocr_page ocr_carea ocr_par ocr_line ocrx_word'/>
</head>
<body>
  <div class='ocr_page' id='page_1' title='image "./rpfranciscisuar00duvagoog_0155.png"; bbox 0 0 3900 6217; ppageno 0'>
   <div class='ocr_carea' id='block_1_1' title="bbox 674 452 2878 509">
    <p class='ocr_par' dir='ltr' id='par_1_1' title="bbox 674 452 2878 509">
     <span class='ocr_line' id='line_1_1' title="bbox 674 452 2878 509; baseline 0 0"><span class='ocrx_word' id='word_1_1' title='bbox 674 458 843 509; x_wconf 78' lang='lat' dir='ltr'>SECT.</span> <span class='ocrx_word' id='word_1_2' title='bbox 882 456 961 507; x_wconf 78' lang='lat' dir='ltr'><strong>vl.</strong></span> <span class='ocrx_word' id='word_1_3' title='bbox 992 454 1079 507; x_wconf 70' lang='lat' dir='ltr'><strong>AN</strong></span> <span class='ocrx_word' id='word_1_4' title='bbox 1112 454 1450 507; x_wconf 66' lang='lat' dir='ltr'><strong>zvini-:nrm</strong></span> <span class='ocrx_word' id='word_1_5' title='bbox 1482 452 1972 505; x_wconf 67' lang='lat' dir='ltr'><strong>cni-:nmmm&#39;rts</strong></span> <span class='ocrx_word' id='word_1_6' title='bbox 2007 452 2090 505; x_wconf 74' lang='lat' dir='ltr'><strong>Ex</strong></span> <span class='ocrx_word' id='word_1_7' title='bbox 2125 452 2356 507; x_wconf 72' lang='lat' dir='ltr'><strong>Lunum:</strong></span> <span class='ocrx_word' id='word_1_8' title='bbox 2387 454 2552 509; x_wconf 77' lang='lat' dir='ltr'><strong>me</strong></span> <span class='ocrx_word' id='word_1_9' title='bbox 2587 454 2878 509; x_wconf 65' lang='lat' dir='ltr'><strong>(immun.</strong></span> 
     </span>
    </p>
   </div>
   <div class='ocr_carea' id='block_1_2' title="bbox 150 552 1742 5317">
    <p class='ocr_par' dir='ltr' id='par_1_2' title="bbox 150 552 1742 3239">
     <span class='ocr_line' id='line_1_2' title="bbox 166 552 1739 637; baseline -0.002 -20"><span class='ocrx_word' id='word_1_10' title='bbox 166 556 395 617; x_wconf 74' lang='lat' dir='ltr'><strong>motiva</strong></span> <span class='ocrx_word' id='word_1_11' title='bbox 460 572 611 637; x_wconf 72' lang='lat' dir='ltr'><strong>quie</strong></span> <span class='ocrx_word' id='word_1_12' title='bbox 668 556 993 619; x_wconf 76' lang='lat' dir='ltr'><strong>conferunt</strong></span> <span class='ocrx_word' id='word_1_13' title='bbox 1030 554 1111 615; x_wconf 79' lang='lat' dir='ltr'><strong>ad</strong></span> <span class='ocrx_word' id='word_1_14' title='bbox 1162 553 1313 616; x_wconf 86' lang='lat' dir='ltr'><strong>fidei</strong></span> <span class='ocrx_word' id='word_1_15' title='bbox 1364 552 1739 615; x_wconf 82' lang='lat' dir='ltr'><strong>credibilita·</strong></span> 
     </span>
     <span class='ocr_line' id='line_1_3' title="bbox 166 646 1739 728; baseline -0.001 -19"><span class='ocrx_word' id='word_1_16' title='bbox 166 656 305 725; x_wconf 83' lang='lat' dir='ltr'><strong>tem,</strong></span> <span class='ocrx_word' id='word_1_17' title='bbox 332 650 503 711; x_wconf 86' lang='lat' dir='ltr'><strong>sieut</strong></span> <span class='ocrx_word' id='word_1_18' title='bbox 536 650 733 712; x_wconf 86' lang='lat' dir='ltr'><strong>etiam</strong></span> <span class='ocrx_word' id='word_1_19' title='bbox 769 648 1061 724; x_wconf 77' lang='lat' dir='ltr'>diximus,</span> <span class='ocrx_word' id='word_1_20' title='bbox 1088 647 1357 709; x_wconf 75' lang='lat' dir='ltr'><strong>sectione</strong></span> <span class='ocrx_word' id='word_1_21' title='bbox 1382 646 1739 728; x_wconf 71' lang='lat' dir='ltr'><strong>praeceden-</strong></span> 
     </span>
     <span class='ocr_line' id='line_1_4' title="bbox 166 740 1739 819; baseline -0.001 -17"><span class='ocrx_word' id='word_1_22' title='bbox 166 748 239 817; x_wconf 88' lang='lat' dir='ltr'><strong>te,</strong></span> <span class='ocrx_word' id='word_1_23' title='bbox 268 760 551 805; x_wconf 81' lang='lat' dir='ltr'><strong>numero</strong></span> <span class='ocrx_word' id='word_1_24' title='bbox 576 761 772 819; x_wconf 90' lang='lat' dir='ltr'><strong>nono,</strong></span> <span class='ocrx_word' id='word_1_25' title='bbox 817 742 1207 803; x_wconf 75' lang='lat' dir='ltr'><strong>vocationem</strong></span> <span class='ocrx_word' id='word_1_26' title='bbox 1236 740 1551 802; x_wconf 84' lang='lat' dir='ltr'><strong>internam</strong></span> <span class='ocrx_word' id='word_1_27' title='bbox 1576 756 1739 819; x_wconf 71' lang='lat' dir='ltr'><strong>stepo</strong></span> 
     </span>
     <span class='ocr_line' id='line_1_5' title="bbox 163 832 1739 915; baseline -0.002 -20"><span class='ocrx_word' id='word_1_28' title='bbox 163 835 471 915; x_wconf 76' lang='lat' dir='ltr'><strong>complere</strong></span> <span class='ocrx_word' id='word_1_29' title='bbox 520 836 692 898; x_wconf 83' lang='lat' dir='ltr'><strong>hanc</strong></span> <span class='ocrx_word' id='word_1_30' title='bbox 739 834 1209 899; x_wconf 70' lang='lat' dir='ltr'><strong>cmdibilitatem</strong></span> <span class='ocrx_word' id='word_1_31' title='bbox 1224 878 1247 909; x_wconf 89' lang='lat'><strong>,</strong></span> <span class='ocrx_word' id='word_1_32' title='bbox 1294 840 1358 895; x_wconf 85' lang='lat' dir='ltr'><strong>et</strong></span> <span class='ocrx_word' id='word_1_33' title='bbox 1398 832 1609 913; x_wconf 84' lang='lat' dir='ltr'><strong>aliqua</strong></span> <span class='ocrx_word' id='word_1_34' title='bbox 1660 832 1739 893; x_wconf 90' lang='lat' dir='ltr'><strong>de</strong></span> 
     </span>
     <span class='ocr_line' id='line_1_6' title="bbox 162 926 1741 1012; baseline -0.002 -21"><span class='ocrx_word' id='word_1_35' title='bbox 162 931 269 991; x_wconf 81' lang='lat' dir='ltr'><strong>hoe</strong></span> <span class='ocrx_word' id='word_1_36' title='bbox 286 930 607 991; x_wconf 75' lang='lat' dir='ltr'>addemus</span> <span class='ocrx_word' id='word_1_37' title='bbox 634 930 1051 1012; x_wconf 84' lang='lat' dir='ltr'><strong>disputatione</strong></span> <span class='ocrx_word' id='word_1_38' title='bbox 1074 926 1377 1007; x_wconf 81' lang='lat' dir='ltr'><strong>sequenti.</strong></span> <span class='ocrx_word' id='word_1_39' title='bbox 1415 927 1495 988; x_wconf 87' lang='lat' dir='ltr'><strong>At</strong></span> <span class='ocrx_word' id='word_1_40' title='bbox 1514 944 1663 987; x_wconf 83' lang='lat' dir='ltr'><strong>vero</strong></span> <span class='ocrx_word' id='word_1_41' title='bbox 1686 926 1741 988; x_wconf 89' lang='lat' dir='ltr'><strong>si</strong></span> 
     </span>
     <span class='ocr_line' id='line_1_7' title="bbox 162 1019 1739 1101; baseline -0.002 -18"><span class='ocrx_word' id='word_1_42' title='bbox 162 1041 361 1084; x_wconf 81' lang='lat' dir='ltr'><strong>sermo</strong></span> <span class='ocrx_word' id='word_1_43' title='bbox 384 1025 471 1084; x_wconf 88' lang='lat' dir='ltr'><strong>sit</strong></span> <span class='ocrx_word' id='word_1_44' title='bbox 494 1024 577 1085; x_wconf 89' lang='lat' dir='ltr'><strong>de</strong></span> <span class='ocrx_word' id='word_1_45' title='bbox 602 1024 733 1085; x_wconf 86' lang='lat' dir='ltr'><strong>solo</strong></span> <span class='ocrx_word' id='word_1_46' title='bbox 758 1024 999 1097; x_wconf 78' lang='lat' dir='ltr'><strong>babitu,</strong></span> <span class='ocrx_word' id='word_1_47' title='bbox 1030 1027 1091 1083; x_wconf 91' lang='lat' dir='ltr'><strong>et</strong></span> <span class='ocrx_word' id='word_1_48' title='bbox 1117 1022 1253 1101; x_wconf 79' lang='lat' dir='ltr'><strong>ejus</strong></span> <span class='ocrx_word' id='word_1_49' title='bbox 1272 1019 1739 1097; x_wconf 79' lang='lat' dir='ltr'><strong>informatione,</strong></span> 
     </span>
     <span class='ocr_line' id='line_1_8' title="bbox 162 1114 1742 1197; baseline -0.001 -21"><span class='ocrx_word' id='word_1_50' title='bbox 162 1117 393 1197; x_wconf 82' lang='lat' dir='ltr'><strong>aliquid</strong></span> <span class='ocrx_word' id='word_1_51' title='bbox 426 1116 625 1178; x_wconf 87' lang='lat' dir='ltr'><strong>etiam</strong></span> <span class='ocrx_word' id='word_1_52' title='bbox 656 1118 917 1178; x_wconf 68' lang='lat' dir='ltr'><strong>Fortasse</strong></span> <span class='ocrx_word' id='word_1_53' title='bbox 944 1120 1143 1195; x_wconf 83' lang='lat' dir='ltr'><strong>potest</strong></span> <span class='ocrx_word' id='word_1_54' title='bbox 1166 1114 1487 1188; x_wconf 74' lang='lat' dir='ltr'><strong>conferre3</strong></span> <span class='ocrx_word' id='word_1_55' title='bbox 1520 1130 1742 1191; x_wconf 80' lang='lat' dir='ltr'><strong>parum</strong></span> 
     </span>
     <span class='ocr_line' id='line_1_9' title="bbox 160 1206 1739 1292; baseline -0.003 -21"><span class='ocrx_word' id='word_1_56' title='bbox 160 1218 371 1271; x_wconf 81' lang='lat' dir='ltr'><strong>tamen</strong></span> <span class='ocrx_word' id='word_1_57' title='bbox 398 1216 525 1285; x_wconf 87' lang='lat' dir='ltr'><strong>est,</strong></span> <span class='ocrx_word' id='word_1_58' title='bbox 576 1213 725 1292; x_wconf 85' lang='lat' dir='ltr'><strong>quia</strong></span> <span class='ocrx_word' id='word_1_59' title='bbox 756 1210 1119 1271; x_wconf 77' lang='lat' dir='ltr'><strong>informatio</strong></span> <span class='ocrx_word' id='word_1_60' title='bbox 1162 1213 1226 1268; x_wconf 90' lang='lat' dir='ltr'><strong>et</strong></span> <span class='ocrx_word' id='word_1_61' title='bbox 1264 1206 1600 1268; x_wconf 73' lang='lat' dir='ltr'><strong>habitualis</strong></span> <span class='ocrx_word' id='word_1_62' title='bbox 1638 1206 1739 1267; x_wconf 86' lang='lat' dir='ltr'><strong>in·</strong></span> 
     </span>
     <span class='ocr_line' id='line_1_10' title="bbox 158 1300 1739 1380; baseline -0.003 -15"><span class='ocrx_word' id='word_1_63' title='bbox 158 1304 421 1365; x_wconf 81' lang='lat' dir='ltr'><strong>clinatio</strong></span> <span class='ocrx_word' id='word_1_64' title='bbox 464 1304 725 1366; x_wconf 81' lang='lat' dir='ltr'><strong>habitus</strong></span> <span class='ocrx_word' id='word_1_65' title='bbox 772 1304 964 1367; x_wconf 80' lang='lat' dir='ltr'><strong>infusi</strong></span> <span class='ocrx_word' id='word_1_66' title='bbox 1010 1320 1139 1363; x_wconf 87' lang='lat' dir='ltr'><strong>non</strong></span> <span class='ocrx_word' id='word_1_67' title='bbox 1186 1302 1451 1363; x_wconf 88' lang='lat' dir='ltr'><strong>sentitur</strong></span> <span class='ocrx_word' id='word_1_68' title='bbox 1496 1300 1739 1380; x_wconf 84' lang='lat' dir='ltr'><strong>experi-</strong></span> 
     </span>
     <span class='ocr_line' id='line_1_11' title="bbox 154 1395 1739 1481; baseline -0.003 -22"><span class='ocrx_word' id='word_1_69' title='bbox 154 1406 387 1459; x_wconf 86' lang='lat' dir='ltr'><strong>mento.</strong></span> <span class='ocrx_word' id='word_1_70' title='bbox 406 1400 489 1460; x_wconf 83' lang='lat' dir='ltr'><strong>Et</strong></span> <span class='ocrx_word' id='word_1_71' title='bbox 508 1404 840 1481; x_wconf 75' lang='lat' dir='ltr'><strong>proeterea,</strong></span> <span class='ocrx_word' id='word_1_72' title='bbox 864 1398 1012 1459; x_wconf 89' lang='lat' dir='ltr'><strong>licet</strong></span> <span class='ocrx_word' id='word_1_73' title='bbox 1030 1396 1265 1477; x_wconf 86' lang='lat' dir='ltr'><strong>aliquid</strong></span> <span class='ocrx_word' id='word_1_74' title='bbox 1286 1395 1568 1457; x_wconf 82' lang='lat' dir='ltr'><strong>conferre</strong></span> <span class='ocrx_word' id='word_1_75' title='bbox 1594 1411 1739 1473; x_wconf 82' lang='lat' dir='ltr'><strong>pos-</strong></span> 
     </span>
     <span class='ocr_line' id='line_1_12' title="bbox 152 1488 1735 1572; baseline -0.003 -20"><span class='ocrx_word' id='word_1_76' title='bbox 152 1494 241 1567; x_wconf 79' lang='lat' dir='ltr'><strong>sit,</strong></span> <span class='ocrx_word' id='word_1_77' title='bbox 264 1510 411 1553; x_wconf 85' lang='lat' dir='ltr'><strong>non</strong></span> <span class='ocrx_word' id='word_1_78' title='bbox 436 1498 655 1554; x_wconf 83' lang='lat' dir='ltr'><strong>tamen</strong></span> <span class='ocrx_word' id='word_1_79' title='bbox 680 1491 755 1553; x_wconf 85' lang='lat' dir='ltr'><strong>ad</strong></span> <span class='ocrx_word' id='word_1_80' title='bbox 777 1490 1045 1572; x_wconf 83' lang='lat' dir='ltr'><strong>primam</strong></span> <span class='ocrx_word' id='word_1_81' title='bbox 1072 1488 1221 1551; x_wconf 80' lang='lat' dir='ltr'><strong>fidei</strong></span> <span class='ocrx_word' id='word_1_82' title='bbox 1239 1488 1735 1567; x_wconf 70' lang='lat' dir='ltr'><strong>generationem,</strong></span> 
     </span>
     <span class='ocr_line' id='line_1_13' title="bbox 150 1582 1740 1664; baseline -0.003 -20"><span class='ocrx_word' id='word_1_83' title='bbox 150 1586 287 1664; x_wconf 82' lang='lat' dir='ltr'><strong>quia</strong></span> <span class='ocrx_word' id='word_1_84' title='bbox 308 1585 567 1646; x_wconf 79' lang='lat' dir='ltr'><strong>infusio</strong></span> <span class='ocrx_word' id='word_1_85' title='bbox 592 1583 841 1647; x_wconf 81' lang='lat' dir='ltr'><strong>habitus</strong></span> <span class='ocrx_word' id='word_1_86' title='bbox 868 1582 1015 1644; x_wconf 80' lang='lat' dir='ltr'><strong>fidei</strong></span> <span class='ocrx_word' id='word_1_87' title='bbox 1036 1582 1171 1661; x_wconf 87' lang='lat' dir='ltr'><strong>jam</strong></span> <span class='ocrx_word' id='word_1_88' title='bbox 1194 1582 1487 1662; x_wconf 72' lang='lat' dir='ltr'><strong>supponit</strong></span> <span class='ocrx_word' id='word_1_89' title='bbox 1528 1586 1740 1643; x_wconf 88' lang='lat' dir='ltr'><strong>actum</strong></span> 
     </span>
     <span class='ocr_line' id='line_1_14' title="bbox 150 1675 1739 1758; baseline -0.001 -22"><span class='ocrx_word' id='word_1_90' title='bbox 150 1680 295 1757; x_wconf 79' lang='lat' dir='ltr'><strong>ejas,</strong></span> <span class='ocrx_word' id='word_1_91' title='bbox 344 1679 597 1758; x_wconf 82' lang='lat' dir='ltr'><strong>poterit</strong></span> <span class='ocrx_word' id='word_1_92' title='bbox 650 1684 857 1739; x_wconf 80' lang='lat' dir='ltr'><strong>tamen</strong></span> <span class='ocrx_word' id='word_1_93' title='bbox 893 1675 1171 1738; x_wconf 79' lang='lat' dir='ltr'><strong>conferre</strong></span> <span class='ocrx_word' id='word_1_94' title='bbox 1215 1675 1294 1735; x_wconf 85' lang='lat' dir='ltr'><strong>ad</strong></span> <span class='ocrx_word' id='word_1_95' title='bbox 1330 1679 1739 1753; x_wconf 86' lang='lat' dir='ltr'><strong>augmentum</strong></span> 
     </span>
     <span class='ocr_line' id='line_1_15' title="bbox 152 1768 1735 1849; baseline -0.003 -18"><span class='ocrx_word' id='word_1_96' title='bbox 152 1770 619 1847; x_wconf 83' lang='lat' dir='ltr'><strong>credibilitatis,</strong></span> <span class='ocrx_word' id='word_1_97' title='bbox 646 1776 711 1831; x_wconf 92' lang='lat' dir='ltr'><strong>et</strong></span> <span class='ocrx_word' id='word_1_98' title='bbox 734 1770 811 1831; x_wconf 82' lang='lat' dir='ltr'><strong>ad</strong></span> <span class='ocrx_word' id='word_1_99' title='bbox 846 1772 1149 1849; x_wconf 86' lang='lat' dir='ltr'><strong>majorem</strong></span> <span class='ocrx_word' id='word_1_100' title='bbox 1176 1768 1539 1830; x_wconf 85' lang='lat' dir='ltr'><strong>firmitatem</strong></span> <span class='ocrx_word' id='word_1_101' title='bbox 1568 1768 1735 1846; x_wconf 82' lang='lat' dir='ltr'><strong>ejus3</strong></span> 
     </span>
     <span class='ocr_line' id='line_1_16' title="bbox 158 1859 1741 1943; baseline -0.003 -18"><span class='ocrx_word' id='word_1_102' title='bbox 158 1865 215 1925; x_wconf 87' lang='lat' dir='ltr'><strong>D.</strong></span> <span class='ocrx_word' id='word_1_103' title='bbox 242 1865 538 1925; x_wconf 79' lang='lat' dir='ltr'><strong>Thomas</strong></span> <span class='ocrx_word' id='word_1_104' title='bbox 562 1880 715 1943; x_wconf 81' lang='lat' dir='ltr'><strong>ergo</strong></span> <span class='ocrx_word' id='word_1_105' title='bbox 739 1864 807 1924; x_wconf 91' lang='lat' dir='ltr'><strong>in</strong></span> <span class='ocrx_word' id='word_1_106' title='bbox 835 1881 1021 1925; x_wconf 87' lang='lat' dir='ltr'><strong>sensu</strong></span> <span class='ocrx_word' id='word_1_107' title='bbox 1047 1862 1237 1941; x_wconf 75' lang='lat' dir='ltr'><strong>liu-jus</strong></span> <span class='ocrx_word' id='word_1_108' title='bbox 1262 1859 1625 1922; x_wconf 78' lang='lat' dir='ltr'><strong>assertionis</strong></span> <span class='ocrx_word' id='word_1_109' title='bbox 1648 1860 1741 1921; x_wconf 88' lang='lat' dir='ltr'><strong>lo-</strong></span> 
     </span>
     <span class='ocr_line' id='line_1_17' title="bbox 160 1953 1739 2037; baseline -0.003 -20"><span class='ocrx_word' id='word_1_110' title='bbox 160 1974 319 2017; x_wconf 81' lang='lat' dir='ltr'><strong>eutus</strong></span> <span class='ocrx_word' id='word_1_111' title='bbox 352 1964 485 2031; x_wconf 82' lang='lat' dir='ltr'><strong>est,</strong></span> <span class='ocrx_word' id='word_1_112' title='bbox 510 1956 805 2037; x_wconf 74' lang='lat' dir='ltr'><strong>quamvis</strong></span> <span class='ocrx_word' id='word_1_113' title='bbox 840 1956 1147 2017; x_wconf 87' lang='lat' dir='ltr'><strong>modum</strong></span> <span class='ocrx_word' id='word_1_114' title='bbox 1128 1974 1199 2016; x_wconf 86' lang='lat' dir='ltr'><strong>m</strong></span> <span class='ocrx_word' id='word_1_115' title='bbox 1234 1953 1587 2035; x_wconf 74' lang='lat' dir='ltr'><strong>particulari</strong></span> <span class='ocrx_word' id='word_1_116' title='bbox 1611 1968 1739 2013; x_wconf 90' lang='lat' dir='ltr'><strong>non</strong></span> 
     </span>
     <span class='ocr_line' id='line_1_18' title="bbox 160 2048 1741 2131; baseline -0.003 -18"><span class='ocrx_word' id='word_1_117' title='bbox 160 2050 598 2131; x_wconf 76' lang='lat' dir='ltr'><strong>explicaverit3</strong></span> <span class='ocrx_word' id='word_1_118' title='bbox 652 2052 819 2131; x_wconf 84' lang='lat' dir='ltr'><strong>quod</strong></span> <span class='ocrx_word' id='word_1_119' title='bbox 876 2057 1083 2112; x_wconf 86' lang='lat' dir='ltr'><strong>autem</strong></span> <span class='ocrx_word' id='word_1_120' title='bbox 1135 2050 1267 2111; x_wconf 81' lang='lat' dir='ltr'><strong>haee</strong></span> <span class='ocrx_word' id='word_1_121' title='bbox 1318 2048 1511 2111; x_wconf 83' lang='lat' dir='ltr'><strong>fuerit</strong></span> <span class='ocrx_word' id='word_1_122' title='bbox 1558 2066 1741 2109; x_wconf 86' lang='lat' dir='ltr'><strong>mens</strong></span> 
     </span>
     <span class='ocr_line' id='line_1_19' title="bbox 160 2142 1739 2225; baseline -0.003 -17"><span class='ocrx_word' id='word_1_123' title='bbox 160 2148 295 2225; x_wconf 73' lang='lat' dir='ltr'><strong>ejus,</strong></span> <span class='ocrx_word' id='word_1_124' title='bbox 356 2148 645 2220; x_wconf 72' lang='lat' dir='ltr'><strong>constat,</strong></span> <span class='ocrx_word' id='word_1_125' title='bbox 694 2145 841 2225; x_wconf 79' lang='lat' dir='ltr'><strong>quia</strong></span> <span class='ocrx_word' id='word_1_126' title='bbox 898 2147 989 2207; x_wconf 89' lang='lat' dir='ltr'><strong>ita</strong></span> <span class='ocrx_word' id='word_1_127' title='bbox 1032 2144 1311 2225; x_wconf 85' lang='lat' dir='ltr'><strong>loquitur</strong></span> <span class='ocrx_word' id='word_1_128' title='bbox 1364 2142 1446 2204; x_wconf 88' lang='lat' dir='ltr'><strong>de</strong></span> <span class='ocrx_word' id='word_1_129' title='bbox 1496 2142 1739 2203; x_wconf 80' lang='lat' dir='ltr'><strong>lumine</strong></span> 
     </span>
     <span class='ocr_line' id='line_1_20' title="bbox 160 2237 1741 2316; baseline -0.003 -15"><span class='ocrx_word' id='word_1_130' title='bbox 160 2240 309 2316; x_wconf 75' lang='lat' dir='ltr'><strong>fidei,</strong></span> <span class='ocrx_word' id='word_1_131' title='bbox 338 2240 519 2301; x_wconf 84' lang='lat' dir='ltr'><strong>sieut</strong></span> <span class='ocrx_word' id='word_1_132' title='bbox 544 2240 628 2302; x_wconf 86' lang='lat' dir='ltr'><strong>de</strong></span> <span class='ocrx_word' id='word_1_133' title='bbox 657 2239 971 2301; x_wconf 82' lang='lat' dir='ltr'><strong>habitibus</strong></span> <span class='ocrx_word' id='word_1_134' title='bbox 1004 2238 1271 2300; x_wconf 86' lang='lat' dir='ltr'><strong>aliarum</strong></span> <span class='ocrx_word' id='word_1_135' title='bbox 1308 2237 1638 2310; x_wconf 81' lang='lat' dir='ltr'><strong>virtutum,</strong></span> <span class='ocrx_word' id='word_1_136' title='bbox 1672 2240 1741 2297; x_wconf 83' lang='lat' dir='ltr'><strong>et</strong></span> 
     </span>
     <span class='ocr_line' id='line_1_21' title="bbox 158 2330 1734 2414; baseline -0.003 -19"><span class='ocrx_word' id='word_1_137' title='bbox 158 2336 299 2395; x_wconf 76' lang='lat' dir='ltr'><strong>sieut</strong></span> <span class='ocrx_word' id='word_1_138' title='bbox 320 2351 443 2394; x_wconf 86' lang='lat' dir='ltr'><strong>nos</strong></span> <span class='ocrx_word' id='word_1_139' title='bbox 458 2334 793 2414; x_wconf 82' lang='lat' dir='ltr'><strong>posuimus</strong></span> <span class='ocrx_word' id='word_1_140' title='bbox 806 2330 1161 2413; x_wconf 87' lang='lat' dir='ltr'><strong>exemplum</strong></span> <span class='ocrx_word' id='word_1_141' title='bbox 1190 2330 1268 2393; x_wconf 84' lang='lat' dir='ltr'><strong>de</strong></span> <span class='ocrx_word' id='word_1_142' title='bbox 1290 2330 1731 2409; x_wconf 85' lang='lat' dir='ltr'><strong>temperantia·</strong></span> <span class='ocrx_word' id='word_1_143' title='bbox 1711 2374 1734 2407; x_wconf 88' lang='lat'><strong>,</strong></span> 
     </span>
     <span class='ocr_line' id='line_1_22' title="bbox 160 2423 1733 2503; baseline -0.003 -15"><span class='ocrx_word' id='word_1_144' title='bbox 160 2432 389 2488; x_wconf 75' lang='lat' dir='ltr'><strong>mustat</strong></span> <span class='ocrx_word' id='word_1_145' title='bbox 442 2434 667 2488; x_wconf 85' lang='lat' dir='ltr'><strong>antem</strong></span> <span class='ocrx_word' id='word_1_146' title='bbox 724 2427 877 2488; x_wconf 86' lang='lat' dir='ltr'><strong>alias</strong></span> <span class='ocrx_word' id='word_1_147' title='bbox 930 2427 1191 2487; x_wconf 77' lang='lat' dir='ltr'><strong>virtutes</strong></span> <span class='ocrx_word' id='word_1_148' title='bbox 1216 2470 1237 2501; x_wconf 91' lang='lat'><strong>,</strong></span> <span class='ocrx_word' id='word_1_149' title='bbox 1280 2423 1457 2485; x_wconf 76' lang='lat' dir='ltr'><strong>verbi</strong></span> <span class='ocrx_word' id='word_1_150' title='bbox 1510 2424 1733 2503; x_wconf 86' lang='lat' dir='ltr'><strong>gratia,</strong></span> 
     </span>
     <span class='ocr_line' id='line_1_23' title="bbox 160 2516 1739 2601; baseline -0.003 -20"><span class='ocrx_word' id='word_1_151' title='bbox 160 2522 661 2601; x_wconf 72' lang='lat' dir='ltr'><strong>temperantiam,</strong></span> <span class='ocrx_word' id='word_1_152' title='bbox 700 2538 831 2581; x_wconf 85' lang='lat' dir='ltr'><strong>nou</strong></span> <span class='ocrx_word' id='word_1_153' title='bbox 880 2520 1101 2581; x_wconf 85' lang='lat' dir='ltr'><strong>elicere</strong></span> <span class='ocrx_word' id='word_1_154' title='bbox 1132 2518 1439 2597; x_wconf 82' lang='lat' dir='ltr'><strong>judieium</strong></span> <span class='ocrx_word' id='word_1_155' title='bbox 1470 2516 1549 2577; x_wconf 90' lang='lat' dir='ltr'><strong>de</strong></span> <span class='ocrx_word' id='word_1_156' title='bbox 1588 2532 1739 2576; x_wconf 87' lang='lat' dir='ltr'><strong>eon·</strong></span> 
     </span>
     <span class='ocr_line' id='line_1_24' title="bbox 162 2610 1739 2691; baseline -0.002 -18"><span class='ocrx_word' id='word_1_157' title='bbox 162 2616 471 2677; x_wconf 78' lang='lat' dir='ltr'><strong>venientia</strong></span> <span class='ocrx_word' id='word_1_158' title='bbox 496 2614 607 2676; x_wconf 75' lang='lat' dir='ltr'><strong>vel</strong></span> <span class='ocrx_word' id='word_1_159' title='bbox 636 2614 1063 2675; x_wconf 76' lang='lat' dir='ltr'><strong>mediocritate</strong></span> <span class='ocrx_word' id='word_1_160' title='bbox 1084 2612 1317 2691; x_wconf 68' lang='lat' dir='ltr'><strong>obJeeti</strong></span> <span class='ocrx_word' id='word_1_161' title='bbox 1360 2610 1477 2672; x_wconf 84' lang='lat' dir='ltr'><strong>sibi</strong></span> <span class='ocrx_word' id='word_1_162' title='bbox 1516 2626 1739 2690; x_wconf 84' lang='lat' dir='ltr'><strong>propo·</strong></span> 
     </span>
     <span class='ocr_line' id='line_1_25' title="bbox 162 2702 1739 2787; baseline -0.003 -18"><span class='ocrx_word' id='word_1_163' title='bbox 162 2710 271 2785; x_wconf 75' lang='lat' dir='ltr'><strong>siti,</strong></span> <span class='ocrx_word' id='word_1_164' title='bbox 296 2726 451 2769; x_wconf 83' lang='lat' dir='ltr'><strong>nam</strong></span> <span class='ocrx_word' id='word_1_165' title='bbox 482 2708 611 2769; x_wconf 80' lang='lat' dir='ltr'><strong>hoe</strong></span> <span class='ocrx_word' id='word_1_166' title='bbox 636 2713 731 2769; x_wconf 86' lang='lat' dir='ltr'><strong>est</strong></span> <span class='ocrx_word' id='word_1_167' title='bbox 750 2706 1029 2768; x_wconf 79' lang='lat' dir='ltr'><strong>officium</strong></span> <span class='ocrx_word' id='word_1_168' title='bbox 1058 2704 1446 2787; x_wconf 45' lang='lat' dir='ltr'><strong>prudentium</strong></span> <span class='ocrx_word' id='word_1_169' title='bbox 1472 2702 1579 2765; x_wconf 87' lang='lat' dir='ltr'><strong>sed</strong></span> <span class='ocrx_word' id='word_1_170' title='bbox 1604 2710 1739 2765; x_wconf 85' lang='lat' dir='ltr'><strong>tan·</strong></span> 
     </span>
     <span class='ocr_line' id='line_1_26' title="bbox 164 2798 1732 2879; baseline -0.003 -18"><span class='ocrx_word' id='word_1_171' title='bbox 164 2808 283 2863; x_wconf 84' lang='lat' dir='ltr'><strong>tnm</strong></span> <span class='ocrx_word' id='word_1_172' title='bbox 318 2818 707 2863; x_wconf 73' lang='lat' dir='ltr'><strong>concurrere</strong></span> <span class='ocrx_word' id='word_1_173' title='bbox 737 2800 988 2861; x_wconf 79' lang='lat' dir='ltr'><strong>virtutis</strong></span> <span class='ocrx_word' id='word_1_174' title='bbox 1019 2799 1305 2861; x_wconf 89' lang='lat' dir='ltr'><strong>habitum</strong></span> <span class='ocrx_word' id='word_1_175' title='bbox 1342 2816 1455 2879; x_wconf 86' lang='lat' dir='ltr'><strong>per</strong></span> <span class='ocrx_word' id='word_1_176' title='bbox 1478 2798 1732 2858; x_wconf 85' lang='lat' dir='ltr'><strong>modum</strong></span> 
     </span>
     <span class='ocr_line' id='line_1_27' title="bbox 174 2890 1735 2975; baseline -0.003 -21"><span class='ocrx_word' id='word_1_177' title='bbox 174 2895 601 2975; x_wconf 57' lang='lat' dir='ltr'><strong>dispuitioniS,</strong></span> <span class='ocrx_word' id='word_1_178' title='bbox 636 2900 713 2955; x_wconf 88' lang='lat' dir='ltr'><strong>ut</strong></span> <span class='ocrx_word' id='word_1_179' title='bbox 758 2894 1131 2974; x_wconf 83' lang='lat' dir='ltr'><strong>explicatum</strong></span> <span class='ocrx_word' id='word_1_180' title='bbox 1160 2898 1273 2953; x_wconf 85' lang='lat' dir='ltr'><strong>est.</strong></span> <span class='ocrx_word' id='word_1_181' title='bbox 1308 2892 1403 2952; x_wconf 85' lang='lat' dir='ltr'><strong>Ita</strong></span> <span class='ocrx_word' id='word_1_182' title='bbox 1445 2908 1599 2969; x_wconf 87' lang='lat' dir='ltr'><strong>ergo</strong></span> <span class='ocrx_word' id='word_1_183' title='bbox 1636 2890 1735 2950; x_wconf 86' lang='lat' dir='ltr'><strong>in·</strong></span> 
     </span>
     <span class='ocr_line' id='line_1_28' title="bbox 184 2984 1737 3059; baseline -0.002 -13"><span class='ocrx_word' id='word_1_184' title='bbox 184 2988 391 3049; x_wconf 80' lang='lat' dir='ltr'><strong>tellexit</strong></span> <span class='ocrx_word' id='word_1_185' title='bbox 416 2990 483 3051; x_wconf 84' lang='lat' dir='ltr'><strong>D.</strong></span> <span class='ocrx_word' id='word_1_186' title='bbox 520 2988 805 3049; x_wconf 85' lang='lat' dir='ltr'><strong>Thomas</strong></span> <span class='ocrx_word' id='word_1_187' title='bbox 834 2986 1177 3048; x_wconf 87' lang='lat' dir='ltr'><strong>delumine</strong></span> <span class='ocrx_word' id='word_1_188' title='bbox 1196 2984 1369 3059; x_wconf 80' lang='lat' dir='ltr'><strong>fidei,</strong></span> <span class='ocrx_word' id='word_1_189' title='bbox 1400 2984 1577 3045; x_wconf 83' lang='lat' dir='ltr'><strong>etita</strong></span> <span class='ocrx_word' id='word_1_190' title='bbox 1612 3000 1737 3044; x_wconf 81' lang='lat' dir='ltr'><strong>res·</strong></span> 
     </span>
     <span class='ocr_line' id='line_1_29' title="bbox 184 3079 1739 3163; baseline -0.003 -20"><span class='ocrx_word' id='word_1_191' title='bbox 184 3102 411 3162; x_wconf 72' lang='lat' dir='ltr'><strong>pamm</strong></span> <span class='ocrx_word' id='word_1_192' title='bbox 462 3090 569 3146; x_wconf 72' lang='lat' dir='ltr'><strong>est</strong></span> <span class='ocrx_word' id='word_1_193' title='bbox 612 3080 699 3143; x_wconf 83' lang='lat' dir='ltr'><strong>ad</strong></span> <span class='ocrx_word' id='word_1_194' title='bbox 736 3082 1011 3163; x_wconf 85' lang='lat' dir='ltr'><strong>primum</strong></span> <span class='ocrx_word' id='word_1_195' title='bbox 1060 3080 1366 3141; x_wconf 79' lang='lat' dir='ltr'><strong>motivum</strong></span> <span class='ocrx_word' id='word_1_196' title='bbox 1414 3079 1739 3140; x_wconf 68' lang='lat' dir='ltr'><strong>contrario</strong></span> 
     </span>
     <span class='ocr_line' id='line_1_30' title="bbox 179 3177 501 3239; baseline 0.003 -3"><span class='ocrx_word' id='word_1_197' title='bbox 179 3177 501 3239; x_wconf 67' lang='lat' dir='ltr'><strong>sententiae.</strong></span> 
     </span>
    </p>

    <p class='ocr_par' dir='ltr' id='par_1_3' title="bbox 156 3264 1737 5317">
     <span class='ocr_line' id='line_1_31' title="bbox 234 3264 1737 3347; baseline -0.005 -14"><span class='ocrx_word' id='word_1_198' title='bbox 234 3274 286 3333; x_wconf 79' lang='lat'><strong>5.</strong></span> <span class='ocrx_word' id='word_1_199' title='bbox 328 3271 428 3332; x_wconf 74' lang='lat' dir='ltr'><strong>Ad</strong></span> <span class='ocrx_word' id='word_1_200' title='bbox 454 3268 835 3344; x_wconf 84' lang='lat' dir='ltr'><strong>secuudum,</strong></span> <span class='ocrx_word' id='word_1_201' title='bbox 846 3284 1151 3347; x_wconf 82' lang='lat' dir='ltr'><strong>negamus</strong></span> <span class='ocrx_word' id='word_1_202' title='bbox 1176 3282 1365 3327; x_wconf 88' lang='lat' dir='ltr'><strong>omne</strong></span> <span class='ocrx_word' id='word_1_203' title='bbox 1392 3264 1603 3327; x_wconf 82' lang='lat' dir='ltr'><strong>lumen</strong></span> <span class='ocrx_word' id='word_1_204' title='bbox 1638 3264 1737 3325; x_wconf 87' lang='lat' dir='ltr'><strong>in-</strong></span> 
     </span>
     <span class='ocr_line' id='line_1_32' title="bbox 166 3358 1737 3439; baseline -0.003 -16"><span class='ocrx_word' id='word_1_205' title='bbox 166 3362 499 3425; x_wconf 81' lang='lat' dir='ltr'><strong>tellectuale</strong></span> <span class='ocrx_word' id='word_1_206' title='bbox 540 3362 751 3424; x_wconf 77' lang='lat' dir='ltr'><strong>faeere</strong></span> <span class='ocrx_word' id='word_1_207' title='bbox 788 3360 1167 3423; x_wconf 78' lang='lat' dir='ltr'><strong>evidentiam</strong></span> <span class='ocrx_word' id='word_1_208' title='bbox 1208 3358 1437 3439; x_wconf 82' lang='lat' dir='ltr'><strong>objecti</strong></span> <span class='ocrx_word' id='word_1_209' title='bbox 1468 3358 1587 3420; x_wconf 83' lang='lat' dir='ltr'><strong>sub</strong></span> <span class='ocrx_word' id='word_1_210' title='bbox 1620 3358 1737 3419; x_wconf 79' lang='lat' dir='ltr'><strong>ali·</strong></span> 
     </span>
     <span class='ocr_line' id='line_1_33' title="bbox 164 3452 1733 3537; baseline -0.001 -22"><span class='ocrx_word' id='word_1_211' title='bbox 164 3476 269 3537; x_wconf 79' lang='lat' dir='ltr'><strong>qua</strong></span> <span class='ocrx_word' id='word_1_212' title='bbox 290 3456 573 3532; x_wconf 77' lang='lat' dir='ltr'><strong>ratione,</strong></span> <span class='ocrx_word' id='word_1_213' title='bbox 600 3458 735 3517; x_wconf 77' lang='lat' dir='ltr'><strong>sive</strong></span> <span class='ocrx_word' id='word_1_214' title='bbox 760 3452 1063 3535; x_wconf 75' lang='lat' dir='ltr'><strong>specifica,</strong></span> <span class='ocrx_word' id='word_1_215' title='bbox 1094 3454 1225 3515; x_wconf 75' lang='lat' dir='ltr'><strong>sire</strong></span> <span class='ocrx_word' id='word_1_216' title='bbox 1252 3452 1555 3531; x_wconf 83' lang='lat' dir='ltr'><strong>generali,</strong></span> <span class='ocrx_word' id='word_1_217' title='bbox 1584 3452 1733 3531; x_wconf 85' lang='lat' dir='ltr'><strong>quia</strong></span> 
     </span>
     <span class='ocr_line' id='line_1_34' title="bbox 162 3546 1735 3631; baseline -0.003 -19"><span class='ocrx_word' id='word_1_218' title='bbox 162 3570 257 3630; x_wconf 81' lang='lat' dir='ltr'><strong>per</strong></span> <span class='ocrx_word' id='word_1_219' title='bbox 284 3551 515 3612; x_wconf 83' lang='lat' dir='ltr'><strong>lumen</strong></span> <span class='ocrx_word' id='word_1_220' title='bbox 546 3548 873 3631; x_wconf 74' lang='lat' dir='ltr'><strong>spirituale</strong></span> <span class='ocrx_word' id='word_1_221' title='bbox 898 3546 1309 3625; x_wconf 76' lang='lat' dir='ltr'><strong>intelligimus</strong></span> <span class='ocrx_word' id='word_1_222' title='bbox 1336 3560 1587 3607; x_wconf 84' lang='lat' dir='ltr'><strong>omnem</strong></span> <span class='ocrx_word' id='word_1_223' title='bbox 1611 3546 1735 3607; x_wconf 81' lang='lat' dir='ltr'><strong>ha-</strong></span> 
     </span>
     <span class='ocr_line' id='line_1_35' title="bbox 160 3640 1735 3723; baseline -0.003 -18"><span class='ocrx_word' id='word_1_224' title='bbox 160 3644 347 3706; x_wconf 81' lang='lat' dir='ltr'><strong>bitum</strong></span> <span class='ocrx_word' id='word_1_225' title='bbox 384 3643 774 3719; x_wconf 81' lang='lat' dir='ltr'><strong>intelleetus,</strong></span> <span class='ocrx_word' id='word_1_226' title='bbox 822 3643 933 3723; x_wconf 83' lang='lat' dir='ltr'><strong>qui</strong></span> <span class='ocrx_word' id='word_1_227' title='bbox 976 3641 1249 3721; x_wconf 80' lang='lat' dir='ltr'><strong>proeberc</strong></span> <span class='ocrx_word' id='word_1_228' title='bbox 1288 3646 1493 3721; x_wconf 82' lang='lat' dir='ltr'><strong>potest</strong></span> <span class='ocrx_word' id='word_1_229' title='bbox 1522 3640 1735 3720; x_wconf 81' lang='lat' dir='ltr'><strong>cogni-</strong></span> 
     </span>
     <span class='ocr_line' id='line_1_36' title="bbox 160 3734 1729 3817; baseline -0.002 -20"><span class='ocrx_word' id='word_1_230' title='bbox 160 3740 387 3799; x_wconf 81' lang='lat' dir='ltr'><strong>tionem</strong></span> <span class='ocrx_word' id='word_1_231' title='bbox 416 3737 691 3817; x_wconf 80' lang='lat' dir='ltr'><strong>alieujus</strong></span> <span class='ocrx_word' id='word_1_232' title='bbox 716 3736 805 3797; x_wconf 89' lang='lat' dir='ltr'><strong>rei</strong></span> <span class='ocrx_word' id='word_1_233' title='bbox 832 3758 851 3811; x_wconf 85' lang='lat'>3</span> <span class='ocrx_word' id='word_1_234' title='bbox 896 3742 965 3796; x_wconf 85' lang='lat' dir='ltr'><strong>at</strong></span> <span class='ocrx_word' id='word_1_235' title='bbox 986 3752 1137 3796; x_wconf 77' lang='lat' dir='ltr'><strong>vero</strong></span> <span class='ocrx_word' id='word_1_236' title='bbox 1166 3750 1297 3796; x_wconf 87' lang='lat' dir='ltr'><strong>non</strong></span> <span class='ocrx_word' id='word_1_237' title='bbox 1322 3734 1527 3795; x_wconf 85' lang='lat' dir='ltr'><strong>omnis</strong></span> <span class='ocrx_word' id='word_1_238' title='bbox 1552 3734 1729 3795; x_wconf 85' lang='lat' dir='ltr'><strong>habi-</strong></span> 
     </span>
     <span class='ocr_line' id='line_1_37' title="bbox 162 3826 1729 3904; baseline -0.003 -10"><span class='ocrx_word' id='word_1_239' title='bbox 162 3840 242 3893; x_wconf 86' lang='lat' dir='ltr'><strong>tus</strong></span> <span class='ocrx_word' id='word_1_240' title='bbox 270 3830 637 3893; x_wconf 67' lang='lat' dir='ltr'><strong>intellectus</strong></span> <span class='ocrx_word' id='word_1_241' title='bbox 669 3836 761 3891; x_wconf 84' lang='lat' dir='ltr'><strong>est</strong></span> <span class='ocrx_word' id='word_1_242' title='bbox 796 3829 1001 3891; x_wconf 84' lang='lat' dir='ltr'><strong>clarus</strong></span> <span class='ocrx_word' id='word_1_243' title='bbox 1022 3828 1125 3890; x_wconf 74' lang='lat' dir='ltr'><strong>vel</strong></span> <span class='ocrx_word' id='word_1_244' title='bbox 1156 3828 1411 3891; x_wconf 79' lang='lat' dir='ltr'><strong>evidens</strong></span> <span class='ocrx_word' id='word_1_245' title='bbox 1426 3873 1449 3904; x_wconf 93' lang='lat'><strong>,</strong></span> <span class='ocrx_word' id='word_1_246' title='bbox 1498 3834 1563 3889; x_wconf 90' lang='lat' dir='ltr'><strong>et</strong></span> <span class='ocrx_word' id='word_1_247' title='bbox 1586 3826 1729 3889; x_wconf 83' lang='lat' dir='ltr'><strong>ideo</strong></span> 
     </span>
     <span class='ocr_line' id='line_1_38' title="bbox 160 3920 1726 4005; baseline -0.002 -20"><span class='ocrx_word' id='word_1_248' title='bbox 160 3925 331 4005; x_wconf 78' lang='lat' dir='ltr'><strong>aliqui</strong></span> <span class='ocrx_word' id='word_1_249' title='bbox 362 3924 629 3985; x_wconf 80' lang='lat' dir='ltr'><strong>habitus</strong></span> <span class='ocrx_word' id='word_1_250' title='bbox 654 3924 893 3984; x_wconf 86' lang='lat' dir='ltr'><strong>suntin</strong></span> <span class='ocrx_word' id='word_1_251' title='bbox 918 3922 1240 3984; x_wconf 75' lang='lat' dir='ltr'><strong>intellectu</strong></span> <span class='ocrx_word' id='word_1_252' title='bbox 1268 3967 1289 3998; x_wconf 93' lang='lat'><strong>,</strong></span> <span class='ocrx_word' id='word_1_253' title='bbox 1339 3922 1449 4003; x_wconf 89' lang='lat' dir='ltr'><strong>qui</strong></span> <span class='ocrx_word' id='word_1_254' title='bbox 1478 3920 1726 3983; x_wconf 88' lang='lat' dir='ltr'><strong>nullum</strong></span> 
     </span>
     <span class='ocr_line' id='line_1_39' title="bbox 162 4016 1727 4096; baseline -0.001 -20"><span class='ocrx_word' id='word_1_255' title='bbox 162 4016 465 4095; x_wconf 76' lang='lat' dir='ltr'><strong>objectum</strong></span> <span class='ocrx_word' id='word_1_256' title='bbox 490 4016 819 4079; x_wconf 78' lang='lat' dir='ltr'><strong>evidenter</strong></span> <span class='ocrx_word' id='word_1_257' title='bbox 838 4016 1159 4077; x_wconf 72' lang='lat' dir='ltr'><strong>ostendere</strong></span> <span class='ocrx_word' id='word_1_258' title='bbox 1182 4020 1457 4096; x_wconf 86' lang='lat' dir='ltr'><strong>possunt,</strong></span> <span class='ocrx_word' id='word_1_259' title='bbox 1496 4020 1569 4075; x_wconf 89' lang='lat' dir='ltr'><strong>ut</strong></span> <span class='ocrx_word' id='word_1_260' title='bbox 1594 4032 1727 4075; x_wconf 86' lang='lat' dir='ltr'><strong>ma·</strong></span> 
     </span>
     <span class='ocr_line' id='line_1_40' title="bbox 164 4098 1723 4190; baseline -0.003 -17"><span class='ocrx_word' id='word_1_261' title='bbox 164 4114 365 4175; x_wconf 73' lang='lat' dir='ltr'><strong>nifeste</strong></span> <span class='ocrx_word' id='word_1_262' title='bbox 392 4118 645 4175; x_wconf 69' lang='lat' dir='ltr'><strong>consui</strong></span> <span class='ocrx_word' id='word_1_263' title='bbox 674 4112 742 4172; x_wconf 85' lang='lat' dir='ltr'><strong>in</strong></span> <span class='ocrx_word' id='word_1_264' title='bbox 765 4110 983 4173; x_wconf 84' lang='lat' dir='ltr'><strong>habitu</strong></span> <span class='ocrx_word' id='word_1_265' title='bbox 1008 4110 1343 4190; x_wconf 75' lang='lat' dir='ltr'><strong>opinionis,</strong></span> <span class='ocrx_word' id='word_1_266' title='bbox 1370 4116 1433 4172; x_wconf 88' lang='lat' dir='ltr'><strong>et</strong></span> <span class='ocrx_word' id='word_1_267' title='bbox 1464 4110 1531 4170; x_wconf 89' lang='lat' dir='ltr'><strong>in</strong></span> <span class='ocrx_word' id='word_1_268' title='bbox 1550 4098 1723 4170; x_wconf 62' lang='lat' dir='ltr'><strong>habi:</strong></span> 
     </span>
     <span class='ocr_line' id='line_1_41' title="bbox 160 4202 1727 4285; baseline -0.004 -15"><span class='ocrx_word' id='word_1_269' title='bbox 160 4214 215 4269; x_wconf 84' lang='lat' dir='ltr'><strong>tu</strong></span> <span class='ocrx_word' id='word_1_270' title='bbox 238 4208 391 4270; x_wconf 75' lang='lat' dir='ltr'><strong>fidei</strong></span> <span class='ocrx_word' id='word_1_271' title='bbox 412 4208 737 4269; x_wconf 65' lang='lat' dir='ltr'><strong>humanae.</strong></span> <span class='ocrx_word' id='word_1_272' title='bbox 756 4204 925 4267; x_wconf 80' lang='lat' dir='ltr'><strong>Idem</strong></span> <span class='ocrx_word' id='word_1_273' title='bbox 952 4220 1103 4285; x_wconf 82' lang='lat' dir='ltr'><strong>ergo</strong></span> <span class='ocrx_word' id='word_1_274' title='bbox 1120 4204 1297 4265; x_wconf 83' lang='lat' dir='ltr'><strong>estin</strong></span> <span class='ocrx_word' id='word_1_275' title='bbox 1316 4204 1557 4266; x_wconf 77' lang='lat' dir='ltr'><strong>himine</strong></span> <span class='ocrx_word' id='word_1_276' title='bbox 1576 4202 1727 4264; x_wconf 82' lang='lat' dir='ltr'><strong>fidei</strong></span> 
     </span>
     <span class='ocr_line' id='line_1_42' title="bbox 158 4296 1725 4379; baseline -0.003 -18"><span class='ocrx_word' id='word_1_277' title='bbox 158 4303 425 4379; x_wconf 75' lang='lat' dir='ltr'><strong>divinae3</strong></span> <span class='ocrx_word' id='word_1_278' title='bbox 462 4318 651 4375; x_wconf 88' lang='lat' dir='ltr'><strong>nam,</strong></span> <span class='ocrx_word' id='word_1_279' title='bbox 682 4298 829 4360; x_wconf 84' lang='lat' dir='ltr'><strong>lieet</strong></span> <span class='ocrx_word' id='word_1_280' title='bbox 852 4297 920 4359; x_wconf 90' lang='lat' dir='ltr'><strong>in</strong></span> <span class='ocrx_word' id='word_1_281' title='bbox 944 4297 1319 4359; x_wconf 71' lang='lat' dir='ltr'><strong>certitudine</strong></span> <span class='ocrx_word' id='word_1_282' title='bbox 1342 4298 1619 4373; x_wconf 81' lang='lat' dir='ltr'><strong>excedat,</strong></span> <span class='ocrx_word' id='word_1_283' title='bbox 1656 4296 1725 4357; x_wconf 89' lang='lat' dir='ltr'><strong>in</strong></span> 
     </span>
     <span class='ocr_line' id='line_1_43' title="bbox 162 4390 1723 4474; baseline -0.005 -16"><span class='ocrx_word' id='word_1_284' title='bbox 162 4394 524 4457; x_wconf 68' lang='lat' dir='ltr'><strong>obscur-itate</strong></span> <span class='ocrx_word' id='word_1_285' title='bbox 554 4392 811 4474; x_wconf 64' lang='lat' dir='ltr'><strong>aiqualis</strong></span> <span class='ocrx_word' id='word_1_286' title='bbox 833 4398 958 4466; x_wconf 63' lang='grc' dir='ltr'><strong>επις</strong></span> <span class='ocrx_word' id='word_1_287' title='bbox 990 4408 1195 4471; x_wconf 85' lang='lat' dir='ltr'><strong>neque</strong></span> <span class='ocrx_word' id='word_1_288' title='bbox 1220 4398 1315 4452; x_wconf 85' lang='lat' dir='ltr'><strong>est</strong></span> <span class='ocrx_word' id='word_1_289' title='bbox 1334 4391 1537 4453; x_wconf 86' lang='lat' dir='ltr'><strong>simile</strong></span> <span class='ocrx_word' id='word_1_290' title='bbox 1559 4390 1723 4471; x_wconf 88' lang='lat' dir='ltr'><strong>quod</strong></span> 
     </span>
     <span class='ocr_line' id='line_1_44' title="bbox 160 4482 1727 4563; baseline -0.002 -14"><span class='ocrx_word' id='word_1_291' title='bbox 160 4488 529 4551; x_wconf 75' lang='lat' dir='ltr'><strong>aflei-ebatur</strong></span> <span class='ocrx_word' id='word_1_292' title='bbox 556 4486 635 4549; x_wconf 89' lang='lat' dir='ltr'><strong>de</strong></span> <span class='ocrx_word' id='word_1_293' title='bbox 662 4484 903 4547; x_wconf 87' lang='lat' dir='ltr'><strong>lumine</strong></span> <span class='ocrx_word' id='word_1_294' title='bbox 928 4486 1193 4547; x_wconf 83' lang='lat' dir='ltr'><strong>remisso</strong></span> <span class='ocrx_word' id='word_1_295' title='bbox 1220 4500 1241 4563; x_wconf 82' lang='lat'><em>3</em></span> <span class='ocrx_word' id='word_1_296' title='bbox 1278 4500 1425 4547; x_wconf 87' lang='lat' dir='ltr'><strong>nam</strong></span> <span class='ocrx_word' id='word_1_297' title='bbox 1452 4482 1607 4545; x_wconf 86' lang='lat' dir='ltr'><strong>illud</strong></span> <span class='ocrx_word' id='word_1_298' title='bbox 1634 4490 1727 4546; x_wconf 89' lang='lat' dir='ltr'><strong>est</strong></span> 
     </span>
     <span class='ocr_line' id='line_1_45' title="bbox 158 4576 1725 4661; baseline -0.003 -18"><span class='ocrx_word' id='word_1_299' title='bbox 158 4582 423 4661; x_wconf 77' lang='lat' dir='ltr'><strong>ejusdem</strong></span> <span class='ocrx_word' id='word_1_300' title='bbox 452 4580 687 4661; x_wconf 79' lang='lat' dir='ltr'><strong>speciei</strong></span> <span class='ocrx_word' id='word_1_301' title='bbox 715 4596 857 4641; x_wconf 87' lang='lat' dir='ltr'><strong>cum</strong></span> <span class='ocrx_word' id='word_1_302' title='bbox 878 4576 1117 4640; x_wconf 82' lang='lat' dir='ltr'><strong>lumine</strong></span> <span class='ocrx_word' id='word_1_303' title='bbox 1148 4577 1419 4655; x_wconf 80' lang='lat' dir='ltr'><strong>intenso,</strong></span> <span class='ocrx_word' id='word_1_304' title='bbox 1456 4582 1521 4640; x_wconf 86' lang='lat' dir='ltr'><strong>et</strong></span> <span class='ocrx_word' id='word_1_305' title='bbox 1556 4594 1632 4639; x_wconf 80' lang='lat' dir='ltr'><strong>ex</strong></span> <span class='ocrx_word' id='word_1_306' title='bbox 1659 4578 1725 4640; x_wconf 79' lang='lat' dir='ltr'><strong>vl</strong></span> 
     </span>
     <span class='ocr_line' id='line_1_46' title="bbox 158 4670 1719 4759; baseline -0.001 -24"><span class='ocrx_word' id='word_1_307' title='bbox 158 4694 271 4737; x_wconf 60' lang='lat' dir='ltr'><strong>snm</strong></span> <span class='ocrx_word' id='word_1_308' title='bbox 284 4676 514 4759; x_wconf 76' lang='lat' dir='ltr'><strong>speciei</strong></span> <span class='ocrx_word' id='word_1_309' title='bbox 542 4680 640 4737; x_wconf 78' lang='lat' dir='ltr'><strong>est</strong></span> <span class='ocrx_word' id='word_1_310' title='bbox 660 4672 895 4737; x_wconf 76' lang='lat' dir='ltr'><strong>clarum</strong></span> <span class='ocrx_word' id='word_1_311' title='bbox 920 4688 939 4750; x_wconf 83' lang='lat'><em>3</em></span> <span class='ocrx_word' id='word_1_312' title='bbox 970 4678 1034 4735; x_wconf 78' lang='lat' dir='ltr'><strong>et</strong></span> <span class='ocrx_word' id='word_1_313' title='bbox 1059 4670 1199 4733; x_wconf 83' lang='lat' dir='ltr'><strong>ideo</strong></span> <span class='ocrx_word' id='word_1_314' title='bbox 1212 4688 1341 4732; x_wconf 87' lang='lat' dir='ltr'><strong>non</strong></span> <span class='ocrx_word' id='word_1_315' title='bbox 1374 4678 1469 4733; x_wconf 76' lang='lat' dir='ltr'><strong>est</strong></span> <span class='ocrx_word' id='word_1_316' title='bbox 1486 4672 1719 4734; x_wconf 81' lang='lat' dir='ltr'><strong>mirum</strong></span> 
     </span>
     <span class='ocr_line' id='line_1_47' title="bbox 156 4764 1719 4851; baseline -0.003 -22"><span class='ocrx_word' id='word_1_317' title='bbox 156 4772 305 4849; x_wconf 78' lang='lat' dir='ltr'><strong>quod</strong></span> <span class='ocrx_word' id='word_1_318' title='bbox 334 4768 532 4851; x_wconf 81' lang='lat' dir='ltr'><strong>possit</strong></span> <span class='ocrx_word' id='word_1_319' title='bbox 556 4765 721 4831; x_wconf 76' lang='lat' dir='ltr'><strong>clare</strong></span> <span class='ocrx_word' id='word_1_320' title='bbox 760 4768 1085 4830; x_wconf 84' lang='lat' dir='ltr'><strong>ostendere</strong></span> <span class='ocrx_word' id='word_1_321' title='bbox 1112 4765 1452 4844; x_wconf 86' lang='lat' dir='ltr'><strong>objectum,</strong></span> <span class='ocrx_word' id='word_1_322' title='bbox 1498 4764 1719 4827; x_wconf 78' lang='lat' dir='ltr'><strong>saltem</strong></span> 
     </span>
     <span class='ocr_line' id='line_1_48' title="bbox 156 4857 1721 4942; baseline -0.001 -21"><span class='ocrx_word' id='word_1_323' title='bbox 156 4864 265 4922; x_wconf 80' lang='lat' dir='ltr'><strong>snb</strong></span> <span class='ocrx_word' id='word_1_324' title='bbox 282 4864 575 4942; x_wconf 68' lang='lat' dir='ltr'><strong>genet-ira</strong></span> <span class='ocrx_word' id='word_1_325' title='bbox 584 4863 826 4923; x_wconf 86' lang='lat' dir='ltr'><strong>ratione</strong></span> <span class='ocrx_word' id='word_1_326' title='bbox 848 4860 1098 4937; x_wconf 82' lang='lat' dir='ltr'><strong>3lumen</strong></span> <span class='ocrx_word' id='word_1_327' title='bbox 1126 4866 1335 4921; x_wconf 81' lang='lat' dir='ltr'><strong>autem</strong></span> <span class='ocrx_word' id='word_1_328' title='bbox 1356 4857 1499 4919; x_wconf 81' lang='lat' dir='ltr'><strong>fidei</strong></span> <span class='ocrx_word' id='word_1_329' title='bbox 1512 4858 1721 4921; x_wconf 71' lang='lat' dir='ltr'><strong>differt</strong></span> 
     </span>
     <span class='ocr_line' id='line_1_49' title="bbox 158 4954 1720 5036; baseline -0.003 -19"><span class='ocrx_word' id='word_1_330' title='bbox 158 4959 345 5036; x_wconf 76' lang='lat' dir='ltr'><strong>speeie</strong></span> <span class='ocrx_word' id='word_1_331' title='bbox 364 4956 669 5019; x_wconf 83' lang='lat' dir='ltr'><strong>alumine</strong></span> <span class='ocrx_word' id='word_1_332' title='bbox 695 4954 884 5029; x_wconf 82' lang='lat' dir='ltr'><strong>claro,</strong></span> <span class='ocrx_word' id='word_1_333' title='bbox 914 4960 979 5015; x_wconf 89' lang='lat' dir='ltr'><strong>et</strong></span> <span class='ocrx_word' id='word_1_334' title='bbox 1002 4972 1080 5015; x_wconf 80' lang='lat' dir='ltr'><strong>ex</strong></span> <span class='ocrx_word' id='word_1_335' title='bbox 1098 4954 1161 5014; x_wconf 75' lang='lat' dir='ltr'><strong>vi</strong></span> <span class='ocrx_word' id='word_1_336' title='bbox 1185 4970 1313 5015; x_wconf 73' lang='lat' dir='ltr'><strong>siue</strong></span> <span class='ocrx_word' id='word_1_337' title='bbox 1354 4954 1575 5033; x_wconf 82' lang='lat' dir='ltr'><strong>speciei</strong></span> <span class='ocrx_word' id='word_1_338' title='bbox 1594 4954 1720 5014; x_wconf 86' lang='lat' dir='ltr'><strong>cla·</strong></span> 
     </span>
     <span class='ocr_line' id='line_1_50' title="bbox 158 5046 1717 5129; baseline 0 -20"><span class='ocrx_word' id='word_1_339' title='bbox 158 5052 387 5112; x_wconf 74' lang='lat' dir='ltr'><strong>ritatem</strong></span> <span class='ocrx_word' id='word_1_340' title='bbox 409 5068 549 5112; x_wconf 85' lang='lat' dir='ltr'><strong>non</strong></span> <span class='ocrx_word' id='word_1_341' title='bbox 582 5048 837 5111; x_wconf 74' lang='lat' dir='ltr'><strong>mniert.</strong></span> <span class='ocrx_word' id='word_1_342' title='bbox 868 5048 1081 5129; x_wconf 74' lang='lat' dir='ltr'><strong>Neque</strong></span> <span class='ocrx_word' id='word_1_343' title='bbox 1100 5046 1287 5109; x_wconf 84' lang='lat' dir='ltr'><strong>etiam</strong></span> <span class='ocrx_word' id='word_1_344' title='bbox 1311 5048 1388 5110; x_wconf 89' lang='lat' dir='ltr'><strong>ad</strong></span> <span class='ocrx_word' id='word_1_345' title='bbox 1410 5064 1544 5109; x_wconf 81' lang='lat' dir='ltr'><strong>rem</strong></span> <span class='ocrx_word' id='word_1_346' title='bbox 1565 5048 1717 5111; x_wconf 76' lang='lat' dir='ltr'><strong>facit</strong></span> 
     </span>
     <span class='ocr_line' id='line_1_51' title="bbox 160 5141 1715 5222; baseline 0.003 -21"><span class='ocrx_word' id='word_1_347' title='bbox 160 5142 565 5205; x_wconf 71' lang='lat' dir='ltr'><strong>testimouium</strong></span> <span class='ocrx_word' id='word_1_348' title='bbox 620 5142 797 5204; x_wconf 78' lang='lat' dir='ltr'><strong>Pauli</strong></span> <span class='ocrx_word' id='word_1_349' title='bbox 848 5157 867 5202; x_wconf 76' lang='lat' dir='ltr'><strong>t</strong></span> <span class='ocrx_word' id='word_1_350' title='bbox 918 5141 1101 5205; x_wconf 72' lang='lat' dir='ltr'><strong>Omne</strong></span> <span class='ocrx_word' id='word_1_351' title='bbox 1148 5143 1307 5222; x_wconf 70' lang='lat' dir='ltr'><strong>quod</strong></span> <span class='ocrx_word' id='word_1_352' title='bbox 1357 5144 1715 5221; x_wconf 74' lang='lat' dir='ltr'><strong>manifesta-</strong></span> 
     </span>
     <span class='ocr_line' id='line_1_52' title="bbox 166 5234 1709 5317; baseline 0 -21"><span class='ocrx_word' id='word_1_353' title='bbox 166 5242 279 5310; x_wconf 69' lang='lat' dir='ltr'><strong>tur,</strong></span> <span class='ocrx_word' id='word_1_354' title='bbox 323 5246 456 5313; x_wconf 67' lang='lat' dir='ltr'><strong>ete„</strong></span> <span class='ocrx_word' id='word_1_355' title='bbox 512 5242 655 5297; x_wconf 87' lang='lat' dir='ltr'><strong>tum</strong></span> <span class='ocrx_word' id='word_1_356' title='bbox 696 5236 843 5317; x_wconf 81' lang='lat' dir='ltr'><strong>qnia</strong></span> <span class='ocrx_word' id='word_1_357' title='bbox 886 5234 1306 5297; x_wconf 80' lang='lat' dir='ltr'><strong>manifestatio</strong></span> <span class='ocrx_word' id='word_1_358' title='bbox 1349 5240 1552 5317; x_wconf 82' lang='lat' dir='ltr'><strong>potest</strong></span> <span class='ocrx_word' id='word_1_359' title='bbox 1573 5234 1709 5296; x_wconf 85' lang='lat' dir='ltr'><strong>abs·</strong></span> 
     </span>
    </p>
   </div>
   <div class='ocr_carea' id='block_1_3' title="bbox 3269 456 3385 519">
    <p class='ocr_par' dir='ltr' id='par_1_4' title="bbox 3269 456 3385 519">
     <span class='ocr_line' id='line_1_53' title="bbox 3269 456 3385 519; baseline 0.026 -3"><span class='ocrx_word' id='word_1_360' title='bbox 3269 456 3385 519; x_wconf 84' lang='grc'><strong>137</strong></span> 
     </span>
    </p>
   </div>
   <div class='ocr_carea' id='block_1_4' title="bbox 1814 552 3390 3165">
    <p class='ocr_par' dir='ltr' id='par_1_5' title="bbox 1814 552 3390 3165">
     <span class='ocr_line' id='line_1_54' title="bbox 1816 552 3386 628; baseline 0.004 -11"><span class='ocrx_word' id='word_1_361' title='bbox 1816 552 1928 617; x_wconf 66' lang='grc' dir='ltr'><strong>δατ</strong></span> <span class='ocrx_word' id='word_1_362' title='bbox 1944 580 1972 628; x_wconf 87' lang='grc'><strong>,·</strong></span> <span class='ocrx_word' id='word_1_363' title='bbox 1999 558 2062 615; x_wconf 90' lang='lat' dir='ltr'><strong>et</strong></span> <span class='ocrx_word' id='word_1_364' title='bbox 2087 554 2178 615; x_wconf 90' lang='lat' dir='ltr'><strong>ita</strong></span> <span class='ocrx_word' id='word_1_365' title='bbox 2215 556 2652 619; x_wconf 80' lang='lat' dir='ltr'><strong>universaliter</strong></span> <span class='ocrx_word' id='word_1_366' title='bbox 2693 576 2913 619; x_wconf 80' lang='lat' dir='ltr'><strong>verum</strong></span> <span class='ocrx_word' id='word_1_367' title='bbox 2957 566 3050 621; x_wconf 90' lang='lat' dir='ltr'><strong>est</strong></span> <span class='ocrx_word' id='word_1_368' title='bbox 3088 567 3152 623; x_wconf 88' lang='lat' dir='ltr'><strong>et</strong></span> <span class='ocrx_word' id='word_1_369' title='bbox 3198 580 3386 625; x_wconf 85' lang='lat' dir='ltr'><strong>omne</strong></span> 
     </span>
     <span class='ocr_line' id='line_1_55' title="bbox 1816 647 3387 727; baseline 0.006 -18"><span class='ocrx_word' id='word_1_370' title='bbox 1816 647 2032 710; x_wconf 86' lang='lat' dir='ltr'><strong>lumen</strong></span> <span class='ocrx_word' id='word_1_371' title='bbox 2076 650 2509 727; x_wconf 85' lang='lat' dir='ltr'><strong>manifestare,</strong></span> <span class='ocrx_word' id='word_1_372' title='bbox 2543 656 2606 712; x_wconf 90' lang='lat' dir='ltr'><strong>et</strong></span> <span class='ocrx_word' id='word_1_373' title='bbox 2654 668 2906 715; x_wconf 88' lang='lat' dir='ltr'><strong>omnem</strong></span> <span class='ocrx_word' id='word_1_374' title='bbox 2945 654 3387 718; x_wconf 74' lang='lat' dir='ltr'><strong>manifestatio-</strong></span> 
     </span>
     <span class='ocr_line' id='line_1_56' title="bbox 1816 743 3387 827; baseline 0.006 -25"><span class='ocrx_word' id='word_1_375' title='bbox 1816 758 1964 803; x_wconf 87' lang='lat' dir='ltr'><strong>nem</strong></span> <span class='ocrx_word' id='word_1_376' title='bbox 2003 758 2134 803; x_wconf 88' lang='lat' dir='ltr'><strong>esse</strong></span> <span class='ocrx_word' id='word_1_377' title='bbox 2183 762 2222 803; x_wconf 89' lang='lat' dir='ltr'><strong>a</strong></span> <span class='ocrx_word' id='word_1_378' title='bbox 2266 743 2542 820; x_wconf 82' lang='lat' dir='ltr'><strong>lumine3</strong></span> <span class='ocrx_word' id='word_1_379' title='bbox 2590 750 2726 807; x_wconf 88' lang='lat' dir='ltr'><strong>tum</strong></span> <span class='ocrx_word' id='word_1_380' title='bbox 2774 746 2960 807; x_wconf 86' lang='lat' dir='ltr'><strong>etiam</strong></span> <span class='ocrx_word' id='word_1_381' title='bbox 3010 748 3178 827; x_wconf 84' lang='lat' dir='ltr'><strong>quia,</strong></span> <span class='ocrx_word' id='word_1_382' title='bbox 3240 750 3387 813; x_wconf 88' lang='lat' dir='ltr'><strong>licet</strong></span> 
     </span>
     <span class='ocr_line' id='line_1_57' title="bbox 1816 834 3383 916; baseline 0.006 -22"><span class='ocrx_word' id='word_1_383' title='bbox 1816 835 2008 896; x_wconf 79' lang='lat' dir='ltr'><strong>verba</strong></span> <span class='ocrx_word' id='word_1_384' title='bbox 2031 834 2464 916; x_wconf 84' lang='lat' dir='ltr'><strong>intelligantur</strong></span> <span class='ocrx_word' id='word_1_385' title='bbox 2508 838 2588 899; x_wconf 89' lang='lat' dir='ltr'><strong>de</strong></span> <span class='ocrx_word' id='word_1_386' title='bbox 2615 838 3108 901; x_wconf 77' lang='lat' dir='ltr'><strong>manifestatione</strong></span> <span class='ocrx_word' id='word_1_387' title='bbox 3135 842 3383 904; x_wconf 86' lang='lat' dir='ltr'><strong>eviden-</strong></span> 
     </span>
     <span class='ocr_line' id='line_1_58' title="bbox 1818 928 3385 1014; baseline 0.007 -27"><span class='ocrx_word' id='word_1_388' title='bbox 1818 934 1903 1005; x_wconf 85' lang='lat' dir='ltr'><strong>te,</strong></span> <span class='ocrx_word' id='word_1_389' title='bbox 1932 928 2156 991; x_wconf 86' lang='lat' dir='ltr'><strong>Paulus</strong></span> <span class='ocrx_word' id='word_1_390' title='bbox 2190 930 2390 991; x_wconf 87' lang='lat' dir='ltr'><strong>solum</strong></span> <span class='ocrx_word' id='word_1_391' title='bbox 2429 930 2588 992; x_wconf 83' lang='lat' dir='ltr'><strong>dixit</strong></span> <span class='ocrx_word' id='word_1_392' title='bbox 2614 950 2800 993; x_wconf 88' lang='lat' dir='ltr'><strong>omne</strong></span> <span class='ocrx_word' id='word_1_393' title='bbox 2835 934 3002 1014; x_wconf 86' lang='lat' dir='ltr'><strong>quod</strong></span> <span class='ocrx_word' id='word_1_394' title='bbox 3029 934 3385 998; x_wconf 80' lang='lat' dir='ltr'><strong>manifesta-</strong></span> 
     </span>
     <span class='ocr_line' id='line_1_59' title="bbox 1822 1023 3382 1107; baseline 0.005 -24"><span class='ocrx_word' id='word_1_395' title='bbox 1822 1028 1943 1100; x_wconf 88' lang='lat' dir='ltr'><strong>tur,</strong></span> <span class='ocrx_word' id='word_1_396' title='bbox 1970 1023 2210 1085; x_wconf 87' lang='lat' dir='ltr'><strong>lumine</strong></span> <span class='ocrx_word' id='word_1_397' title='bbox 2237 1025 2668 1099; x_wconf 74' lang='lat' dir='ltr'><strong>manifestari,</strong></span> <span class='ocrx_word' id='word_1_398' title='bbox 2705 1043 2834 1088; x_wconf 88' lang='lat' dir='ltr'><strong>non</strong></span> <span class='ocrx_word' id='word_1_399' title='bbox 2882 1033 3094 1089; x_wconf 84' lang='lat' dir='ltr'><strong>tamen</strong></span> <span class='ocrx_word' id='word_1_400' title='bbox 3146 1028 3318 1107; x_wconf 86' lang='lat' dir='ltr'><strong>dicit,</strong></span> <span class='ocrx_word' id='word_1_401' title='bbox 3347 1050 3382 1093; x_wconf 92' lang='lat' dir='ltr'><strong>e</strong></span> 
     </span>
     <span class='ocr_line' id='line_1_60' title="bbox 1820 1118 3385 1193; baseline 0.006 -16"><span class='ocrx_word' id='word_1_402' title='bbox 1820 1134 2144 1193; x_wconf 75' lang='lat' dir='ltr'><strong>converso,</strong></span> <span class='ocrx_word' id='word_1_403' title='bbox 2175 1136 2362 1180; x_wconf 89' lang='lat' dir='ltr'><strong>omne</strong></span> <span class='ocrx_word' id='word_1_404' title='bbox 2393 1118 2604 1181; x_wconf 90' lang='lat' dir='ltr'><strong>lumen</strong></span> <span class='ocrx_word' id='word_1_405' title='bbox 2645 1120 2848 1183; x_wconf 82' lang='lat' dir='ltr'><strong>facere</strong></span> <span class='ocrx_word' id='word_1_406' title='bbox 2875 1122 3224 1185; x_wconf 78' lang='lat' dir='ltr'><strong>evidentem</strong></span> <span class='ocrx_word' id='word_1_407' title='bbox 3253 1143 3385 1186; x_wconf 88' lang='lat' dir='ltr'><strong>ma·</strong></span> 
     </span>
     <span class='ocr_line' id='line_1_61' title="bbox 1816 1210 3386 1296; baseline 0.004 -25"><span class='ocrx_word' id='word_1_408' title='bbox 1816 1210 2276 1273; x_wconf 75' lang='lat' dir='ltr'><strong>nifestationem</strong></span> <span class='ocrx_word' id='word_1_409' title='bbox 2305 1212 2567 1291; x_wconf 87' lang='lat' dir='ltr'><strong>alicujus</strong></span> <span class='ocrx_word' id='word_1_410' title='bbox 2594 1212 2708 1275; x_wconf 86' lang='lat' dir='ltr'><strong>rei.</strong></span> <span class='ocrx_word' id='word_1_411' title='bbox 2751 1214 2846 1275; x_wconf 86' lang='lat' dir='ltr'><strong>Ad</strong></span> <span class='ocrx_word' id='word_1_412' title='bbox 2883 1210 3160 1291; x_wconf 77' lang='lat' dir='ltr'><strong>tei-tium,</strong></span> <span class='ocrx_word' id='word_1_413' title='bbox 3195 1234 3386 1296; x_wconf 74' lang='lat' dir='ltr'><strong>noga-</strong></span> 
     </span>
     <span class='ocr_line' id='line_1_62' title="bbox 1814 1305 3385 1373; baseline 0.004 -8"><span class='ocrx_word' id='word_1_414' title='bbox 1814 1310 1923 1365; x_wconf 87' lang='lat' dir='ltr'><strong>tur</strong></span> <span class='ocrx_word' id='word_1_415' title='bbox 1983 1320 2236 1367; x_wconf 90' lang='lat' dir='ltr'><strong>omnem</strong></span> <span class='ocrx_word' id='word_1_416' title='bbox 2304 1305 2588 1367; x_wconf 84' lang='lat' dir='ltr'><strong>habitum</strong></span> <span class='ocrx_word' id='word_1_417' title='bbox 2655 1306 2978 1370; x_wconf 79' lang='lat' dir='ltr'><strong>evidenter</strong></span> <span class='ocrx_word' id='word_1_418' title='bbox 3041 1310 3385 1373; x_wconf 86' lang='lat' dir='ltr'><strong>discernere</strong></span> 
     </span>
     <span class='ocr_line' id='line_1_63' title="bbox 1817 1398 3385 1483; baseline 0.004 -25"><span class='ocrx_word' id='word_1_419' title='bbox 1817 1416 2002 1459; x_wconf 88' lang='lat' dir='ltr'><strong>suum</strong></span> <span class='ocrx_word' id='word_1_420' title='bbox 2021 1398 2335 1479; x_wconf 80' lang='lat' dir='ltr'><strong>objectum</strong></span> <span class='ocrx_word' id='word_1_421' title='bbox 2359 1399 2442 1459; x_wconf 86' lang='lat' dir='ltr'><strong>ab</strong></span> <span class='ocrx_word' id='word_1_422' title='bbox 2457 1401 2790 1474; x_wconf 86' lang='lat' dir='ltr'><strong>extraneis,</strong></span> <span class='ocrx_word' id='word_1_423' title='bbox 2813 1416 2964 1462; x_wconf 83' lang='lat' dir='ltr'><strong>nam</strong></span> <span class='ocrx_word' id='word_1_424' title='bbox 2986 1402 3104 1463; x_wconf 88' lang='lat' dir='ltr'><strong>hoc</strong></span> <span class='ocrx_word' id='word_1_425' title='bbox 3125 1408 3218 1464; x_wconf 87' lang='lat' dir='ltr'><strong>est</strong></span> <span class='ocrx_word' id='word_1_426' title='bbox 3243 1422 3385 1483; x_wconf 84' lang='lat' dir='ltr'><strong>pro-</strong></span> 
     </span>
     <span class='ocr_line' id='line_1_64' title="bbox 1818 1492 3386 1573; baseline 0.003 -20"><span class='ocrx_word' id='word_1_427' title='bbox 1818 1493 2027 1573; x_wconf 86' lang='lat' dir='ltr'><strong>prium</strong></span> <span class='ocrx_word' id='word_1_428' title='bbox 2053 1494 2358 1568; x_wconf 74' lang='lat' dir='ltr'><strong>scientiae3</strong></span> <span class='ocrx_word' id='word_1_429' title='bbox 2387 1492 2610 1573; x_wconf 84' lang='lat' dir='ltr'><strong>reliqui</strong></span> <span class='ocrx_word' id='word_1_430' title='bbox 2637 1510 2788 1555; x_wconf 80' lang='lat' dir='ltr'><strong>vero</strong></span> <span class='ocrx_word' id='word_1_431' title='bbox 2814 1495 3172 1558; x_wconf 83' lang='lat' dir='ltr'><strong>discernunt</strong></span> <span class='ocrx_word' id='word_1_432' title='bbox 3199 1498 3386 1559; x_wconf 88' lang='lat' dir='ltr'><strong>modo</strong></span> 
     </span>
     <span class='ocr_line' id='line_1_65' title="bbox 1818 1584 3384 1661; baseline 0.003 -13"><span class='ocrx_word' id='word_1_433' title='bbox 1818 1586 1935 1648; x_wconf 86' lang='lat' dir='ltr'><strong>sibi</strong></span> <span class='ocrx_word' id='word_1_434' title='bbox 1961 1587 2446 1661; x_wconf 77' lang='lat' dir='ltr'><strong>accommodato,</strong></span> <span class='ocrx_word' id='word_1_435' title='bbox 2477 1595 2538 1649; x_wconf 89' lang='lat' dir='ltr'><strong>et</strong></span> <span class='ocrx_word' id='word_1_436' title='bbox 2573 1588 2661 1648; x_wconf 88' lang='lat' dir='ltr'><strong>ita</strong></span> <span class='ocrx_word' id='word_1_437' title='bbox 2705 1588 2859 1649; x_wconf 66' lang='lat' dir='ltr'><strong>fides</strong></span> <span class='ocrx_word' id='word_1_438' title='bbox 2879 1584 3234 1652; x_wconf 85' lang='lat' dir='ltr'><strong>&#39;Christiana</strong></span> <span class='ocrx_word' id='word_1_439' title='bbox 3261 1592 3384 1653; x_wconf 73' lang='lat' dir='ltr'><strong>dis-2</strong></span> 
     </span>
     <span class='ocr_line' id='line_1_66' title="bbox 1820 1680 3386 1755; baseline 0.003 -14"><span class='ocrx_word' id='word_1_440' title='bbox 1820 1681 2021 1743; x_wconf 77' lang='lat' dir='ltr'><strong>cernit</strong></span> <span class='ocrx_word' id='word_1_441' title='bbox 2064 1698 2210 1741; x_wconf 87' lang='lat' dir='ltr'><strong>cum</strong></span> <span class='ocrx_word' id='word_1_442' title='bbox 2267 1680 2659 1755; x_wconf 83' lang='lat' dir='ltr'><strong>certitudine,</strong></span> <span class='ocrx_word' id='word_1_443' title='bbox 2713 1682 2990 1744; x_wconf 89' lang='lat' dir='ltr'><strong>humana</strong></span> <span class='ocrx_word' id='word_1_444' title='bbox 3040 1700 3190 1745; x_wconf 80' lang='lat' dir='ltr'><strong>vero</strong></span> <span class='ocrx_word' id='word_1_445' title='bbox 3241 1704 3386 1747; x_wconf 86' lang='lat' dir='ltr'><strong>cum</strong></span> 
     </span>
     <span class='ocr_line' id='line_1_67' title="bbox 1819 1773 3380 1855; baseline 0.003 -20"><span class='ocrx_word' id='word_1_446' title='bbox 1819 1773 2254 1855; x_wconf 74' lang='lat' dir='ltr'><strong>probabilitate</strong></span> <span class='ocrx_word' id='word_1_447' title='bbox 2282 1790 2303 1853; x_wconf 82' lang='lat'><em>3</em></span> <span class='ocrx_word' id='word_1_448' title='bbox 2367 1774 2615 1835; x_wconf 85' lang='lat' dir='ltr'><strong>habitus</strong></span> <span class='ocrx_word' id='word_1_449' title='bbox 2681 1773 2948 1854; x_wconf 84' lang='lat' dir='ltr'><strong>denique</strong></span> <span class='ocrx_word' id='word_1_450' title='bbox 3000 1776 3335 1839; x_wconf 85' lang='lat' dir='ltr'><strong>voluntatis</strong></span> <span class='ocrx_word' id='word_1_451' title='bbox 3359 1824 3380 1854; x_wconf 92' lang='lat'><strong>,</strong></span> 
     </span>
     <span class='ocr_line' id='line_1_68' title="bbox 1816 1866 3386 1948; baseline 0.003 -21"><span class='ocrx_word' id='word_1_452' title='bbox 1816 1874 2044 1929; x_wconf 84' lang='lat' dir='ltr'><strong>neutro</strong></span> <span class='ocrx_word' id='word_1_453' title='bbox 2065 1866 2274 1941; x_wconf 88' lang='lat' dir='ltr'><strong>modo,</strong></span> <span class='ocrx_word' id='word_1_454' title='bbox 2305 1868 2412 1929; x_wconf 86' lang='lat' dir='ltr'><strong>sed</strong></span> <span class='ocrx_word' id='word_1_455' title='bbox 2437 1872 2683 1929; x_wconf 86' lang='lat' dir='ltr'><strong>tantum</strong></span> <span class='ocrx_word' id='word_1_456' title='bbox 2703 1869 3043 1948; x_wconf 85' lang='lat' dir='ltr'><strong>operando,</strong></span> <span class='ocrx_word' id='word_1_457' title='bbox 3062 1888 3170 1931; x_wconf 86' lang='lat' dir='ltr'><strong>seu</strong></span> <span class='ocrx_word' id='word_1_458' title='bbox 3192 1871 3261 1931; x_wconf 88' lang='lat' dir='ltr'><strong>iu</strong></span> <span class='ocrx_word' id='word_1_459' title='bbox 3287 1889 3386 1932; x_wconf 88' lang='lat' dir='ltr'><strong>ac-</strong></span> 
     </span>
     <span class='ocr_line' id='line_1_69' title="bbox 1818 1960 3378 2036; baseline 0.002 -15"><span class='ocrx_word' id='word_1_460' title='bbox 1818 1967 1887 2021; x_wconf 88' lang='lat' dir='ltr'><strong>tu</strong></span> <span class='ocrx_word' id='word_1_461' title='bbox 1916 1960 2211 2036; x_wconf 79' lang='lat' dir='ltr'><strong>exereito,</strong></span> <span class='ocrx_word' id='word_1_462' title='bbox 2239 1964 2312 2020; x_wconf 84' lang='lat' dir='ltr'><strong>ut</strong></span> <span class='ocrx_word' id='word_1_463' title='bbox 2355 1960 2440 2021; x_wconf 84' lang='lat' dir='ltr'><strong>sic</strong></span> <span class='ocrx_word' id='word_1_464' title='bbox 2476 1960 2700 2021; x_wconf 79' lang='lat' dir='ltr'><strong>dicam.</strong></span> <span class='ocrx_word' id='word_1_465' title='bbox 2743 1962 2828 2023; x_wconf 92' lang='lat' dir='ltr'><strong>De</strong></span> <span class='ocrx_word' id='word_1_466' title='bbox 2871 1963 3132 2023; x_wconf 85' lang='lat' dir='ltr'><strong>materia</strong></span> <span class='ocrx_word' id='word_1_467' title='bbox 3170 1964 3378 2025; x_wconf 90' lang='lat' dir='ltr'><strong>ultimi</strong></span> 
     </span>
     <span class='ocr_line' id='line_1_70' title="bbox 1816 2053 3387 2137; baseline 0.003 -22"><span class='ocrx_word' id='word_1_468' title='bbox 1816 2053 2172 2133; x_wconf 81' lang='lat' dir='ltr'><strong>argumenti</strong></span> <span class='ocrx_word' id='word_1_469' title='bbox 2229 2053 2490 2115; x_wconf 85' lang='lat' dir='ltr'><strong>dicenda</strong></span> <span class='ocrx_word' id='word_1_470' title='bbox 2549 2058 2696 2115; x_wconf 88' lang='lat' dir='ltr'><strong>sunt</strong></span> <span class='ocrx_word' id='word_1_471' title='bbox 2743 2054 2944 2116; x_wconf 88' lang='lat' dir='ltr'><strong>multa</strong></span> <span class='ocrx_word' id='word_1_472' title='bbox 2994 2056 3062 2116; x_wconf 89' lang='lat' dir='ltr'><strong>in</strong></span> <span class='ocrx_word' id='word_1_473' title='bbox 3113 2056 3387 2137; x_wconf 86' lang='lat' dir='ltr'><strong>disputa-</strong></span> 
     </span>
     <span class='ocr_line' id='line_1_71' title="bbox 1816 2146 3386 2224; baseline 0.001 -15"><span class='ocrx_word' id='word_1_474' title='bbox 1816 2147 1988 2209; x_wconf 83' lang='lat' dir='ltr'><strong>tione</strong></span> <span class='ocrx_word' id='word_1_475' title='bbox 2019 2150 2084 2221; x_wconf 76' lang='grc'><strong>6,</strong></span> <span class='ocrx_word' id='word_1_476' title='bbox 2113 2164 2262 2209; x_wconf 81' lang='lat' dir='ltr'><strong>nam</strong></span> <span class='ocrx_word' id='word_1_477' title='bbox 2299 2152 2444 2208; x_wconf 86' lang='lat' dir='ltr'><strong>ante</strong></span> <span class='ocrx_word' id='word_1_478' title='bbox 2479 2146 2866 2209; x_wconf 72' lang='lat' dir='ltr'><strong>voluntatem</strong></span> <span class='ocrx_word' id='word_1_479' title='bbox 2900 2148 3216 2224; x_wconf 84' lang='lat' dir='ltr'><strong>credendi,</strong></span> <span class='ocrx_word' id='word_1_480' title='bbox 3259 2150 3386 2212; x_wconf 87' lang='lat' dir='ltr'><strong>duo</strong></span> 
     </span>
     <span class='ocr_line' id='line_1_72' title="bbox 1814 2239 3388 2323; baseline 0.003 -22"><span class='ocrx_word' id='word_1_481' title='bbox 1814 2248 1986 2301; x_wconf 86' lang='lat' dir='ltr'><strong>actus</strong></span> <span class='ocrx_word' id='word_1_482' title='bbox 2007 2246 2262 2321; x_wconf 76' lang='lat' dir='ltr'><strong>possunt</strong></span> <span class='ocrx_word' id='word_1_483' title='bbox 2283 2239 2551 2319; x_wconf 77' lang='lat' dir='ltr'><strong>intelligi</strong></span> <span class='ocrx_word' id='word_1_484' title='bbox 2575 2241 2642 2301; x_wconf 90' lang='lat' dir='ltr'><strong>iu</strong></span> <span class='ocrx_word' id='word_1_485' title='bbox 2667 2241 3008 2317; x_wconf 71' lang='lat' dir='ltr'><strong>intellectu,</strong></span> <span class='ocrx_word' id='word_1_486' title='bbox 3031 2260 3194 2304; x_wconf 85' lang='lat' dir='ltr'><strong>unus</strong></span> <span class='ocrx_word' id='word_1_487' title='bbox 3215 2262 3388 2323; x_wconf 85' lang='lat' dir='ltr'><strong>prac-</strong></span> 
     </span>
     <span class='ocr_line' id='line_1_73' title="bbox 1818 2333 3386 2416; baseline 0.003 -23"><span class='ocrx_word' id='word_1_488' title='bbox 1818 2335 2016 2411; x_wconf 80' lang='lat' dir='ltr'><strong>licus,</strong></span> <span class='ocrx_word' id='word_1_489' title='bbox 2070 2333 2320 2410; x_wconf 86' lang='lat' dir='ltr'><strong>scilicet,</strong></span> <span class='ocrx_word' id='word_1_490' title='bbox 2383 2333 2762 2395; x_wconf 87' lang='lat' dir='ltr'><strong>credendum</strong></span> <span class='ocrx_word' id='word_1_491' title='bbox 2827 2341 2942 2411; x_wconf 86' lang='lat' dir='ltr'><strong>est,</strong></span> <span class='ocrx_word' id='word_1_492' title='bbox 2985 2336 3064 2397; x_wconf 87' lang='lat' dir='ltr'><strong>de</strong></span> <span class='ocrx_word' id='word_1_493' title='bbox 3113 2354 3238 2416; x_wconf 89' lang='lat' dir='ltr'><strong>quo</strong></span> <span class='ocrx_word' id='word_1_494' title='bbox 3291 2344 3386 2398; x_wconf 88' lang='lat' dir='ltr'><strong>est</strong></span> 
     </span>
     <span class='ocr_line' id='line_1_74' title="bbox 1818 2426 3383 2510; baseline 0.002 -21"><span class='ocrx_word' id='word_1_495' title='bbox 1818 2446 2048 2505; x_wconf 82' lang='lat' dir='ltr'><strong>magna</strong></span> <span class='ocrx_word' id='word_1_496' title='bbox 2075 2426 2355 2509; x_wconf 66' lang='lat' dir='ltr'><strong>quaestio,</strong></span> <span class='ocrx_word' id='word_1_497' title='bbox 2386 2445 2470 2489; x_wconf 89' lang='lat' dir='ltr'><strong>an</strong></span> <span class='ocrx_word' id='word_1_498' title='bbox 2497 2428 2578 2488; x_wconf 84' lang='lat' dir='ltr'><strong>sit</strong></span> <span class='ocrx_word' id='word_1_499' title='bbox 2605 2428 2906 2490; x_wconf 86' lang='lat' dir='ltr'><strong>naturalis</strong></span> <span class='ocrx_word' id='word_1_500' title='bbox 2949 2434 3056 2490; x_wconf 89' lang='lat' dir='ltr'><strong>aut</strong></span> <span class='ocrx_word' id='word_1_501' title='bbox 3089 2448 3383 2510; x_wconf 83' lang='lat' dir='ltr'><strong>superna-</strong></span> 
     </span>
     <span class='ocr_line' id='line_1_75' title="bbox 1818 2522 3383 2603; baseline 0.001 -20"><span class='ocrx_word' id='word_1_502' title='bbox 1818 2522 2060 2598; x_wconf 87' lang='lat' dir='ltr'><strong>turalis,</strong></span> <span class='ocrx_word' id='word_1_503' title='bbox 2087 2540 2228 2601; x_wconf 71' lang='lat' dir='ltr'><strong>qum</strong></span> <span class='ocrx_word' id='word_1_504' title='bbox 2259 2522 2345 2582; x_wconf 88' lang='lat' dir='ltr'><strong>ibi</strong></span> <span class='ocrx_word' id='word_1_505' title='bbox 2373 2522 2736 2585; x_wconf 78' lang='lat' dir='ltr'><strong>tractabitur</strong></span> <span class='ocrx_word' id='word_1_506' title='bbox 2751 2540 2770 2600; x_wconf 90' lang='lat'>;</span> <span class='ocrx_word' id='word_1_507' title='bbox 2795 2522 2959 2584; x_wconf 87' lang='lat' dir='ltr'><strong>alius</strong></span> <span class='ocrx_word' id='word_1_508' title='bbox 2986 2529 3078 2584; x_wconf 89' lang='lat' dir='ltr'><strong>est</strong></span> <span class='ocrx_word' id='word_1_509' title='bbox 3105 2524 3383 2603; x_wconf 85' lang='lat' dir='ltr'><strong>specula-</strong></span> 
     </span>
     <span class='ocr_line' id='line_1_76' title="bbox 1815 2614 3390 2693; baseline 0.002 -17"><span class='ocrx_word' id='word_1_510' title='bbox 1815 2616 2004 2692; x_wconf 76' lang='lat' dir='ltr'><strong>tivus,</strong></span> <span class='ocrx_word' id='word_1_511' title='bbox 2047 2616 2300 2690; x_wconf 87' lang='lat' dir='ltr'><strong>scilicet,</strong></span> <span class='ocrx_word' id='word_1_512' title='bbox 2332 2614 2451 2677; x_wconf 88' lang='lat' dir='ltr'><strong>hoc</strong></span> <span class='ocrx_word' id='word_1_513' title='bbox 2482 2622 2576 2677; x_wconf 86' lang='lat' dir='ltr'><strong>est</strong></span> <span class='ocrx_word' id='word_1_514' title='bbox 2607 2616 2923 2693; x_wconf 84' lang='lat' dir='ltr'><strong>credibile,</strong></span> <span class='ocrx_word' id='word_1_515' title='bbox 2951 2622 3015 2679; x_wconf 86' lang='lat' dir='ltr'><strong>et</strong></span> <span class='ocrx_word' id='word_1_516' title='bbox 3047 2616 3125 2680; x_wconf 87' lang='lat' dir='ltr'><strong>de</strong></span> <span class='ocrx_word' id='word_1_517' title='bbox 3153 2617 3268 2679; x_wconf 85' lang='lat' dir='ltr'><strong>hoe</strong></span> <span class='ocrx_word' id='word_1_518' title='bbox 3297 2624 3390 2679; x_wconf 89' lang='lat' dir='ltr'><strong>est</strong></span> 
     </span>
     <span class='ocr_line' id='line_1_77' title="bbox 1814 2708 3382 2787; baseline 0.001 -18"><span class='ocrx_word' id='word_1_519' title='bbox 1814 2726 2020 2770; x_wconf 88' lang='lat' dir='ltr'><strong>sermo</strong></span> <span class='ocrx_word' id='word_1_520' title='bbox 2043 2708 2112 2768; x_wconf 90' lang='lat' dir='ltr'><strong>in</strong></span> <span class='ocrx_word' id='word_1_521' title='bbox 2131 2708 2420 2787; x_wconf 63' lang='lat' dir='ltr'><strong>praesenti</strong></span> <span class='ocrx_word' id='word_1_522' title='bbox 2440 2724 2460 2785; x_wconf 86' lang='lat'><em>3</em></span> <span class='ocrx_word' id='word_1_523' title='bbox 2490 2714 2554 2769; x_wconf 89' lang='lat' dir='ltr'><strong>et</strong></span> <span class='ocrx_word' id='word_1_524' title='bbox 2579 2708 2657 2770; x_wconf 89' lang='lat' dir='ltr'><strong>de</strong></span> <span class='ocrx_word' id='word_1_525' title='bbox 2686 2708 2794 2769; x_wconf 89' lang='lat' dir='ltr'><strong>illo</strong></span> <span class='ocrx_word' id='word_1_526' title='bbox 2817 2708 3075 2770; x_wconf 84' lang='lat' dir='ltr'><strong>dicimus</strong></span> <span class='ocrx_word' id='word_1_527' title='bbox 3103 2727 3234 2771; x_wconf 88' lang='lat' dir='ltr'><strong>esse</strong></span> <span class='ocrx_word' id='word_1_528' title='bbox 3272 2728 3382 2770; x_wconf 84' lang='lat' dir='ltr'><strong>ua-</strong></span> 
     </span>
     <span class='ocr_line' id='line_1_78' title="bbox 1816 2801 3378 2883; baseline 0.001 -20"><span class='ocrx_word' id='word_1_529' title='bbox 1816 2801 2104 2878; x_wconf 88' lang='lat' dir='ltr'><strong>turalem,</strong></span> <span class='ocrx_word' id='word_1_530' title='bbox 2133 2802 2281 2883; x_wconf 84' lang='lat' dir='ltr'><strong>quia</strong></span> <span class='ocrx_word' id='word_1_531' title='bbox 2321 2809 2412 2863; x_wconf 85' lang='lat' dir='ltr'><strong>est</strong></span> <span class='ocrx_word' id='word_1_532' title='bbox 2449 2820 2558 2882; x_wconf 86' lang='lat' dir='ltr'><strong>per</strong></span> <span class='ocrx_word' id='word_1_533' title='bbox 2605 2802 2952 2863; x_wconf 87' lang='lat' dir='ltr'><strong>naturalem</strong></span> <span class='ocrx_word' id='word_1_534' title='bbox 3009 2802 3378 2879; x_wconf 84' lang='lat' dir='ltr'><strong>discursum,</strong></span> 
     </span>
     <span class='ocr_line' id='line_1_79' title="bbox 1814 2895 3375 2977; baseline 0 -20"><span class='ocrx_word' id='word_1_535' title='bbox 1814 2900 1877 2957; x_wconf 89' lang='lat' dir='ltr'><strong>et</strong></span> <span class='ocrx_word' id='word_1_536' title='bbox 1900 2914 1978 2957; x_wconf 83' lang='lat' dir='ltr'><strong>ex</strong></span> <span class='ocrx_word' id='word_1_537' title='bbox 2005 2896 2326 2975; x_wconf 77' lang='lat' dir='ltr'><strong>principiis</strong></span> <span class='ocrx_word' id='word_1_538' title='bbox 2349 2895 2720 2958; x_wconf 80' lang='lat' dir='ltr'><strong>naturaliter</strong></span> <span class='ocrx_word' id='word_1_539' title='bbox 2737 2896 3021 2975; x_wconf 86' lang='lat' dir='ltr'><strong>coguitis,</strong></span> <span class='ocrx_word' id='word_1_540' title='bbox 3053 2902 3126 2957; x_wconf 86' lang='lat' dir='ltr'><strong>ut</strong></span> <span class='ocrx_word' id='word_1_541' title='bbox 3153 2897 3375 2977; x_wconf 84' lang='lat' dir='ltr'><strong>proba-</strong></span> 
     </span>
     <span class='ocr_line' id='line_1_80' title="bbox 1814 2992 3381 3072; baseline 0.001 -22"><span class='ocrx_word' id='word_1_542' title='bbox 1814 2997 1949 3051; x_wconf 87' lang='lat' dir='ltr'><strong>tum</strong></span> <span class='ocrx_word' id='word_1_543' title='bbox 1979 2996 2106 3066; x_wconf 86' lang='lat' dir='ltr'><strong>est;</strong></span> <span class='ocrx_word' id='word_1_544' title='bbox 2136 2997 2198 3052; x_wconf 85' lang='lat' dir='ltr'><strong>et</strong></span> <span class='ocrx_word' id='word_1_545' title='bbox 2227 2992 2317 3053; x_wconf 85' lang='lat' dir='ltr'><strong>ita</strong></span> <span class='ocrx_word' id='word_1_546' title='bbox 2341 2995 2543 3072; x_wconf 85' lang='lat' dir='ltr'><strong>potest</strong></span> <span class='ocrx_word' id='word_1_547' title='bbox 2572 2997 3012 3071; x_wconf 82' lang='lat' dir='ltr'><strong>argumentum</strong></span> <span class='ocrx_word' id='word_1_548' title='bbox 3043 2992 3108 3053; x_wconf 87' lang='lat' dir='ltr'><strong>in</strong></span> <span class='ocrx_word' id='word_1_549' title='bbox 3135 2996 3381 3053; x_wconf 88' lang='lat' dir='ltr'><strong>contra·</strong></span> 
     </span>
     <span class='ocr_line' id='line_1_81' title="bbox 1816 3084 2378 3165; baseline 0 -20"><span class='ocrx_word' id='word_1_550' title='bbox 1816 3084 1982 3145; x_wconf 86' lang='lat' dir='ltr'><strong>rium</strong></span> <span class='ocrx_word' id='word_1_551' title='bbox 2009 3084 2378 3165; x_wconf 86' lang='lat' dir='ltr'><strong>retorqueri.</strong></span> 
     </span>
    </p>
   </div>
   <div class='ocr_carea' id='block_1_5' title="bbox 2311 3318 2879 3383">
    <p class='ocr_par' dir='ltr' id='par_1_6' title="bbox 2311 3318 2879 3383">
     <span class='ocr_line' id='line_1_82' title="bbox 2311 3318 2879 3383; baseline 0.004 -2"><span class='ocrx_word' id='word_1_552' title='bbox 2311 3318 2761 3383; x_wconf 85' lang='lat' dir='ltr'>DISPUTATIO</span> <span class='ocrx_word' id='word_1_553' title='bbox 2803 3320 2879 3383; x_wconf 86' lang='lat' dir='ltr'><strong>V.</strong></span> 
     </span>
    </p>
   </div>
   <div class='ocr_carea' id='block_1_6' title="bbox 1812 3540 3384 3685">
    <p class='ocr_par' dir='ltr' id='par_1_7' title="bbox 1812 3540 3384 3685">
     <span class='ocr_line' id='line_1_83' title="bbox 1812 3540 3384 3597; baseline 0 -4"><span class='ocrx_word' id='word_1_554' title='bbox 1812 3544 1891 3593; x_wconf 71' lang='lat' dir='ltr'><strong>m</strong></span> <span class='ocrx_word' id='word_1_555' title='bbox 1912 3542 2160 3593; x_wconf 68' lang='lat' dir='ltr'><strong>min-18</strong></span> <span class='ocrx_word' id='word_1_556' title='bbox 2177 3541 2384 3597; x_wconf 66' lang='lat' dir='ltr'><strong>emtus</strong></span> <span class='ocrx_word' id='word_1_557' title='bbox 2411 3540 2573 3591; x_wconf 70' lang='lat' dir='ltr'><strong>tum</strong></span> <span class='ocrx_word' id='word_1_558' title='bbox 2599 3543 2894 3591; x_wconf 65' lang='lat' dir='ltr'><strong>ommuni</strong></span> <span class='ocrx_word' id='word_1_559' title='bbox 2917 3542 3384 3593; x_wconf 67' lang='lat' dir='ltr'><strong>numurus</strong></span> 
     </span>
     <span class='ocr_line' id='line_1_84' title="bbox 2399 3636 2786 3685; baseline 0 -1"><span class='ocrx_word' id='word_1_560' title='bbox 2399 3636 2786 3685; x_wconf 72' lang='lat' dir='ltr'><strong>raomfflwa.</strong></span> 
     </span>
    </p>
   </div>
   <div class='ocr_carea' id='block_1_7' title="bbox 1792 3836 3380 5315">
    <p class='ocr_par' dir='ltr' id='par_1_8' title="bbox 1792 3836 3380 5315">
     <span class='ocr_line' id='line_1_85' title="bbox 1890 3836 3380 3918; baseline 0.001 -18"><span class='ocrx_word' id='word_1_561' title='bbox 1890 3836 2238 3918; x_wconf 70' lang='lat' dir='ltr'><strong>proponens</strong></span> <span class='ocrx_word' id='word_1_562' title='bbox 2275 3838 2456 3917; x_wconf 76' lang='lat' dir='ltr'><strong>fldem</strong></span> <span class='ocrx_word' id='word_1_563' title='bbox 2507 3838 2674 3900; x_wconf 74' lang='lat' dir='ltr'><strong>alius</strong></span> <span class='ocrx_word' id='word_1_564' title='bbox 2715 3836 3034 3916; x_wconf 54' lang='lat' dir='ltr'><strong>promimus</strong></span> <span class='ocrx_word' id='word_1_565' title='bbox 3054 3883 3074 3914; x_wconf 91' lang='lat'><strong>,</strong></span> <span class='ocrx_word' id='word_1_566' title='bbox 3119 3844 3380 3901; x_wconf 75' lang='lat' dir='ltr'><strong>remotus</strong></span> 
     </span>
     <span class='ocr_line' id='line_1_86' title="bbox 1804 3930 3379 4009; baseline -0.001 -14"><span class='ocrx_word' id='word_1_567' title='bbox 1804 3932 1992 3995; x_wconf 73' lang='lat' dir='ltr'><strong>alins.</strong></span> <span class='ocrx_word' id='word_1_568' title='bbox 2129 3930 2473 3993; x_wconf 75' lang='lat' dir='ltr'><strong>Discrimen</strong></span> <span class='ocrx_word' id='word_1_569' title='bbox 2525 3933 2687 3993; x_wconf 77' lang='lat' dir='ltr'><strong>inter</strong></span> <span class='ocrx_word' id='word_1_570' title='bbox 2729 3932 2915 4009; x_wconf 70' lang='lat' dir='ltr'><strong>ipsos.</strong></span> <span class='ocrx_word' id='word_1_571' title='bbox 2961 3966 3039 3977; x_wconf 91' lang='lat'>—</span> <span class='ocrx_word' id='word_1_572' title='bbox 3083 3930 3379 4007; x_wconf 86' lang='lat' dir='ltr'><strong>Quamvis</strong></span> 
     </span>
     <span class='ocr_line' id='line_1_87' title="bbox 1806 4022 3380 4088; baseline 0 0"><span class='ocrx_word' id='word_1_573' title='bbox 1806 4024 2108 4088; x_wconf 82' lang='lat' dir='ltr'><strong>certitudo</strong></span> <span class='ocrx_word' id='word_1_574' title='bbox 2135 4024 2282 4086; x_wconf 82' lang='lat' dir='ltr'><strong>iidei</strong></span> <span class='ocrx_word' id='word_1_575' title='bbox 2322 4042 2400 4086; x_wconf 86' lang='lat' dir='ltr'><strong>ex</strong></span> <span class='ocrx_word' id='word_1_576' title='bbox 2427 4024 2556 4085; x_wconf 81' lang='lat' dir='ltr'><strong>sola</strong></span> <span class='ocrx_word' id='word_1_577' title='bbox 2595 4022 2914 4086; x_wconf 73' lang='lat' dir='ltr'><strong>infallibili</strong></span> <span class='ocrx_word' id='word_1_578' title='bbox 2967 4024 3077 4086; x_wconf 83' lang='lat' dir='ltr'><strong>Dei</strong></span> <span class='ocrx_word' id='word_1_579' title='bbox 3115 4025 3380 4088; x_wconf 53' lang='lat' dir='ltr'><strong>auctori*</strong></span> 
     </span>
     <span class='ocr_line' id='line_1_88' title="bbox 1806 4117 3380 4199; baseline -0.001 -18"><span class='ocrx_word' id='word_1_580' title='bbox 1806 4124 1933 4181; x_wconf 78' lang='lat' dir='ltr'><strong>tate</strong></span> <span class='ocrx_word' id='word_1_581' title='bbox 1961 4118 2368 4181; x_wconf 84' lang='lat' dir='ltr'><strong>essentialiter</strong></span> <span class='ocrx_word' id='word_1_582' title='bbox 2389 4118 2680 4199; x_wconf 85' lang='lat' dir='ltr'><strong>pendeat,</strong></span> <span class='ocrx_word' id='word_1_583' title='bbox 2709 4117 2858 4199; x_wconf 80' lang='lat' dir='ltr'><strong>quia</strong></span> <span class='ocrx_word' id='word_1_584' title='bbox 2883 4122 3098 4179; x_wconf 88' lang='lat' dir='ltr'><strong>tamen</strong></span> <span class='ocrx_word' id='word_1_585' title='bbox 3142 4118 3380 4180; x_wconf 78' lang='lat' dir='ltr'><strong>doctri··</strong></span> 
     </span>
     <span class='ocr_line' id='line_1_89' title="bbox 1805 4210 3376 4293; baseline 0 -19"><span class='ocrx_word' id='word_1_586' title='bbox 1805 4230 1887 4274; x_wconf 80' lang='lat' dir='ltr'><strong>na</strong></span> <span class='ocrx_word' id='word_1_587' title='bbox 1930 4212 2206 4293; x_wconf 79' lang='lat' dir='ltr'><strong>ejusdem</strong></span> <span class='ocrx_word' id='word_1_588' title='bbox 2241 4210 2389 4272; x_wconf 80' lang='lat' dir='ltr'><strong>fidei</strong></span> <span class='ocrx_word' id='word_1_589' title='bbox 2445 4229 2572 4273; x_wconf 90' lang='lat' dir='ltr'><strong>non</strong></span> <span class='ocrx_word' id='word_1_590' title='bbox 2613 4212 2972 4273; x_wconf 81' lang='lat' dir='ltr'><strong>immediate</strong></span> <span class='ocrx_word' id='word_1_591' title='bbox 3025 4231 3064 4274; x_wconf 89' lang='lat' dir='ltr'><strong>a</strong></span> <span class='ocrx_word' id='word_1_592' title='bbox 3125 4212 3250 4274; x_wconf 87' lang='lat' dir='ltr'><strong>Deo</strong></span> <span class='ocrx_word' id='word_1_593' title='bbox 3297 4214 3376 4275; x_wconf 89' lang='lat' dir='ltr'><strong>ad</strong></span> 
     </span>
     <span class='ocr_line' id='line_1_90' title="bbox 1804 4302 3373 4385; baseline -0.001 -18"><span class='ocrx_word' id='word_1_594' title='bbox 1804 4305 2081 4384; x_wconf 80' lang='lat' dir='ltr'><strong>singulos</strong></span> <span class='ocrx_word' id='word_1_595' title='bbox 2107 4304 2423 4366; x_wconf 76' lang='lat' dir='ltr'><strong>eredentes</strong></span> <span class='ocrx_word' id='word_1_596' title='bbox 2448 4304 2788 4379; x_wconf 81' lang='lat' dir='ltr'><strong>descendit,</strong></span> <span class='ocrx_word' id='word_1_597' title='bbox 2815 4304 2996 4385; x_wconf 78' lang='lat' dir='ltr'><strong>juxta</strong></span> <span class='ocrx_word' id='word_1_598' title='bbox 3041 4302 3207 4367; x_wconf 86' lang='lat' dir='ltr'><strong>dicta</strong></span> <span class='ocrx_word' id='word_1_599' title='bbox 3251 4304 3373 4365; x_wconf 85' lang='lat' dir='ltr'><strong>dis-</strong></span> 
     </span>
     <span class='ocr_line' id='line_1_91' title="bbox 1808 4396 3374 4480; baseline -0.001 -20"><span class='ocrx_word' id='word_1_600' title='bbox 1808 4400 2129 4480; x_wconf 85' lang='lat' dir='ltr'><strong>putatione</strong></span> <span class='ocrx_word' id='word_1_601' title='bbox 2196 4396 2570 4478; x_wconf 64' lang='lat' dir='ltr'><strong>pracedenti</strong></span> <span class='ocrx_word' id='word_1_602' title='bbox 2599 4443 2621 4474; x_wconf 92' lang='lat'><strong>,</strong></span> <span class='ocrx_word' id='word_1_603' title='bbox 2679 4404 2821 4460; x_wconf 85' lang='lat' dir='ltr'><strong>sect.</strong></span> <span class='ocrx_word' id='word_1_604' title='bbox 2881 4400 2909 4458; x_wconf 88' lang='grc'>1</span> <span class='ocrx_word' id='word_1_605' title='bbox 2943 4443 2963 4474; x_wconf 97' lang='grc'>,</span> <span class='ocrx_word' id='word_1_606' title='bbox 3011 4396 3153 4459; x_wconf 86' lang='lat' dir='ltr'><strong>ideo</strong></span> <span class='ocrx_word' id='word_1_607' title='bbox 3211 4399 3374 4459; x_wconf 87' lang='lat' dir='ltr'><strong>inter</strong></span> 
     </span>
     <span class='ocr_line' id='line_1_92' title="bbox 1806 4490 3370 4571; baseline -0.002 -16"><span class='ocrx_word' id='word_1_608' title='bbox 1806 4496 2000 4555; x_wconf 89' lang='lat' dir='ltr'><strong>Deum</strong></span> <span class='ocrx_word' id='word_1_609' title='bbox 2032 4496 2094 4553; x_wconf 88' lang='lat' dir='ltr'><strong>et</strong></span> <span class='ocrx_word' id='word_1_610' title='bbox 2125 4510 2238 4554; x_wconf 86' lang='lat' dir='ltr'><strong>nos</strong></span> <span class='ocrx_word' id='word_1_611' title='bbox 2275 4492 2619 4553; x_wconf 84' lang='lat' dir='ltr'><strong>necessaria</strong></span> <span class='ocrx_word' id='word_1_612' title='bbox 2659 4496 2950 4552; x_wconf 83' lang='lat' dir='ltr'><strong>censetur</strong></span> <span class='ocrx_word' id='word_1_613' title='bbox 2987 4490 3192 4571; x_wconf 84' lang='lat' dir='ltr'><strong>aliqua</strong></span> <span class='ocrx_word' id='word_1_614' title='bbox 3241 4492 3370 4566; x_wconf 75' lang='lat' dir='ltr'><strong>via,</strong></span> 
     </span>
     <span class='ocr_line' id='line_1_93' title="bbox 1804 4581 3373 4667; baseline -0.002 -19"><span class='ocrx_word' id='word_1_615' title='bbox 1804 4604 1917 4667; x_wconf 87' lang='lat' dir='ltr'><strong>per</strong></span> <span class='ocrx_word' id='word_1_616' title='bbox 1941 4604 2128 4667; x_wconf 86' lang='lat' dir='ltr'><strong>quam</strong></span> <span class='ocrx_word' id='word_1_617' title='bbox 2176 4585 2454 4646; x_wconf 86' lang='lat' dir='ltr'><strong>doctrina</strong></span> <span class='ocrx_word' id='word_1_618' title='bbox 2491 4584 2601 4645; x_wconf 80' lang='lat' dir='ltr'><strong>illa</strong></span> <span class='ocrx_word' id='word_1_619' title='bbox 2639 4582 2919 4645; x_wconf 74' lang='lat' dir='ltr'><strong>Ecclesioe</strong></span> <span class='ocrx_word' id='word_1_620' title='bbox 2961 4581 3373 4645; x_wconf 78' lang='lat' dir='ltr'><strong>infallibiliter</strong></span> 
     </span>
     <span class='ocr_line' id='line_1_94' title="bbox 1804 4674 3372 4755; baseline -0.001 -14"><span class='ocrx_word' id='word_1_621' title='bbox 1804 4682 2184 4754; x_wconf 75' lang='lat' dir='ltr'><strong>innotescat3</strong></span> <span class='ocrx_word' id='word_1_622' title='bbox 2241 4684 2304 4739; x_wconf 80' lang='lat' dir='ltr'><strong>et</strong></span> <span class='ocrx_word' id='word_1_623' title='bbox 2327 4676 2460 4739; x_wconf 76' lang='lat' dir='ltr'><strong>baee</strong></span> <span class='ocrx_word' id='word_1_624' title='bbox 2488 4682 2748 4739; x_wconf 71' lang='lat' dir='ltr'><strong>voratur</strong></span> <span class='ocrx_word' id='word_1_625' title='bbox 2777 4674 3000 4755; x_wconf 79' lang='lat' dir='ltr'><strong>regula</strong></span> <span class='ocrx_word' id='word_1_626' title='bbox 3027 4675 3372 4739; x_wconf 74' lang='lat' dir='ltr'><strong>infallibilis</strong></span> 
     </span>
     <span class='ocr_line' id='line_1_95' title="bbox 1799 4767 3372 4853; baseline -0.001 -21"><span class='ocrx_word' id='word_1_627' title='bbox 1799 4770 1969 4848; x_wconf 83' lang='lat' dir='ltr'><strong>fidei,</strong></span> <span class='ocrx_word' id='word_1_628' title='bbox 2000 4788 2162 4853; x_wconf 77' lang='lat' dir='ltr'><strong>quae,</strong></span> <span class='ocrx_word' id='word_1_629' title='bbox 2205 4786 2281 4831; x_wconf 86' lang='lat' dir='ltr'><strong>ex</strong></span> <span class='ocrx_word' id='word_1_630' title='bbox 2323 4774 2500 4851; x_wconf 85' lang='lat' dir='ltr'><strong>parte</strong></span> <span class='ocrx_word' id='word_1_631' title='bbox 2529 4767 2780 4848; x_wconf 78' lang='lat' dir='ltr'><strong>objecti,</strong></span> <span class='ocrx_word' id='word_1_632' title='bbox 2811 4786 2926 4848; x_wconf 86' lang='lat' dir='ltr'><strong>per</strong></span> <span class='ocrx_word' id='word_1_633' title='bbox 2947 4767 3200 4829; x_wconf 86' lang='lat' dir='ltr'><strong>modum</strong></span> <span class='ocrx_word' id='word_1_634' title='bbox 3231 4788 3372 4849; x_wconf 86' lang='lat' dir='ltr'><strong>pro·</strong></span> 
     </span>
     <span class='ocr_line' id='line_1_96' title="bbox 1800 4862 3370 4945; baseline -0.001 -20"><span class='ocrx_word' id='word_1_635' title='bbox 1800 4864 2088 4945; x_wconf 78' lang='lat' dir='ltr'><strong>ponentis</strong></span> <span class='ocrx_word' id='word_1_636' title='bbox 2109 4880 2217 4924; x_wconf 90' lang='lat' dir='ltr'><strong>seu</strong></span> <span class='ocrx_word' id='word_1_637' title='bbox 2244 4862 2616 4943; x_wconf 79' lang='lat' dir='ltr'><strong>applicantis</strong></span> <span class='ocrx_word' id='word_1_638' title='bbox 2641 4878 2708 4922; x_wconf 89' lang='lat' dir='ltr'><strong>se</strong></span> <span class='ocrx_word' id='word_1_639' title='bbox 2747 4866 2952 4939; x_wconf 82' lang='lat' dir='ltr'><strong>tenet3</strong></span> <span class='ocrx_word' id='word_1_640' title='bbox 2979 4867 3042 4922; x_wconf 88' lang='lat' dir='ltr'><strong>et</strong></span> <span class='ocrx_word' id='word_1_641' title='bbox 3073 4862 3214 4923; x_wconf 86' lang='lat' dir='ltr'><strong>ideo</strong></span> <span class='ocrx_word' id='word_1_642' title='bbox 3236 4863 3370 4941; x_wconf 83' lang='lat' dir='ltr'><strong>ejus</strong></span> 
     </span>
     <span class='ocr_line' id='line_1_97' title="bbox 1797 4954 3368 5035; baseline -0.001 -15"><span class='ocrx_word' id='word_1_643' title='bbox 1797 4959 2086 5021; x_wconf 83' lang='lat' dir='ltr'><strong>tractatio</strong></span> <span class='ocrx_word' id='word_1_644' title='bbox 2121 4957 2202 5019; x_wconf 87' lang='lat' dir='ltr'><strong>ad</strong></span> <span class='ocrx_word' id='word_1_645' title='bbox 2229 4956 2398 5018; x_wconf 89' lang='lat' dir='ltr'><strong>hunc</strong></span> <span class='ocrx_word' id='word_1_646' title='bbox 2423 4954 2632 5017; x_wconf 87' lang='lat' dir='ltr'><strong>locum</strong></span> <span class='ocrx_word' id='word_1_647' title='bbox 2675 4960 2952 5035; x_wconf 79' lang='lat' dir='ltr'><strong>spectat3</strong></span> <span class='ocrx_word' id='word_1_648' title='bbox 2995 4962 3056 5015; x_wconf 90' lang='lat' dir='ltr'><strong>et</strong></span> <span class='ocrx_word' id='word_1_649' title='bbox 3097 4956 3184 5016; x_wconf 85' lang='lat' dir='ltr'><strong>ita</strong></span> <span class='ocrx_word' id='word_1_650' title='bbox 3211 4958 3368 5018; x_wconf 86' lang='lat' dir='ltr'><strong>trae·</strong></span> 
     </span>
     <span class='ocr_line' id='line_1_98' title="bbox 1795 5048 3365 5129; baseline -0.001 -16"><span class='ocrx_word' id='word_1_651' title='bbox 1795 5053 1913 5113; x_wconf 89' lang='lat' dir='ltr'><strong>tari</strong></span> <span class='ocrx_word' id='word_1_652' title='bbox 1940 5050 2156 5112; x_wconf 83' lang='lat' dir='ltr'><strong>soleta</strong></span> <span class='ocrx_word' id='word_1_653' title='bbox 2177 5050 2508 5129; x_wconf 76' lang='lat' dir='ltr'><strong>Theologis</strong></span> <span class='ocrx_word' id='word_1_654' title='bbox 2535 5050 2596 5110; x_wconf 75' lang='grc' dir='ltr'><strong>Ξ.</strong></span> <span class='ocrx_word' id='word_1_655' title='bbox 2627 5048 2692 5123; x_wconf 73' lang='lat'><strong>2,</strong></span> <span class='ocrx_word' id='word_1_656' title='bbox 2719 5066 2784 5129; x_wconf 83' lang='lat' dir='ltr'><strong>q.</strong></span> <span class='ocrx_word' id='word_1_657' title='bbox 2825 5052 2885 5125; x_wconf 89' lang='grc'><strong>1,</strong></span> <span class='ocrx_word' id='word_1_658' title='bbox 2918 5055 3035 5110; x_wconf 84' lang='lat' dir='ltr'><strong>art.</strong></span> <span class='ocrx_word' id='word_1_659' title='bbox 3069 5050 3170 5125; x_wconf 86' lang='grc'><strong>10,</strong></span> <span class='ocrx_word' id='word_1_660' title='bbox 3201 5055 3263 5111; x_wconf 89' lang='lat' dir='ltr'><strong>et</strong></span> <span class='ocrx_word' id='word_1_661' title='bbox 3285 5049 3365 5111; x_wconf 91' lang='lat' dir='ltr'><strong>ab</strong></span> 
     </span>
     <span class='ocr_line' id='line_1_99' title="bbox 1794 5142 3365 5225; baseline -0.003 -18"><span class='ocrx_word' id='word_1_662' title='bbox 1794 5146 1931 5208; x_wconf 87' lang='lat' dir='ltr'><strong>aliis</strong></span> <span class='ocrx_word' id='word_1_663' title='bbox 1955 5144 2064 5225; x_wconf 84' lang='lat' dir='ltr'><strong>qui</strong></span> <span class='ocrx_word' id='word_1_664' title='bbox 2091 5148 2169 5205; x_wconf 84' lang='lat' dir='ltr'><strong>de</strong></span> <span class='ocrx_word' id='word_1_665' title='bbox 2191 5142 2614 5205; x_wconf 72' lang='lat' dir='ltr'><strong>fundamentis</strong></span> <span class='ocrx_word' id='word_1_666' title='bbox 2635 5142 2780 5203; x_wconf 77' lang='lat' dir='ltr'><strong>fidei</strong></span> <span class='ocrx_word' id='word_1_667' title='bbox 2801 5142 3201 5222; x_wconf 83' lang='lat' dir='ltr'><strong>scripserunt,</strong></span> <span class='ocrx_word' id='word_1_668' title='bbox 3233 5147 3302 5203; x_wconf 90' lang='lat' dir='ltr'><strong>ut</strong></span> <span class='ocrx_word' id='word_1_669' title='bbox 3325 5161 3365 5203; x_wconf 87' lang='lat' dir='ltr'><strong>a</strong></span> 
     </span>
     <span class='ocr_line' id='line_1_100' title="bbox 1792 5234 3363 5315; baseline -0.001 -17"><span class='ocrx_word' id='word_1_670' title='bbox 1792 5237 2115 5310; x_wconf 83' lang='lat' dir='ltr'><strong>Driedone,</strong></span> <span class='ocrx_word' id='word_1_671' title='bbox 2145 5236 2256 5298; x_wconf 88' lang='lat' dir='ltr'><strong>lib.</strong></span> <span class='ocrx_word' id='word_1_672' title='bbox 2295 5236 2374 5297; x_wconf 91' lang='lat' dir='ltr'><strong>de</strong></span> <span class='ocrx_word' id='word_1_673' title='bbox 2401 5237 2651 5315; x_wconf 66' lang='lat' dir='ltr'><strong>Dogm„</strong></span> <span class='ocrx_word' id='word_1_674' title='bbox 2672 5240 2736 5296; x_wconf 89' lang='lat' dir='ltr'><strong>et</strong></span> <span class='ocrx_word' id='word_1_675' title='bbox 2765 5234 2955 5308; x_wconf 81' lang='lat' dir='ltr'><strong>Cano,</strong></span> <span class='ocrx_word' id='word_1_676' title='bbox 2980 5235 3043 5295; x_wconf 89' lang='lat' dir='ltr'><strong>iu</strong></span> <span class='ocrx_word' id='word_1_677' title='bbox 3075 5252 3258 5315; x_wconf 86' lang='lat' dir='ltr'><strong>opere</strong></span> <span class='ocrx_word' id='word_1_678' title='bbox 3285 5236 3363 5297; x_wconf 88' lang='lat' dir='ltr'><strong>de</strong></span> 
     </span>
    </p>
   </div>
   <div class='ocr_carea' id='block_1_8' title="bbox 164 5324 3361 5691">
    <p class='ocr_par' dir='ltr' id='par_1_9' title="bbox 164 5324 3361 5691">
     <span class='ocr_line' id='line_1_101' title="bbox 164 5324 3361 5413; baseline 0 -25"><span class='ocrx_word' id='word_1_679' title='bbox 164 5336 339 5391; x_wconf 75' lang='lat' dir='ltr'><strong>traete</strong></span> <span class='ocrx_word' id='word_1_680' title='bbox 356 5332 545 5407; x_wconf 83' lang='lat' dir='ltr'><strong>sumi,</strong></span> <span class='ocrx_word' id='word_1_681' title='bbox 572 5336 647 5391; x_wconf 86' lang='lat' dir='ltr'><strong>nt</strong></span> <span class='ocrx_word' id='word_1_682' title='bbox 672 5328 1139 5410; x_wconf 75' lang='lat' dir='ltr'><strong>comprehendit</strong></span> <span class='ocrx_word' id='word_1_683' title='bbox 1154 5327 1385 5390; x_wconf 86' lang='lat' dir='ltr'><strong>claram</strong></span> <span class='ocrx_word' id='word_1_684' title='bbox 1406 5334 1467 5390; x_wconf 86' lang='lat' dir='ltr'><strong>et</strong></span> <span class='ocrx_word' id='word_1_685' title='bbox 1490 5328 1711 5390; x_wconf 87' lang='lat' dir='ltr'><strong>obscu-</strong></span> <span class='ocrx_word' id='word_1_686' title='bbox 1786 5331 1929 5407; x_wconf 71' lang='lat' dir='ltr'><strong>Loc.</strong></span> <span class='ocrx_word' id='word_1_687' title='bbox 1960 5324 2226 5413; x_wconf 46' lang='lat' dir='ltr'><strong>&#39;sshssssfild</strong></span> <span class='ocrx_word' id='word_1_688' title='bbox 2279 5326 2689 5401; x_wconf 83' lang='lat' dir='ltr'><strong>Bellarmino,</strong></span> <span class='ocrx_word' id='word_1_689' title='bbox 2737 5326 3008 5388; x_wconf 86' lang='lat' dir='ltr'><strong>secundo</strong></span> <span class='ocrx_word' id='word_1_690' title='bbox 3052 5328 3246 5400; x_wconf 88' lang='lat' dir='ltr'><strong>tomo,</strong></span> <span class='ocrx_word' id='word_1_691' title='bbox 3294 5327 3361 5388; x_wconf 87' lang='lat' dir='ltr'><strong>in</strong></span> 
     </span>
     <span class='ocr_line' id='line_1_102' title="bbox 164 5412 3361 5505; baseline -0 -23"><span class='ocrx_word' id='word_1_692' title='bbox 164 5442 483 5498; x_wconf 61' lang='lat' dir='ltr'><strong>rammam</strong></span> <span class='ocrx_word' id='word_1_693' title='bbox 514 5426 703 5487; x_wconf 82' lang='lat' dir='ltr'><strong>etiam</strong></span> <span class='ocrx_word' id='word_1_694' title='bbox 732 5442 831 5486; x_wconf 89' lang='lat' dir='ltr'><strong>res</strong></span> <span class='ocrx_word' id='word_1_695' title='bbox 856 5440 999 5505; x_wconf 65' lang='lat' dir='ltr'><strong>quae</strong></span> <span class='ocrx_word' id='word_1_696' title='bbox 1028 5422 1395 5499; x_wconf 88' lang='lat' dir='ltr'><strong>creduntur,</strong></span> <span class='ocrx_word' id='word_1_697' title='bbox 1430 5440 1545 5484; x_wconf 84' lang='lat' dir='ltr'><strong>suo</strong></span> <span class='ocrx_word' id='word_1_698' title='bbox 1575 5440 1709 5483; x_wconf 88' lang='lat' dir='ltr'><strong>mo-</strong></span> <span class='ocrx_word' id='word_1_699' title='bbox 1788 5421 1899 5484; x_wconf 69' lang='lat' dir='ltr'><strong>lib:</strong></span> <span class='ocrx_word' id='word_1_700' title='bbox 1932 5422 2012 5483; x_wconf 88' lang='lat' dir='ltr'><strong>de</strong></span> <span class='ocrx_word' id='word_1_701' title='bbox 2037 5412 2244 5494; x_wconf 62' lang='lat' dir='ltr'><strong>viii-bo</strong></span> <span class='ocrx_word' id='word_1_702' title='bbox 2270 5421 2404 5497; x_wconf 88' lang='lat' dir='ltr'><strong>Dei,</strong></span> <span class='ocrx_word' id='word_1_703' title='bbox 2423 5427 2487 5482; x_wconf 91' lang='lat' dir='ltr'><strong>et</strong></span> <span class='ocrx_word' id='word_1_704' title='bbox 2513 5438 2639 5501; x_wconf 88' lang='lat' dir='ltr'><strong>seq.</strong></span> <span class='ocrx_word' id='word_1_705' title='bbox 2667 5434 2687 5497; x_wconf 89' lang='lat'>;</span> <span class='ocrx_word' id='word_1_706' title='bbox 2712 5420 2942 5494; x_wconf 76' lang='lat' dir='ltr'><strong>Castro,</strong></span> <span class='ocrx_word' id='word_1_707' title='bbox 2973 5418 3132 5480; x_wconf 87' lang='lat' dir='ltr'><strong>libro</strong></span> <span class='ocrx_word' id='word_1_708' title='bbox 3161 5419 3361 5500; x_wconf 86' lang='lat' dir='ltr'><strong>primo</strong></span> 
     </span>
     <span class='ocr_line' id='line_1_103' title="bbox 164 5512 3359 5597; baseline 0.001 -24"><span class='ocrx_word' id='word_1_709' title='bbox 164 5516 239 5575; x_wconf 79' lang='lat' dir='ltr'><strong>do</strong></span> <span class='ocrx_word' id='word_1_710' title='bbox 276 5518 755 5593; x_wconf 59' lang='lat' dir='ltr'><strong>manifestantur,</strong></span> <span class='ocrx_word' id='word_1_711' title='bbox 784 5518 963 5597; x_wconf 80' lang='lat' dir='ltr'><strong>juxta</strong></span> <span class='ocrx_word' id='word_1_712' title='bbox 1000 5516 1154 5578; x_wconf 88' lang='lat' dir='ltr'><strong>illud</strong></span> <span class='ocrx_word' id='word_1_713' title='bbox 1186 5516 1411 5578; x_wconf 80' lang='lat' dir='ltr'><strong>Christi</strong></span> <span class='ocrx_word' id='word_1_714' title='bbox 1436 5516 1704 5593; x_wconf 87' lang='lat' dir='ltr'><strong>Domini,</strong></span> <span class='ocrx_word' id='word_1_715' title='bbox 1789 5516 1868 5577; x_wconf 87' lang='lat' dir='ltr'><strong>de</strong></span> <span class='ocrx_word' id='word_1_716' title='bbox 1896 5516 2164 5593; x_wconf 54' lang='lat' dir='ltr'><strong>Haeresq,</strong></span> <span class='ocrx_word' id='word_1_717' title='bbox 2200 5522 2262 5579; x_wconf 89' lang='lat' dir='ltr'><strong>et</strong></span> <span class='ocrx_word' id='word_1_718' title='bbox 2307 5516 2446 5579; x_wconf 84' lang='lat' dir='ltr'><strong>aliis</strong></span> <span class='ocrx_word' id='word_1_719' title='bbox 2489 5514 2720 5576; x_wconf 86' lang='lat' dir='ltr'><strong>multis.</strong></span> <span class='ocrx_word' id='word_1_720' title='bbox 2773 5514 2854 5575; x_wconf 90' lang='lat' dir='ltr'><strong>Ut</strong></span> <span class='ocrx_word' id='word_1_721' title='bbox 2889 5518 3099 5575; x_wconf 89' lang='lat' dir='ltr'><strong>antem</strong></span> <span class='ocrx_word' id='word_1_722' title='bbox 3135 5512 3359 5575; x_wconf 79' lang='lat' dir='ltr'><strong>melius</strong></span> 
     </span>
     <span class='ocr_line' id='line_1_104' title="bbox 170 5607 3358 5691; baseline 0.001 -22"><span class='ocrx_word' id='word_1_723' title='bbox 170 5610 335 5672; x_wconf 75' lang='lat' dir='ltr'><strong>Joan.</strong></span> <span class='ocrx_word' id='word_1_724' title='bbox 359 5614 433 5675; x_wconf 78' lang='grc'><strong>16</strong></span> <span class='ocrx_word' id='word_1_725' title='bbox 460 5634 479 5673; x_wconf 87' lang='lat'>:</span> <span class='ocrx_word' id='word_1_726' title='bbox 509 5610 915 5691; x_wconf 70' lang='lat' dir='ltr'><strong>Manifestavi</strong></span> <span class='ocrx_word' id='word_1_727' title='bbox 963 5627 1178 5674; x_wconf 70' lang='lat' dir='ltr'><strong>nomen</strong></span> <span class='ocrx_word' id='word_1_728' title='bbox 1227 5614 1399 5673; x_wconf 75' lang='lat' dir='ltr'><strong>tuum</strong></span> <span class='ocrx_word' id='word_1_729' title='bbox 1443 5610 1709 5673; x_wconf 68' lang='lat' dir='ltr'><strong>leomini-</strong></span> <span class='ocrx_word' id='word_1_730' title='bbox 1790 5609 2178 5691; x_wconf 77' lang='lat' dir='ltr'><strong>intelligatur</strong></span> <span class='ocrx_word' id='word_1_731' title='bbox 2207 5611 2290 5688; x_wconf 65' lang='lat' dir='ltr'><strong>de</strong></span> <span class='ocrx_word' id='word_1_732' title='bbox 2317 5628 2442 5691; x_wconf 85' lang='lat' dir='ltr'><strong>qua</strong></span> <span class='ocrx_word' id='word_1_733' title='bbox 2473 5628 2541 5671; x_wconf 89' lang='lat' dir='ltr'><strong>re</strong></span> <span class='ocrx_word' id='word_1_734' title='bbox 2585 5608 2665 5669; x_wconf 91' lang='lat' dir='ltr'><strong>sit</strong></span> <span class='ocrx_word' id='word_1_735' title='bbox 2707 5624 2934 5685; x_wconf 87' lang='lat' dir='ltr'><strong>sermo,</strong></span> <span class='ocrx_word' id='word_1_736' title='bbox 2979 5607 3358 5688; x_wconf 82' lang='lat' dir='ltr'><strong>distinguere</strong></span> 
     </span>
    </p>
   </div>
   <div class='ocr_carea' id='block_1_9' title="bbox 3885 4408 3888 5185">
    <p class='ocr_par' dir='ltr' id='par_1_10' title="bbox 3885 4408 3888 5185">
     <span class='ocr_line' id='line_1_105' title="bbox 3885 4408 3888 5185; baseline 0 0"><span class='ocrx_word' id='word_1_737' title='bbox 3885 4408 3888 5185; x_wconf 95' lang='lat' dir='ltr'><strong> </strong></span> 
     </span>
    </p>
   </div>
  </div>
 </body>
</html>
