3900 6217
619 368 789 425 secr.
825 373 908 426 lv,
943 371 1028 424 ΑΝ
1059 371 1238 427 rioms
1267 373 1599 430 sxrum‘m
1631 367 1894 428 smaou
1925 375 2323 438 ammaum
2354 374 2421 430 m
2452 375 2613 432 LEGE
2648 369 2913 432 enirm.

203 474 328 536 sime
349 477 432 534 est
473 488 658 550 supra
697 478 948 552 captum
977 473 1352 555 simplicium
1407 476 1710 552 fidelium,

203 573 260 628 ut
290 570 440 645 patet
462 582 536 626 ex
562 564 888 628 altitudine
933 568 1396 646 mysteriorum,
1441 583 1504 631 et
1529 589 1713 650 expe-

201 660 388 720 rientia
411 657 472 718 id
520 658 764 720 videtur
803 668 1082 722 constare
1099 677 1122 738 3
1164 663 1328 723 unde
1371 681 1483 742 per
1523 663 1711 723 talem

201 751 593 825 obligationem
613 751 796 812 multi
815 760 1273 832 exponerentur
1293 755 1589 836 periculo,
1612 755 1712 815 vel

201 843 596 918 damnationis,
618 843 722 904 vel
745 844 960 906 saltem
987 848 1278 925 peccandi
1308 848 1534 928 saepius
1553 866 1715 909 mor-

201 937 404 1010 taliter3
435 955 582 1016 ergo
611 955 738 998 non
788 945 882 1000 est
907 939 1365 1002 admittendum
1409 942 1534 1002 tale
1564 960 1716 1021 prae-

199 1035 427 1108 ceptum.
475 1029 702 1107 Tertio,
737 1031 996 1093 materia
1024 1033 1316 1114 praecepti
1360 1033 1541 1094 debet
1583 1051 1716 1096 esse

197 1129 364 1194 εει-ως
393 1120 454 1181 in
484 1125 770 1201 proesenti
820 1131 1032 1188 autem
1071 1127 1236 1190 ultra
1283 1145 1356 1188 ea
1403 1145 1540 1208 quoe
1567 1127 1716 1188 dicit

195 1214 280 1274 illa
305 1214 526 1294 opinio,
560 1216 734 1278 nulla
779 1223 947 1279 certa
981 1220 1244 1280 materia
1290 1221 1432 1280 talis
1479 1220 1716 1300 obliga·

194 1307 348 1368 tionis
366 1307 672 1385 designari
699 1315 898 1388 potest
925 1328 942 1372 t
969 1329 1142 1389 ergo.
1161 1312 1366 1373 Minor
1390 1313 1708 1392 probatur.

195 1399 320 1472 Quia
335 1399 384 1462 si
407 1399 618 1478 aliqua
635 1407 814 1476 esset,
839 1405 1110 1464 maxime
1129 1404 1484 1484 symbolum
1504 1405 1600 1466 vel
1613 1424 1714 1466 ar·

191 1492 332 1552 ticuli
347 1492 518 1560 fideiz
555 1493 672 1555 hoe
695 1501 905 1556 autem
929 1495 1050 1557 dici
1079 1515 1204 1558 non
1227 1504 1448 1578 potest.
1479 1499 1712 1577 Primo,

192 1585 312 1665 quia
349 1586 532 1648 etiam
560 1587 726 1650 inter
749 1589 910 1669 ipsos
937 1589 1282 1670 Theologos
1307 1609 1434 1654 non
1457 1599 1551 1654 est
1575 1611 1712 1655 cer-

191 1687 298 1742 tum
323 1687 464 1761 quot
489 1683 619 1744 sint
655 1683 902 1745 articuli
943 1684 1088 1746 fidei
1104 1701 1125 1761 3
1155 1686 1264 1746 alii
1292 1688 1460 1748 enim
1485 1687 1712 1748 duode-

190 1775 306 1849 cim,
329 1775 430 1836 alii
449 1776 924 1854 quatuordecim
971 1785 1331 1842 numerant.
1385 1780 1618 1840 Deinde
1648 1781 1715 1842 in

189 1867 456 1930 hisetiam
481 1869 650 1930 inter
689 1887 754 1931 se
781 1887 908 1931 non
939 1872 1356 1933 consentiunt.
1405 1873 1562 1934 Nam
1599 1873 1715 1934 Bo·

187 1967 490 2022 mventura
545 1961 612 2022 in
665 1963 852 2024 tertio
872 2006 892 2037 ,
943 1964 1342 2026 distinctione
1410 1965 1716 2044 vigesima

185 2054 370 2132 prima,
395 2054 660 2116 articulo
713 2056 937 2136 primo,
967 2057 1310 2137 quaestione
1357 2060 1396 2119 2
1409 2075 1431 2136 ;
1490 2064 1551 2119 et
1587 2060 1716 2120 Du-

185 2147 395 2222 raudus,
419 2149 764 2227 quaestione
792 2152 1016 2230 prima,
1039 2158 1228 2230 negat
1255 2171 1384 2213 csse
1415 2152 1530 2214 suh
1558 2170 1714 2231 prae·

183 2249 328 2320 oepto
355 2242 608 2304 credere
633 2261 850 2305 omnes
877 2246 1192 2322 articuloS,
1243 2245 1460 2308 saltem
1490 2245 1716 2306 huma-

185 2335 382 2408 nitatis,
425 2341 490 2395 et
528 2355 650 2416 pro
689 2337 908 2414 regula
945 2337 1125 2418 ponit
1163 2345 1236 2398 ut
1273 2338 1366 2399 illi
1389 2339 1716 2400 credantur

183 2445 310 2505 quos
327 2428 587 2491 Ecclesia
619 2429 864 2508 publice
887 2429 1156 2492 celebrat
1171 2449 1193 2508 3·
1219 2449 1360 2510 quoe
1391 2438 1602 2492 tamen
1622 2449 1716 2490 re-

185 2519 304 2596 gula
327 2539 448 2582 non
489 2521 746 2587 videtur
771 2528 1086 2598 constans,
1115 2525 1264 2604 quia
1309 2525 1512 2585 multa
1555 2541 1719 2602 mys-

183 2613 310 2674 teria
327 2614 596 2676 celebrat
621 2615 912 2686 Ecclesia,
939 2635 1082 2695 quae
1105 2635 1234 2678 non
1265 2623 1556 2678 tenentur
1583 2634 1718 2677 om-

183 2725 272 2766 nes
281 2707 482 2768 fideles
497 2707 798 2788 explicite
813 2709 1088 2784 credere,
1103 2717 1173 2770 nt
1196 2711 1716 2784 circumcisionis,

183 2799 764 2878 Transfigurationis,
789 2802 1092 2864 adventus
1117 2803 1377 2882 Spiritus
1395 2803 1630 2876 Sancti,
1657 2809 1720 2864 et

183 2892 396 2954 similia.
427 2895 738 2956 Praeterea
757 2895 936 2956 divus
957 2896 1248 2971 Thomas,
1273 2896 1341 2956 in
1365 2896 1570 2971 tertio,
1597 2898 1721 2956 dis-

183 2983 442 3048 tinctione
464 2987 772 3065 vigesima
797 2988 1040 3068 quinta,
1059 2990 1400 3067 quaestione
1420 2989 1714 3066 secunda,

181 3077 404 3138 articulo
451 3080 700 3158 primo,
747 3081 1086 3160 qnoestione
1152 3083 1191 3142 2
1209 3126 1229 3155 ‚
1301 3082 1381 3144 ad
1433 3081 1718 3157 tertium,

183 3187 428 3248 expresse
451 3178 650 3252 negat
693 3191 822 3234 esse
865 3176 1280 3236 necessarium
1309 3173 1600 3236 omnibus
1641 3174 1714 3234 fi-

183 3262 388 3326 delibus
401 3264 660 3327 credere
677 3265 968 3345 explicite
987 3284 1206 3327 omnes
1233 3266 1525 3328 articulos
1551 3266 1720 3342 fidei,

181 3361 230 3416 et
259 3357 409 3420 idem
439 3365 668 3421 tenent
699 3360 1065 3436 Richardus,
1093 3360 1341 3422 Gabriel
1389 3367 1452 3422 et
1492 3361 1620 3423 alii.
1650 3361 1718 3423 Si

181 3458 356 3512 autem
381 3470 512 3514 non
540 3460 642 3515 est
697 3454 1110 3516 necessarium
1169 3472 1386 3516 omnes
1431 3455 1718 3535 explicite

181 3542 412 3622 credere,
429 3545 568 3607 fere
591 3564 725 3606 non
755 3551 847 3607 est
865 3546 1068 3625 major
1092 3547 1252 3607 ratio
1277 3548 1356 3608 de
1377 3565 1506 3608 uno
1529 3565 1716 3626 quam

181 3635 242 3696 de
270 3637 382 3699 alio
391 3654 412 3715 3
445 3639 630 3701 nulla
670 3657 824 3719 ergo
849 3647 1018 3702 certa
1059 3641 1319 3702 materia
1344 3640 1510 3701 illius
1562 3659 1720 3720 prae-

185 3731 314 3806 cepti
342 3731 662 3812 designari
690 3739 912 3812 potest.
941 3733 1122 3796 Unde
1164 3733 1497 3813 sylvester,
1530 3733 1722 3795 verbo

185 3821 352 3899 Fides,
389 3827 742 3904 quastione
785 3826 1000 3902 tertia,
1049 3843 1235 3906 quem
1271 3827 1556 3886 imitatur
1594 3827 1722 3888 Me-

189 3913 326 3992 dina,
373 3916 534 3978 libro
583 3925 814 3998 quarto
863 3920 943 3982 de
990 3921 1178 3982 Recta
1209 3921 1276 3980 in
1315 3921 1514 3980 Deum
1547 3919 1718 3994 Fide,

187 4010 354 4086 capite
379 4019 580 4088 sexto,
609 4012 778 4072 dixit
803 4015 950 4074 satis
1001 4031 1134 4074 esse
1175 4031 1250 4075 ea
1279 4013 1530 4074 credere
1578 4029 1720 4092 quae

190 4101 461 4165 sufficiunt
514 4105 599 4166 ad
653 4104 1054 4183 dirigendum
1084 4107 1406 4167 hominem
1449 4106 1515 4166 in
1575 4105 1722 4166 ulti·

187 4211 326 4256 mum
361 4197 578 4274 finem,
628 4199 796 4261 etad
830 4199 1026 4260 vitam
1056 4206 1224 4260 recte
1251 4199 1717 4271 instituendam,

189 4289 358 4365 qualia
398 4305 569 4364 sunt,
621 4293 852 4371 inquit,
897 4293 1182 4372 explicite
1231 4293 1482 4354 credere
1523 4292 1722 4354 Deum

187 4399 312 4458 esse,
325 4391 382 4446 et
400 4385 860 4464 providentiam
893 4388 1050 4464 ejus,
1073 4392 1137 4446 et
1153 4387 1450 4465 mysteria
1471 4386 1720 4460 Christi,

189 4478 458 4555 precipue
520 4497 670 4558 quoe
724 4479 968 4558 publice
1025 4480 1092 4540 in
1160 4479 1430 4540 Ecclesia
1505 4478 1726 4540 solem·

189 4567 451 4631 nizantnr.
487 4573 568 4630 Et
590 4571 862 4652 denique
891 4570 1224 4646 concludit,
1255 4572 1420 4651 quod
1464 4571 1723 4652 quilibet

190 4662 399 4721 leuetur
425 4662 720 4742 explicite
743 4664 1018 4742 credere,
1047 4664 1209 4725 circa
1235 4665 1526 4726 articulos
1549 4663 1720 4739 fidei,

189 4753 534 4828 pertinentia
573 4754 660 4816 ad
699 4755 974 4816 officium
1009 4774 1217 4832 suum,
1247 4764 1366 4818 etc.
1417 4756 1538 4819 Sed
1591 4755 1724 4818 haec

191 4847 416 4908 materia
435 4847 588 4909 satis
609 4847 872 4909 confusa
899 4855 962 4910 et
987 4851 1223 4910 incerta
1247 4856 1364 4924 est,
1391 4856 1454 4912 et
1477 4850 1725 4910 videtur

191 4933 400 5015 impleri
418 4959 532 5020 per
549 4939 745 5002 fidem
765 4941 874 5002 Dei
897 4943 1403 5017 remuneratoris,
1427 4950 1490 5003 et
1513 4942 1726 5020 cogni·

193 5027 390 5092 tionem
413 5035 880 5108 mandatorum,
911 5051 1102 5112 quam
1131 5035 1335 5115 prima
1364 5034 1578 5115 opinio
1601 5053 1726 5096 non

195 5131 370 5200 negat,
409 5131 471 5186 et
523 5127 620 5188 ita
666 5123 960 5188 videntur
1005 5125 1076 5188 hi
1117 5134 1398 5190 auctores
1442 5145 1586 5190 cum
1619 5127 1730 5188 illa

197 5217 528 5280 caecutire.

257 5308 312 5368 4.
331 5308 543 5376 Prima
553 5315 846 5378 ammio:
860 5316 1089 5395 major,
1107 5332 1216 5377 seu
1231 5314 1568 5396 expressior
1577 5316 1729 5395 fides

199 5401 436 5480 evicim-
461 5405 534 5467 ἑτι
571 5406 702 5488 lege
723 5409 966 5489 qratioe,
997 5425 1180 5490 quam
1198 5409 1264 5470 in
1291 5409 1458 5472 aliis.
1495 5439 1576 5453 —
1611 5409 1730 5469 Pro

201 5491 562 5574 resolutione,
593 5499 1011 5579 supponendae
1044 5505 1189 5562 sunt
1215 5499 1338 5560 illae
1361 5499 1497 5560 duae
1527 5505 1732 5580 partes

1793 473 1960 550 fidei,
1992 495 2143 555 quas
2170 495 2335 557 saepe
2352 478 2630 555 distinxi,
2658 479 2909 557 scilieet,
2932 497 3071 560 quie
3099 486 3190 541 est
3219 499 3361 561 pro-

1791 575 1930 648 pter
1960 571 2377 648 cognitionem
2408 578 2469 633 et
2518 579 2769 652 propter
2810 575 3255 652 operationem.
3287 577 3365 636 Et

1792 661 1867 722 de
1887 669 2150 742 utraque
2180 666 2573 726 statuendum
2594 672 2769 727 estut
2783 673 3041 742 certum,
3062 669 3362 745 majorem

1794 756 1979 817 fidem
2016 775 2125 816 seu
2157 759 2357 836 magis
2402 759 2751 838 explicitam
2800 761 3031 840 requiri
3077 780 3152 821 ex
3204 781 3364 840 prae-

1796 855 1973 929 cepto
2001 850 2067 909 in
2091 849 2225 930 lege
2248 851 2482 929 gratiss,
2506 870 2692 930 qnam
2716 859 2901 914 antea
2922 855 3358 931 requireretur.

1797 943 1863 1002 In
1893 943 2011 1003 hoc
2040 946 2371 1006 convenire
2410 946 2701 1006 videntur
2729 964 2943 1006 omnes
2970 947 3265 1025 Theologi
3294 949 3363 1009 in

1794 1036 1981 1096 tertio
2008 1044 2378 1115 argumento
2420 1039 2485 1098 in
2528 1057 2791 1099 numero
2816 1039 3185 1118 praecedenti
3216 1041 3363 1102 alle·

1797 1129 1950 1207 gati,
1976 1134 2036 1190 et
2064 1129 2170 1189 alii
2198 1132 2408 1191 statim
2442 1131 2749 1191 referendi
2778 1153 2795 1206 3
2829 1137 2891 1192 et
2930 1131 3177 1192 videtur
3216 1151 3363 1212 sup·

1797 1222 1944 1300 poni
1992 1223 2154 1284 clare
2205 1224 2273 1284 in
2329 1223 2601 1286 Concilio
2656 1225 3043 1296 Tridentino,
3092 1226 3362 1288 sessione

1796 1315 2039 1394 quinta,
2070 1317 2271 1395 capite
2299 1319 2337 1378 2
2370 1317 2447 1378 de
2488 1316 2970 1393 Reformatione,
3020 1319 3169 1378 dnm
3208 1337 3363 1398 prae-

1795 1408 1945 1487 cipit
1963 1409 2249 1488 parochis
2270 1415 2341 1469 ut
2366 1408 2627 1470 doceant
2654 1409 2887 1484 fideleS,
2914 1427 3055 1489 qnae
3076 1411 3365 1471 omnibus

1796 1502 2142 1562 necessaria
2170 1509 2317 1562 sunt
2344 1502 2422 1562 ad
2454 1501 2739 1576 salutem,
2772 1508 2983 1580 aperte
3011 1501 3367 1581 significans

1796 1609 1926 1653 esse
1943 1593 2176 1673 aliqua,
2206 1596 2392 1655 etiam
2417 1595 2822 1674 particularia
2862 1597 3163 1673 mysteria
3210 1595 3365 1675 legis

1797 1704 1977 1747 novae
2008 1690 2281 1768 propria.
2317 1690 2491 1749 Prior
2522 1707 2663 1768 pars
2698 1689 3011 1768 pertinens
3038 1688 3116 1748 ad
3154 1690 3369 1768 cogni·-

1795 1779 2056 1856 tionem,
2086 1783 2366 1861 sequitur
2394 1782 2713 1843 evidenter
2737 1800 2813 1841 ex
2841 1781 3017 1841 dictis
3046 1783 3115 1842 in
3156 1782 3367 1861 dispu-

1795 1873 2028 1934 tatione
2062 1875 2469 1953 proecedenti;
2516 1891 2665 1934 nam
2712 1874 2945 1934 dictum
2976 1881 3066 1934 est
3112 1876 3364 1954 explici-

1795 1971 1926 2027 tam
1955 1965 2141 2027 fidem
2170 1969 2490 2029 Trinitatis
2518 1977 2581 2028 et
2608 1969 3053 2028 lucarnationis
3085 1985 3216 2028 esse
3250 1987 3364 2047 per

1795 2077 1858 2120 se
1887 2061 2291 2120 neeessariam
2322 2061 2397 2121 ad
2428 2059 2691 2120 salutem
2736 2061 3099 2120 necessitate
3128 2061 3316 2120 medii
3340 2076 3362 2137 ;

1796 2152 1901 2214 sed
1923 2153 2223 2233 quidquid
2265 2153 2623 2232 hujusmodi
2661 2158 2774 2227 est,
2821 2159 2914 2212 est
2940 2160 3358 2232 praeceptum;

1796 2264 1943 2326 ergo
1966 2245 2099 2306 haec
2127 2265 2295 2306 nune
2312 2247 2755 2326 praecipiuntur
2778 2263 2915 2324 quae
2930 2247 3187 2324 antiquo
3208 2252 3367 2305 tem-

1798 2357 1946 2417 pore
1978 2357 2103 2398 non
2148 2339 2668 2418 praecipiebantur
2682 2354 2702 2416 3
2756 2357 2915 2414 ergo
2976 2337 3145 2397 n'nnc
3174 2339 3375 2415 major

1795 2450 1902 2493 seu
1926 2433 2122 2510 magis
2151 2433 2438 2511 explicita
2480 2431 2632 2492 fides
2654 2431 3025 2512 praecipitur.
3066 2432 3217 2490 Item
3250 2429 3365 2489 hoc

1796 2531 1884 2585 est
1900 2531 2381 2586 consentaneum
2428 2525 2714 2603 praesenti
2742 2523 2957 2597 statui,
2980 2524 3045 2582 in
3081 2539 3205 2600 quo
3236 2539 3368 2582 ma·

1790 2617 1893 2695 jor
1909 2625 2002 2678 est
2016 2618 2297 2678 doctrina
2312 2617 2454 2678 fidei
2464 2663 2481 2690 ,
2500 2617 2909 2696 explicitoque
2920 2615 3212 2676 omnibus
3226 2633 3367 2693 pro-

1801 2712 2055 2790 ponitur
2070 2727 2090 2788 ;
2123 2712 2363 2790 maJora
2388 2712 2575 2771 etiam
2616 2716 2762 2770 sunt
2788 2710 3025 2770 auxilia
3044 2709 3260 2786 gratim
3288 2707 3367 2770 ad

1800 2805 2175 2864 credendum
2206 2821 2225 2880 3
2274 2823 2420 2883 ergo
2454 2804 2685 2864 mirum
2728 2821 2857 2864 non
2898 2808 2988 2864 est
3024 2803 3189 2880 qnod
3216 2801 3370 2862 fides

1801 2898 1999 2976 magis
2042 2897 2325 2976 explicita
2361 2899 2755 2977 praecipiatur
2784 2897 2970 2957 etiam
2996 2900 3248 2973 propter
3272 2911 3373 2953 co-

1803 2991 2169 3068 gnitionem.
2210 2991 2439 3051 Deinde
2472 2990 2665 3050 altera
2704 3007 2845 3068 pars
2888 2989 2965 3048 de
3010 2987 3367 3066 operatione

1803 3083 1985 3143 facile
2013 3083 2331 3162 probatur,
2362 3083 2507 3162 quia
2528 3083 2597 3142 in
2621 3083 2740 3142 hoc
2766 3087 2932 3142 statu
2958 3079 3137 3160 plura
3176 3095 3365 3158 opera

1804 3176 2295 3255 supernaturalia
2341 3175 2627 3237 fidelibus
2670 3173 2965 3235 omnibns
2998 3171 3370 3252 praecipiun-

1803 3275 1929 3342 tur,
1964 3287 2153 3348 quam
2181 3270 2439 3348 antiquo
2482 3275 2783 3348 tempore,
2812 3272 2884 3327 ut
2920 3265 2997 3328 de
3026 3282 3145 3325 usu
3168 3281 3372 3324 sacra·

1800 3367 2153 3422 mentorum
2184 3367 2247 3422 et
2286 3362 2422 3422 aliis
2474 3379 2615 3440 quae
2652 3359 2922 3421 Ecclesia
2970 3358 3278 3432 observat,
3310 3361 3374 3418 et

1799 3455 1932 3516 sine
1962 3454 2085 3516 fide
2113 3455 2249 3515 fieri
2278 3473 2401 3514 non
2432 3460 2715 3533 possunt3
2746 3469 2899 3532 ergo
2931 3452 3121 3512 etiam
3148 3467 3227 3510 ex
3252 3447 3369 3510 hac

1800 3555 1975 3628 parte
2022 3547 2174 3609 tides
2221 3547 2631 3627 operabilium
2676 3547 2743 3608 in
2786 3545 2909 3607 hoc
2950 3551 3117 3606 statu
3170 3542 3372 3620 major

1799 3641 2180 3720 praecipitur.

1881 3735 1942 3795 5.
1990 3733 2273 3797 Secunda
2305 3735 2567 3798 assertio
2589 3759 2615 3795 .·
2644 3751 2843 3796 omnes
2864 3733 3069 3813 fideles
3111 3750 3184 3796 ec
3209 3751 3370 3812 γνω-

1801 3831 1965 3909 οεριο
2012 3827 2355 3909 obliquatur
2408 3829 2641 3890 credere
2686 3825 2969 3907 explicite
3010 3826 3213 3888 omnia
3253 3829 3375 3904 sere

1804 3921 2030 4001 μανίη
2061 3917 2345 3998 Symbola
2391 3917 2817 4001 Apostolorum
2850 3917 3256 3982 continentur.
3294 3949 3375 3963 —-

1803 4013 1895 4073 Ad
1941 4011 2375 4073 declarandam
2421 4019 2629 4072 autem
2676 4012 2745 4071 in
2797 4010 3157 4090 particulari
3212 4010 3375 4070 hanc

1804 4104 2161 4185 generalem
2183 4104 2557 4179 doctrinam,
2588 4104 2852 4164 dicimus
2880 4103 3149 4166 ulterius
3176 4101 3376 4164 teneri

1804 4197 2019 4258 fideles
2040 4215 2259 4258 omnes
2286 4216 2363 4258 ex
2392 4202 2697 4276 praecepto
2724 4197 2803 4257 ad
2832 4195 3205 4258 credendum
3242 4196 3373 4256 fere

1805 4291 2019 4352 omnia
2044 4289 2151 4350 illa
2181 4307 2316 4368 quae
2344 4290 2409 4350 in
2438 4289 2733 4367 Symbolo
2761 4289 3192 4368 Apostolorum
3219 4306 3373 4350 con-

1805 4385 2110 4457 tinentur,
2165 4382 2381 4444 saltem
2431 4382 2635 4460 quoad
2675 4383 3079 4443 substantiam
3132 4397 3371 4442 eorum.

1807 4477 1949 4538 Haec
2006 4481 2097 4536 est
2138 4474 2529 4534 communior
2580 4474 2874 4536 resolutio
2918 4473 3376 4552 Tlieologorum

1807 4587 1950 4629 cum
1970 4568 2115 4629 divo
2132 4567 2393 4641 Thoma,
2424 4567 2482 4627 2.
2521 4569 2582 4641 2,
2616 4569 2953 4647 quoestione
2980 4569 3041 4641 2,
3074 4565 3153 4626 ab
3186 4572 3304 4626 art.
3338 4567 3377 4625 5

1811 4681 2011 4742 usque
2030 4663 2107 4722 ad
2139 4662 2196 4736 8,
2230 4668 2296 4721 et
2320 4661 2484 4721 idem
2514 4660 2765 4722 brevius
2786 4661 3025 4722 dixerat
3050 4659 3253 4738 prima
3280 4675 3375 4720 se-

1805 4756 2049 4830 cundae,
2110 4759 2333 4834 quaest.
2385 4755 2486 4828 76,
2540 4752 2805 4813 articulo
2852 4755 2913 4814 2.
2984 4753 3150 4813 Idem
3201 4752 3380 4812 docet

1803 4851 1971 4920 Soto,
2026 4848 2094 4908 in
2142 4851 2385 4926 quart0,
2429 4845 2819 4907 distinctione
2864 4846 3104 4926 quinta,
3158 4850 3275 4906 art.
3304 4847 3366 4919 2,

1809 4940 1999 5002 dubio
2045 4938 2289 5014 ultimo,
2320 4942 2382 5000 et
2410 4936 2569 4997 libro
2592 4941 2629 4999 2
2662 4938 2739 4998 de
2764 4937 2999 5000 Natura
3040 4942 3102 4998 et
3146 4936 3370 5014 gratia,

1809 5033 2008 5112 capite
2038 5035 2109 5094 ss
2134 5047 2155 5107 3
2184 5039 2245 5092 et
2272 5031 2463 5106 Can0,
2496 5030 2663 5090 dicta
2685 5030 3017 5092 relectione
3056 5029 3131 5089 de
3157 5029 3374 5089 Sacra-

1809 5125 2039 5186 mentis
2066 5127 2133 5186 in
2158 5138 2425 5202 genere3
2461 5122 2745 5197 Adrian.,
2773 5121 3137 5198 Quodlibcto
3164 5120 3372 5194 tertio,

1807 5225 1926 5280 art.
1963 5222 2032 5290 1;
2066 5223 2129 5278 et
2174 5218 2394 5278 Navar.
2438 5215 2505 5274 in
2553 5215 2833 5290 Summa,
2878 5214 3075 5292 capite
3115 5215 3215 5282 12,
3258 5228 3379 5271 nu·

1811 5329 1983 5374 mero
2010 5313 2089 5373 22
2105 5325 2126 5387 3
2162 5309 2393 5383 Castro,
2444 5307 2605 5368 libro
2640 5308 2841 5387 primo
2880 5307 2957 5366 de
2982 5305 3157 5365 Justa
3184 5303 3379 5364 haere·

1814 5406 2081 5466 ticornm
2114 5403 2461 5483 punitione,
2489 5400 2689 5479 capite
2710 5415 2919 5476 non03
2951 5399 3253 5477 Aragon„
3286 5415 3379 5458 se·

1811 5499 2015 5560 cunda
2058 5496 2368 5570 sceundae,
2416 5495 2757 5573 quaestione
2806 5491 3100 5568 secunda,
3154 5491 3381 5554 articu·
