3900 6217
1593 333 1782 386 INDEX
1815 335 2043 388 RERUM.

254 445 471 504 alienis,
500 450 604 496 tam
631 444 682 494 in
707 444 1114 496 necessitatibus
1134 444 1500 510 corporalibus
1523 457 1682 510 quam
1709 445 1762 497 in

253 519 649 584 spiritualibus.
675 533 822 572 num.
843 524 902 572 19
925 527 977 573 et
997 533 1148 585 seqq.

173 601 273 648 32.
315 597 478 661 Major
512 595 767 647 sanctitas
803 596 1073 660 quomodo
1109 596 1179 649 sit
1207 595 1389 662 regula
1423 609 1530 660 qua
1559 597 1764 648 consti-

255 679 440 724 tuatur
467 672 602 724 ordo
630 671 904 724 charitatis
953 672 1006 724 in
1045 671 1150 734 via,
1187 678 1278 725 aut
1303 672 1490 737 patria,
1530 686 1675 725 num.
1701 677 1761 722 22

252 754 312 799 et
332 752 415 798 23.

173 827 269 874 33.
313 823 454 876 Beati
474 829 664 889 proeter
683 825 892 887 seipsos
921 823 1092 890 magis
1115 830 1297 876 amant
1319 823 1454 877 alios
1475 823 1758 888 beatiores3

252 909 313 951 at
385 900 648 951 christum
718 899 1002 952 Dominum
1066 900 1236 964 magis
1297 912 1461 964 quam
1515 900 1723 966 seipsos
1746 939 1758 962 ,

255 991 412 1029 num.
443 981 525 1028 23.

835 1053 1124 1091 caari-runo.

177 1137 240 1184 1.
279 1130 426 1183 Fidei
459 1135 610 1182 actus
631 1135 712 1182 est
739 1128 1054 1195 simpliciter
1077 1135 1274 1192 certus,
1307 1133 1454 1182 tract.
1481 1133 1528 1191 t,
1551 1127 1688 1192 disp.
1709 1131 1756 1190 6,

255 1217 394 1262 sect.
423 1215 469 1272 s,
497 1222 648 1262 num.
675 1213 704 1257 s
729 1213 782 1260 et
804 1211 830 1256 ⁷

178 1290 238 1336 2.
281 1285 663 1337 certitudinem
695 1282 816 1334 fidei
853 1281 1116 1336 minorem
1153 1295 1272 1334 esse
1301 1295 1462 1346 quam
1503 1279 1758 1343 scicntiae,

257 1369 548 1427 perperam·
562 1359 744 1412 docuit
761 1360 1062 1417 limandus,
1093 1358 1242 1418 ibid..
1267 1371 1298 1409 a
1318 1370 1464 1410 mim.
1489 1362 1538 1408 9.

181 1443 239 1489 a.
281 1436 550 1490 certitudo
577 1436 872 1489 secundnm
909 1447 986 1497 se,
1023 1441 1074 1488 et
1117 1434 1293 1500 quoad
1337 1445 1456 1497 nos,
1487 1430 1759 1498 quomodo

257 1515 318 1566 in
343 1514 448 1565 tide
467 1525 600 1565 sane
617 1510 978 1578 intelligenda.
1001 1524 1148 1562 num.
1177 1515 1258 1561 12.

185 1596 238 1642 4.
282 1589 554 1641 certitudo
593 1587 714 1640 iidei
746 1600 841 1653 per
867 1599 926 1638 se
955 1599 1064 1640 non
1089 1586 1282 1651 pendet
1305 1599 1370 1638 ex
1393 1585 1581 1650 primis
1607 1583 1759 1651 prin-

255 1666 420 1732 cipiis
451 1663 762 1718 naturaliter
789 1663 951 1724 notis,
977 1662 1127 1724 ibid..
1153 1674 1300 1714 num.
1333 1665 1411 1713 13.

814 1794 1145 1833 ΕΕΒΙΒΤΙΔΝΰΒ.

187 1897 240 1944 1.
281 1889 639 1945 Christianum
665 1902 724 1944 se
744 1900 1074 1956 negans,per
1091 1899 1151 1941 se
1174 1885 1462 1952 loquendo,
1477 1883 1636 1938 tidem
1659 1897 1757 1936 ne-

253 1976 367 2036 gat,
392 1975 542 2019 tract.
571 1972 618 2027 1,
647 1965 785 2030 disp.
810 1969 890 2024 14,
913 1971 1040 2016 sect.
1073 1967 1122 2025 1,
1151 1977 1296 2015 num.
1328 1967 1378 2013 9.

259 2044 565 2109 Aliquando
603 2048 780 2094 autem
821 2053 920 2093 nec
957 2047 1142 2094 contra
1185 2039 1346 2092 iidem
1375 2079 1392 2102 ,
1433 2051 1534 2092 nec
1572 2042 1760 2090 contra

257 2120 420 2172 aliam
440 2120 686 2172 virtutem
712 2123 915 2182 peccat,
939 2116 1124 2169 saltem
1151 2115 1469 2176 mortaliter,
1489 2129 1638 2167 num.
1677 2118 1754 2165 10.

187 2203 238 2249 2.
279 2194 586 2254 Christiani,
625 2194 728 2244 nisi
767 2193 874 2244 sint
897 2199 1180 2256 apostatae,
1217 2199 1489 2256 nequeunt
1519 2191 1572 2242 in
1602 2189 1758 2242 bellis

256 2272 682 2324 Christianorum
727 2269 782 2320 in
837 2269 1104 2332 mancipia
1153 2267 1436 2334 captivari,
1491 2272 1639 2319 tract.
1696 2271 1754 2328 3,

253 2349 397 2414 disp.
430 2352 508 2406 18,
544 2352 672 2398 sect.
703 2349 750 2408 7,
789 2358 934 2396 num.
971 2348 1050 2395 13.

845 2476 1093 2514 etnicos.

191 2587 240 2635 1.
283 2582 359 2633 Ad
387 2587 636 2647 quantam
665 2577 785 2631 fidei
815 2577 1054 2630 notitiam
1083 2581 1341 2633 teneatur,
1369 2581 1518 2627 tract.
1544 2579 1592 2636 1,
1615 2573 1756 2639 disp.

257 2661 337 2714 13.
375 2663 503 2709 sect.
533 2659 580 2716 ⁴,
607 2667 754 2706 num.
788 2658 867 2704 16.

189 2740 240 2787 2.
270 2733 505 2786 Clericus
537 2731 604 2784 ad
641 2729 960 2782 beneficium
997 2735 1302 2794 promotuS,
1331 2741 1492 2794 quam
1523 2728 1761 2780 incurrat

261 2821 474 2874 poenam
499 2806 623 2858 fidei
649 2804 1034 2872 professionem
1061 2803 1330 2866 omittens,
1357 2809 1504 2855 tract.
1543 2806 1589 2865 1,
1617 2801 1757 2867 disp.

259 2890 339 2946 14,
361 2891 488 2938 sect.
519 2890 568 2945 6,
596 2897 747 2936 num.
771 2887 820 2932 2.

193 2969 240 3014 8.
279 2961 462 3015 Clerici
493 2973 560 3013 an
587 2960 794 3026 possint
825 2957 1064 3010 indicere
1085 2964 1138 3010 et
1165 2957 1351 3022 exequi
1382 2955 1602 3016 bellum,
1635 2954 1758 3008 vide

259 3051 469 3099 ιιιιυιι,
502 3037 605 3089 late
634 3049 666 3088 a
703 3047 850 3087 uum.
890 3039 966 3096 13,
999 3046 1168 3100 usque
1193 3032 1261 3084 ad
1291 3036 1369 3085 19.

861 3165 1082 3204 coaevo,

193 3269 242 3316 1.
280 3261 490 3316 coactio
527 3261 594 3313 ad
641 3260 802 3312 fldem
849 3259 1169 3312 audiendam
1213 3258 1296 3311 vel
1333 3256 1752 3324 suspiciendam,

256 3339 379 3390 vide
409 3349 664 3398 inmotus,
699 3348 732 3388 a
766 3348 914 3388 num.
951 3338 998 3386 ‘'1.

779 3464 1164 3504 ῦΟΙΙΰΜΩΔῘΙΟ.

196 3569 241 3615 t.
274 3561 696 3616 communicatio
743 3560 980 3613 fidelium
1025 3574 1148 3613 cum
1193 3558 1500 3611 infidelibus
1545 3557 1752 3624 triplex,

255 3648 408 3692 tract.
439 3643 484 3700 t,
508 3638 645 3704 disp.
672 3641 750 3700 18,
771 3644 901 3689 sect.
929 3641 978 3698 6,
1003 3649 1152 3689 num.
1188 3641 1234 3687 1.

257 3719 338 3767 An
375 3715 554 3768 omnis
581 3713 650 3766 sit
673 3712 958 3778 prohibita.
988 3712 1075 3765 vel
1111 3711 1385 3778 prohiberi
1411 3711 1599 3776 possit,
1635 3709 1757 3762 vide

259 3805 514 3852 influxus,
538 3803 569 3842 a
593 3801 739 3840 num.
765 3793 846 3840 22.

196 3873 245 3920 2.
281 3867 576 3932 complices
601 3865 990 3927 naereticorum,
1015 3875 1086 3914 an
1107 3874 1292 3914 eorum
1317 3861 1491 3926 poenis
1517 3860 1760 3914 affician-

261 3951 361 4004 tur,
395 3953 447 3995 et
481 3941 698 4007 quinam
730 3940 813 3993 isti
849 3940 979 4003 sint,
1001 3946 1151 3992 tract.
1182 3943 1228 4000 1,
1256 3935 1396 4003 disp.
1433 3940 1515 3998 94,
1547 3941 1676 3989 sect.
1708 3939 1755 3996 1,

265 4031 359 4086 per
382 4025 565 4071 totam.

198 4102 226 4147 8
283 4095 577 4160 complices
593 4106 660 4147 an
686 4088 1053 4153 denuntiandi,
1085 4089 1207 4142 vide
1239 4101 1582 4146 nennium-rio.
1607 4099 1756 4139 num.

261 4177 290 4221 6
320 4179 370 4222 et
401 4175 449 4221 7.

203 4252 250 4299 4.
290 4247 586 4299 Diminutus
621 4246 672 4296 in
707 4243 1046 4297 confessione
1089 4240 1366 4306 complicis
1403 4237 1655 4300 haeretici,
1693 4251 1760 4289 an

267 4334 426 4388 poena
459 4321 646 4374 mortis
687 4318 1018 4381 afficienduS,
1055 4323 1204 4370 tract.
1249 4321 1296 4378 t,
1333 4315 1470 4381 disp.
1506 4318 1586 4376 93,
1631 4319 1760 4365 sect.

259 4403 309 4461 a,
337 4409 482 4450 num.
516 4403 562 4448 ο.

838 4515 977 4554 CONC!
985 4515 1118 4552 uun.

204 4626 248 4674 1.
285 4621 516 4675 concilia
542 4618 766 4686 cogendi
798 4619 934 4671 ratio
959 4630 992 4668 a
1018 4616 1226 4668 Christo
1257 4614 1514 4672 manavit.
1543 4619 1679 4667 tract
1720 4617 1767 4684 1,

261 4698 397 4763 disp.
429 4701 508 4748 11.
541 4697 596 4747 in
629 4693 874 4761 proelud.,
907 4707 962 4746 n.
993 4697 1040 4744 1.

204 4777 251 4822 2.
285 4773 516 4826 concilia
541 4769 903 4836 congregandi
935 4769 1087 4820 varia
1114 4765 1420 4827 necessitas,
1449 4764 1598 4826 ibid.,
1631 4779 1684 4818 n.
1715 4768 1766 4817 2.

205 4855 250 4900 3.
285 4847 522 4901 concilia
562 4847 834 4911 generalia
875 4845 1132 4897 hactenus
1179 4843 1362 4896 habita
1403 4849 1768 4904 recensentur,

265 4941 315 4978 n.
347 4931 396 4978 3.

208 5009 251 5055 ⁴.
288 5001 518 5056 concilia
546 4999 724 5051 danda
746 5011 868 5051 esse
905 5011 969 5050 ex
995 4995 1334 5050 multitudine
1361 5002 1634 5062 pastorum
1667 4996 1766 5047 Ec-

270 5077 443 5131 clesiae
471 5075 768 5130 coniicitur.
797 5080 945 5126 tract.
971 5077 1018 5132 1,
1041 5071 1178 5137 disp.
1205 5077 1251 5132 5,
1276 5081 1405 5124 sect.
1433 5075 1482 5132 7,
1509 5085 1564 5122 n.
1590 5075 1638 5122 2.

209 5161 251 5207 tt.
287 5151 503 5204 concilii
529 5161 726 5203 nomen
753 5149 894 5201 unde
923 5147 1142 5206 dictum.
1170 5147 1300 5200 ibid.

265 5227 620 5279 conciliorum
655 5225 840 5290 triplex
869 5235 1056 5290 genus,
1083 5223 1232 5284 ἰωὰ,
1260 5236 1312 5275 n.
1341 5227 1390 5274 2.

209 5309 254 5354 6.
287 5300 522 5355 concilia
554 5300 908 5366 particularia.
948 5308 1052 5351 tam
1085 5299 1405 5357 dioecesana,
1435 5309 1594 5362 quam
1641 5309 1769 5363 pro-

266 5378 512 5430 vincialia
539 5384 629 5428 aut
651 5376 938 5428 nationalia
963 5388 1142 5428 errare
1165 5383 1390 5439 possunt
1411 5374 1465 5425 in
1491 5374 1612 5434 tide,
1637 5387 1690 5426 n.
1718 5378 1766 5425 3.

271 5455 474 5507 Habent
504 5460 680 5505 tamen
719 5463 966 5518 magnam
999 5452 1384 5513 auctoritatem,
1415 5460 1465 5503 et
1495 5459 1769 5515 quantam,

267 5532 397 5584 ibid.

3286 337 3402 400 773

1845 439 1892 486 7.
1929 436 2143 488 concilii
2176 436 2438 501 generalis
2462 438 2677 506 legitimi
2704 445 2831 504 quot
2855 447 2907 492 ct
2936 454 3055 506 quae
3083 441 3188 493 sint
3210 441 3403 496 contii-

1909 511 2101 572 tioneS‚
2126 512 2274 570 ibid..
2306 527 2358 563 n.
2389 517 2435 564 ⁴.

1846 593 1890 639 8.
1929 587 2003 638 Ad
2028 589 2316 642 Concilium
2341 591 2589 656 generale
2618 605 2727 644 non
2756 593 2937 644 omnia
2960 594 3205 646 Ecclesiae
3230 608 3403 648 inem-

1905 663 2003 718 bra
2028 665 2395 730 convocanda,
2416 673 2565 719 tract.
2592 672 2637 726 1,
2660 668 2798 733 disp.
2830 674 2905 730 11,
2934 679 3059 722 sect.
3087 676 3133 728 1.
3158 685 3210 724 n.
3242 678 3289 725 6.

1843 745 1890 791 9.
1935 741 2017 792 Ad
2058 742 2347 793 Concilium
2391 744 2638 808 generale
2676 745 2855 796 nullus
2896 745 3059 798 laicus
3099 749 3401 804 necessario

1905 816 2283 869 convocandus
2308 826 2363 869 ut
2384 818 2695 886 suffragium
2720 820 2867 882 ferat,
2889 835 2922 872 a
2948 836 2997 873 n.
3026 828 3073 874 7.

1843 899 1902 946 1ο
1960 895 2036 946 Ad
2069 895 2301 948 concilia
2322 897 2592 962 generalia
2611 897 2709 952 soli
2738 900 2978 963 Episcopi
3012 913 3107 966 per
3142 915 3201 955 se
3224 910 3275 954 et
3306 915 3406 954 nc-

1905 971 2139 1022 cessario
2177 971 2526 1035 convocandi,
2554 973 2686 1025 utin
2716 973 2817 1026 illis
2852 977 2955 1026 sint
2988 976 3212 1039 iudices,
3239 992 3291 1029 n.
3316 983 3395 1030 12.

1846 1049 1923 1096 11.
1962 1047 2135 1098 Potest
2174 1047 2406 1100 Pontifex
2452 1047 2761 1116 dignitatem
2804 1049 3010 1104 ferendi
3050 1052 3305 1118 sutfragia
3346 1054 3400 1104 in

1904 1122 2140 1176 concilio
2163 1124 2279 1176 aliis
2304 1132 2495 1186 praeter
2512 1126 2804 1193 Episcopos
2827 1129 3241 1189 communicare,
3270 1129 3399 1183 ibid.
3424 1179 3435 1184 -

1904 1204 1984 1251 16.

1841 1280 1918 1328 12.
1960 1277 2287 1330 Probabilius
2310 1286 2393 1332 est
2418 1279 2471 1332 id
2497 1294 2640 1334 nunc
2662 1281 2728 1334 ad
2753 1281 3059 1334 cardinales
3082 1281 3148 1334 de
3169 1281 3287 1346 jure
3310 1293 3401 1333 or·-

1902 1354 2112 1407 dinario
2144 1354 2426 1420 pertinere,
2452 1369 2504 1408 n.
2529 1362 2605 1410 17.

1901 1431 2117 1485 Necnon
2150 1439 2202 1483 et
2234 1432 2301 1484 ad
2334 1433 2617 1485 Generales
2653 1434 2965 1500 religionum
3010 1447 3073 1486 ex
3110 1439 3325 1487 consuet
3338 1447 3401 1485 u-

1899 1505 2044 1567 dine.
2076 1514 2130 1558 et
2156 1508 2503 1560 concessione
2532 1509 2819 1569 Pontificis.
2850 1523 2903 1561 n.
2936 1514 3014 1561 18.

1902 1583 2037 1646 Quid
2060 1583 2127 1636 de
2149 1584 2459 1648 Abbatibus,
2483 1586 2758 1652 Episcopis
2783 1587 3133 1640 annularibus
3154 1595 3205 1640 et
3228 1587 3396 1646 laicis,

1901 1659 2090 1712 eodem
2122 1674 2177 1710 n.
2205 1666 2283 1713 18.

1837 1741 1919 1787 13.
1951 1736 2033 1788 Λᾶ
2075 1737 2365 1790 concilium
2396 1737 2642 1802 generale
2674 1751 2769 1802 per
2798 1749 2859 1790 se
2901 1739 3259 1790 accessorium
3298 1743 3398 1800 est,

1901 1819 1957 1864 ut
1978 1815 2288 1864 convocatio
2312 1813 2575 1878 generalis
2600 1813 2686 1872 sit.
2710 1814 2888 1878 quoad
2919 1814 3031 1868 [ieri
3063 1821 3251 1879 potest.
3276 1827 3399 1868 om-

1901 1889 2051 1940 nium
2084 1889 2487 1955 Episcoporum,
2513 1896 2662 1942 tract.
2690 1893 2736 1953 1,
2765 1889 2900 1957 disp.
2934 1895 3011 1951 11,
3044 1897 3171 1943 sect.
3204 1895 3253 1951 2,
3286 1903 3338 1942 n.
3370 1895 3400 1942 3

1901 1971 1955 2018 el.
1983 1970 2028 2016 3.

1901 2044 2012 2094 Non
2055 2049 2230 2094 tamen
2266 2047 2323 2093 ut
2348 2053 2553 2096 omnes.
2584 2041 2691 2094 imo
2722 2053 2821 2094 nec
2855 2042 3026 2105 major
3054 2055 3243 2095 eorum
3275 2053 3403 2108 pars

1901 2119 1971 2171 dc
2006 2120 2140 2170 facto
2165 2117 2465 2180 conveniat,
2492 2131 2543 2170 n.
2574 2120 2617 2166 ⁴.

1840 2197 1915 2244 1⁴.
1954 2193 2032 2245 Ad
2066 2192 2357 2246 concilium
2382 2191 2631 2258 generate
2670 2192 2955 2257 requiritur
2985 2193 3264 2256 prasentia
3298 2195 3390 2249 Pa·

1903 2283 2000 2335 pae,
2023 2271 2104 2321 vel
2132 2283 2229 2336 per
2256 2283 2331 2331 se,
2356 2271 2440 2322 vel
2470 2283 2566 2336 per
2592 2282 2721 2323 suos
2751 2270 2969 2336 legatos,
2994 2270 3143 2329 ibid..
3172 2285 3224 2323 n.
3254 2277 3299 2324 8.

1901 2347 2077 2407 Qualis
2100 2355 2151 2399 et
2188 2354 2351 2412 quota
2380 2347 2759 2412 Episcoporum
2794 2359 2917 2413 pars
2958 2347 3261 2400 necessario
3299 2345 3399 2400 de-

1900 2427 2023 2480 beat
2048 2427 2334 2479 convenire
2378 2440 2432 2478 n.
2462 2431 2491 2474 6
2525 2433 2576 2478 et
2604 2431 2650 2476 7.

1839 2508 1915 2556 16.
1954 2504 2187 2556 concilia
2216 2502 2457 2568 qtiaedam
2490 2501 2757 2565 generalia
2785 2500 3079 2553 secundum
3108 2500 3258 2565 quid,
3283 2513 3403 2565 quae

1895 2579 2116 2640 fuerint,
2146 2586 2195 2631 et
2218 2591 2378 2644 quam
2404 2579 2636 2630 habeant
2658 2577 3041 2636 auctoritatem,
3068 2589 3121 2628 n.
3148 2581 3195 2628 8.

1839 2662 1917 2709 16.
1956 2659 2193 2709 Potestas
2220 2655 2443 2720 cogendi
2479 2655 2769 2706 Concilium
2801 2652 3049 2718 generale
3078 2653 3131 2703 in
3160 2663 3268 2704 uno
3298 2651 3399 2703 ali-

1901 2747 2009 2800 quo
2033 2732 2272 2798 principe
2294 2731 2536 2783 Ecclesiae
2554 2730 2713 2782 debet
2732 2730 2987 2790 residere,
3010 2729 3127 2782 ead.
3153 2728 3294 2794 disp.
3324 2731 3399 2788 tt.

1901 2817 2031 2863 sect.
2057 2815 2103 2868 3,
2130 2823 2183 2862 n.
2214 2814 2259 2858 2.

1901 2886 2015 2938 Non
2046 2886 2098 2936 in
2142 2887 2463 2948 imperatore
2506 2889 2595 2935 aut
2636 2883 2815 2947 aliquo
2856 2883 3099 2948 principe
3137 2881 3401 2942 saeculari,

1903 2975 1955 3012 n.
1987 2965 2033 3017 3,
2061 2959 2157 3012 sed
2187 2960 2237 3011 in
2263 2960 2501 3014 Romano
2534 2959 2803 3018 Pontifice.
2828 2972 2860 3010 a
2890 2971 2942 3011 n.
2976 2964 3025 3012 4.

1837 3041 1914 3088 17.
1956 3037 2013 3088 ln
2039 3035 2272 3088 concilio
2295 3034 2553 3100 generali,
2575 3034 2721 3086 solus
2746 3035 3013 3087 Romanus
3034 3035 3288 3096 Pontifex,
3308 3042 3400 3089 aut.

1901 3125 1997 3178 per
2020 3125 2096 3175 se,
2120 3117 2209 3164 aut
2242 3124 2337 3176 per
2369 3123 2497 3164 suos
2522 3111 2723 3175 legatos
2746 3110 2904 3162 debet
2938 3111 3237 3176 praesidere.
3266 3125 3317 3163 n.
3346 3117 3394 3164 9.

1838 3193 1918 3240 18.
1954 3188 2296 3240 Definitiones
2335 3194 2386 3239 et
2427 3186 2571 3254 leges
2611 3200 2643 3238 a
2685 3183 2919 3240 concilio
2959 3188 3191 3252 generali
3232 3189 3399 3248 factae,

1901 3264 2149 3316 debente
2178 3263 2398 3315 Summo
2422 3261 2677 3316 Pontifice
2704 3263 3029 3320 confirmari.
3062 3263 3213 3323 ἰωὰ,
3238 3277 3293 3316 n.
3320 3268 3366 3316 1.

1837 3345 1915 3390 19.
1954 3338 2243 3391 concilium
2269 3338 2517 3403 generale
2540 3338 2624 3391 cui
2652 3343 2843 3403 praeest
2864 3337 3116 3400 Pontifex,
3145 3345 3225 3390 est
3248 3338 3406 3391 infal-

1899 3412 2061 3465 libilis
2090 3415 2273 3479 regula
2305 3411 2447 3476 fidei,
2478 3419 2627 3466 tract.
2655 3417 2702 3474 1,
2726 3412 2863 3479 disp.
2894 3417 2939 3471 ⁸.
2966 3421 3094 3466 sect.
3124 3418 3169 3477 7,
3196 3427 3343 3466 num.
3372 3418 3402 3463 8

1899 3499 1954 3542 et
1980 3492 2028 3540 ’1.

1901 3565 2030 3616 Item
2056 3571 2107 3617 et
2123 3565 2268 3630 quod
2290 3564 2587 3626 confirmat,
2610 3563 2857 3629 quamvis
2878 3575 2987 3617 non
3009 3562 3275 3630 praefuerit
3297 3563 3407 3617 nisi

1902 3654 2000 3706 per
2022 3641 2235 3712 legatos,
2264 3655 2316 3695 n.
2343 3646 2389 3693 9.

1837 3722 1915 3768 2⁰.
1956 3713 2245 3770 Concilium
2304 3715 2555 3780 generale
2589 3755 2599 3774 .
2662 3713 2937 3781 sequendo
3000 3715 3403 3768 instructionem

1901 3805 2061 3857 qnam
2087 3792 2299 3844 habeta
2320 3793 2457 3858 Papa
2480 3805 2577 3856 per
2597 3791 2799 3858 legatos
2822 3791 2889 3843 dc
2916 3791 3075 3843 rebus
3098 3792 3149 3843 in
3178 3791 3409 3856 particu-

1902 3868 1999 3920 lari
2029 3867 2364 3928 detiniendiS,
2397 3879 2577 3919 errare
2606 3879 2715 3919 non
2748 3872 2937 3930 potest.
2964 3880 3015 3918 n.
3044 3871 3121 3922 to.

1904 3945 1965 3996 Et
1997 3942 2173 3996 statim
2208 3957 2271 3996 ex
2304 3951 2432 3996 tunc
2472 3942 2563 3996 illa
2590 3943 2833 3996 definitio
2872 3949 2953 3996 est
2990 3943 3059 3996 de
3096 3941 3219 4002 fide.
3260 3942 3409 3996 nulla

1903 4026 2141 4086 spectata
2172 4018 2597 4074 confirmatione.
2627 4017 2758 4069 ibid.

1838 4099 1919 4146 21.
1958 4094 2086 4155 Quid
2112 4092 2325 4158 quaudo
2347 4093 2583 4146 Pontifex
2603 4092 2776 4145 sotum
2801 4093 2951 4144 adest
2976 4093 3026 4145 in
3060 4092 3293 4146 concilio
3316 4104 3412 4157 per

1903 4170 2106 4236 legatos
2134 4169 2251 4221 sine
2288 4169 2639 4221 instructione
2670 4168 2992 4233 particulari,
3024 4175 3078 4221 ct
3114 4167 3405 4222 Concilium

1903 4258 2026 4298 cum
2050 4245 2235 4311 legatis
2262 4243 2463 4310 aliquid
2492 4243 2699 4300 definit.
2724 4257 2777 4296 n.
2810 4248 2886 4296 tt.

1843 4323 1920 4370 98.
1962 4321 2253 4374 Concilium
2278 4319 2526 4386 generale
2549 4319 2831 4379 definiens,
2856 4319 2939 4372 vel
2968 4325 3155 4372 contra
3178 4318 3413 4370 instruc-

1909 4395 2109 4446 tionem
2162 4394 2448 4454 Pontiticis‚
2491 4395 2650 4446 etiam
2702 4393 3159 4449 consentientibus
3206 4392 3410 4458 legatis.

1905 4469 1989 4522 vel
2018 4469 2119 4520 illis
2142 4467 2605 4524 dissentientibus.
2630 4471 2731 4524 elsi
2758 4470 3157 4522 instructionem
3185 4481 3293 4521 non
3323 4470 3415 4540 lta·

1905 4545 2138 4606 buerint,
2168 4559 2349 4599 errare
2380 4552 2568 4612 potest,
2599 4545 2719 4598 eod.
2754 4560 2808 4598 n.
2841 4551 2918 4598 11.

2494 4675 2776 4715 combusto,

1851 4776 1898 4824 1.
1937 4770 2217 4824 Conclusio
2245 4771 2563 4836 Theologica
2592 4783 2653 4822 ex
2683 4783 2787 4821 una
2819 4769 3095 4835 praemissa
3119 4772 3187 4822 de
3214 4769 3335 4829 fide.
3363 4775 3417 4821 et

1911 4848 2015 4901 alia
2056 4845 2365 4899 naturaliter
2392 4845 2657 4904 evidente.
2684 4858 2791 4898 non
2823 4851 2905 4897 est
2940 4845 3007 4896 de
3036 4845 3155 4906 tide,
3186 4851 3334 4896 tract.
3365 4849 3411 4906 1,

1911 4924 2051 4987 disp.
2090 4929 2137 4986 3,
2167 4929 2295 4976 sect.
2328 4928 2407 4980 11,
2434 4936 2469 4973 n
2523 4926 2577 4982 ’ῖς
2609 4928 2663 4974 et
2690 4921 2827 4988 disp.
2860 4925 2908 4982 6,
2938 4927 3066 4972 sect.
3107 4926 3151 4982 3,
3182 4934 3235 4971 n.
3276 4925 3331 4970 to
3364 4927 3417 4972 et

1911 5006 2039 5050 sect.
2067 5004 2114 5054 ⁴.
2140 5011 2192 5050 n.
2224 5004 2271 5050 7.

1909 5073 2013 5124 Nec
2037 5073 2195 5125 etiam
2228 5073 2647 5138 supernaturalis
2677 5073 2730 5125 in
2760 5073 2994 5135 entitate,
3020 5072 3138 5124 ead.
3168 5077 3297 5124 sect.
3330 5075 3411 5134 11,

1911 5162 1965 5200 n.
1993 5153 2039 5200 8.

1848 5231 1895 5277 2.
1933 5225 2215 5278 Conclusio
2243 5225 2561 5293 Theologica
2590 5233 2669 5278 est
2706 5225 2931 5302 divgrsae
2966 5224 3187 5277 rationis
3220 5223 3272 5274 in
3315 5227 3415 5275 tta-

1913 5301 2111 5354 tltolico
2140 5314 2203 5352 ac
2228 5301 2280 5352 in
2313 5301 2578 5361 liaeretico,
2606 5301 2752 5361 ibid..
2777 5315 2830 5353 n.
2858 5307 2905 5353 9.

1915 5379 2028 5430 lmo
2058 5377 2112 5428 in
2140 5377 2391 5430 haeretico
2422 5390 2529 5429 non
2558 5385 2639 5429 est
2667 5378 2910 5438 scientia,
2940 5376 3068 5428 ibid.

1855 5459 1902 5503 a.
1939 5452 2219 5506 conclusio
2262 5452 2580 5517 'theologica
2623 5464 2741 5517 quse
2786 5453 2935 5517 prius
2982 5451 3173 5503 virtute
3210 5457 3413 5504 tantum

1919 5529 2293 5581 continebatur
2332 5527 2386 5579 in
2422 5529 2583 5580 rebus
2614 5527 2873 5591 revelatis,
2905 5533 3185 5594 postquam
3221 5527 3289 5580 ab
3318 5528 3419 5584 Ec-
