3900 6217
537 475 828 550 Ecclesia,
849 491 990 536 cum
1016 476 1335 556 politicum
1360 477 1441 538 sit
1458 495 1702 559 corpus,
1730 485 1792 540 et
1818 479 2089 559 plurium

538 569 863 630 hominum
926 569 1359 650 conjunctione
1412 571 1773 634 coalescens.
1824 575 1913 634 Ex
1970 591 2092 652 quo

534 670 777 724 constat
825 663 1070 743 proprie
1122 663 1188 724 in
1242 663 1369 724 solo
1422 665 1661 726 Adamo
1714 685 1841 729 non
1900 667 2093 728 fuisse

532 753 865 819 Ecclesiam
896 772 913 817 :
946 757 1201 836 quaestio
1239 764 1445 818 autem
1476 774 1603 820 esse
1636 767 1856 840 potest,
1900 779 1981 821 an
2013 761 2092 820 ab

532 848 639 910 illo
667 850 967 930 inceperit
995 867 1067 911 eo
1097 850 1277 911 modo
1306 869 1427 930 quo
1448 871 1743 914 numerus
1767 854 1992 934 incipit
2015 853 2093 913 ab

534 943 793 1004 unitate.
848 943 1151 1018 Secundo,
1206 949 1276 1003 ut
1324 943 1702 1024 probabilius
1745 953 2090 1028 suppono¹,

536 1035 841 1096 Adamum
874 1037 941 1096 in
970 1042 1133 1098 statu
1180 1037 1551 1099 innocentiae
1588 1039 1876 1103 habuisse
1905 1041 2092 1102 fidem

534 1129 792 1206 Christi,
841 1129 1007 1210 quod
1056 1130 1237 1191 divus
1287 1130 1554 1194 Thomas
1600 1151 1727 1194 non
1764 1141 1987 1214 negat3
2019 1153 2094 1196 ex

532 1241 655 1302 quo
678 1224 867 1284 etiam
890 1222 1157 1284 arbitror
1174 1223 1355 1284 illum
1380 1231 1679 1306 tanquam
1708 1233 1895 1307 caput
1912 1246 2094 1289 suum

532 1318 867 1395 respexisse
894 1324 957 1379 et
982 1317 1291 1394 adorasse,
1312 1327 1499 1399 atque
1526 1321 1683 1382 adeo
1713 1322 1780 1382 in
1808 1321 1931 1383 fide
1961 1324 2095 1402 ejus

534 1411 797 1488 gratiam
837 1413 1164 1490 accepisse.
1196 1413 1401 1473 Tertio
1433 1412 1873 1493 distinguenda
1910 1417 2095 1476 estin

534 1503 825 1580 Ecclesia,
864 1505 1041 1583 quasi
1076 1503 1421 1566 substantia
1460 1512 1523 1567 et
1566 1507 1829 1570 essentia
1866 1509 2022 1586 ejus,
2057 1527 2096 1568 a

532 1595 829 1676 peculiari
856 1597 1065 1671 mode,
1096 1616 1279 1677 quem
1322 1615 1399 1658 ex
1440 1599 1667 1661 Christi
1712 1601 1960 1662 Domini
1999 1601 2096 1662 in·

534 1689 854 1751 stitutione
882 1690 1187 1752 vendicat.

616 1787 674 1846 3.
706 1783 986 1848 Assertio
1014 1785 1223 1867 prima
1250 1783 1561 1868 bipartita.
1596 1821 1679 1834 —
1696 1787 1919 1851 Prima
1944 1799 2100 1871 pars

533 1895 607 1940 ex
628 1877 1341 1942 Pataram—Probatur
1356 1881 1844 1944 ratione—Dico
1862 1885 2094 1962 primo:

532 1971 799 2033 Ecclesia
815 1971 1067 2052 produci
1094 1971 1325 2050 incepit
1343 1972 1406 2032 in
1432 1974 1522 2034 Ad
1532 1991 1699 2050 amo,
1723 1979 1807 2051 et,
1830 1974 2098 2036 formata

532 2065 685 2140 Eva,
708 2065 955 2145 proprie
984 2065 1103 2125 dici
1134 2065 1334 2144 potuit
1360 2064 1692 2128 Ecclesiam
1723 2085 1877 2144 esse,
1904 2075 2093 2148 atque

532 2159 689 2219 adeo
714 2165 952 2219 certum
986 2157 1229 2219 videtur
1265 2159 1331 2219 in
1360 2155 1646 2239 utroque,
1695 2161 1915 2222 saltem
1957 2167 2096 2242 post

533 2250 801 2330 lapsum,
824 2257 969 2312 ante
989 2251 1451 2329 generationem
1476 2253 1625 2314 Cain
1648 2261 1711 2314 et
1730 2253 1881 2316 Abel
1904 2253 2093 2316 fuisse

531 2344 888 2405 Ecclesiam.
922 2343 1063 2405 Haec
1105 2350 1198 2404 est
1244 2361 1413 2406 nunc
1454 2347 1803 2407 communis
1854 2348 2091 2428 opini0,

532 2453 721 2516 quam
762 2444 934 2499 tenet
980 2437 1232 2517 Pighius
1244 2483 1266 2514 ,
1308 2445 1530 2518 quarto
1570 2440 1647 2500 de
1670 2439 2096 2502 Ecclesiastica

532 2529 913 2606 Hierarchia,
954 2532 1155 2610 capite
1199 2531 1441 2611 primo;
1484 2533 1729 2610 Driedo,
1761 2538 1983 2613 quarto
2018 2533 2094 2594 de

535 2624 953 2704 Dogmatibus,
980 2624 1175 2704 capite
1203 2625 1242 2684 5
1256 2646 1275 2699 ;
1312 2623 1555 2700 Hosius,
1580 2629 1649 2686 in
1672 2625 2093 2702 Confessione,

530 2735 584 2778 c.
618 2719 731 2791 2⁴2;
768 2717 1101 2793 Sanderus,
1128 2723 1349 2797 quarto
1364 2717 1441 2779 de
1460 2717 1705 2781 Visibili
1734 2719 2097 2781 monarchia

533 2812 839 2888 Ecclesiae,
878 2813 1077 2893 capite
1106 2812 1310 2888 tertio,
1352 2819 1414 2874 ct
1452 2811 1561 2874 lib.
1594 2815 1821 2894 prima,
1868 2815 2092 2894 initi03

530 2905 800 2981 Medina,
833 2906 1051 2986 quinto
1080 2905 1157 2967 de
1187 2905 1374 2968 Recta
1414 2907 1480 2967 in
1521 2909 1714 2969 Deum
1746 2905 1917 2984 Fide,
1955 2926 2088 2988 cap.

530 3000 607 3059 u
624 3014 643 3076 ;
676 2999 1018 3074 SimancuS,
1050 2999 1302 3060 institut
1328 2999 1610 3061 catholic.
1618 3045 1638 3076 ,
1664 3017 1798 3080 cap.
1832 3003 1929 3063 34.
1961 3002 2094 3062 Col-

526 3091 639 3170 ligi
671 3098 869 3172 potest
908 3109 983 3154 ex
1030 3091 1405 3172 Epiphanio,
1448 3094 1518 3155 in
1545 3094 1839 3174 opusculo
1868 3095 1943 3154 de
1974 3095 2092 3154 Ec-

528 3185 713 3248 clesia
760 3193 897 3267 post
945 3187 1232 3249 haeresim
1292 3189 1371 3250 80
1388 3234 1408 3265 ,
1470 3195 1533 3250 et
1588 3189 1653 3250 in
1706 3187 1965 3268 epistola
2014 3187 2094 3250 ad

528 3283 838 3358 Acatium,
885 3301 1023 3362 quac
1075 3281 1341 3346 habetur
1387 3283 1568 3345 initio
1616 3286 1818 3365 operis
1878 3293 2094 3346 contra

529 3371 826 3449 haereses;
875 3376 1116 3453 Irenae„
1156 3375 1314 3439 libro
1356 3379 1419 3452 4,
1464 3394 1596 3458 cap.
1649 3379 1766 3457 423
1806 3386 1869 3441 et
1906 3376 2090 3440 Nice-

530 3469 736 3549 phor.,
768 3469 928 3530 libro
957 3471 1184 3550 primo,
1213 3478 1348 3552 c‘a‘p.
1381 3473 1444 3546 5,
1484 3486 1555 3533 ac
1585 3471 1899 3551 probatur.
1934 3475 2092 3534 Nam

528 3561 801 3624 Ecclesia
844 3570 936 3625 est
990 3565 1387 3644 congregatio
1437 3563 1736 3640 fidelium,
1794 3573 1865 3626 ut
1906 3584 2093 3646 supra

528 3655 835 3730 vidimus;
883 3655 988 3717 sed
1032 3655 1228 3718 Adam
1257 3662 1319 3717 et
1347 3657 1474 3718 Eva
1509 3657 1575 3718 in
1602 3663 1763 3719 statu
1794 3659 2092 3720 innocen-

528 3749 634 3810 ti‘ae
679 3748 931 3811 fuerunt
976 3749 1230 3826 fideles3
1279 3759 1429 3829 crgo
1473 3763 1689 3813 eorum
1728 3753 2092 3832 aggregatio

530 3841 800 3904 Ecclesia
839 3839 979 3903 ruit.
1028 3841 1149 3905 Nec
1190 3839 1378 3905 refert
1404 3842 1541 3905 illo’s
1568 3849 1718 3906 tunc
1746 3863 1873 3906 non
1902 3863 2094 3924 agno·

530 3935 688 3997 visse
712 3941 972 3998 mortem
1002 3935 1248 4013 Christi,
1281 3941 1428 4017 quia
1452 3939 1597 3999 satis
1629 3939 1747 3999 fuit
1764 3938 2094 4000 credidisse

530 4028 897 4108 mysterium
917 4030 1388 4108 incarnationis,
1423 4037 1577 4093 etex
1610 4032 1845 4092 meritis
1869 4031 2095 4092 Christi

530 4123 830 4203 recepisse
860 4123 1125 4202 ‘gratiam
1138 4125 1190 4186 ².
1232 4123 1445 4205 Neq'ue
1486 4123 1676 4186 etiam
1720 4124 1921 4186 obstat
1959 4123 2096 4186 illos

530 4217 804 4297 potuisse
834 4229 1083 4298 peccare
1112 4225 1172 4281 et
1198 4227 1519 4300 peccasse}
1551 4219 1701 4300 quia
1731 4219 1917 4282 etiam
1961 4221 2094 4282 sine

531 4313 733 4386 gratia
761 4318 1110 4391 perseverat
1152 4313 1459 4392 quispiam
1494 4312 1846 4374 membrum
1893 4313 2096 4375 Eccle-

531 4405 664 4480 siae,
697 4421 899 4486 neque
926 4411 1018 4466 est
1044 4407 1379 4468 verisimile
1425 4411 1539 4467 aut
1581 4405 1897 4486 probabile
1932 4407 2096 4470 Ada-

532 4505 705 4558 mum
764 4496 1099 4577 perdidisse
1142 4497 1354 4574 iidem,
1398 4499 1562 4578 quod
1607 4501 1795 4561 etiam
1850 4497 1927 4560 de
1965 4501 2097 4560 Eva

532 4591 911 4670 probabilius
932 4591 1264 4654 dicendum
1286 4599 1397 4655 est.
1434 4591 1707 4673 Denique
1732 4611 1858 4654 non
1890 4589 2094 4653 obstat

530 4683 866 4774 Ecclesiam
901 4687 970 4746 in
1014 4689 1177 4746 statu
1220 4685 1325 4746 illo
1356 4687 1420 4746 in
1470 4684 1680 4746 multis
1716 4683 1964 4746 differre
2013 4684 2092 4746 ab

531 4777 799 4839 Ecclesia
849 4779 1205 4858 lapsorum;
1250 4785 1381 4840 tota
1432 4795 1699 4858 namque
1744 4777 2094 4840 differentia

531 4872 941 4933 accidentaria
1000 4879 1113 4950 est,
1158 4891 1298 4934 cum
1356 4875 1607 4933 maneat
1650 4872 1865 4932 eadem
1915 4869 2091 4946 fides,

618 5061 635 5096 ¹
666 5057 825 5120 Vide
866 5055 909 5118 l.
972 5059 1009 5119 3
1058 5055 1135 5120 de
1185 5057 1380 5138 Opere
1410 5068 1515 5118 sex
1556 5055 1803 5117 dierum
1828 5100 1847 5130 ,
1886 5069 1939 5116 c.
1991 5057 2090 5129 18,

533 5169 572 5214 a
617 5169 682 5212 n.
720 5157 785 5228 8,
817 5158 878 5213 ct
934 5155 964 5213 1
1026 5171 1115 5232 p.,
1150 5169 1210 5233 q.
1248 5155 1309 5228 1,
1366 5157 1484 5213 art.
1520 5153 1579 5223 3,
1627 5151 1691 5211 in
1730 5149 2095 5211 commento

531 5246 734 5326 quinti
761 5247 1138 5326 argumenti,
1183 5251 1244 5307 ct
1272 5245 1389 5307 dis·
1430 5248 1493 5322 5,
1534 5248 1681 5305 sect.
1712 5245 1775 5318 4,
1805 5257 2096 5322 paragra·

534 5340 656 5420 pho
690 5339 819 5404 Sed
855 5337 981 5403 Mc
1012 5335 1233 5402 omnia.

612 5434 639 5470 ²
668 5433 803 5495 Lib.
836 5433 973 5495 AEde
1002 5433 1196 5514 Opere
1240 5449 1347 5495 sex
1374 5431 1642 5506 dierum,
1694 5449 1751 5493 c.
1800 5429 1868 5509 2,
1913 5448 2091 5493 num.

536 5525 640 5603 25,
671 5532 733 5590 et
760 5545 815 5587 c.
848 5528 910 5605 4,
942 5542 1118 5587 num.
1150 5529 1247 5589 18.

1734 379 1970 434 DlSl'UT.
2009 381 2094 434 lx.
2130 379 2209 433 m:
2243 381 2553 434 Echsssm.

2173 479 2340 541 idem
2366 487 2574 562 caput,
2605 481 2771 541 idem
2796 477 2955 555 finis,
2986 481 3200 542 eadem
3227 479 3496 562 denique
3527 479 3751 542 salutis

2179 575 2388 636 media
2416 575 2716 655 primaria
2743 581 2804 636 et
2829 573 3277 635 substantialia.

2257 672 2314 730 4.
2343 665 2629 732 Secunda
2642 687 2794 751 pars
2813 671 3105 750 probatwr
3117 669 3544 752 primm—Sed
3563 669 3756 729 omis·

2175 781 2242 821 so
2273 768 2438 823 statu
2469 762 2860 838 innocentiae,
2893 763 3054 841 quod
3087 771 3221 842 post
3257 770 3570 842 peccatum
3617 763 3752 822 fue·

2175 856 2255 917 rit
2279 856 2551 916 Ecclesia
2577 857 2748 935 prius
2771 856 2837 916 in
2865 855 3224 935 parentibus
3247 856 3483 917 Adamo
3503 861 3566 916 et
3593 857 3750 928 Eva,

2173 966 2360 1028 quam
2391 948 2457 1008 in
2507 947 2672 1024 filiis,
2705 953 2944 1010 constat
2985 949 3208 1026 primo,
3245 949 3391 1028 quia
3435 948 3626 1008 etiam
3681 947 3754 1006 fi-

2173 1042 2318 1102 dem
2343 1041 2410 1102 in
2434 1047 2598 1102 statu
2616 1041 2722 1102 illo
2745 1046 2985 1102 naturae
3007 1039 3190 1120 lapsae
3219 1040 3574 1102 habuerunt
3597 1045 3748 1100 ante

2177 1135 2460 1214 genitum
2487 1133 2657 1194 Cain.
2695 1131 2868 1208 Quod
2893 1135 2948 1194 si
2975 1131 3134 1194 forte
3165 1139 3312 1194 ante
3349 1133 3594 1213 lapsum
3625 1151 3754 1193 non

2177 1233 2596 1308 cognoverant
2621 1227 2960 1300 Christum,
2989 1225 3362 1286 credendum
3393 1227 3526 1286 sine
3559 1225 3754 1286 dubio

2175 1326 2270 1382 est
2291 1339 2416 1382 non
2447 1321 2644 1382 multo
2673 1325 2809 1400 post
2831 1318 3276 1398 redemptionis
3307 1317 3535 1379 futuras
3578 1337 3754 1379 reve-

2175 1413 2472 1475 lationem
2513 1412 2842 1493 accepisse,
2895 1430 2974 1473 ne
3013 1410 3280 1472 salutem
3325 1417 3388 1472 et
3435 1410 3753 1492 poeniten-

2177 1509 2330 1569 tiam
2374 1503 2797 1588 desperarent,
2852 1513 2914 1567 et
2955 1511 3027 1566 ut
3071 1503 3456 1566 commodius
3499 1511 3755 1584 possent

2176 1616 2240 1663 se
2267 1601 2346 1662 ad
2373 1603 2641 1681 gratiam
2677 1601 3023 1680 disponere,
3074 1598 3240 1678 quod
3279 1615 3390 1678 per
3429 1615 3494 1660 se
3519 1598 3750 1678 proba-

2178 1694 2304 1756 bile
2352 1699 2481 1771 est,
2536 1699 2598 1756 et
2651 1693 2877 1755 divinas
2921 1691 3355 1754 misericordiae
3413 1697 3751 1752 consenta-

2179 1797 2368 1850 neum
2399 1809 2416 1862 3
2469 1795 2532 1849 et
2583 1793 2881 1866 praeterea
2933 1786 3262 1860 suadetur,
3323 1799 3470 1845 nam
3527 1801 3746 1864 supra,

2179 1883 2336 1962 disp.
2365 1883 2428 1956 2,
2455 1887 2599 1943 sect.
2628 1883 2690 1957 6,
2718 1897 2782 1941 n.
2822 1882 2878 1950 t,
2909 1879 3295 1941 ostendimus
3321 1897 3397 1938 ex
3432 1877 3752 1952 Patribus,

2178 1975 2334 2037 Abel
2353 1981 2416 2038 et
2451 1980 2700 2036 caeteros
2737 1973 3044 2048 homines,
3076 1971 3156 2033 ab
3182 1971 3422 2032 Adamo
3451 1969 3755 2050 mysteria

2179 2070 2322 2130 fidei
2363 2087 2473 2150 pcr
2509 2068 2908 2129 traditionem
2957 2067 3290 2146 accepisse,
3341 2064 3506 2144 quod
3551 2063 3753 2123 ctiam

2175 2162 2558 2243 Epiphanius
2578 2177 2764 2239 supra
2785 2160 2983 2237 docet,
3016 2165 3079 2220 et
3107 2159 3428 2233 Eusebius,
3459 2155 3647 2217 initio
3673 2155 3756 2214 de

2175 2256 2633 2336 Praeparatione
2666 2253 3025 2332 evangelica
3042 2275 3062 2328 ς,
3111 2253 3488 2330 Augustinus
3525 2249 3753 2323 etiam,

2173 2352 2414 2412 decimo
2447 2352 2668 2431 quinto
2697 2351 2904 2426 civit„
2947 2357 3276 2430 propterea
3305 2347 3532 2408 dixisse
3579 2345 3756 2405 vide-

2173 2451 2276 2507 tur
2300 2445 2494 2506 Adam
2522 2462 2916 2506 communem
2937 2441 3127 2504 fuisse
3149 2447 3469 2522 parentem
3495 2457 3750 2513 eorum,

2175 2539 2284 2619 qui
2310 2537 2390 2599 ad
2423 2538 2732 2599 coelestem
2761 2537 3074 2598 civitatem
3101 2535 3437 2616 pertinent,
3481 2537 3542 2593 et
3571 2532 3750 2592 idem

2175 2631 2438 2694 habetur
2472 2633 2541 2692 in
2586 2630 2852 2692 Historia
2881 2628 3282 2690 ecclesiastica
3313 2626 3474 2688 Petri
3501 2626 3754 2686 Comes·

2175 2726 2366 2803 tort-³3
2403 2744 2552 2804 ergo
2581 2723 2993 2785 necessarium
3029 2720 3148 2782 fuit
3187 2721 3359 2801 prius
3401 2717 3604 2779 Adam
3641 2717 3758 2776 ha-

2174 2815 2377 2879 buisse
2417 2835 2557 2878 eam
2603 2815 2815 2892 fidem,
2851 2833 3040 2894 quam
3087 2813 3220 2894 ejus
3268 2811 3448 2874 filios.
3505 2811 3750 2872 Deinde

2173 2910 2507 2972 verisimile
2533 2917 2626 2971 est
2647 2928 2776 2970 non
2807 2907 3005 2969 multo
3031 2920 3167 2988 post
3193 2912 3514 2988 peccatum
3546 2905 3746 2984 poeni-

2174 3006 2388 3081 tuisse,
2421 3021 2566 3064 nam
2591 3021 2627 3064 a
2661 3010 2908 3082 peccato
2935 3001 3082 3063 Adae
3109 3001 3188 3061 ad
3219 2999 3370 3060 Abel
3397 2998 3752 3078 generatio-

2173 3115 2344 3174 nem,
2403 3099 2768 3159 diuturnum
2799 3103 3044 3175 tempus
3097 3093 3456 3155 intercessit.
3509 3091 3742 3151 Praete-

2174 3212 2281 3254 rea
2307 3190 2517 3254 nullus
2544 3189 2799 3268 negabit
2833 3192 2852 3228 ¹
2901 3187 3056 3250 Abel
3094 3195 3240 3248 ante
3267 3203 3450 3248 usum
3481 3183 3745 3244 rationis

2167 3289 2406 3367 justum
2433 3283 2645 3358 fuisse,
2691 3296 2840 3343 nam
2879 3279 3003 3343 fide
3037 3285 3386 3360 parentum,
3433 3275 3532 3340 vel
3587 3275 3746 3351 sola,

2173 3377 2270 3439 vel
2321 3379 2612 3440 exteriori
2658 3377 2838 3456 signo
2891 3376 3127 3454 aliquo,
3170 3371 3502 3453 significari
3565 3368 3752 3430 facile

2171 3473 2376 3552 potuit
2407 3471 2830 3533 remissionem
2869 3470 3098 3548 peccati
3133 3465 3457 3546 originalis
3497 3463 3750 3524 obtine·

2171 3567 2248 3634 ri.
2282 3571 2344 3626 et
2371 3563 2536 3627 idem
2565 3551 2901 3625 verisimile
2929 3568 3024 3624 est
3047 3561 3128 3622 de
3163 3559 3335 3622 Cain.
3389 3559 3552 3638 Ergo
3593 3563 3750 3618 ante

2174 3657 2326 3720 Abel
2348 3657 2686 3720 necessario
2714 3655 2836 3717 fuit
2854 3645 3144 3729 Ecclesia,
3175 3668 3324 3714 nam
3351 3651 3526 3730 fides,
3546 3651 3757 3731 poeni-

2173 3753 2368 3813 tentia
2399 3757 2462 3812 et
2497 3751 2760 3829 justitia,
2793 3767 2919 3810 non
2971 3747 3370 3828 reperiuntur
3413 3751 3590 3806 extra
3633 3745 3754 3806 Ec-

2173 3845 2451 3906 clesiam.

2257 3942 2316 4000 5.
2361 3936 2764 4001 E'oeistimatio
2825 3933 3219 4017 quorumdam
3279 3937 3636 3996 removetur.
3663 3963 3755 3977 —

2177 4033 2386 4112 Neque
2428 4031 2616 4092 etiam
2651 4027 2969 4110 probabile
3013 4027 3260 4088 videtur
3307 4025 3474 4104 quod
3515 4023 3624 4086 alii
3652 4025 3756 4086 di-

2175 4131 2348 4196 cunt,
2369 4123 2556 4184 fidem
2589 4123 2760 4202 prius
2793 4121 2984 4182 fnisse
3010 4121 3077 4181 in
3105 4119 3364 4195 Adamo,
3397 4125 3608 4180 tamen
3637 4137 3754 4180 ex-

2173 4219 2462 4279 teriorem
2491 4215 2930 4296 professionem
2969 4213 3114 4276 fidei
3147 4213 3418 4293 primum
3453 4214 3752 4274 omnium

2177 4311 2473 4391 incepisse
2502 4311 2570 4370 in
2607 4309 2782 4384 Abel,
2811 4308 2982 4389 quia,
3035 4308 3178 4369 licet
3213 4307 3530 4388 Scriptura
3557 4305 3757 4367 sacri-

2175 4403 2387 4465 ficinm
2421 4399 2576 4464 Abel
2622 4407 2852 4473 narret,
2895 4403 2958 4463 et
2987 4418 3109 4461 non
3137 4399 3360 4475 Adam,
3387 4400 3520 4461 sine
3549 4399 3752 4459 dnbio

2175 4495 2550 4560 credendum
2609 4503 2700 4558 cst
2759 4498 2890 4557 toto
2951 4491 3058 4555 illo
3107 4501 3387 4574 tempore
3429 4494 3750 4554 Adamum

2173 4590 2431 4653 coluisse
2453 4589 2673 4666 Deum,
2704 4593 2888 4669 atque
2915 4589 3068 4650 adeo
3091 4587 3391 4650 sacrificia
3417 4585 3748 4660 obtulisse,

2175 4685 2302 4744 imo
2344 4681 2502 4745 filios
2531 4683 2593 4742 id
2640 4700 2678 4743 a
2719 4681 3081 4762 parentibus
3121 4681 3423 4741 didicisse.
3459 4677 3692 4740 Interes
3729 4701 3746 4738 :

2175 4776 2404 4838 mansit
2436 4775 2626 4854 igitur
2653 4785 2726 4837 eo
2754 4781 3029 4854 tempore
3053 4773 3325 4835 Ecclesia
3353 4773 3524 4834 omni
3553 4773 3753 4833 desti-

2174 4875 2310 4930 tuta
2347 4869 2688 4930 sanctitate.
2723 4866 3146 4946 Respondetur
3197 4866 3362 4926 hanc
3411 4865 3750 4926 difficulta-

2173 4968 2301 5024 tem
2353 4973 2744 5023 communem
2804 4979 2933 5022 csse
2988 4959 3162 5019 omni
3218 4957 3541 5038 opinioni,
3591 4975 3750 5017 nam

2171 5055 2357 5117 etiam
2389 5061 2524 5136 post
2555 5059 2872 5138 mortuum
2901 5051 3057 5114 Abel
3091 5053 3567 5113 intercesserunt
3596 5068 3749 5112 cen-

2173 5155 2307 5210 tum
2351 5149 2502 5210 anni
2543 5163 2737 5228 usque
2773 5145 2856 5208 ad
2897 5146 3358 5225 generationem
3385 5143 3534 5205 Seth
3564 5161 3581 5205 ε
3615 5161 3748 5222 quo

2173 5249 2474 5322 tempore,
2497 5260 2638 5304 cum
2666 5247 2796 5303 tota
2823 5237 3092 5302 Ecclesia
3120 5244 3278 5300 esset
3304 5238 3368 5298 in
3398 5234 3600 5297 tribus
3627 5235 3746 5297 ho·

2176 5337 2470 5414 minibus,
2521 5343 2583 5397 et
2616 5353 2778 5396 unus
2809 5350 3048 5410 eorum,
3092 5331 3266 5403 Cain,
3297 5331 3524 5411 impius
3555 5338 3745 5406 esset,

2263 5526 2279 5560 ¹
2317 5521 2470 5582 Vide
2500 5520 2653 5602 disp.
2685 5523 2724 5582 4
2751 5520 2827 5581 de
2852 5519 3120 5581 Sacram.
3131 5564 3151 5594 ‚
3183 5523 3327 5578 sect.
3360 5517 3420 5577 2.
