3900 6217
1045 349 1212 402 SECT.
1248 350 1329 402 IV.
1365 349 1505 414 Qms
1544 351 1625 402 m·
1658 350 1879 413 QUALIS
1910 351 2011 404 sn·
2043 349 2243 402 Ac‘rus
2274 347 2656 400 Puopnmlffl.

228 442 635 520 prophetiam
678 447 971 526 pertinet.
1022 448 1328 526 Secundo,
1384 456 1591 530 posset
1641 449 1807 529 quis-

230 535 409 612 piam
440 536 513 596 in
547 555 615 598 re
639 538 777 618 ipsa
804 539 1071 600 scribere
1103 559 1141 602 a
1169 541 1400 621 Spiritu
1427 543 1651 604 Sancto
1679 561 1809 603 mo·

234 637 379 703 tus,
419 628 559 710 ipso
607 638 815 693 tamen
862 632 1210 712 ignorante,
1255 643 1318 696 et
1378 637 1695 700 nesciente
1742 656 1807 698 se

232 723 303 782 in
343 741 419 784 ea
448 725 787 804 scriptione
840 745 879 788 a
927 727 1157 808 Spiritu
1185 730 1411 792 Sancto
1440 730 1667 809 dirigi;
1696 731 1807 810 qui

234 815 463 878 modus
512 837 597 879 au
650 819 963 882 interdum
1016 821 1363 902 contigerit,
1416 823 1805 904 exploratum

238 927 373 970 non
421 908 628 972 habeo
675 929 692 971 :
733 910 785 974 si
832 919 1043 975 tamen
1090 915 1473 994 contingeret
1514 918 1603 976 ita
1642 916 1802 994 fieri,

236 1003 509 1082 scriptor
536 1004 643 1066 ille
670 1007 916 1086 proprie
936 1026 1058 1068 non
1084 1017 1241 1070 esset
1263 1009 1586 1090 propheta,
1603 1029 1805 1091 neque

236 1097 375 1174 ejus
406 1098 684 1176 cognitio
710 1100 1095 1180 prophetica3
1123 1103 1429 1182 scriptura
1455 1122 1603 1164 vero
1631 1104 1697 1164 in
1741 1123 1807 1166 se

232 1197 395 1249 esset
436 1190 784 1253 infallibilis
833 1204 897 1256 et
950 1213 1141 1270 sacra,
1167 1197 1451 1274 quamvis
1483 1197 1649 1276 apud
1692 1216 1805 1258 nos

233 1286 675 1348 auctoritatem
700 1305 827 1348 uon
846 1286 1124 1364 haberet,
1154 1289 1299 1364 nisi,
1330 1289 1595 1370 Spiritus
1617 1291 1806 1352 Sanc-

230 1377 279 1435 ti
322 1379 724 1454 auctoritate,
762 1380 916 1442 alias
968 1381 1145 1444 nobis
1193 1391 1522 1459 constaret,
1567 1403 1631 1446 se
1674 1403 1838 1478 esse*

228 1469 375 1530 talis
412 1472 754 1551 Scripturae
774 1473 1177 1554 priucipalem
1218 1484 1560 1538 auctorem.

310 1568 371 1624 7.
419 1566 653 1630 Prima
684 1569 927 1646 objectio
982 1573 1195 1635 contra
1240 1573 1561 1634 secundam
1610 1590 1806 1634 asser·

228 1660 481 1722 tionem.
500 1691 585 1706 —
616 1661 735 1722 Sed
762 1661 963 1724 adhuc
986 1671 1260 1742 superest
1290 1665 1616 1726 difficultas
1648 1665 1807 1726 circa

224 1753 573 1814 secundam
606 1755 1061 1818 conclusionem
1091 1778 1108 1816 ε
1139 1776 1287 1818 nam
1331 1760 1622 1822 videntur
1668 1759 1805 1820 dari

222 1845 581 1924 prophetiae
610 1849 927 1910 nonnullas
950 1851 1223 1928 incertae,
1244 1852 1369 1913 imo
1390 1859 1451 1914 et
1475 1852 1805 1914 falsitatem

222 1939 653 2018 continentes,
696 1949 765 2002 ut
812 1943 919 2004 illa
961 1944 1133 2007 Jonas
1180 1947 1217 2008 3
1252 1963 1268 2008 :
1298 1947 1511 2010 Adhuc
1542 1949 1808 2029 quadra-

216 2035 403 2114 ginta
432 2036 595 2107 dies,
634 2043 696 2101 et
712 2036 941 2102 Ninica
968 2039 1341 2104 subvertetur
1351 2065 1377 2113 ,·
1394 2048 1455 2104 et
1484 2041 1591 2104 illa
1634 2043 1804 2104 Isaiae

218 2129 323 2203 38,
368 2133 437 2189 et
478 2133 521 2190 4
573 2131 729 2210 Reg.
786 2133 866 2192 20
894 2148 911 2190 ε
944 2131 1233 2197 Muneris
1278 2141 1369 2208 tu,
1400 2141 1516 2197 etc.
1574 2137 1807 2198 Confir-

214 2231 461 2298 matur,
488 2243 649 2286 nam
674 2226 993 2288 interdum
1020 2230 1088 2289 in
1117 2231 1431 2309 Scriptura
1462 2231 1807 2310 praedicun-

210 2323 320 2376 tur
346 2317 581 2379 futura
610 2321 1035 2400 contingentia
1049 2323 1307 2400 incerta,
1324 2343 1464 2405 quae
1495 2344 1619 2387 non
1645 2345 1805 2387 sem-

204 2429 325 2490 per
360 2419 637 2490 possunt
682 2415 935 2494 praedici
977 2422 1273 2497 tanquam
1314 2420 1640 2498 praesentia
1681 2420 1805 2480 Deo

207 2505 277 2564 in
308 2507 709 2584 aeternitate,
740 2514 811 2570 ut
835 2528 1019 2589 supra
1048 2512 1117 2573 D.
1149 2513 1415 2574 Thomas
1441 2513 1799 2593 respondet;

200 2612 359 2658 sunt
408 2601 595 2660 enim
653 2601 800 2662 talia
844 2604 1157 2665 interdum
1208 2610 1280 2665 ut
1324 2605 1603 2668 absolute
1642 2625 1805 2666 nun·

202 2711 403 2771 quam
446 2693 591 2754 sint
640 2693 874 2772 futura,
918 2704 981 2757 et
1032 2705 1476 2777 consequenter
1519 2717 1635 2760 nec
1680 2701 1804 2760 sint

210 2787 587 2860 prm-sentia,
615 2794 681 2850 et
710 2794 921 2850 tamen
940 2790 1055 2850 sub
1078 2792 1431 2853 conditione
1458 2793 1803 2872 praedicun-

218 2884 349 2952 tur,
372 2877 439 2938 id
468 2885 574 2938 est
604 2901 621 2938 ε
652 2881 721 2941 Si
766 2881 885 2943 hoc
911 2883 1051 2958 erit,
1086 2881 1243 2945 illud
1295 2891 1631 2964 sequetur3
1666 2904 1802 2964 quae

228 2974 589 3034 consecutio
618 2976 825 3038 adhuc
876 2984 967 3038 est
1016 2979 1251 3039 incerta
1276 2984 1341 3040 et
1387 2980 1799 3058 contingens:

222 3064 355 3124 talis
372 3084 539 3144 ergo
570 3068 871 3130 revelatio
896 3070 1253 3150 prophetica
1280 3089 1405 3132 non
1426 3073 1650 3156 poterit
1671 3092 1803 3135 esse

208 3164 407 3220 certa.
463 3161 849 3242 Exemplum
892 3169 983 3226 est
1025 3168 1051 3224 1
1110 3164 1264 3242 Reg.
1301 3167 1403 3238 23,
1445 3163 1552 3226 ubi
1610 3166 1798 3225 David

206 3253 541 3314 consuluit
574 3256 907 3317 Dominum
939 3259 1004 3318 in
1036 3257 1205 3319 hunc
1257 3258 1511 3318 modum
1539 3279 1554 3318 :
1590 3259 1673 3322 Si
1704 3260 1803 3323 hio

204 3352 645 3426 expectavere,
676 3357 735 3412 et
767 3351 931 3414 Saul
969 3354 1221 3427 venerit,
1252 3353 1495 3416 tradent
1529 3371 1621 3414 mo
1650 3354 1797 3429 viri,

206 3447 327 3500 etc.
346 3444 377 3500 *ἒ
408 3441 769 3522 Respondit
790 3446 949 3507 Deus
982 3462 998 3506 ε
1028 3446 1319 3510 Tradeat.
1350 3446 1427 3508 Et
1452 3452 1665 3508 tamen
1689 3465 1805 3509 nec

212 3532 349 3610 ipse
408 3543 639 3614 postea
664 3539 1033 3616 expectavit,
1069 3557 1271 3620 neque
1316 3539 1487 3600 venit
1530 3539 1703 3614 Saul,
1742 3544 1805 3600 et

214 3626 305 3686 ita
354 3646 503 3688 non
556 3629 681 3690 tuit
708 3631 1011 3692 traditus:
1044 3633 1207 3710 quod
1252 3633 1304 3692 si
1332 3638 1666 3710 poneretur
1697 3631 1803 3694 illa

218 3723 537 3798 conditio,
581 3723 748 3802 quod
800 3726 930 3804 ipse
956 3724 1186 3786 scilicet
1212 3733 1563 3804 expectaret
1590 3732 1660 3786 ut
1698 3744 1805 3786 ve-

218 3815 391 3876 niret
421 3817 605 3893 Saul,
633 3817 837 3880 adhuc
872 3825 1033 3880 esset
1086 3821 1457 3898 contingens
1510 3819 1673 3882 tradi
1703 3819 1801 3880 vel

224 3929 357 3972 uon
384 3912 583 3988 tradi,
612 3915 759 3992 quia
782 3921 915 3976 erat
954 3913 1155 3975 adhuc
1180 3913 1469 3976 liberum.

302 4006 365 4066 8.
412 4006 840 4086 Respondemr
870 4007 1162 4089 duplicem
1180 4009 1558 4090 prophetiam
1582 4008 1805 4071 distin-

226 4100 586 4179 quondm—
608 4099 899 4166 Ero-anea
922 4105 1345 4186 interpretatio
1384 4105 1551 4185 apud
1596 4099 1801 4186 Oriqe·

228 4211 383 4254 aem.
412 4225 501 4238 —
543 4195 971 4274 Respondetur
1002 4215 1020 4258 ε
1064 4203 1315 4277 propter
1356 4202 1799 4276 argumentum

230 4289 535 4364 positum,
564 4289 957 4368 distinguunt
976 4293 1183 4352 Patres
1207 4290 1518 4372 duplicem
1536 4291 1802 4370 prophe·

236 4379 429 4456 tiam;
457 4381 647 4442 aliam
676 4382 1023 4444 absolutam
1082 4390 1146 4445 et
1192 4383 1578 4463 simpliciter,
1612 4383 1802 4444 aliam

236 4476 803 4552 comminatoriam,
832 4497 971 4558 quae
999 4478 1064 4538 in
1094 4497 1277 4539 sensu
1302 4497 1427 4558 quo
1450 4477 1520 4538 fit
1556 4484 1648 4539 est
1674 4495 1807 4538 om-

236 4569 391 4628 nino
416 4577 587 4630 certa
598 4587 619 4646 3
641 4577 713 4631 ut
732 4589 881 4632 vero
906 4572 1176 4634 exterius
1198 4578 1399 4647 sonat,
1426 4573 1671 4634 videtur
1695 4572 1805 4632 ali-

235 4661 489 4738 quando
540 4663 822 4724 deficere.
850 4667 927 4724 Et
956 4664 1311 4744 hujusmodi
1348 4672 1495 4726 sunt
1517 4665 1639 4728 illoe
1666 4683 1807 4746 pro-

240 4753 463 4830 phetiae
482 4773 623 4834 quae
646 4757 713 4816 in
740 4765 1113 4837 argumento
1140 4759 1429 4820 citantur.
1448 4761 1517 4820 ln
1540 4760 1613 4819 iis
1638 4761 1807 4820 enim

244 4852 833 4914 comminationibus
858 4871 996 4931 quae
1026 4859 1280 4932 propter
1318 4859 1569 4932 peccata
1619 4853 1803 4931 fiunt,

244 4961 485 5022 semper
500 4945 989 5024 subintelligitur
1016 4946 1123 5007 illa
1149 4947 1439 5024 conditio,
1473 4964 1661 5025 quam
1702 4965 1807 5008 ex·

246 5040 431 5117 plicat
451 5039 709 5108 Jcrem„
742 5058 877 5118 cap.
924 5043 1002 5100 18
1034 5061 1049 5100 z
1078 5041 1347 5122 Loquar,
1376 5042 1580 5120 inquit
1620 5044 1802 5118 Deus,

250 5138 531 5200 marm
549 5141 803 5218 quum,
828 5141 901 5200 ut
914 5137 1259 5219 disperdam
1272 5140 1329 5200 et
1356 5137 1665 5218 dissipem,
1684 5143 1801 5198 etc.

250 5229 328 5293 Si
342 5231 969 5310 anumpoenimtiam
986 5231 1175 5310 eqorit
1192 5247 1338 5312 qen-3
1360 5229 1803 5310 illodepeooato

246 5341 369 5396 suo,
398 5341 580 5404 aym
631 5327 691 5386 et
714 5340 821 5405 eqo
860 5323 1301 5403 peonitentiam.
1348 5323 1477 5384 Hoc
1522 5323 1708 5384 modo
1736 5323 1803 5384 in

248 5433 423 5495 opere
460 5417 823 5494 imperfecto
842 5416 1009 5496 apud
1031 5417 1557 5496 chrysostomum,
1578 5416 1796 5478 homil.

254 5515 309 5585 1,
330 5527 527 5590 prope
549 5508 769 5587 finem,
816 5511 889 5571 ιιι
921 5509 1167 5586 Μειιιιι.,
1204 5509 1433 5580 dicitur
1458 5508 1647 5574 aliam
1674 5527 1803 5573 csse

3328 340 3448 402 233

1888 449 2278 532 prophetiam
2307 468 2383 511 ex
2413 447 2822 529 praescientia‚
2849 452 2913 508 et
2951 445 3114 507 hanc
3155 444 3449 506 immuta-

1887 544 2079 606 bilem
2108 548 2324 618 vocat,
2360 542 2701 621 cujusmodi
2742 546 2872 602 est:
2905 539 3064 604 E'oco
3101 539 3283 619 Vir-qo
3311 555 3448 601 oon-

1888 635 2088 718 oipiet,
2120 643 2264 712 etc.;
2295 636 2482 698 aliam
2513 653 2587 696 ex
2610 634 2850 714 judicio
2875 650 3134 714 operum
3163 633 3296 695 :Et
3323 633 3450 695 hoeo

1885 731 2116 810 inquit,
2137 731 2288 794 solet
2311 728 2539 793 mutari
2562 729 2881 792 secundam
2895 727 3053 808 quod
3071 731 3294 789 sonant
3319 743 3445 788 ver-

1886 826 2000 896 ba,·
2028 824 2204 900 item,
2244 822 2459 884 homil.
2498 825 2535 884 5
2563 823 2642 884 ad
2678 822 2999 900 Populum,
3032 826 3094 881 et
3125 821 3200 882 14
3227 820 3306 880 ad
3329 819 3446 881 Ro·

1886 935 2124 992 manQS‚
2143 918 2210 978 in
2246 921 2418 997 parte
2442 915 2684 992 morali,
2715 914 2899 995 paulo
2929 917 3062 994 post
3085 913 3360 988 initium,
3387 918 3448 974 et

1885 1013 1967 1074 22
2001 1011 2068 1072 in
2105 1010 2352 1086 Genes.,
2382 1010 2568 1089 paulo
2604 1014 2748 1069 ante
2775 1007 3074 1068 inedium.
3106 1007 3206 1068 Sic
3253 1008 3446 1067 etiam

1885 1106 2324 1184 Hieronymus,
2359 1103 2586 1164 Jerem.
2635 1105 2735 1179 11,
2768 1107 2829 1164 et
2875 1101 3096 1164 Ezech.
3147 1103 3206 1176 3,
3239 1107 3300 1161 et
3327 1103 3442 1162 33:

1890 1197 2318 1274 Comminatio,
2371 1198 2576 1278 inquit
2633 1197 2702 1258 in
2758 1196 2866 1257 illo
2914 1213 3046 1274 cap.
3093 1197 3154 1272 3,
3209 1214 3330 1258 non
3379 1195 3448 1256 in

1886 1293 2202 1366 hominem,
2234 1293 2341 1356 aed
2365 1292 2432 1354 in
2471 1297 2719 1374 peccata
2750 1295 2862 1362 ost,
2892 1308 3074 1372 mque
3106 1291 3176 1353 in
3213 1307 3308 1353 eos
3343 1288 3449 1370 qai

1886 1392 2314 1450 convertuntur
2339 1404 2378 1448 a
2397 1383 2590 1462 vitiis’,
2622 1386 2729 1448 sed
2746 1385 2850 1466 qui
2877 1385 2945 1446 in
2961 1383 3230 1466 peccatis
3251 1399 3446 1443 roma·

1884 1485 2050 1542 nent.
2083 1479 2251 1540 Idem
2281 1478 2496 1540 Daniel
2536 1480 2598 1553 4,
2637 1484 2698 1539 et
2751 1471 2938 1539 Amos
2977 1481 3037 1552 3,
3069 1477 3220 1537 dicit
3248 1477 3444 1536 Deum

1885 1573 2288 1648 comminare,
2305 1579 2374 1632 ut
2387 1572 2670 1634 homines
2689 1577 2915 1633 terreat
2943 1589 3022 1632 ne
3049 1569 3277 1630 inferat
3304 1586 3445 1647 sup-

1885 1667 2161 1749 plicium.
2195 1667 2424 1728 Eodem
2469 1665 2650 1728 modo
2691 1665 3023 1744 Gregorius
3067 1665 3148 1726 20
3197 1661 3442 1738 Moral.,

1885 1779 2020 1841 cap.
2065 1763 2168 1837 23,
2214 1761 2384 1836 dicit,
2409 1761 2602 1820 Deum
2653 1758 2971 1821 interdum
3004 1763 3246 1816 mutare
3285 1773 3443 1831 rem,

1886 1855 2174 1934 quamvis
2193 1873 2319 1916 non
2348 1859 2546 1916 mutet
2567 1853 2925 1926 consilium;
2956 1858 3018 1913 et
3042 1849 3151 1911 lib.
3189 1851 3286 1924 12,
3306 1867 3443 1930 cap.

1886 1953 1947 2019 2,
1983 1950 2132 2011 dicit
2163 1949 2382 2010 Isaiam
2425 1947 2818 2029 prophetasse
2849 1953 3094 2024 tempus
3143 1960 3264 2022 quo
3300 1945 3446 2004 Eze-

1888 2044 2057 2106 chias
2079 2043 2238 2105 mori
2263 2043 2547 2117 debebat,
2572 2060 2681 2102 seu
2708 2040 3113 2115 moriebatur,
3150 2057 3276 2099 non
3323 2055 3446 2118 quo

1887 2138 2225 2200 moriturus
2294 2143 2448 2198 erat.
2513 2135 2745 2198 Eadem
2800 2134 3193 2196 distinctione
3252 2133 3447 2193 utitur

1886 2232 2224 2294 Eucherius
2262 2232 2372 2292 lib.
2417 2232 2544 2292 2511
2575 2230 2823 2304 Genes.,
2854 2247 2986 2308 cap.
3016 2230 3082 2290 31
3123 2226 3446 2289 :Theodo-

1885 2331 2088 2402 retus,
2145 2326 2386 2406 praefat.
2444 2324 2509 2385 in
2568 2327 2645 2386 12
2695 2321 3028 2403 Prophetas
3043 2339 3063 2401 3
3124 2321 3442 2400 Origenes,

1885 2419 2058 2482 bom.
2091 2422 2114 2481 1
2161 2420 2228 2480 ιιι
2257 2419 2610 2480 Jeremiam.
2645 2415 3014 2498 Undegquod
3036 2415 3201 2476 idem
3232 2415 3446 2494 Orige-

1888 2531 2020 2589 neS,
2068 2512 2284 2574 homil.
2327 2513 2404 2574 16
2443 2513 2510 2574 ιιι
2557 2513 2883 2596 Numeros,
2934 2509 3197 2585 indicat,
3228 2526 3446 2569 omnes

1886 2605 2000 2667 has
2048 2605 2398 2686 prophetias
2436 2603 2938 2666 comminatorias
2978 2621 3107 2664 esse
3167 2600 3446 2664 absolute

1882 2699 2343 2778 intelligendaS,
2394 2705 2457 2760 et
2508 2698 2560 2758 si
2601 2696 2879 2759 absolute
2931 2696 3346 2776 proferantur,
3382 2700 3448 2760 et

1882 2797 2094 2872 postea
2127 2811 2254 2854 non
2275 2791 2547 2854 habeant
2573 2792 2885 2866 effectum,
2917 2809 3045 2853 non
3075 2807 3203 2852 esse
3227 2809 3264 2852 a
3294 2790 3441 2865 De0‚

1882 2885 1988 2946 sed
2018 2885 2098 2946 ab
2128 2885 2403 2946 humano
2443 2885 2704 2965 spiritu,
2735 2885 2855 2964 estJ
2869 2885 3124 2945 omnino
3165 2883 3390 2944 falsum
3423 2900 3440 2944 ε

1882 2979 2050 3040 unde
2078 2997 2280 3059 neque
2307 2979 2387 3041 ab
2432 2979 2566 3059 ipso
2593 2979 2953 3060 simpliciter
2995 2977 3151 3039 illud
3176 2977 3445 3039 affirma·

1883 3081 2010 3149 tur,
2040 3073 2144 3135 sed
2176 3074 2377 3134 solum
2405 3073 2689 3144 refertur,
2725 3078 2795 3133 ut
2824 3072 3064 3134 notavit
3103 3071 3293 3147 Cano,
3327 3069 3440 3132 lib.

1882 3169 1921 3230 2
1954 3167 2032 3228 de
2060 3168 2259 3244 Loci-5,
2289 3187 2424 3248 cap.
2459 3169 2557 3245 18,
2587 3167 2624 3248 ξ
2649 3166 2945 3232 Secunda·
2960 3185 3118 3229 vero.
3150 3165 3256 3226 Est
3275 3165 3445 3226 enim

1883 3268 2102 3322 contra
2131 3279 2524 3324 communem
2550 3278 2824 3334 sensum,
2845 3266 2908 3320 et
2937 3259 3308 3322 sententiam
3333 3257 3445 3318 Pa-

1883 3361 2091 3432 trum3
2123 3373 2271 3416 nam
2299 3359 2538 3415 constat
2561 3372 2634 3414 ex
2676 3353 2857 3413 dictis
2888 3352 3240 3432 prophetias
3265 3351 3441 3412 Jonae

1882 3453 1945 3509 et
1983 3448 2176 3523 Isaiae,
2215 3453 2275 3509 et
2301 3447 2555 3523 similes,
2598 3447 2781 3509 fuisse
2810 3465 3006 3520 veras,
3037 3451 3098 3508 et
3125 3463 3162 3506 a
3209 3445 3444 3526 Spiritu

1882 3541 2109 3604 Sancto
2135 3541 2352 3618 factas.
2380 3547 2442 3603 et
2457 3547 2667 3604 tamen
2695 3559 2822 3600 non
2842 3538 2961 3600 fuit
2979 3540 3047 3599 in
3065 3556 3280 3600 earum
3307 3556 3444 3598 ver-

1885 3633 1982 3696 bis
2022 3652 2308 3714 expressa
2348 3633 2455 3696 illa
2499 3634 2792 3710 conditi0,
2825 3651 2963 3713 quae
3001 3633 3067 3692 in
3095 3632 3182 3693 eis
3232 3629 3444 3692 subin·

1883 3726 2300 3804 telligebatur.
2337 3729 2558 3788 Putare
2585 3732 2789 3788 autem
2824 3729 2892 3787 in
2915 3725 3276 3804 hujusmodi
3304 3741 3444 3804 pro·

1882 3819 2110 3900 phetiis
2139 3819 2373 3900 aliquid
2404 3819 2649 3880 misceri
2683 3819 2763 3880 ab
2799 3817 3285 3900 ipsosspropheta,
3323 3817 3446 3896 spi·

1882 3915 2012 3976 ritu
2039 3913 2320 3976 humano
2348 3914 2611 3991 dictum,
2653 3919 2864 3994 aperte
2900 3912 3047 3974 facit
3081 3917 3298 3973 contra
3349 3929 3443 3971 sa·

1884 4026 2002 4070 croe
2025 4008 2356 4088 Scripturas
2385 4007 2778 4086 dignitatem,
2803 4012 2866 4067 et
2896 4005 3259 4079 veritatem3
3292 4022 3444 4084 qua·

1883 4121 1952 4164 re
1976 4107 2276 4179 tanquam
2301 4118 2630 4162 erroneum
2648 4104 2743 4160 est
2771 4098 3197 4179 rejiciendum.

1964 4200 2022 4256 9.
2065 4195 2401 4276 Prophecia
2445 4193 2720 4256 absoluta
2771 4211 2812 4256 a
2867 4189 3321 4256 comminatoria
3373 4195 3444 4254 ut

1881 4290 2288 4353 discernatur.
2315 4320 2397 4335 -
2414 4287 2494 4348 At
2521 4286 2854 4367 quomodo,
2887 4301 3119 4364 quaeso,
3135 4283 3444 4370 ‚intelligi-

1882 4388 1988 4443 tur
2012 4379 2403 4462 prophetiam
2436 4399 2565 4442 esse
2592 4379 3127 4441 comminatoriam
3153 4381 3216 4438 et
3239 4375 3449 4437 condi-

1884 4475 2200 4548 tionalem,
2240 4473 2339 4534 vel
2365 4473 2573 4554 potius
2610 4472 2991 4534 absolutam?
3020 4469 3445 4550 Respondetur

1886 4571 2160 4632 breviter
2194 4570 2467 4648 primum
2493 4586 2569 4629 ex
2600 4569 2861 4629 materia
2887 4567 3262 4647 prophetiae3
3294 4582 3446 4626 nam

1888 4663 2408 4744 quandocumque
2439 4670 2532 4724 est
2566 4662 2964 4724 comminatio
2994 4662 3072 4723 de
3095 4679 3280 4740 poena
3308 4679 3446 4740 per-

1885 4761 2124 4820 tinente
2153 4758 2233 4819 ad
2266 4763 2496 4820 statum
2523 4757 2711 4838 hujus
2746 4755 2910 4832 vitae,
2940 4755 3040 4816 vel
3067 4773 3203 4836 quae
3230 4753 3302 4816 fit
3331 4755 3447 4816 ho-

1886 4853 2046 4913 mini
2073 4853 2140 4912 ιιι
2185 4852 2297 4912 hac
2319 4853 2449 4912 vita
2475 4851 2731 4926 viventi,
2753 4847 3022 4927 intelligi
3051 4853 3301 4943 potest
3271 4866 3446 4944 com:

1886 4927 2750 5024 fni‘fi'at'o'ri'effn'ls'se‘ffectus
2729 4931 2900 5007 aliffd
2915 4927 3301 5008 ”ostendat
3290 4929 3448 5018 Quia

1886 5042 2058 5102 enim
2085 5041 2310 5102 scimus
2329 5041 2518 5101 Deum
2549 5059 2681 5102 esse
2708 5045 2995 5120 paratum
3019 5040 3099 5101 ad
3125 5038 3447 5102 remitten-

1886 5135 2037 5197 dum
2088 5143 2335 5216 peccata
2383 5142 2444 5197 et
2492 5141 2788 5196 aeternam
2829 5153 3079 5215 poenam
3119 5134 3448 5213 agentibus

1889 5229 2540 5308 poenitentiam,³ideo,
2571 5228 3086 5308 quandocumque
3105 5227 3448 5305 deyiatore

1884 5323 2109 5384 dicitur
2132 5322 2312 5384 illum
2353 5322 2485 5384 fore
2517 5322 2964 5398 damnandum,
3007 5334 3080 5383 ut
3115 5322 3190 5383 de
3216 5322 3449 5384 Judaeis

1882 5426 2058 5496 saepe‘
2082 5415 2486 5494 Evangelium
2517 5416 2826 5496 loquitur,
2883 5434 2960 5476 ex
3004 5416 3068 5477 vi
3113 5415 3447 5478 verborum

1884 5526 2050 5589 saepe
2100 5508 3017 5592 intelligiturgcomminatorie.
3083 5510 3228 5571 Dico
3263 5528 3338 5574 σω
3383 5510 3446 5574 vi
