3900 6217
532 316 651 372 742

615 425 672 483 3.
705 421 983 486 Secunda
1003 415 1296 480 conclusio
1315 415 1859 494 bipartita—Dico
1872 434 2090 476 secun-

535 517 615 577 do
646 534 661 576 ε
691 515 805 575 etsi
825 515 965 592 jure
1015 511 1229 570 divino
1264 528 1388 568 non
1432 511 1510 569 sit
1543 509 1921 587 prohibitum
1974 509 2091 570 cle-

530 609 674 671 ricis
699 625 810 686 per
842 624 905 666 se
936 604 1158 683 exequi
1182 602 1436 676 bellum,
1461 603 1864 662 ecclesiastico
1877 610 2091 663 tamen

523 703 669 782 jure
701 698 1076 777 prohibitum
1115 703 1227 757 est.
1259 697 1433 756 Prior
1446 715 1582 775 pars
1615 695 1929 774 probatur,
1945 698 2092 774 quia

531 794 777 857 nullum
805 797 974 851 extat
1003 789 1123 852 tale
1153 795 1529 868 praeceptum
1559 789 1865 863 divinum,
1893 807 2094 868 neque

533 907 610 950 ex
659 887 999 964 Scriptura,
1051 901 1249 962 neque
1291 901 1369 942 ex
1415 881 1744 942 traditione
1783 881 2048 942 habetur
2072 928 2092 958 ,

529 1000 645 1043 nec
690 979 944 1040 omnino
999 977 1062 1036 in
1117 974 1478 1036 sacerdotali
1527 991 1783 1035 munere
1831 975 2095 1035 includi-

529 1081 653 1147 tur,
672 1078 781 1133 aut
800 1072 1130 1132 intrinsece
1147 1073 1421 1129 continet
1447 1069 1922 1146 repugnantiam
1945 1085 2089 1128 eum

530 1171 699 1228 recta
730 1166 990 1224 ratione.
1019 1161 1434 1224 confirmatur
1464 1179 1501 1220 a
1536 1159 1746 1231 simili,
1790 1161 1934 1240 quia
1965 1179 2091 1220 non

525 1265 616 1319 est
655 1259 796 1338 jure
834 1257 1046 1316 divino
1090 1253 1466 1334 prohibitum
1515 1253 1733 1313 clerico
1762 1271 1892 1313 esse
1923 1253 2092 1331 judi·

529 1370 662 1412 cem
693 1351 758 1410 in
780 1367 962 1409 causa
981 1348 1319 1425 sanguinis.
1348 1347 1650 1406 Posterior
1668 1351 1832 1406 certa
1853 1353 1965 1422 est,
1984 1347 2092 1407 ha-

529 1443 832 1522 beturque
860 1460 936 1503 ex
965 1442 1145 1520 capit.
1179 1439 1472 1513 Clericus,
1501 1438 1890 1499 distinctione.
1919 1439 2101 1518 quin-

534 1537 916 1615 quagesima,
941 1533 1050 1594 ubi
1077 1533 1361 1594 Nicolans
1390 1533 1552 1610 Papa
1581 1531 1644 1590 id
1673 1531 1959 1610 prohibet
1986 1532 2100 1592 sub

529 1647 716 1709 poeua
737 1626 1176 1706 suspensionis,
1213 1631 1275 1685 et
1313 1627 1416 1698 23,
1451 1630 1665 1702 quaest.
1705 1627 1766 1697 4,
1791 1625 2102 1685 habentur

533 1723 713 1782 multi
736 1739 1002 1782 canones
1016 1719 1090 1780 de
1113 1719 1230 1779 hac
1251 1737 1337 1778 re.
1363 1717 1651 1778 Rationes
1678 1723 1738 1777 et
1758 1736 2102 1796 congruen-

535 1818 638 1875 tiae
663 1834 853 1894 quare
887 1814 1000 1873 hoc
1030 1813 1108 1872 sit
1143 1818 1545 1891 praeceptum,
1573 1811 1778 1872 faciles
1805 1825 1967 1873 sunt.
1993 1813 2101 1872 Le-

535 1927 613 1988 ge
637 1910 706 1969 D.
739 1908 1040 1968 Thomam
1061 1909 1120 1966 2.
1153 1908 1215 1979 2,
1248 1910 1462 1983 quaest.
1491 1905 1593 1980 40,
1635 1911 1749 1967 art.
1792 1907 1850 1965 Ξ.

614 2005 676 2064 4.
719 1999 1161 2064 consectarium
1184 2015 1257 2060 esc
1277 1999 1665 2060 conclusione.
1685 2031 1767 2044 —
1785 1999 1877 2058 Ex
1902 1999 2103 2078 prima

536 2094 946 2156 conclusionis
976 2098 1169 2171 parte,
1211 2091 1485 2169 sequitur
1521 2092 1850 2152 Summum
1896 2091 2104 2151 Ponti-

535 2189 713 2248 ficem
743 2204 913 2266 posse
935 2186 1286 2263 dispensare
1311 2185 1378 2244 in
1408 2179 1572 2243 dicto
1597 2189 1924 2262 praecepto,
1958 2185 2105 2261 quia

535 2280 882 2341 humanum
909 2284 1036 2350 est3
1081 2277 1256 2354 cnjus
1297 2276 1680 2335 contrarium
1730 2276 1917 2335 sensit
1949 2276 2101 2336 Gra-

535 2374 718 2444 tian.,
749 2375 850 2445 23,
879 2377 1092 2450 quaest.
1127 2369 1184 2443 8,
1217 2369 1285 2428 in
1319 2369 1639 2448 principio,
1673 2367 1777 2428 sed
1801 2369 1932 2429 sine
1976 2369 2102 2430 ullo

538 2463 968 2526 fundamento.
1001 2465 1176 2523 Patet
1196 2463 1382 2522 etiam
1420 2481 1495 2521 ex
1546 2461 1754 2522 multis
1803 2462 1957 2539 juris
2010 2481 2105 2522 ca-

538 2559 794 2640 pitibus,
853 2563 915 2618 et
963 2556 1116 2616 solet
1165 2555 1372 2616 afferri
1410 2573 1582 2615 casus
1621 2571 1868 2632 magnae
1901 2573 2108 2616 neces·

539 2652 770 2726 sitatis,
809 2651 860 2711 si
912 2650 964 2710 is
1007 2651 1310 2730 pertineat
1359 2649 1436 2709 ad
1486 2667 1815 2709 commune
1867 2647 2101 2708 bonum

539 2744 823 2807 Ecclesiae
841 2761 860 2819 ;
893 2761 1038 2802 nam
1067 2749 1214 2802 tunc
1245 2743 1430 2802 etiam
1455 2740 1658 2800 clerici
1685 2750 1935 2818 possunt
1959 2743 2103 2818 jure

540 2836 810 2898 naturali
827 2835 1087 2912 obligari
1111 2835 1188 2894 ad
1215 2834 1570 2914 hujusmodi
1587 2834 1840 2896 bellum.
1872 2836 2103 2894 Verum

542 2931 791 3009 quidem
821 2936 912 2989 est
949 2927 1074 2987 tale
1101 2927 1332 2986 bellum
1359 2928 1564 3005 potius
1607 2928 1913 3006 pertinere
1960 2932 2107 2987 tunc

541 3023 617 3083 ad
652 3022 1091 3092 defensionem,
1124 3036 1270 3080 nam
1301 3020 1366 3078 iu
1413 3021 1763 3096 aggressivo
1787 3019 1948 3080 bello
1980 3038 2109 3080 mo-

541 3115 755 3176 raliter
777 3133 900 3175 non
929 3114 1100 3174 adest
1128 3118 1296 3172 tanta
1319 3113 1662 3173 necessitas,
1695 3113 1852 3190 Lege
1876 3113 2111 3190 Cajeta-

543 3227 722 3284 num,
745 3209 932 3268 citato
957 3206 1113 3281 loen,
1135 3207 1204 3266 D.
1243 3207 1489 3280 Thom.,
1523 3207 1795 3279 covarr„
1821 3206 2107 3266 relectio-

543 3319 626 3362 ne
655 3303 718 3360 in
745 3301 1192 3362 clementinam
1228 3299 1310 3363 Si
1329 3299 1624 3375 furiosus,
1657 3303 1826 3378 parte
1853 3300 1914 3370 2,
1960 3298 1997 3378 ξ
2040 3301 2102 3374 3,

545 3410 722 3454 num.
759 3395 820 3453 2.

625 3489 684 3548 5.
719 3483 931 3549 Tertia
951 3483 1676 3564 conclusio—Sylccstcr
1693 3485 2104 3561 refellitur.—

545 3582 693 3642 Dico
717 3581 898 3641 tertio
932 3593 948 3639 :
979 3584 1352 3658 praeceptum
1384 3577 1502 3637 hoc
1531 3578 1646 3637 sub
1676 3579 1920 3638 mortali
1947 3579 2104 3638 obli-

545 3679 651 3753 gat
680 3691 783 3734 eos
813 3672 920 3750 qui
960 3673 1026 3730 in
1071 3673 1253 3731 sacris
1293 3677 1436 3730 sunt
1481 3671 1821 3731 constituti.
1870 3671 2099 3745 Prim0‚

545 3767 691 3847 quia
721 3765 976 3825 materia
1003 3769 1093 3823 est
1125 3764 1512 3856 gravissima,
1553 3771 1614 3823 et
1660 3763 1775 3824 sub
1817 3765 2102 3841 gravissi-

545 3861 665 3919 mis
697 3859 896 3936 poenis
924 3875 994 3916 ac
1017 3859 1288 3917 censuris
1330 3859 1709 3935 prohibetur.
1759 3835 1930 3929 Quod
1958 3873 2103 3917 vero

545 3951 776 4028 obliget
795 3951 1155 4010 constitutos
1178 3950 1244 4009 in
1275 3952 1460 4011 sacris
1490 3951 1675 4010 etiam
1699 3949 2101 4010 subdiacona-

542 4051 667 4118 tuS,
699 4044 1002 4104 sententia
1033 4045 1378 4103 communis
1425 4050 1513 4103 est
1554 4043 1618 4102 D.
1651 4043 1929 4117 Thomae,
1981 4049 2096 4102 art.

541 4137 650 4197 illo
676 4139 739 4213 23
767 4137 982 4213 Cajet.,
1003 4135 1271 4209 ibidem3
1305 4135 1594 4213 Sylvest..
1621 4133 1792 4194 verb.
1831 4133 2097 4207 Bellum,

543 4234 581 4292 3
611 4249 702 4310 p.‚
737 4247 796 4308 q.
827 4234 889 4304 23
917 4231 1174 4303 Auton.,
1207 4231 1243 4288 3
1267 4249 1356 4307 p.‚
1387 4231 1482 4289 tit.
1527 4229 1628 4302 28,
1655 4247 1708 4288 c.
1738 4230 1798 4300 2,
1831 4226 1956 4306 §63
1994 4227 2103 4287 Co·

541 4342 704 4385 varr.
729 4322 921 4394 citati,
945 4330 1006 4382 et
1034 4323 1322 4395 aliorum,
1348 4322 1412 4380 in
1441 4340 1575 4401 cap.
1603 4321 1849 4394 Petilio,
1874 4320 1950 4380 de
1986 4321 2103 4379 Ho-

541 4417 814 4478 micidio.
837 4419 941 4477 Est
963 4416 1120 4478 ratio
1145 4417 1362 4488 facilis,
1382 4419 1528 4493 quia
1551 4416 1826 4494 proxime
1844 4415 1978 4491 jam
2002 4431 2101 4474 ac·

541 4513 768 4571 cedunt
795 4512 873 4571 ad
926 4529 1166 4571 sacrum
1228 4511 1662 4582 ministerium,
1719 4515 1779 4569 et
1826 4510 1902 4569 ad
1945 4508 2101 4568 illud

537 4603 912 4680 obligantur.
949 4605 1029 4664 De
1057 4605 1194 4665 aliis
1221 4621 1368 4664 vero
1386 4601 1787 4663 existentibus
1809 4602 1873 4660 in
1899 4601 2099 4660 mino-

535 4697 732 4763 ribus,
757 4697 904 4774 quia
941 4696 1292 4775 imperfecte
1315 4697 1687 4775 participant
1714 4701 1942 4754 statum
1981 4694 2098 4754 cle-

534 4789 809 4862 ricalem,
841 4789 1156 4866 probabile
1185 4796 1276 4850 est
1304 4790 1400 4850 vel
1420 4789 1588 4850 nullo
1605 4789 1787 4848 modo
1811 4787 2096 4863 obligari,

535 4881 883 4962 proesertim
906 4882 951 4940 si
971 4883 1104 4959 jam
1136 4884 1391 4942 omuino
1417 4882 1854 4942 renuntiarunt
1885 4881 2095 4954 statui,

535 4974 636 5034 vel
684 4981 847 5034 certe
889 4973 968 5034 ad
1016 4993 1328 5035 summum
1371 4975 1633 5052 obligari
1681 4974 1794 5034 sub
1843 4973 2092 5034 veniali.

541 5069 632 5128 Ita
660 5067 828 5142 Soto,
862 5069 900 5127 5
937 5068 1012 5126 de
1054 5067 1322 5142 Justitia,
1359 5087 1419 5147 q.
1459 5071 1517 5142 1,
1553 5073 1671 5127 art.
1708 5070 1770 5139 43
1817 5067 2095 5142 Covarr.,

538 5161 606 5221 in
637 5161 934 5221 Clement.
968 5159 1048 5223 Si
1063 5159 1354 5237 storia-sas,
1383 5169 1540 5238 part.
1579 5161 1694 5241 λς
1722 5163 1782 5235 3,
1815 5179 1989 5220 num.
2022 5163 2095 5234 ἐς

539 5255 659 5316 nisi
690 5255 848 5316 forte
877 5254 1150 5315 habeant
1175 5254 1540 5316 beneficium
1581 5255 2058 5316 ecclesiasticum
2075 5269 2097 5331 ;

531 5347 681 5426 quia
715 5352 867 5408 tunc
904 5349 1030 5425 jam
1080 5353 1226 5408 sunt
1254 5366 1330 5409 ex
1368 5347 1570 5408 officio
1599 5347 1867 5408 ministri
1897 5347 2101 5406 Eccle-

537 5438 665 5515 siae,
704 5446 767 5501 et
795 5447 1112 5517 tenentur,
1161 5447 1233 5500 ut
1272 5440 1453 5501 multi
1502 5439 1782 5514 credunt,
1827 5439 2100 5519 aspirare

1561 315 1796 367 nispur.
1831 315 1963 367 xm.
1998 314 2077 364 ετ
2108 315 2341 368 tim-ina
2376 317 2455 367 ns
2491 300 2705 368 netto.

2172 417 2249 476 ad
2278 417 2525 478 altiores
2540 417 2807 493 ordineS,
2838 417 2936 477 vel
2956 417 3169 477 saltem
3196 435 3325 478 nou
3359 433 3593 494 ponere
3618 417 3715 476 im·

2172 509 2594 588 pedimentum
2626 509 2771 584 illis,
2804 508 2950 570 dum
2984 510 3049 569 in
3080 509 3275 570 officio
3321 526 3441 567 suo
3496 525 3715 572 manere

2172 603 2391 664 volunt
2411 649 2431 678 ,
2496 603 2753 682 ideoque
2805 603 3075 680 graviter
3123 601 3502 681 obligantur
3544 609 3586 661 ¹.
3624 604 3718 664 Sed

2174 703 2416 776 oportet
2470 697 2790 758 advertere
2842 697 2959 757 hoc
2998 703 3319 776 pec-catum
3381 695 3723 758 clericorum

2174 791 2426 870 praecise
2451 809 2573 852 non
2597 809 2727 851 esse
2749 797 2960 850 contra
2996 790 3323 868 justitiam,
3378 789 3491 850 sed
3540 797 3723 850 contra

2176 884 2539 963 religionem
2558 884 2655 945 vel
2675 884 3087 945 obedientiam
3094 898 3113 960 ;
3135 889 3193 942 et
3214 883 3357 943 ideo
3375 882 3433 941 si
3450 881 3589 942 aliae
3608 901 3727 942 con-

2176 978 2439 1038 ditiones
2460 977 2612 1056 justi
2641 977 2787 1037 belli
2818 973 3047 1050 adsint,
3090 973 3247 1035 nihil
3288 979 3599 1035 tenentur
3626 995 3723 1036 res-

2169 1073 2418 1147 tituere,
2442 1073 2725 1150 quamvis
2746 1071 3125 1132 contrarium
3150 1070 3385 1130 sentiat
3408 1067 3723 1146 sylvester,
3802 1077 3804 1086 ⁴

2170 1165 2359 1225 verbo
2388 1165 2654 1238 Bellum,
2686 1167 2747 1237 3,
2782 1183 2843 1243 q.
2874 1166 2939 1237 4,
2982 1163 3129 1243 quia
3159 1159 3473 1242 Princeps
3509 1161 3725 1242 (inquit)

2172 1259 2334 1320 sicut
2360 1277 2477 1320 non
2506 1258 2704 1341 potuit
2738 1259 2878 1320 darc
2914 1255 3126 1318 clerico
3164 1258 3603 1320 auctoritatem
3638 1257 3729 1317 bel·

2182 1351 2375 1420 laudi,
2410 1351 2503 1413 ita
2542 1369 2645 1414 nec
2684 1349 3000 1430 proedandi
3028 1374 3053 1420 ,·
3080 1349 3183 1408 sed
3232 1347 3357 1408 hoc
3390 1365 3523 1408 non
3554 1357 3724 1424 urget,

2182 1445 2329 1525 qnia
2364 1445 2507 1505 licet
2538 1463 2661 1505 non
2691 1445 2961 1524 potuerit
2988 1443 3137 1502 dare
3184 1441 3561 1503 facultatem
3593 1442 3727 1504 licite

2180 1535 2474 1612 bellandi,
2494 1543 2699 1598 tamen
2732 1538 2879 1598 dare
2896 1537 3095 1616 potuit
3116 1542 3499 1614 potestatem
3524 1533 3723 1596 hellan-

2180 1631 2391 1690 disine
2411 1630 2659 1706 injuria,
2691 1630 2840 1690 dum
2883 1649 2992 1710 per
3022 1631 3398 1693 Pontificem
3455 1645 3569 1688 suo
3615 1629 3725 1703 jure

2182 1741 2309 1782 non
2358 1725 2669 1801 privatur,
2710 1737 2779 1782 ut
2813 1725 2879 1783 in
2916 1721 3042 1784 fine
3088 1723 3435 1803 superioris
3481 1721 3725 1781 sectionis

2181 1816 2413 1874 dictum
2443 1821 2556 1888 est,
2578 1820 2638 1876 et
2679 1815 2797 1875 hoc
2839 1817 2985 1875 satis
3012 1823 3103 1877 est
3132 1823 3202 1875 ut
3230 1835 3363 1876 non
3430 1819 3729 1874 teneantur

2181 1908 2500 1968 restituere
2530 1923 2549 1985 3
2614 1909 2769 1968 sicut
2821 1913 2989 1988 patet
3036 1909 3103 1968 in
3171 1908 3402 1969 clerico
3454 1905 3729 1966 occidente

2183 2001 2373 2061 alium
2423 2007 2717 2080 tanquam
2762 2003 3041 2063 ministro
3073 2003 3373 2080 justitiae;
3420 2018 3567 2060 nam
3612 2007 3729 2058 tunc

2182 2112 2309 2154 non
2335 2101 2544 2174 peccat
2571 2102 2784 2155 contra
2816 2095 3153 2174 justitiam,
3187 2113 3300 2156 nec
3332 2099 3589 2154 tenetur
3628 2109 3728 2152 res-

2185 2188 2429 2248 tituere.

2266 2281 2323 2340 6.
2371 2277 2470 2340 An
2499 2280 2701 2342 clerici
2742 2281 3022 2344 bellantes
3068 2279 3225 2355 fiant
3260 2279 3653 2360 irreyeclares,
3678 2279 3728 2340 dc

2182 2391 2295 2454 quo
2336 2379 2584 2448 auctor,
2624 2375 2691 2434 de
2735 2373 2977 2436 Censur.
3003 2418 3020 2447 ‚
3049 2373 3204 2452 disp.
3239 2375 3347 2443 47,
3396 2381 3544 2434 sect.
3574 2375 3628 2434 6.
3668 2408 3726 2416 -

2185 2467 2303 2528 Sed
2355 2466 2502 2545 quid
2548 2467 2625 2526 de
2667 2465 3161 2544 irregularitate?
3204 2467 3661 2546 Respondetur,
3687 2467 3725 2526 si

2188 2558 2423 2620 bellum
2454 2561 2533 2618 sit
2558 2560 2882 2638 injustum,
2911 2565 2973 2619 et
3001 2559 3067 2617 in
3097 2577 3168 2619 eo
3192 2557 3428 2637 aliquis
3464 2559 3725 2618 occiditur

2184 2659 2291 2713 aut
2320 2652 2665 2728 mutilatur,
2694 2669 2907 2712 omnes
2933 2651 3157 2712 milites
3185 2651 3323 2712 fieri
3361 2652 3718 2728 irregulares

2185 2747 2312 2806 sive
2340 2747 2465 2805 sint
2504 2745 2863 2818 sacerdoteS,
2905 2743 3033 2804 sive
3062 2762 3210 2818 non,
3258 2745 3397 2804 sive
3428 2763 3536 2824 per
3573 2765 3629 2804 se
3654 2747 3722 2803 in-

2183 2837 2510 2910 terficiant,
2537 2837 2665 2897 sive
2694 2855 2804 2915 per
2832 2835 3004 2896 alios.
3052 2837 3139 2896 ita
3182 2837 3527 2916 sylvester,
3573 2847 3721 2896 verbo

2189 2929 2452 3004 Bellum,
2476 2931 2679 3005 tertie,
2706 2929 3041 3008 quoestione
3065 2935 3143 2989 tei
3160 2928 3269 3003 tia,
3296 2927 3413 2988 uhi
3437 2930 3580 2989 citat
3600 2949 3720 2988 non-

2190 3022 2360 3083 nulla
2376 3022 2519 3100 jura
2540 3040 2678 3100 quae
2704 3028 2867 3081 certe
2900 3039 2995 3081 me
3024 3039 3147 3080 non
3178 3023 3327 3080 satis
3356 3021 3717 3081 convincunt.

2189 3115 2421 3175 Tamen
2458 3115 2605 3193 qnia
2644 3131 2739 3174 res
2780 3119 2867 3173 est
2895 3113 3104 3184 dubia,
3136 3131 3275 3191 pars
3302 3113 3447 3174 haec
3476 3119 3563 3171 est
3587 3131 3720 3171 secu-

2190 3225 2339 3284 rior,
2370 3225 2439 3267 ea
2483 3208 2741 3281 ratione,
2783 3207 2929 3284 quia
2964 3207 3049 3266 sic
3082 3205 3391 3266 bellantes
3432 3211 3721 3266 censentur

2187 3300 2497 3378 cooperari
2539 3299 2631 3358 illi
2658 3298 3015 3373 homicidio,
3060 3299 3207 3376 quia
3248 3297 3485 3376 injuste
3514 3297 3718 3357 morali-

2184 3401 2280 3455 ter
2308 3411 2522 3453 omnes
2553 3391 2849 3466 influunt,
2890 3393 3021 3452 sive
3050 3393 3360 3470 proxime,
3409 3393 3533 3452 sive
3560 3407 3720 3449 remo-

2182 3494 2266 3548 te.
2302 3487 2367 3548 Si
2396 3503 2539 3548 vero
2578 3485 2813 3546 bellum
2843 3484 2921 3545 sit
2946 3485 3205 3563 justum,
3237 3483 3717 3563 distinguendum

2184 3579 2439 3640 ulterius
2463 3584 2571 3639 est.
2604 3579 2759 3639 Nam
2794 3579 2846 3637 si
2881 3577 3134 3638 clericus
3161 3585 3379 3656 peceat
3408 3574 3713 3644 militandO,

2185 3679 2246 3734 et
2274 3691 2383 3751 per
2402 3689 2464 3731 se
2485 3671 2706 3730 occidit
2725 3671 2937 3742 alium,
2963 3675 3174 3730 manet
3204 3669 3583 3748 irregularis,
3598 3669 3714 3746 quia

2186 3765 2507 3826 manifeste
2554 3771 2643 3824 est
2690 3763 3079 3824 voluntarius
3130 3763 3444 3823 homicida
3480 3783 3495 3820 :
3528 3763 3714 3820 sivero

2185 3861 2314 3939 ipse
2352 3877 2477 3919 non
2507 3859 2765 3931 occidat,
2805 3857 3086 3936 quamvis
3128 3857 3419 3917 occidant
3459 3857 3579 3928 alii,
3610 3873 3711 3914 non

2183 3959 2393 4013 manet
2422 3951 2797 4028 irregularis,
2816 3959 2885 4011 ut
2914 3951 3221 4010 indicatur
3245 3949 3312 4008 in
3328 3967 3471 4027 cap.
3494 3946 3707 4017 Potitio,

2182 4043 2470 4122 extra,de
2500 4043 2867 4118 HomicidiO,
2896 4050 2955 4103 et
2984 4061 3038 4102 c.
3067 4041 3496 4114 Proesentium,
3524 4047 3579 4100 et
3600 4057 3707 4116 cap.

2187 4138 2591 4208 Continentia,
2614 4135 2691 4196 de
2718 4135 2945 4196 Clerico
2968 4153 3341 4214 percussore.
3360 4133 3710 4196 Fundamen-

2184 4239 2316 4292 tum
2358 4236 2472 4304 est,
2516 4229 2663 4308 quia
2702 4245 2843 4287 cum
2876 4226 3109 4288 bellum
3138 4245 3249 4306 per
3278 4243 3341 4287 se
3384 4228 3461 4286 sit
3488 4226 3706 4304 justum,

2184 4332 2245 4386 et
2280 4325 2507 4384 damna
2541 4341 2651 4402 per
2688 4321 2967 4382 accidens
2996 4327 3359 4398 sequantur,
3394 4339 3517 4380 non
3543 4318 3710 4395 impu-

2182 4424 2394 4480 tantur
2412 4417 2543 4495 jam
2568 4416 2749 4476 alicui
2770 4413 3114 4489 moraliter;
3140 4413 3345 4474 solum
3360 4433 3507 4492 ergo
3528 4413 3597 4486 ei,
3621 4410 3703 4489 qui

2182 4511 2432 4592 physice
2469 4529 2541 4570 ea
2573 4509 2737 4580 facit,
2768 4507 3063 4588 imputari
3102 4515 3384 4587 possunt.
3428 4507 3490 4568 Si
3530 4515 3703 4565 tamen

2183 4604 2439 4666 clericus
2468 4603 2631 4663 licite
2660 4603 2932 4662 militans
2956 4619 3069 4680 per
3094 4618 3157 4661 se
3186 4600 3451 4676 occidat,
3480 4600 3567 4659 vel
3595 4615 3701 4657 mu-

2182 4698 2314 4758 tilet
2352 4696 2645 4775 aliquem,
2674 4695 2862 4773 idque
2890 4694 3074 4755 faciat
3112 4711 3190 4753 ex
3222 4695 3574 4754 necessitate
3598 4691 3704 4749 ine-

2181 4789 2419 4851 vitabili
2450 4788 2821 4850 defendendi
2849 4787 3041 4847 vitam
3078 4787 3415 4865 propriam,
3446 4805 3561 4846 non
3592 4801 3700 4844 eva-

2180 4885 2270 4944 dit
2298 4882 2674 4959 irregularIS.
2723 4883 2908 4941 Extra
2947 4880 3115 4940 hunc
3144 4897 3292 4939 vero
3322 4897 3524 4940 casum
3564 4877 3702 4952 Caje-

2180 4984 2383 5052 tanuS,
2416 4975 2684 5036 secunda
2710 4974 3010 5048 secundae,
3034 4972 3379 5050 quaestione
3407 4971 3701 5051 quadrage-

2180 5071 2356 5143 sima,
2384 5074 2499 5127 art.
2531 5069 2591 5143 Ξ,
2624 5073 2829 5127 censet
2870 5081 3112 5144 semper
3142 5063 3280 5124 fieri
3310 5063 3692 5142 irregularem.

2181 5164 2347 5224 Idem
2378 5161 2551 5222 docet
2580 5161 2858 5236 Navarr.,
2886 5177 3018 5238 cap.
3046 5157 3150 5233 2⁷,
3178 5174 3355 5219 num.
3390 5157 3525 5219 213.
3554 5151 3697 5214 Ratio

2266 5353 2280 5386 ¹
2319 5349 2404 5410 De
2446 5347 2561 5408 hac
2602 5345 2978 5424 obligatione
3023 5344 3395 5406 ascendendi
3446 5342 3518 5404 ad
3564 5336 3693 5400 ordi-

2183 5459 2309 5515 ne5‚
2338 5439 2458 5500 late
2482 5439 2762 5514 Saucius,
2786 5435 2895 5502 lib.
2928 5441 2963 5500 7
2994 5437 3291 5515 Matrini„
3316 5437 3468 5518 disp.
3502 5433 3589 5496 45.
