3900 6217
535 347 654 409 536

539 461 666 529 tur,
687 451 844 514 scire
865 455 1110 531 oportet
1131 449 1438 528 duplicem
1465 468 1593 512 esse
1617 451 2103 530 jurisdictionem

541 547 608 606 in
647 544 936 606 Ecclesia.
965 545 1100 604 Una
1127 543 1311 603 estin
1344 543 1480 603 foro
1516 545 1762 606 interno
1805 553 1866 604 et
1905 563 2107 606 sacra-

541 638 822 706 mentali.
851 643 914 698 et
936 637 1068 698 haec
1089 636 1248 696 circa
1275 643 1446 707 actus
1474 655 1642 698 mere
1669 639 1944 700 internos
1973 655 2107 698 ver·

539 734 662 794 sari
699 738 920 812 potest,
964 730 1112 810 quia
1155 749 1284 790 non
1310 731 1630 793 ordinatur
1657 731 1736 792 ad
1785 737 2105 792 externam

539 823 824 885 Ecclesiae
887 821 1423 901 gubernationem,
1489 824 1594 884 sed
1653 823 1732 883 ad
1787 825 2103 884 internum

543 918 768 979 animae
797 916 1058 976 bonum.
1093 915 1268 976 Unde
1295 915 1596 996 peculiari
1639 917 1824 976 modo
1865 933 2107 976 exerce-

541 1017 644 1070 tur
671 1027 708 1068 a
736 1009 1068 1083 sacerdote,
1097 1015 1168 1067 ut
1193 1010 1476 1069 ministro
1505 1009 1750 1083 Christi,
1787 1009 1888 1069 cui
1915 1010 2106 1070 etiam

545 1104 862 1164 internum
900 1102 1124 1162 animae
1168 1102 1474 1179 judicium
1511 1119 1622 1161 suo
1651 1103 1906 1162 nomine
1933 1119 2109 1162 exer-

547 1195 808 1256 cendum
847 1191 974 1273 ipse
1015 1195 1360 1270 commisit3
1383 1203 1446 1255 et
1470 1194 1606 1254 ideo
1635 1196 1821 1260 etiam
1848 1195 1911 1255 in
1946 1195 2111 1271 cogi-

547 1288 810 1349 tationes
847 1289 1120 1346 internas
1155 1286 1341 1360 cadit,
1371 1288 1655 1365 quamvis
1693 1287 2109 1348 necessarium

545 1381 626 1440 sit
669 1385 740 1438 ut
785 1379 864 1444 ab
899 1378 1032 1457 ipso
1069 1395 1176 1437 reo
1223 1379 1492 1439 exterius
1533 1379 2005 1440 manifestentur
2042 1380 2109 1440 in

546 1477 954 1545 sacramente,
981 1470 1128 1548 qnia
1155 1468 1308 1530 alias
1336 1470 1508 1531 nullo
1536 1473 1722 1532 modo
1763 1479 1963 1552 posset
2000 1471 2111 1532 ho-

546 1582 652 1624 mo
695 1563 772 1624 de
811 1563 935 1623 illis
955 1562 1258 1641 judicare.
1285 1563 1421 1624 Alia
1461 1582 1609 1624 vero
1652 1569 1743 1624 est
1764 1563 2111 1642 jurisdictio

545 1656 832 1720 Ecclesiae
859 1657 927 1716 in
953 1657 1085 1718 foro
1105 1663 1380 1732 externo,
1409 1663 1471 1718 et
1491 1657 1568 1718 ad
1595 1657 2109 1735 gubernationem

549 1749 915 1810 exteriorem
953 1749 1236 1810 Ecclesiae
1262 1749 1568 1826 ordinata,
1594 1756 1657 1810 et
1685 1751 1758 1811 ad
1784 1750 1947 1811 hanc
1972 1769 2109 1830 per-

547 1843 706 1904 tinet
729 1841 970 1920 punitio
994 1840 1380 1918 delictorum,
1404 1849 1465 1904 et
1485 1843 1626 1904 ideo
1655 1861 1780 1904 non
1807 1843 1969 1904 cadit
1989 1833 2121 1904 nisi'

549 1938 616 1998 in
645 1937 911 1998 actiones
935 1943 1216 1996 externas
1244 1937 1469 1998 directe
1493 1943 1555 2016 qt
1577 1954 1686 2016 per
1707 1956 1795 2012 se,
1823 1945 1894 1998 ut
1913 1938 2111 2000 decla-

547 2030 705 2092 ravi.
727 2029 894 2090 Solet
921 2035 1130 2089 autem
1154 2026 1285 2090 haec
1310 2030 1654 2108 jurisdictio
1676 2049 1714 2090 a
1734 2031 2111 2110 jurisperitis

551 2123 1056 2201 subdistinguiin
1077 2123 1575 2202 jurisdictionem
1612 2124 2028 2184 voluntariam
2050 2130 2112 2186 et

551 2215 1058 2278 involuntariam.
1101 2216 1465 2278 Voluntaria
1508 2216 1754 2292 dicitur,
1797 2235 1940 2296 quae
1984 2237 2111 2278 non

553 2319 846 2390 operatur
869 2309 936 2368 in
959 2308 1276 2370 subditum
1299 2317 1510 2371 eontra
1541 2309 1924 2371 voluntatem
1954 2312 2109 2390 ejuS,

551 2403 658 2464 scd
703 2421 779 2463 ex
824 2403 1144 2464 voluntate
1187 2408 1251 2463 et
1297 2420 1598 2463 consensu
1649 2403 1802 2481 ejus.
1857 2405 1934 2462 Et
1984 2404 2114 2464 haec

555 2496 740 2556 etiam
782 2495 937 2557 solet
972 2494 1246 2556 ordinari
1269 2495 1346 2556 ad
1369 2497 1687 2556 internum
1715 2495 1948 2556 bonum
1979 2497 2112 2556 ani-

553 2606 674 2650 mm
695 2631 716 2663 ,
757 2595 819 2649 et
861 2589 1000 2650 ideo
1037 2589 1225 2649 etiam
1267 2589 1426 2650 circa
1466 2595 1638 2650 actus
1674 2589 1950 2649 internos
1998 2589 2113 2649 ali-

555 2681 807 2760 qnando
853 2686 1206 2756 exercetur,
1249 2687 1320 2741 ut
1363 2681 1428 2740 in
1475 2682 1865 2742 concessione
1912 2680 2121 2742 indul-

555 2777 930 2852 gentiarum,
971 2781 1034 2837 et
1061 2775 1126 2834 in
1157 2775 1610 2854 dispensatione
1641 2775 1795 2848 voti,
1837 2792 1977 2853 quae
2015 2793 2121 2855 po-

553 2871 673 2926 test
698 2867 884 2928 etiam
913 2885 1044 2928 esse
1071 2866 1148 2927 de
1175 2873 1318 2926 voto
1345 2865 1625 2938 mentali,
1651 2866 1955 2945 superiori
1980 2885 2122 2946 pro-

553 2960 772 3039 posita.
803 2960 958 3020 Nam
1001 2977 1142 3020 cum
1182 2959 1297 3018 ista
1327 2958 1636 3037 pendeant
1678 2975 1754 3019 ex
1799 2958 2119 3020 voluntate

553 3051 808 3125 subditi,
854 3057 916 3111 et
957 3051 1310 3130 pertineant
1349 3049 1428 3110 ad
1471 3049 1771 3111 beneficia
1816 3069 1924 3111 seu
1956 3069 2120 3112 com-

552 3144 740 3206 moda
789 3143 953 3222 ejus,
1003 3162 1128 3203 non
1179 3149 1272 3204 est
1315 3142 1439 3204 alia
1485 3143 1706 3204 notitia
1751 3144 2115 3220 necessaria,

550 3244 776 3320 proeter
800 3236 1304 3298 informationem
1333 3236 1490 3314 ejus.
1538 3236 1965 3298 Involuntaria
1998 3255 2114 3298 au-

553 3336 676 3392 tem
702 3328 1046 3410 jurisdictio
1075 3329 1298 3390 dicitur
1323 3328 1455 3404 illa,
1485 3347 1596 3408 per
1623 3347 1810 3408 quam
1837 3328 2119 3390 subditus

551 3422 739 3484 etiam
778 3421 1014 3482 invitus
1057 3419 1318 3498 obligari
1363 3427 1564 3500 potest
1607 3422 1706 3482 vel
1733 3421 1907 3499 cogi;
1937 3426 2003 3482 et
2036 3420 2117 3481 ad

551 3514 715 3576 hanc
743 3513 990 3594 proprie
1035 3515 1304 3594 pertinet
1346 3514 1610 3593 punitio,
1641 3521 1704 3574 et
1737 3513 1876 3574 ideo
1915 3532 2027 3593 per
2052 3531 2117 3574 se

549 3607 812 3686 requirit
844 3611 1052 3668 actum
1093 3605 1484 3682 exteriorem,
1519 3605 1596 3668 de
1627 3625 1752 3686 quo
1793 3607 1982 3687 possit
2008 3609 2119 3668 Ec-

553 3701 752 3762 clesioe
779 3705 1084 3762 constare.

631 3795 690 3853 6.
743 3791 1023 3856 Secunda
1055 3794 1315 3858 assertio
1351 3793 1865 3856 communissima.
1889 3793 2117 3858 -No-

556 3889 729 3949 tatur
775 3903 886 3966 pro
931 3886 1212 3950 solvenda
1259 3886 1539 3949 suasione
1595 3887 1664 3948 in
1715 3903 1882 3948 otum.
1941 3889 2003 3947 3.
2032 3917 2117 3932 -—

555 3977 706 4038 Dico
741 3976 1011 4038 secundo
1055 3993 1072 4038 :
1123 3985 1199 4039 ut
1245 3977 1380 4039 haec
1433 3997 1692 4040 censura
1735 3978 2112 4054 incurratur,

553 4069 775 4130 sufficit
809 4069 1056 4130 haeresis
1079 4077 1356 4144 externa,
1385 4071 1667 4150 quamvis
1700 4090 1809 4149 per
1834 4072 2117 4132 accidens

555 4160 964 4222 occultissima
1007 4164 1106 4224 sit.
1162 4165 1251 4223 lta
1277 4163 1500 4224 docent
1551 4181 1766 4224 omnes
1789 4162 2113 4242 Theologi,

557 4263 620 4317 et
641 4274 678 4316 a
705 4255 946 4316 fortiori
977 4255 1215 4334 juristae
1251 4275 1436 4336 supra
1463 4257 1738 4334 allegati,
1761 4263 1822 4317 et
1850 4255 2117 4318 habetur

559 4347 628 4409 in
661 4349 981 4427 Repertor.
1025 4348 1403 4428 Inquisitor.,
1450 4349 1624 4409 verb.
1671 4349 1895 4423 Poma,
1928 4354 1991 4407 et
2028 4349 2121 4408 vi-

559 4441 691 4501 deri
721 4446 977 4519 possunt
1017 4442 1304 4503 Panorm.
1344 4443 1412 4502 in
1447 4443 1752 4503 Prooemio
1791 4440 2115 4514 Decretal„

562 4552 627 4593 n.
678 4538 740 4606 6,
791 4533 858 4594 in
886 4532 1031 4606 fine,
1075 4541 1138 4594 et
1163 4553 1298 4613 cap.
1339 4536 1452 4595 ult.
1497 4535 1574 4594 de
1603 4535 1870 4608 Haeret.;
1904 4540 1968 4594 et
2003 4532 2119 4594 ibi-

559 4624 704 4686 (lem
723 4625 948 4698 Felin.,
977 4632 1039 4686 et
1055 4625 1319 4702 Gutier.,
1340 4626 1452 4690 hb.
1493 4631 1522 4688 1
1557 4627 1848 4688 Canonic.
1872 4632 2113 4705 quaest,

565 4735 700 4796 cap.
735 4718 836 4790 18,
883 4736 1060 4779 num.
1097 4722 1206 4790 18;
1239 4719 1494 4792 Covar.,
1539 4720 1606 4778 in
1655 4718 1855 4795 regul.
1902 4719 2121 4780 Pecca-

563 4815 719 4884 tum,
752 4813 789 4872 2
819 4829 908 4888 p.,
961 4811 1028 4871 in
1075 4812 1404 4890 principio,
1450 4831 1516 4872 n.
1568 4814 1648 4886 73
1704 4818 1766 4871 et
1815 4811 2115 4884 Simanc.‚

563 4902 730 4964 dicto
756 4904 854 4964 tit.
887 4906 989 4978 42,
1020 4922 1196 4966 num.
1241 4909 1314 4966 10
1345 4912 1408 4966 et
1435 4905 1857 4984 sequentibus»,
1889 4906 1997 4985 qui
2026 4923 2123 4965 re-

563 4995 774 5056 ferunt
801 4997 1268 5059 instructionem
1307 4999 1642 5076 quamdam
1681 4997 2123 5076 Inquisitorum

569 5087 1048 5167 Hispalensium,
1078 5091 1256 5152 instr.
1311 5093 1370 5165 1,
1419 5109 1474 5151 c.
1506 5093 1566 5163 5,
1623 5089 1691 5150 in
1729 5109 1852 5169 quo
1897 5090 2123 5150 dicitur

566 5179 956 5256 haereticum,
1009 5183 1291 5262 quamvis
1338 5184 1598 5244 omnino
1643 5183 1977 5256 occultum,
2028 5201 2126 5243 re-

568 5274 1025 5336 conciliandum
1053 5295 1184 5338 esse
1211 5276 1402 5338 etiam
1431 5276 1706 5354 occulte3
1735 5294 1884 5336 nam
1931 5277 1984 5336 si
2020 5294 2123 5338 re·-

569 5361 992 5430 conciliand'us
1027 5376 1142 5444 est,
1169 5371 1737 5432 excommunicatus
1777 5375 1890 5430 est.
1919 5369 2124 5430 Decla-

568 5465 714 5520 rant
732 5465 942 5522 autem
987 5462 1063 5522 de
1095 5462 1350 5524 omnino
1379 5463 1617 5524 occulto
1663 5479 1772 5542 per
1813 5461 2119 5524 accidens.

1257 349 1493 402 msrU’r.
1529 351 1654 402 Xxl.
1695 351 1772 404 DE
1808 349 2013 403 1³OEle
2047 349 2507 406 SPIRITUALIBUS
2539 351 3014 405 HAERETICORUM.

2186 453 2363 540 Ratio
2390 460 2599 515 autem
2626 459 2737 526 est,
2762 451 3069 530 quietalis
3094 457 3286 524 actus,
3314 471 3386 516 eo
3414 455 3539 535 ipso
3561 461 3698 538 qnod

2186 552 2476 606 externus
2509 553 2569 607 et
2598 544 2901 606 sensibilis
2928 551 3051 618 est,
3096 545 3262 606 cadit
3294 547 3407 607 sub
3456 550 3703 627 jurisdic-

2186 638 2420 699 tionem
2456 638 2776 714 Ecclesiae3
2816 637 2923 698 sed
2964 638 3230 698 Ecclesia
3270 639 3533 718 imponit
3566 641 3700 703 hanc

2188 747 2511 791 censuram
2539 732 2673 810 ipso
2698 731 2861 792 facto
2888 747 2999 808 pro
3044 731 3213 791 omni
3266 737 3512 810 peccato
3536 733 3704 794 haere·

2187 825 2289 896 sis,
2322 824 2439 884 sub
2463 824 2887 903 jurisdictione
2928 824 3396 902 comprehenso,
3431 829 3501 884 ut
3540 843 3609 887 ex
3626 828 3709 906 ju-

2186 916 2355 978 ribus
2386 935 2571 996 supra
2602 918 2803 978 citatis
2843 916 3243 978 manifestum
3276 923 3406 994 est3
3448 935 3585 995 ergo
3620 937 3709 997 per

2186 1009 2309 1069 tale
2346 1016 2685 1088 peccatum,
2726 1009 2970 1070 etiamsi
3026 1008 3162 1068 aliis
3192 1027 3323 1069 non
3378 1009 3459 1070 sit
3500 1016 3707 1084 notum,

2190 1101 2325 1162 haec
2356 1120 2615 1162 censura
2640 1103 2849 1162 statim
2897 1101 3259 1162 incurritur.
3304 1102 3713 1181 Consequentia
3829 1177 3830 1192 ἢ

2190 1195 2357 1256 clara
2388 1202 2497 1258 est.
2523 1196 2605 1256 Ut
2636 1201 2846 1255 antem
2872 1197 3073 1274 major
3099 1195 3514 1274 intelligatur,
3538 1203 3593 1256 et
3617 1199 3713 1258 sol-

2190 1295 2371 1349 vatur
2424 1289 2749 1348 difficultas
2802 1294 2965 1348 tacta
3012 1289 3079 1349 in
3114 1289 3389 1349 secunda
3438 1291 3712 1368 opinione,

2190 1386 2430 1460 oportet
2460 1381 2777 1442 advertere
2809 1381 2978 1442 aliud
3026 1397 3155 1442 esse
3182 1380 3363 1461 loqui
3388 1381 3463 1441 de
3490 1387 3717 1460 potesta-

2186 1480 2249 1534 te
2270 1463 2753 1552 jurisdictionis,
2780 1473 2945 1533 aliud
2984 1491 3129 1535 vero
3178 1475 3258 1534 de
3312 1475 3613 1548 exercitio,
3638 1477 3716 1536 vel

2188 1584 2305 1626 usu
2337 1567 2508 1643 ejus3
2536 1583 2683 1626 nam
2712 1566 2787 1624 ad
2820 1571 3185 1644 potestatem
3208 1565 3439 1626 sufficit
3462 1568 3706 1642 materia,

2192 1677 2301 1720 seu
2336 1664 2506 1719 actus
2535 1659 2643 1736 qui
2688 1675 2800 1737 per
2827 1675 2890 1719 se
2922 1658 3114 1737 possit
3138 1657 3253 1719 sub
3288 1658 3618 1718 humanam
3638 1679 3714 1719 co·
3829 1663 3830 1712 ᾗ

2190 1751 2536 1830 gnitionem
2590 1752 2808 1812 cadere
2845 1766 2865 1827 3
2926 1751 3073 1829 quia
3130 1756 3404 1830 potestas
3460 1752 3713 1829 puniendi
3829 1745 3830 1768 ³

2189 1863 2315 1904 non
2344 1844 2571 1922 pendet
2592 1861 2667 1904 ex
2704 1844 2931 1904 actuali
2958 1845 3347 1922 cognitione,
3382 1851 3449 1904 et
3472 1845 3605 1906 ideo
3633 1864 3715 1905 ex-

2190 1938 2465 1997 tenditur
2489 1935 2570 1996 ad
2598 1954 2846 1996 omnem
2871 1943 3079 1996 actum
3106 1943 3463 2010 externum,
3496 1940 3594 2017 qui
3630 1957 3717 2018 per

2191 2047 2255 2091 se
2282 2030 2565 2108 cognosci
2594 2035 2816 2109 potest.
2841 2029 2933 2090 Ad
2951 2031 3320 2091 exercitium
3342 2037 3543 2092 autem
3566 2033 3717 2109 juris-

2192 2124 2476 2184 dictionis
2504 2141 2632 2184 esse
2682 2124 2905 2202 poterit
2954 2124 3300 2185 necessaria
3354 2123 3600 2184 actualis
3642 2143 3718 2184 co-
3829 2155 3830 2164 κ

2192 2217 2431 2296 gniti03
2484 2217 2589 2277 sed
2646 2217 2715 2277 in
2763 2216 2881 2277 hoc
2918 2217 3420 2294 subdistinguere
3468 2224 3716 2295 oportet,
3829 2213 3830 2282 ῗ

2195 2329 2343 2371 nam
2374 2329 2523 2370 usus
2541 2310 2985 2388 jurisdictionis
3005 2310 3331 2388 punitiva,
3360 2309 3437 2369 de
3456 2327 3573 2387 qua
3594 2315 3719 2370 trac-
3829 2297 3830 2338 l

2194 2410 2423 2478 tamus,
2472 2403 2703 2482 duplex
2750 2409 2877 2462 est:
2909 2419 3073 2461 unus
3099 2419 3209 2480 per
3231 2401 3593 2462 sententiam
3612 2419 3721 2479 par-

2194 2495 2514 2557 ticularem
2554 2513 2593 2555 a
2628 2495 2837 2573 judice
2872 2494 3098 2567 latam,
3142 2500 3204 2554 et
3238 2493 3323 2554 de
3357 2493 3475 2554 hoc
3501 2511 3605 2553 usu
3640 2511 3719 2552 ve-

2193 2589 2433 2650 rissime
2463 2588 2689 2648 dicitur
2712 2604 3053 2666 supponere
3092 2603 3220 2648 non
3264 2594 3510 2646 tantum
3542 2591 3719 2664 poten-

2200 2683 2352 2742 tiam
2406 2681 2856 2760 cognoscendi,
2908 2680 3014 2740 sed
3062 2679 3251 2741 etiam
3308 2681 3719 2758 cognitionem

2200 2774 2355 2833 alius
2384 2792 2529 2834 vero
2558 2791 2703 2834 usus
2732 2779 2824 2833 est
2850 2789 2961 2852 per
2984 2774 3359 2834 sententiam
3384 2771 3717 2850 generalem,

2201 2871 2266 2927 et
2296 2865 2494 2926 multo
2521 2866 2721 2944 magis
2749 2884 2859 2945 per
2884 2863 3085 2942 legem
3108 2865 3483 2927 inferentem
3512 2881 3722 2943 poenam

2200 2975 2313 3037 per
2336 2959 2621 3037 seipsam,
2654 2964 2715 3019 et
2756 2957 2897 3019 talis
2922 2975 3069 3018 usus
3096 2975 3221 3018 non
3252 2958 3513 3037 requirit
3548 2962 3720 3016 actua-
3786 2993 3791 3004 -

2198 3050 2321 3113 lem
2365 3052 2783 3130 cognitionem
2836 3051 2905 3110 in
2947 3051 3175 3128 judice,
3220 3050 3323 3113 vel
3368 3051 3716 3130 legislatore,

2198 3146 2491 3226 cujusque
2517 3144 2726 3205 delicti
2776 3143 3107 3222 singularis
3150 3144 3324 3223 quod
3380 3144 3589 3222 punit3
3635 3141 3718 3201 sed

2198 3239 2343 3298 satis
2376 3244 2467 3298 est
2495 3237 2659 3316 quod
2707 3237 2787 3297 sit
2836 3243 3055 3298 notum
3110 3237 3227 3316 ipsi
3260 3237 3565 3316 peccanti,
3600 3234 3718 3313 quia
3829 3279 3830 3292 l

2196 3349 2381 3412 poena
2420 3329 2617 3392 fertur
2667 3329 2844 3409 quasi
2886 3328 3003 3390 sub
3056 3330 3415 3391 conditione
3465 3347 3481 3390 :
3526 3328 3601 3392 Si
3633 3329 3717 3389 hoo
3829 3387 3830 3390 ,

2194 3425 2435 3502 feceris,
2464 3429 2528 3484 et
2550 3423 2691 3483 ideo
2716 3421 2970 3500 impleta
3010 3421 3369 3484 conditione
3394 3421 3472 3482 de
3496 3439 3609 3500 qua
3624 3418 3718 3498 ipsi

2196 3517 2473 3598 peccanti
2504 3520 2761 3591 constat,
2794 3513 3005 3574 statim
3040 3531 3229 3594 paena
3269 3515 3616 3576 incurritur.

2278 3613 2338 3671 7.
2386 3610 2492 3672 Aa
2526 3609 2983 3682 stendamcntum
3020 3607 3083 3668 iot
3120 3623 3289 3670 num.
3323 3606 3585 3669 2.--Ad
3612 3605 3717 3686 pri-

2194 3721 2357 3768 mam
2420 3701 2923 3783 confirmationem
2972 3698 3112 3762 ibid.
3159 3731 3242 3746 -
3275 3701 3387 3764 Ad
3440 3699 3716 3762 secundam

2196 3795 2735 3873 confirmationem.
2754 3790 3049 3870 —Atque
3079 3791 3229 3852 hinc
3270 3807 3616 3872 responsum
3644 3793 3716 3848 est

2196 3890 2273 3950 ad
2304 3887 2733 3948 difficultatem
2772 3883 3057 3944 secundas
3098 3885 3435 3964 opinionis.
3478 3883 3563 3944 Ad
3602 3882 3715 3942 tun-

2196 3981 2557 4042 damentum
2626 3985 2837 4050 autem
2900 3977 3115 4056 primae
3146 4022 3161 4050 ‚
3230 3976 3555 4039 dicendum
3610 3979 3710 4045 est,

2196 4073 2479 4153 quamvis
2520 4077 2841 4152 peccatum
2884 4068 3139 4130 haeresis
3165 4071 3233 4129 in
3274 4070 3411 4130 foro
3455 4067 3555 4128 Dei
3588 4083 3711 4126 con-

2196 4172 2541 4225 summetur
2592 4165 2657 4224 in
2698 4168 2909 4224 mente
2934 4205 2953 4235 ,
2999 4161 3067 4220 in
3121 4160 3276 4223 foro'
3302 4163 3575 4225 Ecclesiae
3610 4173 3708 4217 non

2199 4258 2645 4322 consummari.
2678 4257 2873 4317 donec
2906 4256 3173 4316 exterius
3200 4255 3611 4317 manifestetur
3626 4273 3641 4324 ;
3664 4258 3709 4312 et

2196 4351 2285 4412 ita
2328 4369 2457 4412 esse
2495 4351 2898 4429 intelligenda
2935 4355 3080 4433 jura
3120 4349 3451 4426 canonica,
3492 4363 3619 4407 nam
3656 4344 3709 4401 in

2199 4443 2317 4504 hoc
2354 4444 2487 4504 foro
2528 4445 2889 4525 loquuntur.
2943 4446 3039 4507 Ad
3078 4444 3115 4524 ξ
3155 4448 3365 4503 autem
3420 4439 3747 4530 Credentes„

2199 4537 2307 4614 qui
2334 4538 2400 4596 in
2426 4539 2627 4616 prima
2650 4539 3121 4600 confirmatione
3148 4535 3534 4604 afferebatur,
3562 4529 3709 4590 omis-

2200 4629 2283 4689 sis
2310 4631 2495 4690 variis
2526 4631 2985 4710 acceptionibus
3019 4629 3185 4690 illius
3221 4629 3387 4688 vocis
3429 4625 3705 4693 credatu,

2200 4739 2353 4801 quas
2378 4721 2541 4783 infra
2566 4725 2897 4802 attingam,
2925 4723 3085 4801 disp.
3118 4724 3237 4794 24,
3276 4725 3421 4780 sect.
3452 4723 3509 4792 1,
3538 4715 3707 4776 dicen-

2202 4813 2351 4873 dum
2392 4820 2507 4889 est,
2551 4833 2934 4894 quacumque
2962 4815 3200 4875 ratione
3222 4811 3599 4892 accipiantur,
3624 4803 3706 4863 de-

2204 4907 2349 4968 here
2394 4923 2522 4967 esse
2566 4908 2887 4972 credentes
2935 4908 3127 4969 etiam
3174 4905 3458 4978 exterius,
3493 4908 3555 4960 ut
3578 4899 3709 4958 hauc

2204 5019 2521 5061 censuram
2551 5002 2893 5061 incurrant.
2929 5000 3404 5076 Distinguuntur
3442 4999 3623 5055 autem
3656 4986 3709 5046 hi

2204 5092 2285 5152 ab
2311 5093 2637 5168 haereticis,
2666 5093 2765 5153 vel
2796 5093 2942 5171 quia
2966 5091 3259 5164 haeretici,
3296 5088 3465 5168 quasi
3490 5102 3589 5165 per
3618 5097 3709 5140 an·

2204 5185 2637 5260 tonomasiam,
2666 5186 2957 5246 dicuntur
2982 5184 3335 5244 inventores
3366 5178 3460 5241 vel
3494 5177 3710 5252 dogma-

2204 5278 2490 5338 tizatores
2530 5277 2831 5338 haeresum
2862 5296 2877 5351 ;
2929 5277 3247 5338 credentes
3280 5281 3477 5336 antem
3526 5270 3707 5328 dicun·

2204 5376 2331 5442 tur,
2356 5371 2463 5449 qui
2499 5370 2625 5430 illis
2664 5369 3017 5446 adhaerent3
3048 5375 3113 5430 et
3133 5369 3253 5428 hoc
3278 5364 3625 5446 significatur
3648 5357 3705 5458 in

2206 5481 2340 5543 cap.
2367 5464 3002 5534 E‘oecommmicamus,
3042 5463 3105 5538 2,
3134 5461 3172 5542 §
3203 5461 3367 5521 unic.
3372 5503 3393 5534 ,
3419 5459 3480 5517 in
3509 5451 3704 5514 ultimis
