3900 6217
512 264 630 325 512

509 366 871 449 praeciperet
913 362 1097 425 falsos
1138 362 1467 443 prophetas
1484 407 1504 438 ,
1547 362 1646 424 vel
1685 361 1839 422 alios
1893 360 2074 421 indu-

511 466 720 523 centes
745 456 958 519 fideles
983 457 1063 519 ad
1085 456 1250 518 idola
1276 455 1554 532 colenda,
1574 455 1820 536 publice
1847 460 1910 515 et
1936 472 2075 534 gra-

509 554 762 615 vissime
813 550 1064 631 puniri,
1094 551 1224 611 haec
1265 550 1424 611 ratio
1470 550 1740 610 maxime
1788 546 2078 627 proponi·

509 654 638 721 tur,
667 651 740 709 ut
781 643 897 707 alii
929 644 1201 719 timeant,
1225 647 1284 706 st
1319 641 1554 706 similia
1596 639 1921 723 sacrileyia
1963 639 2078 703 evi-

518 742 668 812 tent,
711 743 784 797 ut
826 742 992 816 patet
1033 737 1356 817 Deuteron.
1395 738 1512 810 ⁴3,
1576 737 1676 806 17,
1727 736 1800 794 19
1851 739 1913 793 et
1972 734 2072 793 21.

513 831 764 895 Accedit
791 830 978 910 quod,
1009 836 1078 889 ut
1101 828 1324 889 Paulus
1347 829 1458 904 ait,
1486 830 1525 889 2
1549 826 1822 889 Timoth.
1849 829 1910 902 2,
1937 826 2079 887 doc-

511 926 680 987 trina
709 924 1145 985 haereticorum
1194 929 1263 984 ut
1307 940 1519 986 cancer
1559 921 1771 999 serpit,
1802 926 1864 979 et
1908 918 2071 989 ideo,

509 1026 582 1081 ut
638 1017 906 1080 aliorum
969 1017 1161 1078 saluti
1219 1016 1580 1078 consulatur
1602 1060 1621 1090 ,
1681 1011 2081 1074 abscindendi

512 1118 659 1175 sunt
686 1128 706 1189 3
737 1112 948 1191 sicque
991 1110 1151 1171 dixit
1187 1110 1606 1188 Hieronymus
1650 1107 1728 1169 ad
1767 1106 1964 1168 Galat.
2017 1107 2080 1179 53

513 1226 624 1268 sen
651 1206 759 1268 lib.
799 1206 836 1267 3
875 1204 1478 1268 Commentariorum
1509 1201 1588 1263 ad
1609 1200 1806 1262 Galat.
1837 1222 1852 1260 :
1893 1199 2084 1263 Scin-

516 1300 657 1363 tilla
695 1300 910 1361 statim
965 1302 1036 1360 ut
1099 1296 1454 1378 apparuerit
1493 1294 1898 1372 eatinyuenda
1935 1296 2025 1355 est
2050 1318 2079 1366 ;

514 1399 578 1454 et
604 1392 812 1454 infra:
858 1389 1086 1453 Arrius
1118 1408 1244 1452 aaa
1289 1388 1564 1452 scintilla
1599 1388 1746 1464 fait,
1792 1388 1897 1448 sed
1937 1387 2085 1467 quia

514 1504 636 1549 non
693 1487 910 1551 statim
954 1502 1241 1567 oppressa
1279 1486 1394 1561 est,
1455 1487 1646 1545 totum
1699 1482 1892 1545 orbem
1951 1480 2083 1561 ejus

514 1580 772 1659 flamma
795 1578 1098 1661 populata
1139 1583 1251 1640 ost.

600 1674 659 1735 8.
711 1672 926 1736 Tertia
967 1672 1150 1736 ratio.
1186 1703 1270 1717 —
1311 1670 1520 1731 Tertia
1560 1669 1718 1731 ratio
1759 1675 1872 1743 est,
1923 1668 2085 1748 ipso-

515 1785 659 1828 rum
683 1764 1149 1826 malefactorum
1177 1764 1472 1826 correctio
1511 1769 1573 1826 et
1608 1760 1985 1837 emendati0‚
2015 1767 2087 1821 ut

513 1860 782 1922 habetur
809 1857 1282 1921 Proverbiorum
1316 1860 1390 1919 19
1419 1863 1482 1919 et
1515 1861 1583 1919 21
1621 1880 1640 1933 ;
1673 1862 1735 1918 et
1762 1856 1900 1917 ideo
1930 1856 2087 1916 Pau-

517 1954 618 2015 lus
643 1954 718 2014 ad
759 1950 946 2014 Hebr.
981 1955 1080 2027 12,
1112 1952 1310 2013 dixit:
1347 1950 1529 2025 Quem
1563 1949 1767 2030 diligit
1781 1949 2085 2011 Dominus

519 2045 782 2130 castiyat
802 2071 829 2121 ;
856 2046 989 2107 haec
1018 2052 1228 2109 autem
1256 2048 1414 2107 ratio
1438 2045 1627 2137 etiam
1670 2043 1738 2103 in
1780 2041 2089 2101 haereticis

518 2138 720 2201 locum
750 2139 938 2202 habet
953 2154 974 2217 3
1002 2156 1172 2214 nam,
1196 2143 1267 2199 ut
1295 2138 1455 2198 dixit
1477 2136 1647 2211 lsai„
1666 2153 1804 2214 cap.
1831 2135 1941 2196 28:
1982 2134 2090 2201 Ve-

519 2234 692 2295 matio
722 2234 828 2297 dat
862 2228 1514 2305 intellectam-auditui,
1548 2232 1716 2310 quod
1755 2230 1823 2289 in
1866 2226 2079 2303 Paulo,

518 2326 832 2405 praecipuo
879 2324 1025 2386 fidei
1059 2325 1338 2399 Doctore,
1370 2322 1569 2385 voluit
1595 2324 1754 2383 Deus
1799 2319 2083 2401 exemplo

522 2419 866 2493 ostendere,
897 2436 1044 2479 nam
1096 2416 1289 2478 veluti
1329 2434 1440 2496 per
1469 2414 1805 2497 quamdam
1848 2414 1979 2475 vim
2022 2420 2085 2475 et

522 2530 773 2593 poenam
809 2510 1096 2571 caecitatis
1152 2508 1353 2571 voluit
1394 2508 1575 2571 illum
1621 2509 1979 2570 illuminare
2022 2514 2084 2568 et

524 2610 905 2679 convertere,
935 2603 1071 2665 Act.
1101 2604 1163 2665 9.
1197 2603 1370 2665 Unde
1411 2601 1532 2665 Leo
1570 2603 1736 2682 Papa
1759 2648 1778 2677 ,
1825 2600 2081 2681 epistola

521 2700 585 2774 4,
632 2698 782 2760 alias
809 2700 880 2759 91
920 2704 983 2758 et
1009 2699 1088 2759 93
1117 2714 1133 2759 ε
1166 2696 1447 2775 Profuit,
1483 2698 1689 2777 inquit
1717 2742 1738 2775 ‚
1780 2696 1909 2761 ista
1957 2697 2082 2761 dis-

522 2794 756 2866 trictio,
793 2793 932 2855 dum
971 2793 1054 2855 ad
1085 2791 1416 2870 spirituale,
1443 2792 1769 2854 remedium
1812 2808 2083 2853 nonnun-

519 2904 704 2969 quam
729 2891 1077 2960 recurrunt,
1111 2884 1216 2965 qui
1243 2886 1457 2947 timont
1497 2884 1820 2967 temporale
1849 2886 2084 2967 suppli-

525 2980 678 3042 cium
699 3006 726 3053 ,·
755 2979 922 3059 quod
967 2980 1154 3039 etiam
1185 2978 1566 3058 experientia
1613 2979 1745 3057 ipsa
1789 2977 2079 3039 ostendit.

523 3074 700 3137 Unde
731 3075 800 3135 D.
833 3073 1236 3151 Augustinus,
1268 3076 1308 3133 2
1344 3073 1642 3147 Retract.,
1673 3090 1726 3133 c.
1767 3074 1826 3148 5,
1856 3078 2084 3133 retrac-

523 3172 664 3229 tans
681 3166 844 3246 quod
867 3167 1036 3246 prius
1063 3166 1326 3240 dixerat,
1357 3184 1485 3227 non
1509 3166 1629 3227 sibi
1661 3165 1899 3244 placere
1922 3165 2085 3226 hauc

525 3260 1016 3341 compulsionem
1046 3258 1597 3334 schismaticorum,
1621 3259 1750 3319 ait:
1781 3256 1924 3323 Non
1944 3258 2085 3343 pla-

527 3358 641 3427 cet,
687 3354 834 3435 quia
859 3353 1120 3415 nondum
1158 3356 1440 3431 aspertus
1463 3370 1651 3428 eram,
1675 3350 1768 3414 vel
1793 3355 2087 3431 quantam

523 3446 678 3509 mali
727 3464 930 3509 eorum
964 3446 1217 3509 auderet
1254 3446 1614 3527 impunitas,
1659 3444 1752 3507 vel
1797 3448 2087 3525 quantum

523 3541 596 3601 in
629 3539 715 3603 eis
754 3541 821 3602 in
848 3540 1060 3601 melius
1103 3540 1415 3602 mutandis
1455 3543 1718 3615 conform
1756 3540 1959 3619 posset
1996 3537 2088 3599 di-

524 3632 783 3716 ligentia
837 3631 1174 3714 disciplinae
1195 3656 1222 3705 ;
1254 3637 1317 3692 et
1348 3632 1515 3693 idem
1562 3630 1746 3693 latius
1780 3630 2089 3711 prosequi-

529 3732 630 3787 tur
668 3727 733 3787 in
763 3726 1023 3805 epistola
1060 3726 1143 3786 48
1184 3724 1258 3785 ad
1306 3725 1744 3800 Vincentium,
1782 3730 1844 3785 et
1885 3724 1965 3785 50
2010 3723 2088 3785 ad

485 3818 493 3823 ”
525 3820 939 3895 Bonifacium,
970 3819 1106 3895 ubi,
1142 3821 1304 3881 inter
1329 3818 1475 3894 alia,
1513 3817 1772 3897 loquens
1814 3817 1891 3881 de
1933 3815 2090 3895 legi-

525 3912 644 3974 bus
672 3916 1115 3992 imperatorum
1152 3919 1368 3973 contra
1411 3912 1754 3987 haereticOS,
1785 3912 1874 3971 ait
1900 3927 1918 3973 ι
1947 3910 2089 3973 Ma-

525 4009 625 4093 gis
649 4025 764 4089 pro
797 4007 930 4072 illis
955 4012 1103 4071 sunt
1119 4008 1258 4072 istoe
1287 4008 1468 4088 loyes,
1497 4007 1784 4089 quoeillis
1807 4008 2093 4071 videntur

528 4102 814 4175 adversa»,
845 4102 1124 4182 quoniam
1139 4100 1318 4163 malti
1339 4117 1453 4183 per
1477 4102 1624 4163 illas
1652 4102 2088 4172 correxissent,

529 4198 587 4257 et
641 4192 898 4275 quotidie
957 4194 1351 4274 corriyuntur
1372 4220 1394 4253 .·
1447 4211 1590 4255 nam
1620 4211 1736 4275 per
1783 4194 1891 4256 lias
1930 4194 2087 4274 loyes

531 4294 842 4351 terrentur
879 4288 1210 4363 saevientes,
1241 4292 1298 4349 et
1325 4285 1716 4370 corripientur
1749 4286 1947 4349 intelli
1947 4303 2086 4365 ,qen-

529 4387 642 4446 tes.

610 4476 675 4535 9.
719 4473 934 4537 Tertia
973 4473 1334 4537 assertionis
1375 4490 1546 4551 pars.
1587 4504 1668 4520 —-
1712 4473 1913 4551 Atque
1947 4472 2094 4535 hinc

536 4566 798 4647 probata
823 4574 1036 4627 manet
1069 4566 1288 4627 ultima
1325 4583 1466 4644 pars
1503 4567 1856 4627 assertionis
1899 4566 1979 4627 de
2021 4565 2094 4627 li·

538 4660 662 4721 cita
699 4660 1012 4720 coactione
1041 4659 1119 4718 ad
1145 4657 1334 4719 fidem
1364 4671 1386 4735 3
1435 4659 1720 4719 secundae
1763 4658 1936 4720 enim
1980 4676 2095 4719 nu-

533 4770 707 4813 mero
763 4751 1043 4831 sequenti
1089 4750 1365 4812 satisfiet.
1406 4749 1854 4829 Distinguimus
1898 4753 2091 4826 enim,

535 4848 754 4909 saltem
817 4845 1158 4909 secundum
1215 4847 1519 4910 rationem
1568 4854 1632 4909 et
1661 4845 1876 4923 finem,
1915 4847 2093 4925 puni·

533 4943 768 5004 tionem
815 4940 1084 5003 haeretici
1121 4958 1159 5001 a
1211 4941 1523 5004 coactione
1548 4941 1700 5019 ejus,
1736 4945 1806 5000 ut
1849 4941 2097 5020 resipis-

535 5040 678 5109 cat3
734 5034 1019 5113 quamvis
1075 5034 1244 5095 enim
1292 5040 1630 5113 utrumque
1681 5050 1812 5095 una
1855 5033 2095 5094 actione

533 5128 646 5191 fiat
665 5174 678 5201 ,
718 5126 1128 5189 nihilominus
1168 5128 1410 5205 punitio
1476 5133 1570 5188 est
1629 5127 1708 5188 ad
1759 5125 2095 5187 vindictam

534 5220 772 5302 peccati
803 5220 934 5299 jam
983 5220 1293 5281 commissi
1320 5264 1339 5295 ,
1383 5219 1616 5281 coactio
1659 5236 1806 5280 vero
1848 5218 2097 5299 respicit

535 5314 861 5389 futurum3
893 5330 968 5375 eo
995 5312 1165 5375 enim
1212 5312 1416 5375 tendit
1460 5320 1533 5373 ut
1575 5313 1642 5373 in
1689 5330 1901 5375 errore
1931 5307 2097 5373 com-

536 5407 726 5469 misso
759 5424 888 5469 non
931 5412 1395 5489 persever-etun
1439 5412 1504 5470 et
1539 5406 1704 5484 ideo,
1739 5412 1813 5467 ut
1862 5407 2093 5468 coactio

3576 83 3591 114 Ι

980 262 1217 317 msPUT.
1251 264 1358 317 XX.
1393 264 1474 317 DE
1505 260 1796 315 REMEDHS
1829 260 2142 315 ECCLESIAE
2174 261 2420 318 CONTRA
2451 266 2747 319 HAERESES
2780 266 2861 319 ET
2903 266 2946 318 Η
2975 265 3271 320 ΕΒΤῘΕΟὸ.

2154 363 2234 425 sit
2248 364 2439 443 justa,
2472 386 2540 429 su
2549 367 2764 447 pponit
2792 366 3178 447 punitionem
3198 383 3331 427 esse
3354 366 3591 447 justam
3620 376 3671 431 et

2156 476 2192 518 c
2234 460 2567 537 contrario,
2597 460 2649 521 si
2700 460 2945 540 punitio
2986 464 3077 520 est
3100 459 3267 538 justa
3290 504 3312 534 ,
3364 459 3539 519 etiam
3577 463 3671 521 erit

2160 554 2394 615 coactio
2422 570 2441 631 3
2475 555 2624 634 quia
2669 554 2933 615 intentio
2984 552 3262 615 emendoe
3302 550 3465 613 bona
3502 558 3599 630 est,
3624 560 3673 615 et

2160 644 2301 707 ideo
2326 648 2539 709 addita
2564 647 2747 727 justae
2774 645 3065 707 vindictae
3091 665 3217 707 non
3247 646 3391 705 facit
3412 645 3674 707 actionem

2158 738 2411 813 malam,
2437 739 2539 801 sed
2560 740 2765 820 potius
2792 738 3133 801 meliorem.
3164 738 3343 800 Unde
3368 737 3674 801 addendum

2158 838 2221 893 et
2246 832 2761 894 considerandum
2792 838 2903 907 est,
2926 850 3053 893 non
3086 830 3289 892 solum
3306 830 3568 909 justitiae,
3593 834 3677 893 sed

2158 926 2433 987 maxime
2472 928 2715 1006 pietatis
2774 932 2837 987 et
2888 925 3327 987 misericordiae
3367 942 3513 1005 opus
3552 943 3674 1003 esse,

2162 1019 2328 1099 quod
2359 1020 2623 1081 Ecclesia
2660 1038 2799 1081 cum
2841 1018 3147 1080 haereticis
3181 1017 3357 1093 iac-it,
3384 1019 3469 1079 ita
3489 1024 3677 1099 tempe-

2160 1112 2359 1175 rando
2398 1114 2671 1191 rigorem
2698 1112 2878 1191 justae
2925 1111 3239 1187 vindictae,
3275 1116 3350 1172 ut
3390 1110 3465 1172 ad
3512 1112 3681 1175 mede-

2161 1205 2291 1267 lam
2330 1213 2393 1267 et
2435 1205 2937 1267 emendationem
2989 1204 3277 1285 prodesse
3326 1203 3530 1285 possit.
3584 1206 3685 1267 Hac

2162 1300 2333 1361 enim
2369 1300 2632 1374 ratione,
2664 1299 2949 1378 quamvis
2994 1296 3233 1358 crimen
3284 1296 3548 1373 hoeresis,
3576 1318 3685 1379 pro-

2162 1398 2303 1472 pter
2342 1410 2520 1454 suam
2586 1392 2981 1471 gravitatem,
3022 1390 3291 1469 dignum
3342 1390 3425 1450 sit
3478 1398 3649 1452 morte
3668 1438 3683 1467 ‚

2169 1503 2297 1546 non
2326 1486 2534 1547 minus
2564 1502 2753 1564 quam
2782 1486 3018 1546 crimen
3055 1483 3219 1545 laesae
3262 1481 3605 1564 majestatiS,
3632 1492 3687 1545 ut

2165 1576 2331 1639 infra
2370 1578 2743 1652 videbimus,
2774 1576 3181 1639 nihilominus
3212 1596 3346 1640 non
3386 1578 3577 1637 statim
3596 1578 3685 1638 im-

2163 1671 2344 1751 ponit
2373 1670 2650 1732 absolute
2676 1672 2838 1733 hanc
2865 1688 3139 1751 poenam,
3182 1670 3294 1732 sed
3322 1670 3506 1731 semel
3531 1670 3685 1731 vitam

2164 1765 2442 1825 concedit
2506 1764 2854 1826 volentibus
2897 1766 3301 1845 resipiscere3
3351 1782 3485 1844 quae
3530 1764 3576 1823 si
3618 1771 3685 1823 at·

2164 1862 2337 1919 tente
2372 1857 2813 1933 consideretur,
2854 1875 2982 1918 non
3005 1864 3135 1919 tam
3164 1864 3259 1919 est
3282 1856 3380 1917 vis
3421 1874 3593 1937 quam
3616 1875 3685 1918 re·

2165 1952 2377 2012 missio
2418 1952 2703 2031 quaedam
2738 1996 2757 2027 ,
2801 1958 2875 2012 ut
2925 1969 3110 2031 poena
3162 1970 3293 2013 non
3344 1956 3577 2012 tantum
3630 1953 3686 2011 sit

2166 2044 2569 2120 vindicativa,
2598 2045 2703 2107 sed
2747 2044 2934 2105 etiam
2978 2043 3378 2105 medicinalis
3404 2066 3423 2119 3
3453 2044 3599 2123 quod
3639 2044 3690 2103 in

2166 2136 2383 2199 multis
2422 2138 2559 2199 aliis
2587 2138 2911 2213 similibus,
2948 2138 3017 2201 in
3056 2137 3244 2199 modo
3268 2136 3615 2217 procedendi
3639 2137 3688 2197 in

2166 2230 2275 2293 illo
2301 2232 2559 2312 judicio,
2592 2234 2967 2294 considerari
3004 2232 3181 2293 facile
3226 2236 3452 2311 potest.

2245 2328 2343 2389 10.
2394 2324 2678 2390 Socanda
2699 2328 2955 2389 assertio
2980 2326 3047 2389 de
3062 2326 3205 2405 fide.
3232 2357 3317 2371 —
3340 2323 3479 2385 Dico
3510 2342 3690 2385 secun·

2164 2418 2243 2481 do
2278 2440 2292 2480 :
2326 2419 2596 2481 Ecclesia
2646 2419 2949 2481 catholica
2998 2419 3189 2481 habet
3240 2422 3593 2498 potestatem
3631 2416 3692 2475 ad

2160 2514 2511 2595 puniendos
2560 2519 2624 2575 et
2666 2512 3032 2575 coercendos
3086 2512 3435 2573 haereticos·
3478 2510 3603 2571 Dixi
3640 2509 3691 2569 in
3781 2507 3782 2537 ³

2159 2606 2532 2690 praecedenti
2570 2608 2905 2669 assertione
2946 2608 3174 2687 justam
3205 2625 3340 2668 esse
3377 2606 3533 2669 hanc
3554 2622 3693 2665 coare
3781 2690 3782 2693 Ἴ

2160 2704 2395 2764 tionem
2436 2701 2891 2777 haereticorum,
2942 2702 2993 2761 si
3030 2706 3303 2781 potestas
3358 2716 3483 2763 non
3528 2696 3689 2771 desit3
3781 2712 3782 2773 ᾗ

2164 2806 2226 2857 et
2263 2794 2405 2857 ideo
2446 2812 2613 2855 nunc
2632 2793 2919 2858 addimus
2951 2812 3077 2855 non
3116 2793 3332 2855 deesse
3365 2794 3430 2853 in
3468 2788 3694 2852 Ecclesia
3781 2840 3782 2847 ,

2163 2891 2326 2951 hanc
2374 2895 2761 2969 potestatem,
2813 2888 2977 2967 quod
3028 2893 3328 2968 tanquam
3376 2891 3593 2948 certum
3632 2880 3692 2943 de
3780 2866 3782 2891 ⁴

2164 2984 2287 3045 fide
2320 2983 2654 3045 tenendum
2678 2988 2773 3043 est
2788 2997 2810 3059 3
2835 2988 2897 3044 et
2925 2980 3237 3060 imprimis
3266 2978 3511 3060 probari
3530 2982 3693 3057 potest
3781 2974 3782 2983 ’

2165 3096 2242 3139 ex-
2275 3076 2472 3139 veteri
2507 3078 2935 3150 Testament03
2976 3092 3124 3135 nam
3164 3074 3587 3135 Deuteronom.
3632 3070 3689 3130 13
3781 3106 3782 3115 κ

2163 3170 2517 3251 praecipitur
2572 3175 2644 3229 ut
2694 3168 2887 3229 falsus
2941 3167 3251 3249 propheta
3302 3162 3687 3237 interficiatur,

2164 3263 2310 3344 quia
2352 3263 2589 3327 locutas
2634 3268 2744 3338 est,
2796 3261 3022 3341 inquit,
3072 3264 3145 3322 ut
3188 3277 3294 3322 vos
3352 3258 3623 3322 averteret
3660 3273 3690 3317 a

2164 3357 2424 3421 Domino
2462 3356 2583 3419 Deo
2615 3360 2807 3419 vestro
2824 3379 2849 3428 ;
2882 3360 2945 3415 et
2984 3354 3182 3433 capite
3217 3355 3294 3415 17
3322 3372 3338 3411 :
3378 3350 3489 3427 Qui
3513 3366 3690 3429 super·

2170 3449 2348 3513 bier-it
2372 3450 2580 3513 nolens
2608 3450 2858 3524 obedire,
2889 3462 3032 3522 etc„
3064 3448 3403 3515 morietur,-
3432 3451 3491 3505 ct
3515 3444 3572 3505 in
3600 3440 3685 3503 lib.

2168 3543 2320 3622 Reg.
2343 3542 2653 3603 habentur
2674 3541 2845 3603 varia
2866 3540 3151 3619 exempla
3176 3538 3527 3621 hujusmodi
3548 3532 3691 3615 puni-

2168 3635 2357 3698 tionis
2406 3642 2469 3697 et
2517 3635 2869 3709 coactionis,
2918 3652 2957 3695 a
3012 3636 3137 3695 Deo
3190 3635 3329 3714 ipso
3378 3632 3606 3702 laudata
3646 3631 3693 3686 et

2170 3727 2627 3804 commendata,
2652 3734 2723 3789 ut
2736 3726 2947 3789 videre
2958 3734 3053 3788 est
3075 3726 3184 3787 lib.
3204 3730 3244 3791 3
3269 3728 3447 3805 Rog„
3472 3742 3593 3803 cap.
3612 3720 3688 3790 18,

2170 3828 2233 3885 et
2267 3821 2377 3884 lib.
2429 3824 2488 3897 4,
2530 3839 2665 3901 cap.
2706 3822 2782 3882 10
2816 3827 2880 3883 et
2915 3823 3017 3883 23.
3066 3821 3227 3881 Dicit
3262 3826 3469 3883 autem
3500 3815 3690 3895 optime

2169 3915 2535 3996 Cyprianus,
2557 3914 2634 3977 de
2654 3915 3096 3977 Exhortatione
3113 3916 3479 3994 Martyrum,
3496 3928 3611 3989 cap.
3630 3911 3683 3967 5:

2174 4008 2255 4073 Si
2290 4014 2429 4073 ants
2466 4010 2787 4073 adventioni
2829 4006 3082 4083 Christi,
3118 4008 3289 4073 circa
3326 4008 3512 4071 Deum
3540 4000 3688 4065 colen-

2172 4104 2313 4167 dum
2345 4105 2405 4165 st
2426 4102 2591 4165 idola
2628 4103 2981 4182 spernenda,
3010 4102 3138 4165 laceo
3162 4104 3467 4182 proecepta
3491 4094 3686 4158 servata

2166 4203 2334 4273 sunt,
2358 4200 2580 4276 quanto
2600 4214 2698 4255 ma
2700 4194 2799 4277 qis
2814 4199 2955 4273 post
2972 4195 3293 4257 adventum
3315 4187 3531 4256 Christi
3547 4186 3687 4249 erm

2168 4288 2508 4353 servanda?
2546 4304 2696 4348 nam
2735 4285 2989 4349 haeresis
3022 4285 3387 4347 idololatriae
3420 4295 3687 4361 compara-

2170 4389 2295 4461 tur,
2342 4382 2512 4463 quia,
2554 4388 2626 4443 ut
2660 4382 2818 4443 dixit
2860 4381 3278 4461 Hieronymus
3315 4379 3393 4441 ad
3420 4376 3598 4439 Galat.
3628 4373 3684 4431 5:

2172 4478 2479 4559 Dogmata
2526 4476 2810 4539 hoerstioa
2856 4473 3023 4539 idola
3062 4478 3230 4547 sunt,
3276 4492 3408 4554 quoe
3453 4466 3686 4547 fidelibus

2173 4570 2484 4633 adoranda
2508 4572 2925 4651 proponuntur
2964 4567 3036 4630 ab
3072 4566 3397 4631 asaroticis.
3434 4560 3588 4623 Unde
3610 4557 3687 4617 lex

2172 4662 2282 4724 illa
2344 4660 2486 4723 licet
2537 4660 2842 4740 pertineat
2908 4658 2991 4720 ad
3043 4664 3349 4739 princepta
3412 4649 3687 4735 judiciaria

2173 4754 2416 4835 antiqui
2445 4753 2681 4834 populi,
2722 4772 2937 4815 revera
2966 4752 3266 4814 moralem
3294 4747 3687 4828 obligationem

2174 4847 2516 4922 continent,
2546 4851 2610 4907 et
2645 4846 2874 4907 idcirco
2900 4846 3105 4925 quoad
3138 4844 3455 4907 foi-malem
3490 4838 3687 4913 obliga-

2174 4942 2407 5002 tionem
2456 4940 2739 5003 eamdem
2778 4940 2905 5001 vim
2933 4939 3166 5002 hahent
3204 4941 3271 5003 in
3299 4940 3429 5019 lege
3464 4946 3687 5007 evange·

2174 5032 2315 5096 lica.
2352 5033 2524 5095 Talia
2556 5038 2767 5095 autem
2812 5040 3117 5113 praecepta
3154 5032 3461 5097 evidenter
3496 5038 3683 5105 suppo-

2176 5133 2336 5187 nunt
2390 5132 2773 5205 potestatem.
2826 5127 3155 5187 Possumus
3206 5127 3389 5188 etiam
3442 5138 3511 5183 ex
3552 5129 3685 5177 novo

2174 5218 2567 5280 Testamenta
2593 5219 2919 5281 veritatem
2948 5218 3110 5280 hanc
3128 5218 3499 5287 confirmare,
3524 5206 3615 5269 sed
3632 5201 3683 5265 id

2172 5310 2472 5373 faciemus
2524 5311 2905 5373 commodius
2956 5312 3025 5373 in
3076 5310 3295 5375 ultima
3345 5302 3682 5372 dubitatione

2173 5402 2358 5483 hujus
2383 5404 2691 5467 sectionis.
