3900 6217
492 381 610 452 730

1651 395 1884 446 DISPUT.
1922 395 1984 446 X.
2022 395 2101 446 DE
2134 393 2471 446 SGANDALO.

491 500 542 559 si
597 501 833 560 constet
869 497 944 558 de
989 495 1314 575 injustitia,
1369 494 1539 556 nullo
1592 495 1773 555 modo
1793 495 1937 555 licet
1959 516 1975 568 3
2000 493 2053 554 si
2131 512 2297 570 rens,
2328 511 2451 573 quo
2478 492 2635 553 alius
2662 498 2873 571 postea
2896 491 3060 554 male
3082 494 3301 556 utitur.
3331 495 3607 575 Denique
3634 501 3687 561 in

491 609 639 654 vero
659 609 843 652 causa
892 590 972 651 sit
1011 589 1222 665 dubia,
1257 589 1615 650 resolvenda
1643 595 1733 650 est
1786 589 2051 668 quaestio

491 704 568 746 ex
597 685 828 763 regulis
867 683 1026 744 datis
1080 683 1155 744 de
1183 683 1576 758 conscientia,
1603 683 1668 744 iu
1701 686 1758 743 1.
1790 686 1854 757 2,
1911 700 2050 762 quae

489 781 718 840 iteruin
775 776 1246 856 applicabuntur
1298 776 1462 837 infra
1519 775 1588 836 in
1643 764 1904 837 materia
1971 775 2049 835 de

489 871 674 934 bello.
704 872 988 951 Oppones
1019 871 1220 950 primo
1253 891 1268 930 t
1307 869 1358 929 si
1384 869 1540 930 alter
1581 874 1672 929 est
1719 868 1785 928 in
1829 867 2051 928 volun-

487 971 612 1026 tate
640 963 957 1044 peccandi,
991 981 1118 1024 non
1159 965 1426 1024 evitatur
1475 969 1792 1041 peccatum
1841 978 1918 1022 ex
1977 979 2051 1022 eo

488 1057 652 1139 quod
697 1075 824 1118 non
859 1057 1002 1118 dem
1036 1058 1386 1130 materiam,
1427 1071 1534 1115 seu
1566 1055 2051 1115 instrumentum

487 1150 804 1232 peccandi,
834 1150 998 1211 unde
1027 1149 1115 1210 ibi
1144 1168 1272 1210 non
1301 1148 1635 1209 intervenit
1660 1147 2045 1223 scandalum,

488 1245 636 1326 quia
686 1243 868 1304 ruina
912 1242 1118 1304 fratris
1171 1243 1306 1322 jam
1361 1241 1564 1303 datur.
1623 1239 2050 1320 Respondetnr

492 1339 768 1419 primum
795 1336 932 1398 fieri
955 1354 1130 1416 posse
1158 1341 1232 1396 ut
1255 1335 1359 1396 ille
1391 1353 1518 1396 non
1545 1334 1890 1414 conceperit
1911 1352 2051 1395 eam

487 1432 868 1494 voluntatem
911 1429 1276 1505 30fi'erendo
1326 1435 1536 1491 autem
1583 1427 1681 1488 vel
1732 1427 2046 1505 donando,

487 1527 659 1588 illam
715 1537 838 1604 ego
875 1525 1158 1599 excitem,
1213 1529 1399 1602 atque
1431 1523 1522 1582 ita
1557 1520 1914 1582 scandalum
1944 1539 2051 1600 ge-

485 1638 724 1682 nerem.
758 1617 1064 1692 Secundo,
1096 1616 1364 1677 militare
1385 1615 1572 1676 etiam
1603 1620 1816 1676 contra
1847 1615 2049 1675 cbari-

485 1721 678 1778 tatem
707 1712 933 1775 offerre
962 1710 1244 1791 proximo
1273 1710 1620 1783 materiam,
1671 1727 1782 1770 seu
1818 1709 2047 1771 instru-

486 1815 766 1871 mentum
793 1825 917 1887 quo
967 1810 1310 1885 exequatur
1346 1801 1575 1865 malam
1617 1801 2045 1880 voluntatem;

485 1919 632 1962 nam
653 1901 914 1981 ipsamet
935 1897 1214 1961 executio
1235 1902 1326 1957 est
1353 1897 1640 1976 quaedam
1666 1895 1876 1957 fratris
1903 1914 2047 1958 exe-

487 1993 732 2074 quentis
771 1992 977 2068 ruina,
1021 2008 1215 2070 eaque
1259 1990 1498 2050 malitia
1543 1988 1810 2068 amplius
1862 1989 2049 2050 durat

485 2094 547 2149 et
574 2093 857 2166 augetur.
901 2088 1183 2165 Oppones
1223 2083 1514 2154 secundo,
1568 2084 1713 2162 quia
1764 2085 2047 2160 quamvis

483 2199 613 2242 non
647 2181 786 2242 dem
838 2185 949 2240 aut
977 2179 1266 2253 vendam,
1296 2176 1452 2238 alius
1495 2175 1738 2237 vendet.
1773 2176 2048 2256 Respon-

490 2275 673 2335 detnr
692 2274 754 2333 id
781 2273 940 2333 nihil
966 2272 1216 2347 referre,
1248 2272 1406 2331 sicut
1433 2275 1647 2350 peccat
1665 2287 1876 2330 servus
1903 2287 2046 2330 exe-

488 2385 685 2446 quens
712 2367 1018 2445 injustum
1044 2365 1405 2426 mandatum
1427 2362 1686 2438 domini,
1711 2369 2043 2440 quantum-

487 2459 640 2520 libet
689 2461 842 2520 sciat
890 2459 1086 2520 alium
1135 2457 1446 2518 facturum
1469 2502 1489 2533 ,
1537 2457 1587 2516 si
1644 2456 1772 2535 ipse
1816 2457 2039 2537 exequi

479 2552 657 2612 nolit.
690 2553 868 2613 Ratio
901 2558 1016 2627 est,
1047 2551 1194 2630 quia
1243 2551 1374 2630 ipsa
1419 2550 1579 2610 actio
1607 2560 1699 2611 est
1744 2551 1930 2627 mala,
1982 2557 2044 2612 et

479 2663 608 2706 non
638 2645 880 2707 tollitur
905 2645 984 2706 ab
1013 2664 1086 2706 ea
1108 2645 1488 2720 deformitaS,
1522 2651 1844 2723 propterea
1877 2645 2043 2723 quod

477 2738 659 2799 multi
688 2744 834 2798 sunt
857 2739 1057 2818 parati
1099 2739 1176 2798 ad
1209 2737 1437 2798 similes
1465 2741 1759 2798 actioneS.
1803 2740 2041 2816 Argues

477 2833 664 2893 tertio
689 2851 702 2894 :
731 2850 880 2911 ergo
903 2837 1112 2912 peccat
1135 2831 1238 2892 ille
1261 2831 1369 2910 qui
1398 2831 1654 2890 domum
1679 2849 1853 2891 suam
1878 2831 2043 2891 locat

477 2927 810 3002 meretrici,
844 2926 1141 3006 quoniam
1171 2935 1372 2986 certus
1392 2931 1484 2985 est
1519 2924 1670 2986 velle
1699 2924 1776 2985 ad
1802 2925 2037 2986 malum

475 3039 682 3081 usum.
713 3021 866 3081 ltem
896 3019 1168 3099 peccabit
1213 3016 1483 3078 famulus
1509 3019 1614 3096 qui
1648 3019 1711 3078 in
1743 3018 1842 3078 die
1875 3017 2039 3096 jeju-

475 3114 566 3176 nii
599 3113 908 3174 ministrat
942 3112 1148 3172 cibum
1180 3111 1460 3185 domino,
1507 3129 1652 3172 cum
1711 3123 1912 3172 certus
1960 3111 2038 3173 sit

475 3207 837 3269 violandum
883 3223 1012 3266 esse
1062 3205 1394 3284 jejunium.
1429 3207 1501 3266 In
1549 3206 1738 3283 hujus
1793 3206 2039 3282 generis

477 3300 717 3362 casibus
739 3297 914 3360 valde
939 3298 1223 3358 laborant
1249 3305 1552 3374 auctoreS,
1581 3299 1728 3378 quia
1749 3298 2039 3358 videntur

477 3395 654 3474 sequi
679 3394 1017 3469 evidenter,
1050 3411 1190 3454 cum
1223 3400 1431 3454 tamen
1468 3411 1572 3454 eos
1597 3393 1923 3453 admittere
1949 3393 2040 3453 vi-

477 3488 694 3548 deatur
728 3487 956 3548 durum
986 3504 1002 3548 t
1034 3485 1305 3547 breviter
1340 3485 1478 3546 dico
1509 3486 1646 3546 ideo
1685 3485 1910 3545 dixisse
1938 3503 2040 3546 me

474 3581 539 3641 in
581 3580 1000 3655 conclusione,
1037 3580 1154 3639 hoc
1183 3597 1310 3639 non
1357 3597 1486 3640 esse
1533 3578 1865 3639 intrinsece
1907 3597 2041 3639 ma-

475 3673 642 3746 lum;
681 3675 830 3734 item
862 3671 1216 3734 addidisse:
1255 3671 1336 3735 Si
1359 3672 1538 3745 facile
1552 3676 1772 3755 potest,
1819 3674 1876 3733 et
1912 3672 2042 3734 sino

475 3785 690 3851 magno
717 3769 1084 3848 yravamine.
1126 3765 1298 3828 Unde
1345 3767 1408 3825 in
1442 3766 1775 3845 proposito,
1809 3765 1860 3825 si
1903 3766 2041 3844 quis

470 3860 605 3922 sine
627 3860 753 3920 ullo
776 3859 1171 3921 incommodo
1205 3864 1407 3940 potest
1434 3859 1690 3918 domum
1725 3876 1914 3935 ‚suam
1954 3857 2043 3918 lo-

472 3954 599 4016 cari
623 3953 823 4029 alteri,
855 3952 1124 4013 concedo
1150 3953 1308 4013 male
1337 3952 1554 4022 facere,
1591 3953 1724 4014 sine
1773 3951 1903 4011 ulla
1933 3969 2035 4012 ne-

475 4048 747 4108 cessitate
774 4047 873 4106 vel
924 4045 1189 4106 utilitate
1218 4045 1478 4106 locando
1530 4064 1672 4105 cum
1713 4045 2038 4124 praescien-

472 4138 560 4199 tia
589 4139 733 4199 mali
759 4155 940 4214 usus3
969 4145 1030 4199 et
1056 4137 1219 4198 idem
1245 4145 1335 4198 est
1355 4139 1420 4197 in
1444 4137 1753 4198 similibus
1777 4137 2035 4199 actioni-

473 4231 609 4293 bus.
660 4233 724 4293 Si
751 4239 964 4293 tamen
1005 4248 1134 4292 non
1177 4238 1578 4290 occurrerunt
1603 4231 1708 4291 alii
1739 4233 1846 4309 qui
1873 4231 2035 4291 loca-

473 4332 636 4401 rent,
665 4326 761 4386 vel
787 4324 1036 4386 difficile
1097 4329 1343 4404 possent
1388 4324 1682 4400 inveniri,
1708 4342 1832 4384 non
1865 4331 2034 4383 tene-

475 4425 648 4478 retur
685 4420 823 4497 quis
875 4419 1121 4496 privare
1176 4434 1239 4478 se
1285 4435 1396 4477 suo
1441 4419 1604 4496 jure,
1638 4417 1786 4496 qnia
1818 4434 2035 4477 revera

473 4528 602 4572 non
650 4510 916 4571 intendit
964 4516 1286 4588 peccatum
1337 4510 1610 4584 alteriu3‚
1649 4529 1763 4570 nec
1813 4528 1925 4588 per
1971 4527 2035 4570 se

475 4603 702 4664 excitat
735 4609 847 4663 aut
875 4603 1109 4681 praebet
1150 4605 1475 4664 materiam
1513 4603 1770 4682 pcccati,
1801 4603 1908 4663 sed
1942 4621 2035 4662 so-

474 4695 610 4756 lnm
655 4715 783 4756 non
819 4695 1077 4774 impedit
1113 4715 1187 4756 eo
1229 4703 1506 4774 tempore
1558 4715 1682 4776 quo
1722 4696 2037 4757 moraliter

475 4808 604 4851 non
635 4798 918 4850 censetur
961 4808 1154 4869 posse,
1189 4797 1374 4869 atque
1423 4790 1574 4850 adeo
1629 4809 1755 4851 non
1809 4791 2033 4852 teneri.

475 4884 706 4945 Eadem
751 4883 877 4944 sere
909 4879 1124 4961 regula
1153 4883 1456 4943 servanda
1485 4888 1576 4943 est
1605 4883 1670 4943 in
1714 4884 2039 4962 posteriori

475 4997 622 5039 casu
653 4977 730 5038 de
767 4978 1023 5052 famule,
1050 4977 1193 5038 licet
1222 4977 1308 5038 ibi
1339 4980 1418 5038 sit
1452 4979 1650 5057 major
1678 4979 1834 5038 ratio
1859 4971 2039 5038 dubi-

477 5071 672 5146 tandi,
699 5073 848 5150 qnia
893 5071 1143 5132 videtur
1185 5073 1528 5150 cooperatio
1565 5073 1826 5151 positiva
1855 5072 2039 5142 mini-

476 5171 670 5226 strare
705 5164 896 5225 ciboS.
936 5163 1283 5243 Respondet
1335 5171 1542 5226 autem
1591 5165 1918 5243 CaJetanus
1944 5172 2036 5225 to·

477 5266 605 5320 tam
627 5259 800 5320 illam
833 5259 1330 5337 cooperationem
1359 5259 1434 5319 de
1461 5277 1526 5320 se
1554 5277 1684 5319 esse
1721 5259 1798 5319 ad
1829 5266 2036 5319 actum

475 5351 931 5413 indifferentem
966 5352 1065 5412 vel
1117 5351 1376 5428 bonum,
1418 5351 1516 5412 vel
1571 5353 1774 5432 potius
1829 5352 1894 5412 in
1970 5370 2041 5413 eo

481 5451 711 5507 eventu
752 5443 1021 5505 famulus
1056 5451 1164 5504 aut
1197 5443 1430 5505 locator
1472 5445 1719 5524 proprie
1748 5462 1872 5504 non
1905 5462 2045 5506 coo-

478 5544 730 5626 peratur
755 5537 978 5616 active,
1019 5537 1126 5597 sed
1157 5537 1305 5598 facit
1343 5537 1576 5620 aliquid
1607 5538 1684 5599 de
1711 5556 1776 5600 se
1799 5535 2044 5599 indiffe-

2131 586 2229 649 his
2262 605 2509 667 quoque
2542 586 3003 648 considerandae
3041 595 3187 648 sunt
3222 588 3685 654 circumstantia!

2128 682 2552 762 particulares,
2584 685 2656 741 ut
2680 679 3056 744 monuimus,
3092 681 3189 759 (V.
3216 683 3439 760 Sanc„
3464 683 3511 743 l.
3546 685 3689 747 {De-

2128 775 2273 851 cal.,
2292 793 2345 836 c.
2378 777 2481 852 7.)

2210 870 2271 928 6.
2320 869 2531 932 Tertia
2558 869 2851 932 conclusio
2882 870 3202 952 bipartita,
3244 876 3305 934 et
3342 873 3687 934 communis.

2130 997 2211 1011 -
2232 963 2377 1024 Dico
2404 963 2587 1024 tertio
2630 983 2647 1022 ε
2682 963 2931 1042 quando
2970 981 3068 1024 res
3106 970 3251 1024 sunt
3292 964 3483 1040 taleS,
3516 971 3581 1025 nt
3622 983 3685 1026 ex

2132 1056 2519 1117 institutione
2556 1073 2689 1129 sua,
2720 1054 2818 1116 vel
2848 1073 2927 1115 ex
2960 1073 3077 1115 usu
3106 1062 3215 1116 aut
3240 1055 3388 1135 lege
3416 1057 3545 1116 sint
3568 1076 3690 1135 pro-

2129 1148 2368 1223 hibitae,
2400 1148 2500 1209 vel
2529 1146 2851 1208 destinata}
2886 1148 2965 1208 ad
2996 1148 3231 1210 malum
3259 1149 3467 1227 finem
3500 1151 3563 1210 in
3590 1149 3689 1212 hoc

2133 1246 2405 1319 tempore
2434 1246 2497 1302 et
2526 1240 2678 1315 loco,
2711 1241 2801 1301 ita
2828 1246 2899 1300 ut
2924 1243 3242 1302 moraliter
3272 1261 3531 1322 semper
3556 1261 3689 1322 pro-

2130 1333 2417 1395 babiliter
2438 1335 2733 1395 timeatur
2776 1353 3003 1414 pravus
3058 1355 3229 1412 usuS,
3259 1354 3397 1398 non
3430 1336 3575 1399 licet
3602 1355 3687 1400 eas

2132 1430 2375 1491 tradere
2404 1429 2609 1504 alteri,
2654 1429 2777 1490 nisi
2806 1429 2871 1489 in
2902 1430 3263 1510 particulari
3312 1437 3562 1492 constet
3582 1449 3691 1492 ces-

2130 1539 2266 1583 sare
2310 1522 2655 1603 periculum
2696 1524 2875 1604 pravi
2912 1542 3077 1584 usus,
3122 1523 3458 1584 Conclusio
3506 1525 3683 1604 quoad

2128 1621 2461 1695 utramque
2490 1621 2729 1694 partem
2758 1620 2851 1676 est
2876 1618 3256 1692 communiti,
3286 1625 3355 1679 et
3400 1619 3572 1698 prior
3598 1639 3685 1697 pa-

2126 1714 2240 1784 tet,
2274 1711 2419 1789 quia
2445 1708 2579 1770 haec
2620 1710 2881 1785 tradere,
2928 1716 3019 1771 est
3064 1710 3387 1772 moraliter
3434 1712 3685 1791 praebere

2128 1803 2511 1864 occasionem
2558 1805 2789 1883 pcccati
2805 1821 2825 1882 ;
2881 1810 2972 1865 est
3023 1823 3204 1883 ergo,
3252 1805 3578 1866 moraliter
3607 1806 3683 1866 lo-

2128 1896 2397 1976 quendo,
2417 1897 2773 1959 scandalum
2806 1899 2993 1959 etiam
3021 1901 3515 1978 cooperationis:
3536 1907 3683 1980 patet

2126 1991 2311 2050 etiam
2342 1992 2664 2071 exempliS‚
2713 1992 2782 2052 in
2830 2010 2905 2052 eo
2939 1992 3047 2072 qui
3088 1994 3420 2054 materiam
3468 1996 3681 2073 praebet

2126 2085 2203 2142 ad
2240 2083 2708 2144 sacrificandum
2732 2085 2919 2157 idolo,
2942 2092 3061 2146 etc.
3094 2085 3403 2147 Posterior
3427 2104 3575 2147 vero
3602 2088 3681 2147 in-

2126 2176 2202 2235 de
2229 2183 2492 2252 constat,
2527 2179 2676 2256 quia
2706 2177 3068 2255 hujusmodi
3098 2179 3259 2239 actio
3290 2197 3421 2240 non
3452 2187 3546 2240 est
3568 2199 3677 2240 ma-

2124 2271 2206 2346 la,
2238 2271 2356 2331 nisi
2400 2278 2583 2350 prout
2613 2271 2931 2332 moraliter
2974 2277 3037 2332 et
3068 2273 3137 2331 in
3179 2289 3245 2332 re
3297 2271 3493 2333 habet
3520 2274 3680 2333 mali·

2125 2367 2277 2426 tiam
2312 2373 2374 2426 et
2414 2365 2871 2426 deformitatem
2923 2366 3326 2444 adjunctam3
3380 2368 3435 2426 si
3484 2374 3671 2426 autem

2124 2464 2361 2520 constet
2392 2459 2655 2520 alterum
2686 2459 2849 2520 nolle
2887 2477 3021 2519 rem
3064 2459 3143 2519 ad
3170 2477 3439 2539 pravum
3488 2478 3669 2533 usum,

2123 2552 2366 2613 tollitur
2383 2554 2513 2632 jam
2534 2552 2893 2614 deformitas
2914 2575 2931 2626 3
2957 2567 3107 2629 ergo
3136 2571 3277 2614 cum
3302 2553 3419 2613 tali
3438 2553 3671 2613 scientia

2120 2649 2248 2726 jam
2278 2665 2403 2708 non
2434 2649 2549 2708 erit
2580 2647 2817 2708 malum
2844 2647 3113 2708 vendere
3141 2646 3503 2727 hujusmodi
3532 2665 3667 2716 rem;

2123 2741 2229 2802 sed
2259 2748 2500 2821 oportet
2544 2743 2864 2802 advertere
2900 2759 3021 2800 non
3070 2741 3215 2800 satis
3268 2758 3407 2801 esse
3454 2741 3667 2800 nescire

2122 2837 2357 2898 malum
2412 2855 2595 2897 usum
2636 2837 3045 2897 determinate
3068 2884 3088 2912 ,
3142 2835 3245 2895 sed
3302 2853 3547 2896 necesse
3595 2843 3669 2894 est

2120 2930 2439 2992 moraliter
2467 2949 2713 2992 censere
2746 2949 2843 2991 res
2872 2929 2950 2990 ad
2996 2947 3142 2989 eum
3190 2927 3389 2988 finem
3428 2945 3549 2988 non
3576 2945 3662 2986 or-

2121 3025 2320 3085 dinari
2364 3025 2443 3084 ab
2472 3026 2834 3104 accipiente,
2875 3023 2953 3084 ad
2983 3041 3194 3102 quem,
3230 3023 3411 3102 juxta
3445 3021 3665 3081 conclu-

2120 3119 2381 3192 sionem,
2411 3117 2822 3178 communiter
2852 3123 2917 3177 et
2942 3117 3121 3195 quasi
3162 3133 3237 3177 ex
3266 3114 3563 3195 primaria
3586 3114 3662 3173 in-

2120 3211 2438 3271 stitutione
2478 3210 2855 3271 referuntur.

2200 3307 2259 3364 7.
2312 3303 2783 3377 Quoestiuncula.
2827 3337 2905 3346 —
2941 3300 3272 3366 Resolueio.
3298 3302 3657 3376 -Quaeresz

2120 3397 2266 3475 quid
2305 3395 2355 3456 si
2384 3414 2480 3456 res
2515 3397 2669 3474 ipsa,
2697 3401 2881 3475 prout
2909 3414 2946 3456 a
2974 3413 3073 3455 me
3103 3394 3195 3470 fit,
3228 3396 3422 3474 possit
3460 3394 3660 3454 habere

2120 3491 2355 3551 bonum
2389 3508 2595 3564 usum,
2622 3489 2795 3549 verbi
2822 3488 3043 3568 gratia,
3080 3493 3152 3548 nt
3180 3489 3506 3567 remigatio
3536 3504 3658 3546 con-

2120 3590 2216 3644 tra
2242 3583 2639 3657 ChristianOS,
2668 3581 2996 3643 aedificatio
3025 3581 3266 3660 templi,
3292 3580 3461 3660 quod
3488 3597 3585 3660 per
3606 3595 3657 3637 se

2122 3682 2322 3756 potest
2354 3675 2571 3737 referri
2616 3675 2695 3736 ad
2746 3675 2981 3735 cultum
3011 3675 3143 3734 veri
3179 3673 3312 3749 Dei,
3345 3681 3547 3735 tamen
3572 3669 3655 3730 hic

2124 3778 2186 3831 et
2213 3788 2380 3832 nunc.
2406 3770 2520 3830 scis
2558 3769 2772 3830 referri
2808 3769 2885 3829 ad
2928 3767 3191 3837 idolum,
3224 3773 3286 3827 et
3332 3768 3483 3828 alias
3519 3763 3655 3840 cogit

2123 3863 2581 3924 metus'mortis
2616 3861 2695 3921 ad
2730 3861 3151 3939 adjuvandum
3171 3907 3190 3934 ,
3230 3856 3655 3921 ferendum·la·

2120 3961 2305 4030 terea,
2320 3961 2436 4016 etc.
2456 3958 2482 4014 ’.θ
2505 3953 2714 4016 Eritne
2726 3953 3184 4014 hocintrinsece
3215 3952 3445 4014 malum
3463 3955 3487 4012 ἲ
3502 3948 3653 4009 Vide-

2116 4059 2218 4108 tur
2248 4049 2415 4110 enim
2440 4066 2565 4108 non
2595 4064 2751 4122 esse,
2783 4047 2933 4126 quia
2970 4045 3132 4124 quod
3174 4046 3263 4107 ibi
3296 4047 3454 4107 facio
3486 4057 3651 4123 perse

2115 4159 2243 4200 non
2288 4148 2380 4202 est
2428 4140 2683 4200 malum.
2718 4139 3163 4218 Respondetur,
3214 4140 3279 4201 in
3322 4139 3422 4200 his
3464 4151 3649 4196 caven-

2114 4234 2264 4295 dum
2298 4237 2555 4294 omnino
2598 4251 2726 4294 esse
2772 4233 3102 4313 positivam
3148 4231 3643 4310 cooperationem,

2115 4327 2261 4407 quia
2292 4327 2423 4387 haec
2451 4327 2779 4386 intrinsece
2817 4325 2983 4386 mala
3012 4331 3136 4398 cst,
3166 4343 3309 4385 cum
3338 4325 3421 4384 sit
3462 4325 3643 4384 contra

2116 4427 2493 4501 praeceptum
2522 4419 2902 4497 negativum.
2928 4419 3009 4479 Et
3034 4418 3150 4479 hac
3172 4417 3247 4480 de
3271 4437 3453 4478 causa
3476 4416 3534 4474 in
3561 4411 3647 4471 illo

2116 4513 2421 4593 exemplo,
2454 4519 2523 4574 ut
2561 4513 2887 4593 CaJ'etanus
2935 4518 3104 4572 recte
3132 4511 3312 4587 dixit,
3347 4529 3470 4570 non
3508 4507 3642 4574 licet,

2116 4609 2266 4687 qnia
2307 4605 2461 4666 illud
2513 4611 2602 4666 est
2642 4605 2959 4666 moraliter
3022 4604 3378 4684 cooperari3
3435 4596 3645 4682 quando

2118 4706 2327 4759 autem
2356 4715 2482 4758 non
2510 4704 2602 4758 est
2630 4698 2981 4777 cooperatio
3014 4697 3295 4776 positiva,
3334 4696 3438 4756 sed
3476 4692 3641 4754 solum

2117 4811 2245 4853 non
2278 4793 2562 4872 impedis.
2608 4791 2706 4852 vel
2736 4792 2967 4871 aliquid
3010 4791 3161 4852 facis
3203 4809 3312 4870 per
3342 4809 3405 4851 se
3437 4783 3643 4850 indiffe-

2118 4904 2281 4961 renS,
2310 4905 2433 4946 non
2464 4886 2582 4946 erit
2625 4885 2953 4945 intrinsece
2988 4884 3259 4961 malum3
3298 4903 3407 4963 pro
3440 4879 3639 4943 ratione

2118 4999 2268 5060 ergo
2295 4979 2899 5041 circumstantiarum
2932 4980 3204 5056 (servato
3248 4993 3483 5058 semper
3508 4968 3640 5032 ordi-

2120 5091 2201 5134 ne
2240 5073 2598 5147 charitatis)
2649 5071 2981 5151 quaudone
3032 5071 3113 5130 sit
3176 5071 3513 5149 cooperari,
3554 5064 3640 5124 aut

2120 5167 2367 5244 quando
2396 5167 2474 5226 sit
2511 5171 2754 5226 tantum
2784 5183 2909 5224 non
2945 5163 3266 5244 impedire,
3312 5165 3377 5225 in
3419 5155 3637 5237 singulis

2122 5260 2396 5320 materiis
2419 5259 2935 5320 considerandum
2968 5258 3302 5336 prudenter
3344 5263 3449 5318 est.
3482 5247 3636 5329 (Vide

2123 5358 2439 5413 auctorem
2457 5351 2531 5412 de
2548 5352 2825 5427 Censnr„
2858 5351 3015 5430 disp.
3046 5352 3151 5424 21,
3181 5356 3327 5410 sect.
3354 5353 3413 5423 2,
3440 5365 3496 5408 n.
3527 5341 3629 5414 60)·

2206 5445 2267 5505 8.
2316 5445 2687 5519 Quoesciones
2714 5445 2854 5507 alioe
2883 5459 2957 5505 σω
2998 5442 3077 5503 D.
3124 5443 3351 5506 Pltoma
3376 5449 3635 5521 exponun-

2124 5543 2347 5604 twr.—
2372 5539 2609 5605 Ultima
2658 5537 2908 5620 quoestio
2941 5562 2963 5595 .·
3010 5553 3089 5598 an
3132 5539 3283 5601 dam
3334 5529 3635 5601 scandalum
