3900 6217
509 439 665 513 eius,
709 435 832 500 viee
867 433 1226 499 Beatissimi
1264 451 1336 499 ao
1363 432 1727 519 Apostoliooe
1763 436 2077 499 universa-

507 532 592 595 lis
612 530 912 596 Ecclesiae
938 528 1152 611 Papoe‚
1175 536 1406 594 saneta·
1436 527 1682 611 Synodo
1709 530 2072 608 praesidens,

509 622 869 703 subcripsit
883 648 910 696 ,·
963 622 1129 683 idem
1163 620 1308 684 facit
1339 622 1408 683 in
1457 626 1496 684 5
1539 622 1788 703 Synodo
1839 624 2072 697 Menas,

509 718 750 797 legatus
797 718 1000 796 Papae,
1039 722 1226 795 atque
1251 715 1406 778 adeo
1433 717 1498 777 in
1524 718 1588 789 6,
1608 720 1680 801 ,7,
1735 721 1799 777 et
1823 716 1987 791 aliis,
2014 721 2076 776 et

511 830 590 872 ex
619 827 834 871 earum
877 808 1054 884 actis,
1116 814 1178 870 et
1229 826 1415 888 supra
1443 808 1726 871 adductis
1755 808 1902 870 satis
1931 826 2079 868 con·

511 910 674 965 stare
703 907 920 983 potest.
954 900 1354 981 Specialiter'
1339 921 1407 963 in
1433 908 1675 976 octava,
1703 902 1790 963 sic
1815 900 2079 961 subscri·

509 995 604 1058 bit
626 995 904 1074 legatus.
937 994 1078 1077 Eyo
1114 995 1403 1070 Donatus,
1436 993 1550 1057 Dei
1581 994 1793 1078 pratia
1819 994 2081 1076 Episco-

503 1108 626 1170 pus
673 1090 1031 1161 Hoetiens„
1097 1088 1292 1151 locum
1353 1086 1620 1153 obtinens
1669 1086 1902 1151 domini
1970 1085 2085 1149 mei

511 1180 799 1255 Adriani,
847 1180 1176 1258 Pontifici-5
1204 1186 1264 1245 et
1289 1182 1658 1245 universalis
1683 1180 1897 1261 Papoe,
1939 1178 2081 1243 Imie

510 1282 741 1340 sanotoe
779 1280 839 1340 et
883 1274 1224 1339 universali
1273 1273 1518 1355 synodo
1545 1291 1822 1355 proeeem
1861 1275 1944 1336 ad
1977 1291 2081 1337 vo-

510 1372 808 1434 luntatem
852 1370 1141 1451 ejusdem,
1196 1375 1314 1431 etc.
1363 1371 1455 1431 Ex
1508 1368 1735 1449 quibus
1785 1369 2078 1431 omnibus

511 1465 818 1527 sufficiens
841 1462 1091 1525 traditio
1120 1463 1304 1543 hujus
1328 1464 1421 1524 rei
1449 1462 1804 1543 colligitur3
1829 1469 1890 1524 et
1917 1462 2077 1551 ratio

512 1563 732 1637 praeter
771 1556 985 1619 omnia
1032 1556 1300 1618 adducta
1327 1556 1394 1617 id
1421 1555 1769 1625 confirmat,
1796 1556 1943 1635 quia
1989 1556 2079 1617 vi-

511 1650 736 1712 delicet
759 1668 1010 1713 necesse
1037 1656 1130 1712 est
1165 1650 1439 1729 aliquem
1469 1666 1725 1728 praeessc
1765 1649 1833 1709 in
1863 1649 2079 1710 Conci-

509 1742 596 1804 lio
643 1742 943 1821 generali,
991 1749 1064 1803 ut
1108 1748 1294 1822 caput
1335 1742 1525 1803 totius
1575 1741 1880 1822 corporis3
1925 1741 2079 1803 alias

511 1836 742 1898 servari
787 1855 915 1897 non
943 1842 1143 1917 posset
1171 1836 1545 1897 conveniens
1573 1834 1748 1908 ord0,
1793 1834 1900 1895 sed
1943 1852 2077 1895 ma-

510 1949 636 2007 gna
687 1931 890 2010 potius
936 1930 1214 1992 confusio
1263 1936 1422 1991 esset
1449 1929 1518 1989 in
1558 1927 1880 2000 Conciliis;
1923 1945 2074 2005 ergo

509 2025 919 2105 praerogativa
943 2025 1072 2087 haec
1095 2023 1486 2085 concedenda
1520 2028 1634 2100 est,
1677 2022 1949 2083 maxime
1978 2022 2073 2083 illi

507 2120 616 2198 qui
639 2127 824 2201 caput
850 2126 942 2181 est
971 2120 1155 2181 totius
1177 2119 1486 2181 Ecclesiae.
1527 2183 1536 2189 ,

591 2215 691 2274 10.
741 2214 1001 2294 objectio
1031 2219 1239 2277 contra
1260 2214 1536 2291 proxime
1567 2215 1824 2276 ostensa.
1847 2245 1932 2259 —
1954 2215 2072 2293 Op-

509 2325 700 2387 pones
727 2307 793 2369 in
839 2307 1148 2387 plerisque
1195 2305 1486 2367 Conciliis
1535 2304 1750 2367 haberi
1777 2352 1798 2381 ,
1853 2325 2073 2387 praese-

509 2400 669 2463 disse
715 2401 1140 2480 imperatores,
1195 2405 1266 2460 ut
1311 2405 1480 2479 patet
1517 2405 1654 2460 tum
1713 2418 1787 2461 ex
1844 2400 2075 2479 apertis

511 2494 752 2567 verbis3
808 2494 874 2554 in
928 2500 1102 2555 sexta
1157 2495 1326 2554 enim
1367 2493 1617 2573 Synodo
1665 2494 1753 2554 sic
1793 2492 2070 2573 legitur:

510 2589 884 2651 Pras-sidente
927 2587 1208 2670 piissimo
1249 2588 1632 2669 imperatore,
1662 2593 1806 2661 etc„
1867 2594 1940 2647 ut
1984 2588 2076 2649 vi-

513 2681 660 2742 dere
709 2688 802 2743 est
839 2682 1081 2743 actione
1131 2682 1356 2761 prima,
1411 2690 1476 2742 et
1505 2685 1570 2743 Η
1625 2700 1698 2743 ac
1727 2683 1841 2755 18;
1874 2681 2075 2743 simile

510 2775 664 2856 quid
704 2775 970 2852 legimus
1015 2775 1084 2836 in
1134 2780 1350 2837 octava
1377 2776 1660 2856 Synod03
1695 2782 1830 2837 tum
1884 2776 2075 2836 etiam

511 2886 589 2929 ex
616 2868 736 2929 loci
761 2868 1088 2946 dignitate,
1117 2886 1265 2929 nam
1294 2886 1454 2948 saepe
1483 2868 1582 2930 vel
1625 2869 1766 2949 ipsi,
1813 2870 1914 2932 vel
1957 2870 2075 2929 viri

510 2962 753 3041 patricii
779 2980 997 3023 eorum
1025 2960 1232 3022 locum
1278 2966 1582 3039 tenentes,
1633 2964 1699 3023 in
1747 2962 1955 3025 medio
1982 2980 2075 3024 se-

509 3054 696 3127 dent;
739 3053 930 3132 legati
957 3072 1104 3116 vero
1143 3054 1318 3116 Sedis
1344 3055 1710 3135 Apostolicae
1749 3056 1827 3117 ad
1863 3055 2077 3117 dexte-

509 3164 672 3221 ram,
724 3152 788 3207 et
834 3147 1152 3209 interdum
1194 3148 1274 3208 ad
1320 3148 1656 3221 sinistram,
1701 3154 1772 3209 ut
1799 3154 1971 3229 patet
2000 3166 2077 3210 ex

509 3242 738 3303 eisdem
778 3244 818 3303 6
866 3247 930 3302 et
975 3243 1016 3303 8
1059 3241 1346 3321 Synodis,
1395 3247 1459 3302 et
1503 3260 1581 3303 ex
1620 3241 1878 3304 historia
1920 3242 2080 3304 Con-

511 3332 641 3394 cilii
687 3332 1194 3395 Chalcedonensis
1215 3378 1236 3409 ,
1295 3352 1484 3414 quam
1535 3335 1722 3396 refert
1768 3334 2023 3415 Niceph.
2054 3381 2073 3411 ,

508 3425 622 3487 lib.
677 3429 773 3503 15,
818 3445 955 3506 cap.
1007 3429 1072 3489 4.
1123 3428 1416 3489 Fatemur
1464 3427 1716 3507 quidem
1757 3428 2075 3489 interdum

507 3519 912 3599 imperatores
975 3518 1076 3582 vel
1124 3520 1430 3583 seculares
1485 3521 1886 3599 magistratus
1933 3539 2074 3583 eam

507 3612 625 3673 loci
683 3612 1053 3692 dignitatem
1107 3632 1430 3693 usurpasse
1453 3658 1474 3689 ,
1547 3632 1674 3674 non
1733 3620 1862 3675 tam
1928 3616 2073 3694 jure

509 3724 697 3785 quam
725 3707 1001 3785 potentia
1019 3724 1040 3785 ;
1087 3724 1388 3785 negamus
1417 3712 1649 3783 tamen,
1693 3708 1940 3787 proprie
1987 3708 2075 3771 lo·

507 3799 776 3879 quendo,
824 3799 1134 3879 praefuisse
1162 3800 1473 3874 Consiliis,
1531 3800 1636 3862 sed
1687 3807 1931 3861 tautum
1981 3802 2075 3862 al*-

509 3892 698 3954 fuisse
747 3898 818 3953 ut
858 3892 1015 3953 nulli
1063 3892 1370 3955 tumultus
1409 3892 1665 3970 fierent,
1695 3900 1760 3955 et
1805 3901 1875 3955 ut
1917 3896 2073 3955 Con-

511 3984 652 4046 cilia
691 3986 914 4064 majori
948 3986 1218 4067 quadam
1271 3987 1562 4048 exteriori
1609 3988 1969 4049 auctoritate
2012 3993 2075 4049 et

511 4078 816 4157 dignitate
861 4078 1356 4157 celebrarentur;
1385 4079 1462 4141 de
1490 4098 1616 4160 qua
1635 4098 1702 4141 re
1741 4080 1887 4141 satis
1915 4080 2075 4141 mul-

509 4180 576 4233 ta
600 4173 876 4234 diximus
895 4179 1044 4235 sect.
1083 4178 1142 4251 l,
1187 4174 1577 4236 ostendentes
1604 4173 1790 4235 laicos
1813 4175 2075 4237 minime

511 4265 820 4345 pertinere
861 4265 942 4327 ad
972 4266 1312 4329 Concilium
1345 4267 1658 4345 generale,
1691 4274 1934 4329 tautum
1966 4267 2073 4329 ab·

509 4366 604 4421 est
629 4367 700 4420 ut
744 4360 838 4421 illi
880 4361 1147 4423 debeant
1192 4361 1546 4441 praesidere:
1599 4360 1704 4423 ubi
1746 4362 1936 4423 etiam
1981 4380 2075 4422 os-

508 4452 846 4529 tendimuS,
879 4454 1384 4543 Constantinum,
1411 4460 1476 4515 et
1501 4454 1661 4517 alios
1683 4455 1989 4535 principes
2012 4460 2075 4516 et

507 4546 912 4627 imperatores
975 4548 1326 4625 digniorem
1377 4548 1582 4609 locum
1651 4548 1718 4609 in
1783 4549 2073 4609 Conciliis

510 4658 834 4719 usurpasse
886 4639 1175 4700 noluisse.
1220 4640 1562 4703 videantur
1611 4641 1808 4702 multa
1848 4642 1930 4703 96
1978 4641 2068 4717 d.,

508 4751 644 4812 cap.
677 4732 811 4797 Nos
837 4733 922 4797 ad
943 4734 1152 4809 fiuent,
1205 4738 1269 4793 et
1302 4750 1438 4813 esp.
1471 4732 1676 4809 Satis,
1717 4753 1861 4795 cum
1903 4734 2073 4811 simi·

508 4825 694 4887 libus.

589 4923 686 4983 11.
718 4920 931 4985 Tertia
955 4922 1212 4985 assertio
1245 4921 1315 4985 de
1349 4919 1928 5001 fida—Ostendam
1970 4938 2079 4985 va-

507 5013 627 5077 riis
667 5012 979 5092 ememplis.
1000 5045 1085 5059 —
1103 5013 1250 5074 Dico
1297 5014 1480 5075 tertio
1529 5030 1546 5074 ε
1591 5014 1670 5075 ad
1720 5016 2073 5075 Romanum

445 5179 456 5191 ι
510 5107 869 5169 Pontificem
919 5114 1174 5187 spectat,
1237 5108 1628 5169 definitiones
1691 5114 1756 5169 et
1815 5107 1983 5186 leges
2034 5124 2075 5169 a

507 5200 778 5263 Concilio
810 5200 1086 5279 generali
1114 5201 1304 5263 factas
1331 5201 1720 5262 confirmare.
1755 5202 1859 5261 Est
1905 5206 2072 5261 certa

509 5294 588 5357 de
617 5292 763 5371 fide,
811 5312 954 5375 quae
996 5313 1073 5356 ex
1123 5296 1414 5357 omnibus
1465 5314 1651 5375 supra
1693 5294 1872 5355 dictis
1921 5295 2070 5355 satis

509 5386 766 5465 probata
797 5386 1072 5466 videtur3
1123 5388 1394 5450 breviter
1434 5394 1644 5449 tamen
1699 5386 2068 5448 ostenditur.

511 5481 742 5561 Primo,
771 5482 1106 5565 traditione
1159 5489 1224 5545 et
1269 5501 1386 5545 usu
1429 5481 1735 5557 Ecclesiae,
1783 5498 1928 5543 nam
1968 5481 2021 5542 N
2024 5480 2073 5541 i·-

1699 334 1939 389 msr‘n’r.
1970 336 2056 389 xl.
2090 334 2174 389 DE
2205 336 2527 389 concluls.

2156 454 2398 497 caenum
2445 435 2787 499 Concilium
2852 437 2875 497 1
2926 454 3042 517 per
3088 438 3411 518 epistolam
3452 443 3613 520 petiit
3654 466 3689 509 a
3815 520 3816 525 ἵ

2154 529 2464 609 Sylvestro
2491 574 2511 604 ,
2592 534 2765 607 gesta
2813 547 2928 591 sua
3000 536 3071 591 nt
3113 530 3505 595 confirmaret
3523 580 3541 610 ,
3594 557 3689 618 quo

2154 628 2371 686 nostra
2423 621 2758 702 (inquiunt)
2810 622 3021 707 reputa
3066 624 3228 699 fixos
3266 627 3467 705 possit
3508 630 3691 695 babere

2154 716 2407 796 prada-t,
2444 715 2632 795 idque
2675 714 2969 791 obtinuit,
3000 720 3071 777 ut
3094 721 3269 795 patet
3304 734 3383 779 ex
3422 723 3691 803 rescripto

2159 807 2461 889 Sylvestri
2486 809 2567 871 ad
2595 810 2973 887 Concilium3
3004 810 3170 871 idem
3204 810 3354 873 fecit
3400 812 3693 879 Chalcedo-

2160 904 2370 965 nensis
2391 904 2703 983 Synodus,
2750 904 2995 967 actione
3044 906 3107 981 3,
3136 910 3203 967 et
3238 905 3307 967 in
3353 905 3692 977 allocutione

2161 995 2240 1056 ad
2286 996 2664 1077 Mai-tionum
2713 997 3156 1076 Imperatorem
3201 1004 3384 1077 rogat
3427 1007 3498 1061 ut
3544 1012 3692 1067 curet

2164 1088 2488 1167 Synodum
2542 1088 2725 1155 Sedis
2772 1090 2954 1153 Petri
2996 1092 3363 1154 auctoritate
3398 1094 3691 1172 roborari;

2160 1198 2351 1259 quam
2398 1180 2932 1247 confirmationem
2958 1184 3081 1245 Leo
3121 1185 3290 1263 Papa
3312 1182 3562 1262 distulit,
3578 1208 3694 1268 pro-

2160 1280 2299 1353 pter
2322 1276 2605 1355 quiedam
2653 1275 2981 1355 privilegia
3034 1278 3693 1359 Constantinopolitanae

2156 1368 2443 1430 Ecclesioe
2492 1369 2763 1446 tribuum
2794 1370 3219 1435 intercedente
3264 1390 3417 1434 vero
3457 1374 3695 1439 Valenti·

2157 1461 2348 1522 niano
2384 1463 2783 1543 imperatore,
2838 1469 2903 1525 et
2960 1464 3271 1527 scribente
3314 1466 3395 1527 ad
3433 1468 3691 1544 Leonem,

2152 1554 2461 1633 judicium
2522 1556 2935 1618 Ecclesiarum
3015 1558 3288 1621 Orientis
3362 1576 3695 1640 suspensum

2158 1666 2289 1709 esse
2332 1647 2492 1709 circa
2552 1648 2799 1711 decreta
2868 1650 3129 1712 Concilii
3190 1650 3693 1733 Chalcedonensis,

2155 1759 2363 1821 neque
2411 1759 2447 1803 a
2500 1742 2661 1804 Sede
2710 1742 3064 1821 Apostolica
3118 1761 3255 1807 esse
3324 1744 3691 1824 confirmata,

2154 1834 2277 1895 Leo
2303 1834 2555 1896 tandem
2578 1835 2967 1898 confirmavit
2990 1838 3071 1900 ob
3096 1837 3432 1919 privilegia
3443 1838 3694 1903 Anatolio

2154 1947 2461 2005 concessa,
2487 1936 2559 1991 ut
2582 1936 2751 2011 patet
2788 1931 2857 1993 in
2894 1933 3071 2013 epist.
3102 1934 3204 2004 56,
3238 1936 3341 2005 57,
3368 1932 3447 1994 58
3472 1934 3691 2008 Leonis,

2158 2037 2237 2085 ex
2262 2022 2528 2099 Gelasio,
2558 2028 2730 2083 tomo
2758 2023 2835 2085 de
2856 2024 3297 2087 Anathematis
3320 2025 3582 2101 vinculo,
3604 2028 3696 2105 qui

2150 2134 2345 2193 agens
2371 2117 2449 2178 de
2491 2117 2607 2178 hac
2648 2118 2895 2197 Synodo
2943 2119 3192 2200 inquit:
3222 2121 3443 2183 Totum
3467 2120 3531 2183 iu
3557 2124 3694 2185 sedis

2152 2211 2495 2291 apostolica·
2544 2212 2733 2274 eitum
2778 2217 2870 2276 eet
2913 2218 3243 2295 potestate,
3306 2220 3367 2278 et
3424 2215 3515 2277 ita
3564 2219 3694 2295 quod

2145 2305 2421 2383 firmavit
2466 2306 2537 2367 in
2597 2304 2847 2385 Syn-odo
2905 2307 3067 2369 sedes
3119 2306 3495 2387 Apostoliea,
3536 2310 3693 2371 robur

2153 2398 2413 2459 obtinuit
2438 2421 2462 2468 ;
2488 2400 2647 2479 quod
2666 2398 2986 2477 refutavit,
3014 2400 3227 2463 habere
3253 2418 3375 2462 non
3392 2402 3583 2481 potuit
3598 2404 3691 2479 fir-

2154 2490 2447 2553 mitatem.
2474 2491 2779 2552 Praeterea
2800 2492 3019 2572 quinta
3044 2492 3257 2572 Synod
3268 2512 3341 2553 us
3366 2492 3695 2555 confirmata

2153 2582 2335 2644 fuita
2366 2583 2617 2664 vigilio,
2665 2590 2738 2646 ut
2776 2585 2991 2647 scribit
3044 2586 3413 2665 Nicephor.,
3463 2586 3565 2647 lib.
3608 2582 3689 2661 17,

2155 2694 2289 2755 cap.
2306 2678 2404 2743 ‚27
2432 2699 2451 2754 3
2484 2684 2650 2739 sexta
2676 2678 2962 2757 Synodus
2995 2697 3034 2738 a
3062 2680 3269 2741 Leone
3310 2680 3473 2759 Papa
3491 2696 3510 2756 3
3554 2680 3691 2741 con-

2155 2770 2369 2831 cilium
2418 2772 2887 2833 constantiense
2938 2790 2979 2832 a
3020 2772 3293 2833 Martino
3333 2774 3425 2850 V3
3465 2773 3689 2833 Triden-

2158 2865 2359 2925 tinum
2388 2882 2425 2925 a
2455 2865 2563 2926 Pio
2592 2866 2691 2927 IV.
2724 2866 2791 2927 Si
2831 2867 3065 2927 veroin
3088 2866 3407 2947 aliquibus
3448 2884 3567 2927 nou
3604 2884 3692 2927 ex-

2156 2963 2247 3019 tat
2268 2976 2549 3037 expressa
2574 2958 2985 3033 confirmatio,
3012 2978 3200 3021 causa
3228 2966 3323 3021 est
3346 2960 3490 3039 quia
3510 2960 3690 3020 omnia

2156 3051 2223 3112 in
2252 3052 2343 3112 eis
2388 3051 2555 3113 facta
2595 3059 2742 3113 sunt
2774 3072 2851 3114 ex
2892 3053 3066 3115 Sedis
3112 3054 3483 3133 Apostolicae
3523 3070 3685 3133 praes-

2156 3145 2353 3223 cripto
2370 3166 2389 3220 3
2444 3147 2608 3208 uude
2684 3146 3155 3209 confirmatione
3230 3148 3489 3209 minime
3562 3164 3688 3225 opus

2157 3238 2535 3317 habueruut,
2569 3246 2639 3301 ut
2661 3241 2869 3302 videre
2897 3247 2989 3301 est
3028 3242 3095 3303 in
3126 3241 3403 3303 secunda
3439 3246 3503 3303 et
3538 3242 3689 3301 tertia

2156 3338 2219 3395 et
2239 3332 2380 3394 aliis
2402 3334 2687 3414 Synodis.
2714 3335 2913 3413 Atque
2942 3335 3027 3396 ita
3052 3334 3531 3413 intelligendum
3552 3333 3689 3412 quod

2154 3426 2485 3506 Gregorius
2507 3428 2619 3503 ait,
2643 3427 2757 3490 lib.
2787 3431 2851 3504 6,
2902 3428 3143 3509 epistol.
3196 3430 3305 3503 31,
3350 3446 3426 3489 ex
3457 3426 3689 3489 Concilio
3760 3504 3767 3509 ι

2156 3519 2834 3600 Constantinopolitano
2883 3522 2957 3597 V,
3006 3521 3473 3583 damnationem
3518 3518 3689 3582 Mace-

2156 3612 2329 3673 douii
2358 3615 2551 3695 recipi
2578 3613 2658 3675 ab
2694 3614 2988 3690 Ecclesia,
3030 3615 3179 3695 quia
3226 3614 3525 3675 nimirum
3552 3612 3693 3672 facta

2152 3705 2357 3767 fuerat
2401 3725 2477 3767 ex
2537 3708 2893 3787 praescripto
2926 3708 3207 3783 Damasi3
3262 3724 3527 3769 canones
3568 3722 3690 3764 vero

2152 3817 2369 3861 omnes
2406 3817 2535 3861 non
2568 3802 2783 3880 recipi,
2813 3800 2961 3881 quia
2992 3819 3107 3862 nec
3145 3800 3403 3862 fuerant
3438 3816 3512 3860 ex
3548 3796 3690 3857 ordi-

2155 3894 2407 3953 natione
2476 3894 2822 3967 Pontificis,
2886 3912 3001 3955 nec
3053 3893 3132 3954 ab
3182 3893 3297 3955 illo
3342 3890 3681 3955 confirmati.

2156 3986 2333 4060 Quod
2368 3986 2539 4048 idem
2586 3987 2901 4066 colligitur
2940 4006 3017 4048 ex
3072 3986 3353 4049 Concilio
3392 3978 3689 4047 Chalcedo-

2154 4080 2357 4154 nensi,
2390 4082 2631 4142 actione
2654 4082 2717 4155 5,
2752 4086 2816 4141 et
2841 4079 3085 4146 Gelasio
3102 4080 3269 4159 Papa
3300 4096 3503 4159 supra,
3520 4076 3684 4155 Epist.

2155 4174 2193 4234 ὃ
2237 4172 2317 4233 ad
2362 4174 2691 4253 Episcopos
2713 4170 3092 4249 Dardaniae3
3140 4178 3204 4233 et
3237 4172 3317 4233 ad
3370 4170 3527 4232 idem
3564 4168 3691 4229 facit

2156 4265 2415 4345 epistola
2462 4265 2719 4327 Concilii
2766 4265 3059 4344 Ephesini
3101 4264 3181 4325 ad
3240 4262 3603 4334 Nestorium,
3636 4264 3687 4319 et

2154 4360 2497 4437 Agathonis
2538 4362 2713 4440 Papae
2762 4361 2839 4424 ad
2886 4366 3123 4421 sextam
3166 4360 3519 4440 Synodum3
3562 4354 3690 4415 facit

2152 4459 2215 4514 et
2238 4451 2637 4515 Innocentius
2682 4455 2733 4530 I,
2781 4452 3036 4533 Epistol.
3078 4454 3181 4527 25,
3224 4459 3289 4513 et
3324 4468 3473 4531 quas
3506 4446 3686 4511 citavi-

2152 4565 2289 4607 mus
2334 4566 2413 4608 ex
2462 4548 2683 4609 Leone.
2733 4548 2891 4610 Vide
2940 4548 3223 4621 Hosium,
3276 4546 3387 4607 lib.
3430 4547 3469 4605 2
3501 4547 3687 4603 contra

2152 4640 2499 4715 Brentium,
2534 4641 2697 4701 circa
2750 4640 2963 4702 finem.
3006 4638 3373 4701 Coufirmari
3424 4638 3534 4699 hoc
3572 4652 3686 4695 am-

2154 4734 2317 4812 plius
2371 4740 2571 4813 potest
2616 4752 2692 4795 ex
2750 4734 3023 4795 historiis
3072 4734 3268 4806 Pauli,
3312 4732 3419 4813 qui
3464 4732 3685 4791 Petrum

2150 4826 2329 4903 adiit,
2356 4832 2427 4887 ut
2444 4846 2585 4889 eum
2612 4844 2687 4888 eo
2714 4826 3023 4889 conferret
3040 4826 3448 4905 Evangelium
3460 4824 3683 4903 ejusque

2157 4920 2523 4982 auctoritate
2582 4920 2746 5000 apud
2808 4920 3143 4982 Ecclesiam
3196 4919 3643 4982 confirmaretur
3666 4955 3682 4984 ,

2154 5013 2319 5093 quod
2366 5018 2665 5074 notarunt
2718 5013 3171 5091 Tertullianus,
3225 5013 3371 5074 libr.
3416 5014 3454 5073 4
3500 5011 3685 5070 contra

2155 5106 2554 5181 Marcionem,
2580 5114 2645 5167 et
2673 5106 3064 5187 Hieronym„
3105 5107 3297 5186 Epist.
3328 5106 3405 5169 ad
3431 5098 3687 5181 Augusti-

2152 5218 2345 5275 num,
2390 5198 2653 5261 habetur
2688 5199 3019 5261 undecima
3066 5200 3229 5263 inter
3266 5201 3453 5281 Epist.
3492 5198 3631 5271 Aug.
3660 5205 3678 5267 ;

2149 5291 2553 5372 Augustinus,
2578 5292 2623 5353 l.
2644 5294 2747 5367 28,
2764 5301 2981 5354 contra
3002 5294 3239 5369 Faust.,
3262 5312 3318 5355 c.
3334 5294 3399 5363 4,
3421 5296 3482 5353 et
3508 5285 3681 5349 simile

2152 5391 2245 5447 est
2278 5386 2443 5465 quod
2476 5386 2669 5447 Marci
2696 5386 3103 5465 Evangelium
3134 5387 3305 5466 prius
3339 5388 3537 5449 Petrus
3560 5396 3681 5459 pro·

2152 5478 2346 5555 bavit,
2367 5497 2559 5559 quam
2586 5478 2869 5543 Ecclesiae
2895 5480 3265 5556 traderetur,
3288 5485 3359 5541 ut
3380 5477 3555 5541 refert
3576 5474 3675 5535 Eu·
