<?xml version="1.0" encoding="UTF-8"?>
<!DOCTYPE html PUBLIC "-//W3C//DTD XHTML 1.0 Transitional//EN"
    "http://www.w3.org/TR/xhtml1/DTD/xhtml1-transitional.dtd">
<html xmlns="http://www.w3.org/1999/xhtml" xml:lang="en" lang="en">
 <head>
  <title>
</title>
<meta http-equiv="Content-Type" content="text/html;charset=utf-8" />
  <meta name='ocr-system' content='tesseract 3.04.00' />
  <meta name='ocr-capabilities' content='ocr_page ocr_carea ocr_par ocr_line ocrx_word'/>
</head>
<body>
  <div class='ocr_page' id='page_1' title='image "./rpfranciscisuar00duvagoog_0742.png"; bbox 0 0 3900 6217; ppageno 0'>
   <div class='ocr_carea' id='block_1_1' title="bbox 547 381 2558 442">
    <p class='ocr_par' dir='ltr' id='par_1_1' title="bbox 547 381 2558 442">
     <span class='ocr_line' id='line_1_1' title="bbox 547 381 2558 442; baseline -0.002 0"><span class='ocrx_word' id='word_1_1' title='bbox 547 381 667 442; x_wconf 61' lang='lat'>&#39;124</span> <span class='ocrx_word' id='word_1_2' title='bbox 1735 384 1974 438; x_wconf 82' lang='lat' dir='ltr'>DISPUT.</span> <span class='ocrx_word' id='word_1_3' title='bbox 2010 385 2070 438; x_wconf 84' lang='lat' dir='ltr'>X.</span> <span class='ocrx_word' id='word_1_4' title='bbox 2108 385 2188 436; x_wconf 85' lang='lat' dir='ltr'>DE</span> <span class='ocrx_word' id='word_1_5' title='bbox 2220 383 2558 439; x_wconf 72' lang='lat' dir='ltr'>SGANDALO.</span> 
     </span>
    </p>
   </div>
   <div class='ocr_carea' id='block_1_2' title="bbox 549 482 2129 5600">
    <p class='ocr_par' dir='ltr' id='par_1_2' title="bbox 551 482 2109 752">
     <span class='ocr_line' id='line_1_2' title="bbox 553 482 2109 566; baseline 0 -20"><span class='ocrx_word' id='word_1_6' title='bbox 553 483 797 566; x_wconf 87' lang='lat' dir='ltr'><strong>proprie</strong></span> <span class='ocrx_word' id='word_1_7' title='bbox 849 482 1065 544; x_wconf 87' lang='lat' dir='ltr'>dantes</span> <span class='ocrx_word' id='word_1_8' title='bbox 1123 483 1414 562; x_wconf 90' lang='lat' dir='ltr'>speciem,</span> <span class='ocrx_word' id='word_1_9' title='bbox 1469 483 1591 545; x_wconf 89' lang='lat' dir='ltr'>nisi</span> <span class='ocrx_word' id='word_1_10' title='bbox 1632 483 2109 546; x_wconf 83' lang='lat' dir='ltr'>accidentariam</span> 
     </span>
     <span class='ocr_line' id='line_1_3' title="bbox 551 577 2106 660; baseline -0.003 -18"><span class='ocrx_word' id='word_1_11' title='bbox 551 580 814 660; x_wconf 89' lang='lat' dir='ltr'>speciem</span> <span class='ocrx_word' id='word_1_12' title='bbox 846 577 1150 651; x_wconf 90' lang='lat' dir='ltr'>addend0,</span> <span class='ocrx_word' id='word_1_13' title='bbox 1179 584 1250 638; x_wconf 91' lang='lat' dir='ltr'>ut</span> <span class='ocrx_word' id='word_1_14' title='bbox 1276 584 1445 658; x_wconf 90' lang='lat' dir='ltr'>patet</span> <span class='ocrx_word' id='word_1_15' title='bbox 1469 599 1536 641; x_wconf 83' lang='lat' dir='ltr'>ex</span> <span class='ocrx_word' id='word_1_16' title='bbox 1568 578 1772 658; x_wconf 87' lang='lat' dir='ltr'>prima</span> <span class='ocrx_word' id='word_1_17' title='bbox 1797 579 2106 653; x_wconf 85' lang='lat' dir='ltr'>secundae,</span> 
     </span>
     <span class='ocr_line' id='line_1_4' title="bbox 554 669 1262 752; baseline 0.001 -21"><span class='ocrx_word' id='word_1_18' title='bbox 554 678 763 752; x_wconf 82' lang='lat' dir='ltr'>quoest.</span> <span class='ocrx_word' id='word_1_19' title='bbox 797 671 894 746; x_wconf 70' lang='lat'>48,</span> <span class='ocrx_word' id='word_1_20' title='bbox 921 669 1177 730; x_wconf 84' lang='lat' dir='ltr'>articulo</span> <span class='ocrx_word' id='word_1_21' title='bbox 1206 672 1262 732; x_wconf 88' lang='lat'>3.</span> 
     </span>
    </p>

    <p class='ocr_par' dir='ltr' id='par_1_3' title="bbox 549 763 2115 2244">
     <span class='ocr_line' id='line_1_5' title="bbox 631 763 2110 842; baseline -0.001 -17"><span class='ocrx_word' id='word_1_22' title='bbox 631 768 692 825; x_wconf 81' lang='lat'>6.</span> <span class='ocrx_word' id='word_1_23' title='bbox 740 765 1047 827; x_wconf 77' lang='lat' dir='ltr'><em>Probatur</em></span> <span class='ocrx_word' id='word_1_24' title='bbox 1063 763 1205 842; x_wconf 81' lang='lat' dir='ltr'>jam</span> <span class='ocrx_word' id='word_1_25' title='bbox 1248 763 1566 827; x_wconf 74' lang='lat' dir='ltr'><strong><em>conclusio.</em></strong></span> <span class='ocrx_word' id='word_1_26' title='bbox 1589 797 1670 810; x_wconf 94' lang='lat'>—</span> <span class='ocrx_word' id='word_1_27' title='bbox 1696 765 1997 827; x_wconf 84' lang='lat' dir='ltr'>Probatur</span> <span class='ocrx_word' id='word_1_28' title='bbox 2016 783 2110 824; x_wconf 91' lang='lat' dir='ltr'>er-</span> 
     </span>
     <span class='ocr_line' id='line_1_6' title="bbox 554 859 2111 939; baseline -0.001 -17"><span class='ocrx_word' id='word_1_29' title='bbox 554 879 632 938; x_wconf 83' lang='lat' dir='ltr'>go</span> <span class='ocrx_word' id='word_1_30' title='bbox 671 859 979 920; x_wconf 79' lang='lat' dir='ltr'>conclusio</span> <span class='ocrx_word' id='word_1_31' title='bbox 1021 859 1326 938; x_wconf 89' lang='lat' dir='ltr'>primum,</span> <span class='ocrx_word' id='word_1_32' title='bbox 1377 859 1524 938; x_wconf 87' lang='lat' dir='ltr'>quia</span> <span class='ocrx_word' id='word_1_33' title='bbox 1563 859 1878 939; x_wconf 80' lang='lat' dir='ltr'>Scriptura</span> <span class='ocrx_word' id='word_1_34' title='bbox 1907 867 1969 921; x_wconf 90' lang='lat' dir='ltr'>et</span> <span class='ocrx_word' id='word_1_35' title='bbox 2000 861 2111 920; x_wconf 87' lang='lat' dir='ltr'>Pa-</span> 
     </span>
     <span class='ocr_line' id='line_1_7' title="bbox 552 951 2110 1032; baseline 0 -20"><span class='ocrx_word' id='word_1_36' title='bbox 552 961 676 1014; x_wconf 85' lang='lat' dir='ltr'>tres</span> <span class='ocrx_word' id='word_1_37' title='bbox 728 970 853 1012; x_wconf 89' lang='lat' dir='ltr'>non</span> <span class='ocrx_word' id='word_1_38' title='bbox 902 951 1108 1011; x_wconf 90' lang='lat' dir='ltr'>minus</span> <span class='ocrx_word' id='word_1_39' title='bbox 1151 951 1613 1030; x_wconf 86' lang='lat' dir='ltr'>reprehendunt</span> <span class='ocrx_word' id='word_1_40' title='bbox 1653 954 1740 1013; x_wconf 89' lang='lat' dir='ltr'>sic</span> <span class='ocrx_word' id='word_1_41' title='bbox 1785 960 2110 1032; x_wconf 84' lang='lat' dir='ltr'>operantes</span> 
     </span>
     <span class='ocr_line' id='line_1_8' title="bbox 551 1045 2111 1126; baseline -0.001 -18"><span class='ocrx_word' id='word_1_42' title='bbox 551 1055 848 1126; x_wconf 87' lang='lat' dir='ltr'>tanquam</span> <span class='ocrx_word' id='word_1_43' title='bbox 891 1045 1276 1105; x_wconf 87' lang='lat' dir='ltr'>scandalosos</span> <span class='ocrx_word' id='word_1_44' title='bbox 1293 1090 1312 1120; x_wconf 93' lang='lat'>,</span> <span class='ocrx_word' id='word_1_45' title='bbox 1345 1063 1532 1124; x_wconf 88' lang='lat' dir='ltr'>quam</span> <span class='ocrx_word' id='word_1_46' title='bbox 1567 1046 1977 1120; x_wconf 80' lang='lat' dir='ltr'>consulenteS,</span> <span class='ocrx_word' id='word_1_47' title='bbox 2010 1045 2111 1107; x_wconf 88' lang='lat' dir='ltr'>vel</span> 
     </span>
     <span class='ocr_line' id='line_1_9' title="bbox 551 1138 2113 1218; baseline 0 -17"><span class='ocrx_word' id='word_1_48' title='bbox 551 1141 916 1201; x_wconf 73' lang='lat' dir='ltr'><strong>inducentes</strong></span> <span class='ocrx_word' id='word_1_49' title='bbox 946 1138 1193 1200; x_wconf 84' lang='lat' dir='ltr'>directe.</span> <span class='ocrx_word' id='word_1_50' title='bbox 1232 1139 1528 1213; x_wconf 87' lang='lat' dir='ltr'>Secundo,</span> <span class='ocrx_word' id='word_1_51' title='bbox 1561 1142 1628 1200; x_wconf 91' lang='lat' dir='ltr'>in</span> <span class='ocrx_word' id='word_1_52' title='bbox 1663 1139 1780 1201; x_wconf 88' lang='lat' dir='ltr'>hoc</span> <span class='ocrx_word' id='word_1_53' title='bbox 1806 1158 1989 1218; x_wconf 88' lang='lat' dir='ltr'>opere</span> <span class='ocrx_word' id='word_1_54' title='bbox 2017 1158 2113 1201; x_wconf 88' lang='lat' dir='ltr'>re-</span> 
     </span>
     <span class='ocr_line' id='line_1_10' title="bbox 551 1231 2113 1314; baseline -0.001 -20"><span class='ocrx_word' id='word_1_55' title='bbox 551 1235 788 1314; x_wconf 79' lang='lat' dir='ltr'>peritur</span> <span class='ocrx_word' id='word_1_56' title='bbox 817 1232 1236 1292; x_wconf 86' lang='lat' dir='ltr'>voluntarium</span> <span class='ocrx_word' id='word_1_57' title='bbox 1269 1231 1660 1307; x_wconf 88' lang='lat' dir='ltr'>indirectum;</span> <span class='ocrx_word' id='word_1_58' title='bbox 1693 1233 1798 1294; x_wconf 90' lang='lat' dir='ltr'>sed</span> <span class='ocrx_word' id='word_1_59' title='bbox 1827 1233 1944 1294; x_wconf 90' lang='lat' dir='ltr'>hoc</span> <span class='ocrx_word' id='word_1_60' title='bbox 1968 1232 2113 1294; x_wconf 82' lang='lat' dir='ltr'>satis</span> 
     </span>
     <span class='ocr_line' id='line_1_11' title="bbox 553 1327 2113 1402; baseline -0.002 -13"><span class='ocrx_word' id='word_1_61' title='bbox 553 1335 645 1389; x_wconf 89' lang='lat' dir='ltr'>est</span> <span class='ocrx_word' id='word_1_62' title='bbox 693 1327 771 1388; x_wconf 88' lang='lat' dir='ltr'>ad</span> <span class='ocrx_word' id='word_1_63' title='bbox 836 1327 1317 1388; x_wconf 84' lang='lat' dir='ltr'>contrahendam</span> <span class='ocrx_word' id='word_1_64' title='bbox 1367 1327 1595 1388; x_wconf 87' lang='lat' dir='ltr'>dictam</span> <span class='ocrx_word' id='word_1_65' title='bbox 1645 1329 1987 1402; x_wconf 87' lang='lat' dir='ltr'>malitiam,</span> <span class='ocrx_word' id='word_1_66' title='bbox 2041 1339 2113 1386; x_wconf 89' lang='lat' dir='ltr'>ut</span> 
     </span>
     <span class='ocr_line' id='line_1_12' title="bbox 553 1420 2111 1492; baseline 0 -12"><span class='ocrx_word' id='word_1_67' title='bbox 553 1421 781 1482; x_wconf 88' lang='lat' dir='ltr'>dictum</span> <span class='ocrx_word' id='word_1_68' title='bbox 827 1427 936 1482; x_wconf 89' lang='lat' dir='ltr'>est.</span> <span class='ocrx_word' id='word_1_69' title='bbox 967 1421 1171 1484; x_wconf 86' lang='lat' dir='ltr'>Tertio</span> <span class='ocrx_word' id='word_1_70' title='bbox 1199 1421 1275 1480; x_wconf 90' lang='lat' dir='ltr'>ad</span> <span class='ocrx_word' id='word_1_71' title='bbox 1307 1420 1646 1492; x_wconf 89' lang='lat' dir='ltr'>hominem,</span> <span class='ocrx_word' id='word_1_72' title='bbox 1683 1441 1828 1482; x_wconf 91' lang='lat' dir='ltr'>nam</span> <span class='ocrx_word' id='word_1_73' title='bbox 1861 1422 1911 1481; x_wconf 89' lang='lat' dir='ltr'>si</span> <span class='ocrx_word' id='word_1_74' title='bbox 1950 1421 2111 1481; x_wconf 89' lang='lat' dir='ltr'>actio</span> 
     </span>
     <span class='ocr_line' id='line_1_13' title="bbox 551 1513 2113 1592; baseline 0 -18"><span class='ocrx_word' id='word_1_75' title='bbox 551 1533 678 1574; x_wconf 92' lang='lat' dir='ltr'>non</span> <span class='ocrx_word' id='word_1_76' title='bbox 733 1533 835 1587; x_wconf 88' lang='lat' dir='ltr'>re,</span> <span class='ocrx_word' id='word_1_77' title='bbox 883 1513 986 1573; x_wconf 89' lang='lat' dir='ltr'>sed</span> <span class='ocrx_word' id='word_1_78' title='bbox 1039 1513 1241 1592; x_wconf 84' lang='lat' dir='ltr'>specie</span> <span class='ocrx_word' id='word_1_79' title='bbox 1293 1519 1538 1574; x_wconf 86' lang='lat' dir='ltr'>tantum</span> <span class='ocrx_word' id='word_1_80' title='bbox 1591 1516 1755 1575; x_wconf 89' lang='lat' dir='ltr'>mala</span> <span class='ocrx_word' id='word_1_81' title='bbox 1804 1513 2113 1575; x_wconf 84' lang='lat' dir='ltr'>contrahit</span> 
     </span>
     <span class='ocr_line' id='line_1_14' title="bbox 552 1605 2113 1686; baseline 0.001 -20"><span class='ocrx_word' id='word_1_82' title='bbox 552 1607 853 1667; x_wconf 88' lang='lat' dir='ltr'>malitiam</span> <span class='ocrx_word' id='word_1_83' title='bbox 897 1605 1171 1666; x_wconf 82' lang='lat' dir='ltr'><strong>scandali</strong></span> <span class='ocrx_word' id='word_1_84' title='bbox 1210 1625 1322 1686; x_wconf 88' lang='lat' dir='ltr'>per</span> <span class='ocrx_word' id='word_1_85' title='bbox 1354 1607 1470 1669; x_wconf 90' lang='lat' dir='ltr'>hoc</span> <span class='ocrx_word' id='word_1_86' title='bbox 1499 1609 1918 1670; x_wconf 85' lang='lat' dir='ltr'>voluntarium</span> <span class='ocrx_word' id='word_1_87' title='bbox 1951 1608 2113 1668; x_wconf 91' lang='lat' dir='ltr'>indi-</span> 
     </span>
     <span class='ocr_line' id='line_1_15' title="bbox 549 1698 2107 1778; baseline 0.001 -18"><span class='ocrx_word' id='word_1_88' title='bbox 549 1707 812 1774; x_wconf 89' lang='lat' dir='ltr'>rectum,</span> <span class='ocrx_word' id='word_1_89' title='bbox 849 1717 996 1778; x_wconf 86' lang='lat' dir='ltr'>ergo</span> <span class='ocrx_word' id='word_1_90' title='bbox 1021 1698 1219 1759; x_wconf 89' lang='lat' dir='ltr'>multo</span> <span class='ocrx_word' id='word_1_91' title='bbox 1247 1700 1448 1777; x_wconf 86' lang='lat' dir='ltr'>magis</span> <span class='ocrx_word' id='word_1_92' title='bbox 1475 1701 1635 1761; x_wconf 90' lang='lat' dir='ltr'>actio</span> <span class='ocrx_word' id='word_1_93' title='bbox 1664 1719 1876 1762; x_wconf 85' lang='lat' dir='ltr'>revera</span> <span class='ocrx_word' id='word_1_94' title='bbox 1923 1703 2107 1764; x_wconf 88' lang='lat' dir='ltr'>mala.</span> 
     </span>
     <span class='ocr_line' id='line_1_16' title="bbox 554 1793 2113 1874; baseline 0.002 -21"><span class='ocrx_word' id='word_1_95' title='bbox 554 1795 726 1853; x_wconf 82' lang='lat' dir='ltr'>Patet</span> <span class='ocrx_word' id='word_1_96' title='bbox 765 1793 1200 1870; x_wconf 79' lang='lat' dir='ltr'>consequentia</span> <span class='ocrx_word' id='word_1_97' title='bbox 1222 1839 1236 1864; x_wconf 91' lang='lat'>‚</span> <span class='ocrx_word' id='word_1_98' title='bbox 1286 1797 1433 1872; x_wconf 85' lang='lat' dir='ltr'>quia</span> <span class='ocrx_word' id='word_1_99' title='bbox 1476 1801 1752 1873; x_wconf 88' lang='lat' dir='ltr'>respectu</span> <span class='ocrx_word' id='word_1_100' title='bbox 1795 1795 2113 1874; x_wconf 88' lang='lat' dir='ltr'>utriusque</span> 
     </span>
     <span class='ocr_line' id='line_1_17' title="bbox 553 1886 2113 1966; baseline 0.002 -21"><span class='ocrx_word' id='word_1_101' title='bbox 553 1887 818 1966; x_wconf 85' lang='lat' dir='ltr'>proximi</span> <span class='ocrx_word' id='word_1_102' title='bbox 861 1892 952 1946; x_wconf 86' lang='lat' dir='ltr'>est</span> <span class='ocrx_word' id='word_1_103' title='bbox 1006 1886 1472 1947; x_wconf 75' lang='lat' dir='ltr'>circumstantia</span> <span class='ocrx_word' id='word_1_104' title='bbox 1514 1887 1728 1947; x_wconf 89' lang='lat' dir='ltr'>eodem</span> <span class='ocrx_word' id='word_1_105' title='bbox 1775 1887 1960 1948; x_wconf 92' lang='lat' dir='ltr'>modo</span> <span class='ocrx_word' id='word_1_106' title='bbox 2008 1905 2113 1948; x_wconf 87' lang='lat' dir='ltr'>vo·-</span> 
     </span>
     <span class='ocr_line' id='line_1_18' title="bbox 553 1981 2115 2060; baseline 0.002 -21"><span class='ocrx_word' id='word_1_107' title='bbox 553 1981 848 2056; x_wconf 88' lang='lat' dir='ltr'>luutaria,</span> <span class='ocrx_word' id='word_1_108' title='bbox 886 1987 948 2041; x_wconf 91' lang='lat' dir='ltr'>et</span> <span class='ocrx_word' id='word_1_109' title='bbox 980 1981 1142 2058; x_wconf 90' lang='lat' dir='ltr'>quod</span> <span class='ocrx_word' id='word_1_110' title='bbox 1193 1981 1258 2040; x_wconf 88' lang='lat' dir='ltr'>in</span> <span class='ocrx_word' id='word_1_111' title='bbox 1297 1981 1536 2042; x_wconf 86' lang='lat' dir='ltr'>actione</span> <span class='ocrx_word' id='word_1_112' title='bbox 1581 1989 1963 2060; x_wconf 83' lang='lat' dir='ltr'>supponatur</span> <span class='ocrx_word' id='word_1_113' title='bbox 1992 1983 2115 2042; x_wconf 88' lang='lat' dir='ltr'>alia</span> 
     </span>
     <span class='ocr_line' id='line_1_19' title="bbox 552 2072 2110 2154; baseline 0.003 -22"><span class='ocrx_word' id='word_1_114' title='bbox 552 2072 813 2146; x_wconf 87' lang='lat' dir='ltr'>malitia,</span> <span class='ocrx_word' id='word_1_115' title='bbox 858 2079 950 2134; x_wconf 87' lang='lat' dir='ltr'>est</span> <span class='ocrx_word' id='word_1_116' title='bbox 977 2073 1402 2151; x_wconf 77' lang='lat' dir='ltr'>impertinenS,</span> <span class='ocrx_word' id='word_1_117' title='bbox 1434 2073 1581 2152; x_wconf 88' lang='lat' dir='ltr'>quia</span> <span class='ocrx_word' id='word_1_118' title='bbox 1624 2092 1750 2133; x_wconf 90' lang='lat' dir='ltr'>non</span> <span class='ocrx_word' id='word_1_119' title='bbox 1786 2080 2110 2154; x_wconf 86' lang='lat' dir='ltr'>propterea</span> 
     </span>
     <span class='ocr_line' id='line_1_20' title="bbox 553 2164 1646 2244; baseline 0.001 -19"><span class='ocrx_word' id='word_1_120' title='bbox 553 2170 727 2226; x_wconf 88' lang='lat' dir='ltr'>actus</span> <span class='ocrx_word' id='word_1_121' title='bbox 759 2164 832 2224; x_wconf 86' lang='lat' dir='ltr'>fit</span> <span class='ocrx_word' id='word_1_122' title='bbox 869 2167 1130 2244; x_wconf 79' lang='lat' dir='ltr'>incapax</span> <span class='ocrx_word' id='word_1_123' title='bbox 1167 2183 1342 2225; x_wconf 81' lang='lat' dir='ltr'>novae</span> <span class='ocrx_word' id='word_1_124' title='bbox 1371 2166 1646 2226; x_wconf 70' lang='lat' dir='ltr'>malitiae.</span> 
     </span>
    </p>

    <p class='ocr_par' dir='ltr' id='par_1_4' title="bbox 551 2259 2125 4482">
     <span class='ocr_line' id='line_1_21' title="bbox 628 2259 2110 2341; baseline 0.002 -21"><span class='ocrx_word' id='word_1_125' title='bbox 628 2261 694 2319; x_wconf 80' lang='lat'>-7.</span> <span class='ocrx_word' id='word_1_126' title='bbox 748 2259 982 2320; x_wconf 76' lang='lat' dir='ltr'>ansio</span> <span class='ocrx_word' id='word_1_127' title='bbox 1041 2259 1546 2321; x_wconf 78' lang='lat' dir='ltr'>adversariorum.</span> <span class='ocrx_word' id='word_1_128' title='bbox 1593 2291 1674 2305; x_wconf 89' lang='lat'>—</span> <span class='ocrx_word' id='word_1_129' title='bbox 1718 2259 2110 2341; x_wconf 78' lang='lat' dir='ltr'>Improbaz&#39;ur</span> 
     </span>
     <span class='ocr_line' id='line_1_22' title="bbox 553 2351 2108 2434; baseline -0.001 -21"><span class='ocrx_word' id='word_1_130' title='bbox 553 2353 776 2434; x_wconf 80' lang='lat' dir='ltr'>primo.</span> <span class='ocrx_word' id='word_1_131' title='bbox 801 2385 881 2397; x_wconf 94' lang='lat'><strong>—</strong></span> <span class='ocrx_word' id='word_1_132' title='bbox 905 2351 1299 2432; x_wconf 80' lang='lat' dir='ltr'>Improbatur</span> <span class='ocrx_word' id='word_1_133' title='bbox 1325 2353 1595 2414; x_wconf 76' lang='lat' dir='ltr'>secundo.</span> <span class='ocrx_word' id='word_1_134' title='bbox 1625 2385 1706 2400; x_wconf 90' lang='lat'>--</span> <span class='ocrx_word' id='word_1_135' title='bbox 1724 2354 1898 2414; x_wconf 85' lang='lat' dir='ltr'>Dices</span> <span class='ocrx_word' id='word_1_136' title='bbox 1932 2353 2108 2413; x_wconf 89' lang='lat' dir='ltr'>mali-</span> 
     </span>
     <span class='ocr_line' id='line_1_23' title="bbox 551 2443 2113 2526; baseline 0.002 -22"><span class='ocrx_word' id='word_1_137' title='bbox 551 2446 714 2504; x_wconf 83' lang='lat' dir='ltr'>tiam</span> <span class='ocrx_word' id='word_1_138' title='bbox 743 2445 916 2503; x_wconf 88' lang='lat' dir='ltr'>illam.</span> <span class='ocrx_word' id='word_1_139' title='bbox 957 2461 1144 2522; x_wconf 86' lang='lat' dir='ltr'>quam</span> <span class='ocrx_word' id='word_1_140' title='bbox 1181 2443 1486 2503; x_wconf 87' lang='lat' dir='ltr'>contrahit</span> <span class='ocrx_word' id='word_1_141' title='bbox 1531 2452 1699 2505; x_wconf 87' lang='lat' dir='ltr'>actus</span> <span class='ocrx_word' id='word_1_142' title='bbox 1743 2447 1939 2526; x_wconf 86' lang='lat' dir='ltr'>specie</span> <span class='ocrx_word' id='word_1_143' title='bbox 1982 2463 2113 2506; x_wconf 85' lang='lat' dir='ltr'>ma-</span> 
     </span>
     <span class='ocr_line' id='line_1_24' title="bbox 553 2535 2111 2616; baseline 0.001 -21"><span class='ocrx_word' id='word_1_144' title='bbox 553 2535 649 2597; x_wconf 90' lang='lat' dir='ltr'>lus</span> <span class='ocrx_word' id='word_1_145' title='bbox 684 2554 758 2597; x_wconf 88' lang='lat' dir='ltr'>ex</span> <span class='ocrx_word' id='word_1_146' title='bbox 781 2537 963 2596; x_wconf 88' lang='lat' dir='ltr'>ruina</span> <span class='ocrx_word' id='word_1_147' title='bbox 1002 2536 1279 2611; x_wconf 86' lang='lat' dir='ltr'>alterius,</span> <span class='ocrx_word' id='word_1_148' title='bbox 1307 2554 1429 2595; x_wconf 86' lang='lat' dir='ltr'>non</span> <span class='ocrx_word' id='word_1_149' title='bbox 1455 2554 1583 2597; x_wconf 87' lang='lat' dir='ltr'>esse</span> <span class='ocrx_word' id='word_1_150' title='bbox 1612 2539 2111 2616; x_wconf 88' lang='lat' dir='ltr'>specialissimam</span> 
     </span>
     <span class='ocr_line' id='line_1_25' title="bbox 553 2629 2112 2692; baseline 0.001 -2"><span class='ocrx_word' id='word_1_151' title='bbox 553 2631 726 2690; x_wconf 88' lang='lat' dir='ltr'>illam</span> <span class='ocrx_word' id='word_1_152' title='bbox 773 2630 1072 2690; x_wconf 87' lang='lat' dir='ltr'>malitiam</span> <span class='ocrx_word' id='word_1_153' title='bbox 1115 2629 1389 2689; x_wconf 85' lang='lat' dir='ltr'>scandali</span> <span class='ocrx_word' id='word_1_154' title='bbox 1429 2631 1799 2691; x_wconf 88' lang='lat' dir='ltr'>contrariam</span> <span class='ocrx_word' id='word_1_155' title='bbox 1847 2631 2112 2692; x_wconf 85' lang='lat' dir='ltr'>charita-</span> 
     </span>
     <span class='ocr_line' id='line_1_26' title="bbox 553 2722 2111 2803; baseline 0 -20"><span class='ocrx_word' id='word_1_156' title='bbox 553 2725 625 2799; x_wconf 84' lang='lat' dir='ltr'>ti,</span> <span class='ocrx_word' id='word_1_157' title='bbox 658 2724 762 2784; x_wconf 84' lang='lat' dir='ltr'>sed</span> <span class='ocrx_word' id='word_1_158' title='bbox 798 2726 1104 2803; x_wconf 85' lang='lat' dir='ltr'>pertinere</span> <span class='ocrx_word' id='word_1_159' title='bbox 1147 2723 1222 2782; x_wconf 87' lang='lat' dir='ltr'>ad</span> <span class='ocrx_word' id='word_1_160' title='bbox 1269 2722 1434 2782; x_wconf 87' lang='lat' dir='ltr'>aliud</span> <span class='ocrx_word' id='word_1_161' title='bbox 1485 2741 1681 2800; x_wconf 88' lang='lat' dir='ltr'>genus</span> <span class='ocrx_word' id='word_1_162' title='bbox 1719 2724 1997 2800; x_wconf 84' lang='lat' dir='ltr'>malitiae,</span> <span class='ocrx_word' id='word_1_163' title='bbox 2033 2723 2111 2784; x_wconf 89' lang='lat' dir='ltr'>ad</span> 
     </span>
     <span class='ocr_line' id='line_1_27' title="bbox 554 2816 2111 2896; baseline 0 -20"><span class='ocrx_word' id='word_1_164' title='bbox 554 2817 721 2896; x_wconf 90' lang='lat' dir='ltr'>quod</span> <span class='ocrx_word' id='word_1_165' title='bbox 767 2818 1086 2896; x_wconf 85' lang='lat' dir='ltr'>proximus</span> <span class='ocrx_word' id='word_1_166' title='bbox 1125 2817 1462 2876; x_wconf 85' lang='lat' dir='ltr'>inducitur.</span> <span class='ocrx_word' id='word_1_167' title='bbox 1503 2816 1618 2877; x_wconf 88' lang='lat' dir='ltr'>Sed</span> <span class='ocrx_word' id='word_1_168' title='bbox 1655 2817 1960 2896; x_wconf 85' lang='lat' dir='ltr'>imprimis</span> <span class='ocrx_word' id='word_1_169' title='bbox 1994 2817 2111 2877; x_wconf 87' lang='lat' dir='ltr'>hoc</span> 
     </span>
     <span class='ocr_line' id='line_1_28' title="bbox 553 2909 2113 2988; baseline 0.001 -18"><span class='ocrx_word' id='word_1_170' title='bbox 553 2910 710 2970; x_wconf 86' lang='lat' dir='ltr'>nihil</span> <span class='ocrx_word' id='word_1_171' title='bbox 737 2909 926 2970; x_wconf 87' lang='lat' dir='ltr'>refert</span> <span class='ocrx_word' id='word_1_172' title='bbox 956 2909 1032 2969; x_wconf 87' lang='lat' dir='ltr'>ad</span> <span class='ocrx_word' id='word_1_173' title='bbox 1063 2909 1362 2968; x_wconf 86' lang='lat' dir='ltr'>utendum</span> <span class='ocrx_word' id='word_1_174' title='bbox 1388 2910 1495 2969; x_wconf 89' lang='lat' dir='ltr'>illa</span> <span class='ocrx_word' id='word_1_175' title='bbox 1525 2911 1937 2985; x_wconf 86' lang='lat' dir='ltr'>distinctione,</span> <span class='ocrx_word' id='word_1_176' title='bbox 1965 2909 2113 2988; x_wconf 84' lang='lat' dir='ltr'>quia</span> 
     </span>
     <span class='ocr_line' id='line_1_29' title="bbox 554 3003 2107 3080; baseline 0 -18"><span class='ocrx_word' id='word_1_177' title='bbox 554 3005 711 3063; x_wconf 86' lang='lat' dir='ltr'>sicut</span> <span class='ocrx_word' id='word_1_178' title='bbox 739 3009 908 3062; x_wconf 85' lang='lat' dir='ltr'>actus</span> <span class='ocrx_word' id='word_1_179' title='bbox 935 3003 998 3060; x_wconf 91' lang='lat' dir='ltr'>in</span> <span class='ocrx_word' id='word_1_180' title='bbox 1030 3003 1389 3080; x_wconf 84' lang='lat' dir='ltr'>apparentia</span> <span class='ocrx_word' id='word_1_181' title='bbox 1428 3008 1670 3062; x_wconf 86' lang='lat' dir='ltr'>tantum</span> <span class='ocrx_word' id='word_1_182' title='bbox 1711 3003 1914 3062; x_wconf 87' lang='lat' dir='ltr'>malus</span> <span class='ocrx_word' id='word_1_183' title='bbox 1965 3021 2107 3063; x_wconf 90' lang='lat' dir='ltr'>con-</span> 
     </span>
     <span class='ocr_line' id='line_1_30' title="bbox 555 3095 2097 3174; baseline 0.001 -19"><span class='ocrx_word' id='word_1_184' title='bbox 555 3096 744 3155; x_wconf 84' lang='lat' dir='ltr'>trahit</span> <span class='ocrx_word' id='word_1_185' title='bbox 789 3111 863 3156; x_wconf 80' lang='lat' dir='ltr'>ex</span> <span class='ocrx_word' id='word_1_186' title='bbox 903 3095 1088 3156; x_wconf 87' lang='lat' dir='ltr'>ruina</span> <span class='ocrx_word' id='word_1_187' title='bbox 1130 3095 1420 3173; x_wconf 76' lang='lat' dir='ltr'>proximi,</span> <span class='ocrx_word' id='word_1_188' title='bbox 1455 3097 1628 3174; x_wconf 90' lang='lat' dir='ltr'>cujus</span> <span class='ocrx_word' id='word_1_189' title='bbox 1678 3100 1772 3156; x_wconf 88' lang='lat' dir='ltr'>est</span> <span class='ocrx_word' id='word_1_190' title='bbox 1809 3096 2097 3172; x_wconf 83' lang='lat' dir='ltr'>causa,i1·</span> 
     </span>
     <span class='ocr_line' id='line_1_31' title="bbox 553 3187 2111 3262; baseline 0.001 -14"><span class='ocrx_word' id='word_1_191' title='bbox 553 3189 682 3248; x_wconf 87' lang='lat' dir='ltr'>lam</span> <span class='ocrx_word' id='word_1_192' title='bbox 729 3187 1060 3262; x_wconf 82' lang='lat' dir='ltr'>malitiam,</span> <span class='ocrx_word' id='word_1_193' title='bbox 1093 3188 1181 3247; x_wconf 90' lang='lat' dir='ltr'>ita</span> <span class='ocrx_word' id='word_1_194' title='bbox 1207 3199 1381 3248; x_wconf 67' lang='lat' dir='ltr'>actus</span> <span class='ocrx_word' id='word_1_195' title='bbox 1419 3188 1494 3248; x_wconf 91' lang='lat' dir='ltr'>de</span> <span class='ocrx_word' id='word_1_196' title='bbox 1530 3207 1594 3250; x_wconf 89' lang='lat' dir='ltr'>se</span> <span class='ocrx_word' id='word_1_197' title='bbox 1635 3189 1834 3250; x_wconf 86' lang='lat' dir='ltr'>malus</span> <span class='ocrx_word' id='word_1_198' title='bbox 1861 3195 2111 3250; x_wconf 82' lang='lat' dir='ltr'>contra-</span> 
     </span>
     <span class='ocr_line' id='line_1_32' title="bbox 553 3280 2113 3358; baseline 0.001 -17"><span class='ocrx_word' id='word_1_199' title='bbox 553 3282 660 3341; x_wconf 83' lang='lat' dir='ltr'>het</span> <span class='ocrx_word' id='word_1_200' title='bbox 706 3288 1109 3358; x_wconf 85' lang='lat' dir='ltr'>augmentum</span> <span class='ocrx_word' id='word_1_201' title='bbox 1141 3280 1393 3341; x_wconf 82' lang='lat' dir='ltr'>mahtiae</span> <span class='ocrx_word' id='word_1_202' title='bbox 1435 3282 1687 3358; x_wconf 89' lang='lat' dir='ltr'>similis;</span> <span class='ocrx_word' id='word_1_203' title='bbox 1714 3299 1865 3342; x_wconf 87' lang='lat' dir='ltr'>nam</span> <span class='ocrx_word' id='word_1_204' title='bbox 1907 3283 1959 3343; x_wconf 88' lang='lat' dir='ltr'>si</span> <span class='ocrx_word' id='word_1_205' title='bbox 1998 3282 2113 3343; x_wconf 85' lang='lat' dir='ltr'>cir-</span> 
     </span>
     <span class='ocr_line' id='line_1_33' title="bbox 555 3373 2114 3452; baseline 0.001 -19"><span class='ocrx_word' id='word_1_206' title='bbox 555 3375 926 3434; x_wconf 83' lang='lat' dir='ltr'>cumstantia</span> <span class='ocrx_word' id='word_1_207' title='bbox 974 3373 1080 3434; x_wconf 82' lang='lat' dir='ltr'>illa</span> <span class='ocrx_word' id='word_1_208' title='bbox 1123 3380 1323 3452; x_wconf 89' lang='lat' dir='ltr'>potest</span> <span class='ocrx_word' id='word_1_209' title='bbox 1368 3380 1572 3434; x_wconf 87' lang='lat' dir='ltr'>actum</span> <span class='ocrx_word' id='word_1_210' title='bbox 1619 3375 1694 3435; x_wconf 91' lang='lat' dir='ltr'>de</span> <span class='ocrx_word' id='word_1_211' title='bbox 1738 3373 2114 3436; x_wconf 84' lang='lat' dir='ltr'>indifferenti</span> 
     </span>
     <span class='ocr_line' id='line_1_34' title="bbox 553 3453 2117 3546; baseline -0.001 -18"><span class='ocrx_word' id='word_1_212' title='bbox 553 3468 754 3528; x_wconf 86' lang='lat' dir='ltr'>facere</span> <span class='ocrx_word' id='word_1_213' title='bbox 785 3466 1043 3539; x_wconf 85' lang='lat' dir='ltr'>malum,</span> <span class='ocrx_word' id='word_1_214' title='bbox 1069 3485 1108 3526; x_wconf 88' lang='lat' dir='ltr'>a</span> <span class='ocrx_word' id='word_1_215' title='bbox 1134 3467 1371 3526; x_wconf 80' lang='lat' dir='ltr'>fortiori</span> <span class='ocrx_word' id='word_1_216' title='bbox 1394 3469 1619 3546; x_wconf 87' lang='lat' dir='ltr'>poterit</span> <span class='ocrx_word' id='word_1_217' title='bbox 1643 3453 1718 3528; x_wconf 77' lang='lat' dir='ltr'>de</span> <span class='ocrx_word' id='word_1_218' title='bbox 1743 3467 1959 3527; x_wconf 90' lang='lat' dir='ltr'>eodem</span> <span class='ocrx_word' id='word_1_219' title='bbox 1986 3485 2117 3528; x_wconf 88' lang='lat' dir='ltr'>ma-</span> 
     </span>
     <span class='ocr_line' id='line_1_35' title="bbox 555 3560 2112 3638; baseline 0.002 -19"><span class='ocrx_word' id='word_1_220' title='bbox 555 3560 616 3620; x_wconf 94' lang='lat' dir='ltr'>lo</span> <span class='ocrx_word' id='word_1_221' title='bbox 659 3561 858 3620; x_wconf 80' lang='lat' dir='ltr'>facere</span> <span class='ocrx_word' id='word_1_222' title='bbox 898 3560 1170 3638; x_wconf 75' lang='lat' dir='ltr'>pejorem</span> <span class='ocrx_word' id='word_1_223' title='bbox 1213 3561 1278 3619; x_wconf 93' lang='lat' dir='ltr'>in</span> <span class='ocrx_word' id='word_1_224' title='bbox 1319 3562 1534 3621; x_wconf 70' lang='lat' dir='ltr'>eodem</span> <span class='ocrx_word' id='word_1_225' title='bbox 1577 3579 1802 3638; x_wconf 84' lang='lat' dir='ltr'>genere</span> <span class='ocrx_word' id='word_1_226' title='bbox 1832 3561 2112 3622; x_wconf 79' lang='lat' dir='ltr'>malitiae.</span> 
     </span>
     <span class='ocr_line' id='line_1_36' title="bbox 554 3653 2109 3732; baseline 0 -18"><span class='ocrx_word' id='word_1_227' title='bbox 554 3653 786 3714; x_wconf 88' lang='lat' dir='ltr'>Deinde</span> <span class='ocrx_word' id='word_1_228' title='bbox 818 3653 970 3713; x_wconf 83' lang='lat' dir='ltr'>falso</span> <span class='ocrx_word' id='word_1_229' title='bbox 999 3659 1264 3729; x_wconf 82' lang='lat' dir='ltr'>negatur</span> <span class='ocrx_word' id='word_1_230' title='bbox 1303 3657 1370 3714; x_wconf 88' lang='lat' dir='ltr'>iu</span> <span class='ocrx_word' id='word_1_231' title='bbox 1413 3653 1528 3714; x_wconf 90' lang='lat' dir='ltr'>hoc</span> <span class='ocrx_word' id='word_1_232' title='bbox 1567 3671 1796 3732; x_wconf 83' lang='lat' dir='ltr'>genere</span> <span class='ocrx_word' id='word_1_233' title='bbox 1841 3654 2109 3714; x_wconf 88' lang='lat' dir='ltr'>istorum</span> 
     </span>
     <span class='ocr_line' id='line_1_37' title="bbox 555 3747 2111 3825; baseline 0.001 -20"><span class='ocrx_word' id='word_1_234' title='bbox 555 3753 800 3806; x_wconf 85' lang='lat' dir='ltr'>actuum</span> <span class='ocrx_word' id='word_1_235' title='bbox 857 3763 987 3806; x_wconf 86' lang='lat' dir='ltr'>esse</span> <span class='ocrx_word' id='word_1_236' title='bbox 1052 3747 1362 3825; x_wconf 87' lang='lat' dir='ltr'>propriam</span> <span class='ocrx_word' id='word_1_237' title='bbox 1405 3747 1750 3825; x_wconf 84' lang='lat' dir='ltr'>specificam</span> <span class='ocrx_word' id='word_1_238' title='bbox 1807 3747 2111 3808; x_wconf 86' lang='lat' dir='ltr'>malitiam</span> 
     </span>
     <span class='ocr_line' id='line_1_38' title="bbox 555 3840 2116 3921; baseline 0.001 -21"><span class='ocrx_word' id='word_1_239' title='bbox 555 3841 930 3901; x_wconf 89' lang='lat' dir='ltr'>contrariam</span> <span class='ocrx_word' id='word_1_240' title='bbox 957 3840 1284 3916; x_wconf 83' lang='lat' dir='ltr'>charitati3</span> <span class='ocrx_word' id='word_1_241' title='bbox 1329 3857 1476 3900; x_wconf 87' lang='lat' dir='ltr'>nam</span> <span class='ocrx_word' id='word_1_242' title='bbox 1521 3840 1648 3915; x_wconf 90' lang='lat' dir='ltr'>ille,</span> <span class='ocrx_word' id='word_1_243' title='bbox 1692 3841 1801 3918; x_wconf 90' lang='lat' dir='ltr'>qui</span> <span class='ocrx_word' id='word_1_244' title='bbox 1842 3842 1932 3901; x_wconf 88' lang='lat' dir='ltr'>sic</span> <span class='ocrx_word' id='word_1_245' title='bbox 1971 3859 2116 3921; x_wconf 90' lang='lat' dir='ltr'>ope-</span> 
     </span>
     <span class='ocr_line' id='line_1_39' title="bbox 556 3933 2115 4013; baseline 0.001 -19"><span class='ocrx_word' id='word_1_246' title='bbox 556 3941 731 3994; x_wconf 84' lang='lat' dir='ltr'>ratur</span> <span class='ocrx_word' id='word_1_247' title='bbox 756 3978 775 4009; x_wconf 92' lang='lat'>,</span> <span class='ocrx_word' id='word_1_248' title='bbox 823 3939 918 3994; x_wconf 87' lang='lat' dir='ltr'>est</span> <span class='ocrx_word' id='word_1_249' title='bbox 953 3951 1136 3994; x_wconf 88' lang='lat' dir='ltr'>causa</span> <span class='ocrx_word' id='word_1_250' title='bbox 1179 3933 1432 3993; x_wconf 89' lang='lat' dir='ltr'>moralis</span> <span class='ocrx_word' id='word_1_251' title='bbox 1470 3934 1668 3994; x_wconf 71' lang='lat' dir='ltr'>ruinae</span> <span class='ocrx_word' id='word_1_252' title='bbox 1709 3935 1999 4013; x_wconf 83' lang='lat' dir='ltr'>proximi.</span> <span class='ocrx_word' id='word_1_253' title='bbox 2040 3937 2115 3996; x_wconf 90' lang='lat' dir='ltr'>Et</span> 
     </span>
     <span class='ocr_line' id='line_1_40' title="bbox 556 4027 2119 4107; baseline 0.002 -21"><span class='ocrx_word' id='word_1_254' title='bbox 556 4028 664 4087; x_wconf 87' lang='lat' dir='ltr'>illa</span> <span class='ocrx_word' id='word_1_255' title='bbox 700 4035 791 4087; x_wconf 90' lang='lat' dir='ltr'>est</span> <span class='ocrx_word' id='word_1_256' title='bbox 813 4027 1273 4088; x_wconf 85' lang='lat' dir='ltr'>circumstantia</span> <span class='ocrx_word' id='word_1_257' title='bbox 1299 4027 1687 4105; x_wconf 82' lang='lat' dir='ltr'>voluntaria3</span> <span class='ocrx_word' id='word_1_258' title='bbox 1719 4045 1886 4107; x_wconf 86' lang='lat' dir='ltr'>ergo.</span> <span class='ocrx_word' id='word_1_259' title='bbox 1911 4029 2119 4106; x_wconf 86' lang='lat' dir='ltr'>Neque</span> 
     </span>
     <span class='ocr_line' id='line_1_41' title="bbox 559 4119 2125 4202; baseline 0.003 -22"><span class='ocrx_word' id='word_1_260' title='bbox 559 4120 824 4200; x_wconf 83' lang='lat' dir='ltr'>intelligi</span> <span class='ocrx_word' id='word_1_261' title='bbox 854 4126 1053 4200; x_wconf 82' lang='lat' dir='ltr'>potest</span> <span class='ocrx_word' id='word_1_262' title='bbox 1082 4119 1148 4180; x_wconf 90' lang='lat' dir='ltr'>id</span> <span class='ocrx_word' id='word_1_263' title='bbox 1184 4121 1346 4200; x_wconf 89' lang='lat' dir='ltr'>quod</span> <span class='ocrx_word' id='word_1_264' title='bbox 1393 4121 1720 4198; x_wconf 82' lang='lat' dir='ltr'>Cajetanus</span> <span class='ocrx_word' id='word_1_265' title='bbox 1747 4123 1858 4195; x_wconf 88' lang='lat' dir='ltr'>ait,</span> <span class='ocrx_word' id='word_1_266' title='bbox 1888 4121 2125 4202; x_wconf 77' lang='lat' dir='ltr'>aliquid</span> 
     </span>
     <span class='ocr_line' id='line_1_42' title="bbox 552 4215 2123 4294; baseline 0.003 -19"><span class='ocrx_word' id='word_1_267' title='bbox 552 4233 730 4294; x_wconf 75' lang='lat' dir='ltr'>posse</span> <span class='ocrx_word' id='word_1_268' title='bbox 762 4233 888 4278; x_wconf 76' lang='lat' dir='ltr'>esse</span> <span class='ocrx_word' id='word_1_269' title='bbox 929 4231 1173 4278; x_wconf 78' lang='lat' dir='ltr'>causam</span> <span class='ocrx_word' id='word_1_270' title='bbox 1216 4215 1512 4290; x_wconf 77' lang='lat' dir='ltr'>scandali,</span> <span class='ocrx_word' id='word_1_271' title='bbox 1541 4220 1597 4277; x_wconf 76' lang='lat' dir='ltr'>ot</span> <span class='ocrx_word' id='word_1_272' title='bbox 1637 4231 1756 4277; x_wconf 76' lang='lat' dir='ltr'>aon</span> <span class='ocrx_word' id='word_1_273' title='bbox 1799 4233 1924 4279; x_wconf 76' lang='lat' dir='ltr'>esse</span> <span class='ocrx_word' id='word_1_274' title='bbox 1948 4233 2123 4279; x_wconf 73' lang='lat' dir='ltr'>scaa-</span> 
     </span>
     <span class='ocr_line' id='line_1_43' title="bbox 560 4307 2122 4379; baseline 0 -8"><span class='ocrx_word' id='word_1_275' title='bbox 560 4310 829 4371; x_wconf 77' lang='lat' dir='ltr'>dalosum</span> <span class='ocrx_word' id='word_1_276' title='bbox 860 4332 888 4379; x_wconf 93' lang='lat'>,·</span> <span class='ocrx_word' id='word_1_277' title='bbox 917 4325 1062 4368; x_wconf 84' lang='lat' dir='ltr'>nam</span> <span class='ocrx_word' id='word_1_278' title='bbox 1093 4307 1228 4368; x_wconf 81' lang='lat' dir='ltr'>haec</span> <span class='ocrx_word' id='word_1_279' title='bbox 1261 4309 1385 4368; x_wconf 88' lang='lat' dir='ltr'>duo</span> <span class='ocrx_word' id='word_1_280' title='bbox 1420 4316 1864 4370; x_wconf 82' lang='lat' dir='ltr'>convertuntur</span> <span class='ocrx_word' id='word_1_281' title='bbox 1897 4310 1965 4370; x_wconf 91' lang='lat' dir='ltr'>in</span> <span class='ocrx_word' id='word_1_282' title='bbox 1995 4329 2122 4372; x_wconf 89' lang='lat' dir='ltr'>mo·</span> 
     </span>
     <span class='ocr_line' id='line_1_44' title="bbox 561 4401 1684 4482; baseline 0.003 -21"><span class='ocrx_word' id='word_1_283' title='bbox 561 4401 814 4475; x_wconf 75' lang='lat' dir='ltr'>ralibuS,</span> <span class='ocrx_word' id='word_1_284' title='bbox 843 4409 912 4462; x_wconf 87' lang='lat' dir='ltr'>ut</span> <span class='ocrx_word' id='word_1_285' title='bbox 939 4407 1108 4482; x_wconf 89' lang='lat' dir='ltr'>patet</span> <span class='ocrx_word' id='word_1_286' title='bbox 1144 4401 1211 4462; x_wconf 90' lang='lat' dir='ltr'>in</span> <span class='ocrx_word' id='word_1_287' title='bbox 1235 4405 1468 4462; x_wconf 83' lang='lat' dir='ltr'>caeteris</span> <span class='ocrx_word' id='word_1_288' title='bbox 1497 4402 1684 4464; x_wconf 81' lang='lat' dir='ltr'>vitiis.</span> 
     </span>
    </p>

    <p class='ocr_par' dir='ltr' id='par_1_5' title="bbox 566 4494 2129 5600">
     <span class='ocr_line' id='line_1_45' title="bbox 647 4494 2123 4578; baseline 0.001 -22"><span class='ocrx_word' id='word_1_289' title='bbox 647 4496 706 4556; x_wconf 86' lang='grc'><strong>8.</strong></span> <span class='ocrx_word' id='word_1_290' title='bbox 753 4494 1064 4575; x_wconf 70' lang='lat' dir='ltr'>Arquitur</span> <span class='ocrx_word' id='word_1_291' title='bbox 1093 4501 1304 4558; x_wconf 74' lang='lat' dir='ltr'>contra</span> <span class='ocrx_word' id='word_1_292' title='bbox 1344 4495 1780 4558; x_wconf 68' lang='lat' dir='ltr'>conclusionem</span> <span class='ocrx_word' id='word_1_293' title='bbox 1810 4496 2123 4578; x_wconf 60' lang='lat' dir='ltr'>primo.—</span> 
     </span>
     <span class='ocr_line' id='line_1_46' title="bbox 579 4587 2115 4668; baseline -0.001 -16"><span class='ocrx_word' id='word_1_294' title='bbox 579 4588 987 4666; x_wconf 67' lang='lat' dir='ltr'>Confirmatur</span> <span class='ocrx_word' id='word_1_295' title='bbox 1026 4591 1244 4667; x_wconf 74' lang='lat' dir='ltr'>primo.</span> <span class='ocrx_word' id='word_1_296' title='bbox 1284 4619 1365 4632; x_wconf 94' lang='lat'>—</span> <span class='ocrx_word' id='word_1_297' title='bbox 1401 4587 1806 4668; x_wconf 63' lang='lat' dir='ltr'>Consta-matur</span> <span class='ocrx_word' id='word_1_298' title='bbox 1841 4591 2115 4653; x_wconf 77' lang='lat' dir='ltr'>secundo.</span> 
     </span>
     <span class='ocr_line' id='line_1_47' title="bbox 568 4682 2121 4762; baseline 0.001 -19"><span class='ocrx_word' id='word_1_299' title='bbox 568 4713 648 4728; x_wconf 88' lang='lat'>--</span> <span class='ocrx_word' id='word_1_300' title='bbox 677 4682 794 4743; x_wconf 89' lang='lat' dir='ltr'>Sed</span> <span class='ocrx_word' id='word_1_301' title='bbox 855 4689 1068 4742; x_wconf 89' lang='lat' dir='ltr'>contra</span> <span class='ocrx_word' id='word_1_302' title='bbox 1109 4682 1572 4742; x_wconf 87' lang='lat' dir='ltr'>conclusionem</span> <span class='ocrx_word' id='word_1_303' title='bbox 1614 4700 1886 4762; x_wconf 91' lang='lat' dir='ltr'>oppones</span> <span class='ocrx_word' id='word_1_304' title='bbox 1910 4729 1929 4758; x_wconf 89' lang='lat'>‚</span> <span class='ocrx_word' id='word_1_305' title='bbox 1975 4703 2121 4744; x_wconf 88' lang='lat' dir='ltr'>nam</span> 
     </span>
     <span class='ocr_line' id='line_1_48' title="bbox 569 4775 2123 4854; baseline 0.001 -18"><span class='ocrx_word' id='word_1_306' title='bbox 569 4776 846 4854; x_wconf 86' lang='lat' dir='ltr'>sequitur</span> <span class='ocrx_word' id='word_1_307' title='bbox 871 4793 1040 4851; x_wconf 90' lang='lat' dir='ltr'>eum,</span> <span class='ocrx_word' id='word_1_308' title='bbox 1071 4776 1178 4853; x_wconf 86' lang='lat' dir='ltr'>qui</span> <span class='ocrx_word' id='word_1_309' title='bbox 1215 4775 1496 4853; x_wconf 87' lang='lat' dir='ltr'>exemplo</span> <span class='ocrx_word' id='word_1_310' title='bbox 1529 4794 1641 4834; x_wconf 89' lang='lat' dir='ltr'>suo</span> <span class='ocrx_word' id='word_1_311' title='bbox 1667 4776 1906 4836; x_wconf 81' lang='lat' dir='ltr'>inducit</span> <span class='ocrx_word' id='word_1_312' title='bbox 1929 4776 2123 4838; x_wconf 89' lang='lat' dir='ltr'>alium</span> 
     </span>
     <span class='ocr_line' id='line_1_49' title="bbox 568 4868 2125 4947; baseline 0 -17"><span class='ocrx_word' id='word_1_313' title='bbox 568 4869 647 4930; x_wconf 87' lang='lat' dir='ltr'>ad</span> <span class='ocrx_word' id='word_1_314' title='bbox 693 4868 1028 4928; x_wconf 83' lang='lat' dir='ltr'>furandum</span> <span class='ocrx_word' id='word_1_315' title='bbox 1053 4914 1068 4941; x_wconf 93' lang='lat'>,</span> <span class='ocrx_word' id='word_1_316' title='bbox 1120 4886 1369 4947; x_wconf 86' lang='lat' dir='ltr'>peccare</span> <span class='ocrx_word' id='word_1_317' title='bbox 1416 4873 1630 4928; x_wconf 86' lang='lat' dir='ltr'>contra</span> <span class='ocrx_word' id='word_1_318' title='bbox 1653 4869 1961 4947; x_wconf 86' lang='lat' dir='ltr'>justitiam</span> <span class='ocrx_word' id='word_1_319' title='bbox 1998 4887 2125 4930; x_wconf 87' lang='lat' dir='ltr'>res-</span> 
     </span>
     <span class='ocr_line' id='line_1_50' title="bbox 569 4961 2129 5043; baseline 0 -20"><span class='ocrx_word' id='word_1_320' title='bbox 569 4969 747 5043; x_wconf 87' lang='lat' dir='ltr'>pectu</span> <span class='ocrx_word' id='word_1_321' title='bbox 769 4961 938 5022; x_wconf 90' lang='lat' dir='ltr'>illius</span> <span class='ocrx_word' id='word_1_322' title='bbox 966 4962 1164 5022; x_wconf 81' lang='lat' dir='ltr'>tertioe</span> <span class='ocrx_word' id='word_1_323' title='bbox 1189 4979 1487 5042; x_wconf 61' lang='lat' dir='ltr'>personas,</span> <span class='ocrx_word' id='word_1_324' title='bbox 1518 4981 1554 5022; x_wconf 91' lang='lat' dir='ltr'>a</span> <span class='ocrx_word' id='word_1_325' title='bbox 1583 4979 1707 5040; x_wconf 89' lang='lat' dir='ltr'>qua</span> <span class='ocrx_word' id='word_1_326' title='bbox 1725 4962 1826 5022; x_wconf 89' lang='lat' dir='ltr'>ille</span> <span class='ocrx_word' id='word_1_327' title='bbox 1855 4963 2013 5023; x_wconf 88' lang='lat' dir='ltr'>alius</span> <span class='ocrx_word' id='word_1_328' title='bbox 2038 4965 2129 5024; x_wconf 91' lang='lat' dir='ltr'>in-</span> 
     </span>
     <span class='ocr_line' id='line_1_51' title="bbox 567 5055 2123 5133; baseline 0.001 -19"><span class='ocrx_word' id='word_1_329' title='bbox 567 5055 791 5114; x_wconf 87' lang='lat' dir='ltr'>ductus</span> <span class='ocrx_word' id='word_1_330' title='bbox 833 5055 1094 5114; x_wconf 83' lang='lat' dir='ltr'>furatur.</span> <span class='ocrx_word' id='word_1_331' title='bbox 1135 5055 1524 5133; x_wconf 85' lang='lat' dir='ltr'>Consequens</span> <span class='ocrx_word' id='word_1_332' title='bbox 1565 5060 1656 5115; x_wconf 88' lang='lat' dir='ltr'>est</span> <span class='ocrx_word' id='word_1_333' title='bbox 1697 5055 2123 5131; x_wconf 85' lang='lat' dir='ltr'>durissimum,</span> 
     </span>
     <span class='ocr_line' id='line_1_52' title="bbox 566 5147 2128 5230; baseline 0.001 -22"><span class='ocrx_word' id='word_1_334' title='bbox 566 5151 693 5209; x_wconf 90' lang='lat' dir='ltr'>imo</span> <span class='ocrx_word' id='word_1_335' title='bbox 720 5154 781 5208; x_wconf 89' lang='lat' dir='ltr'>et</span> <span class='ocrx_word' id='word_1_336' title='bbox 813 5148 1072 5220; x_wconf 82' lang='lat' dir='ltr'>falsum3</span> <span class='ocrx_word' id='word_1_337' title='bbox 1115 5165 1284 5225; x_wconf 87' lang='lat' dir='ltr'>ergo,</span> <span class='ocrx_word' id='word_1_338' title='bbox 1326 5153 1440 5207; x_wconf 87' lang='lat' dir='ltr'>etc.</span> <span class='ocrx_word' id='word_1_339' title='bbox 1477 5147 1736 5227; x_wconf 88' lang='lat' dir='ltr'>Sequela</span> <span class='ocrx_word' id='word_1_340' title='bbox 1759 5154 1949 5230; x_wconf 85' lang='lat' dir='ltr'>patet,</span> <span class='ocrx_word' id='word_1_341' title='bbox 1980 5149 2128 5228; x_wconf 89' lang='lat' dir='ltr'>quia</span> 
     </span>
     <span class='ocr_line' id='line_1_53' title="bbox 568 5239 2127 5319; baseline -0.001 -18"><span class='ocrx_word' id='word_1_342' title='bbox 568 5241 674 5301; x_wconf 90' lang='lat' dir='ltr'>ille</span> <span class='ocrx_word' id='word_1_343' title='bbox 703 5247 793 5302; x_wconf 87' lang='lat' dir='ltr'>est</span> <span class='ocrx_word' id='word_1_344' title='bbox 818 5257 998 5301; x_wconf 86' lang='grc'><strong>00050</strong></span> <span class='ocrx_word' id='word_1_345' title='bbox 1027 5241 1279 5301; x_wconf 75' lang='lat' dir='ltr'>moralis</span> <span class='ocrx_word' id='word_1_346' title='bbox 1311 5239 1525 5300; x_wconf 88' lang='lat' dir='ltr'>damni</span> <span class='ocrx_word' id='word_1_347' title='bbox 1562 5241 1811 5300; x_wconf 89' lang='lat' dir='ltr'>alterius</span> <span class='ocrx_word' id='word_1_348' title='bbox 1861 5241 2127 5319; x_wconf 80' lang='lat' dir='ltr'>proximi</span> 
     </span>
     <span class='ocr_line' id='line_1_54' title="bbox 568 5333 2125 5412; baseline 0.001 -19"><span class='ocrx_word' id='word_1_349' title='bbox 568 5342 629 5393; x_wconf 86' lang='lat' dir='ltr'>et</span> <span class='ocrx_word' id='word_1_350' title='bbox 661 5334 844 5406; x_wconf 83' lang='lat' dir='ltr'>furti3</span> <span class='ocrx_word' id='word_1_351' title='bbox 897 5352 1043 5412; x_wconf 86' lang='lat' dir='ltr'>ergo</span> <span class='ocrx_word' id='word_1_352' title='bbox 1097 5339 1188 5394; x_wconf 91' lang='lat' dir='ltr'>est</span> <span class='ocrx_word' id='word_1_353' title='bbox 1237 5333 1337 5393; x_wconf 79' lang='lat' dir='ltr'>fur</span> <span class='ocrx_word' id='word_1_354' title='bbox 1408 5333 1662 5393; x_wconf 82' lang='lat' dir='ltr'>Falsitas</span> <span class='ocrx_word' id='word_1_355' title='bbox 1701 5337 2125 5412; x_wconf 84' lang='lat' dir='ltr'>consequentis</span> 
     </span>
     <span class='ocr_line' id='line_1_55' title="bbox 571 5428 2121 5507; baseline 0.001 -20"><span class='ocrx_word' id='word_1_356' title='bbox 571 5433 759 5506; x_wconf 85' lang='lat' dir='ltr'>patet,</span> <span class='ocrx_word' id='word_1_357' title='bbox 803 5445 952 5487; x_wconf 91' lang='lat' dir='ltr'>nam</span> <span class='ocrx_word' id='word_1_358' title='bbox 997 5434 1314 5490; x_wconf 84' lang='lat' dir='ltr'>teneretur</span> <span class='ocrx_word' id='word_1_359' title='bbox 1341 5428 1444 5486; x_wconf 91' lang='lat' dir='ltr'>ille</span> <span class='ocrx_word' id='word_1_360' title='bbox 1473 5429 1794 5488; x_wconf 86' lang='lat' dir='ltr'>restituere</span> <span class='ocrx_word' id='word_1_361' title='bbox 1831 5429 2121 5507; x_wconf 89' lang='lat' dir='ltr'>quicquid</span> 
     </span>
     <span class='ocr_line' id='line_1_56' title="bbox 567 5519 2123 5600; baseline 0 -17"><span class='ocrx_word' id='word_1_362' title='bbox 567 5521 724 5584; x_wconf 83' lang='lat' dir='ltr'>alius</span> <span class='ocrx_word' id='word_1_363' title='bbox 753 5537 863 5580; x_wconf 89' lang='lat' dir='ltr'>suo</span> <span class='ocrx_word' id='word_1_364' title='bbox 897 5521 1180 5600; x_wconf 85' lang='lat' dir='ltr'>exemplo</span> <span class='ocrx_word' id='word_1_365' title='bbox 1217 5527 1422 5582; x_wconf 89' lang='lat' dir='ltr'>motus</span> <span class='ocrx_word' id='word_1_366' title='bbox 1463 5519 1702 5582; x_wconf 83' lang='lat' dir='ltr'>furatus</span> <span class='ocrx_word' id='word_1_367' title='bbox 1734 5526 1844 5584; x_wconf 89' lang='lat' dir='ltr'>est.</span> <span class='ocrx_word' id='word_1_368' title='bbox 1881 5521 2123 5600; x_wconf 77' lang='lat' dir='ltr'>Confir-</span> 
     </span>
    </p>
   </div>
   <div class='ocr_carea' id='block_1_3' title="bbox 2188 482 3721 3176">
    <p class='ocr_par' dir='ltr' id='par_1_6' title="bbox 2188 482 3721 2066">
     <span class='ocr_line' id='line_1_57' title="bbox 2194 482 3714 565; baseline 0.002 -20"><span class='ocrx_word' id='word_1_369' title='bbox 2194 491 2440 547; x_wconf 85' lang='lat' dir='ltr'>matur:</span> <span class='ocrx_word' id='word_1_370' title='bbox 2484 501 2631 545; x_wconf 90' lang='lat' dir='ltr'>nam</span> <span class='ocrx_word' id='word_1_371' title='bbox 2658 483 2936 563; x_wconf 88' lang='lat' dir='ltr'>sequitur</span> <span class='ocrx_word' id='word_1_372' title='bbox 2978 501 3123 545; x_wconf 90' lang='lat' dir='ltr'>eum</span> <span class='ocrx_word' id='word_1_373' title='bbox 3150 483 3255 564; x_wconf 84' lang='lat' dir='ltr'>qni</span> <span class='ocrx_word' id='word_1_374' title='bbox 3282 482 3438 565; x_wconf 89' lang='lat' dir='ltr'>petit</span> <span class='ocrx_word' id='word_1_375' title='bbox 3461 490 3714 548; x_wconf 84' lang='lat' dir='ltr'>mutuum</span> 
     </span>
     <span class='ocr_line' id='line_1_58' title="bbox 2191 577 3716 658; baseline 0.001 -20"><span class='ocrx_word' id='word_1_376' title='bbox 2191 579 2305 639; x_wconf 89' lang='lat' dir='ltr'>sub</span> <span class='ocrx_word' id='word_1_377' title='bbox 2346 579 2552 638; x_wconf 88' lang='lat' dir='ltr'>usuris</span> <span class='ocrx_word' id='word_1_378' title='bbox 2593 577 2671 638; x_wconf 90' lang='lat' dir='ltr'>ab</span> <span class='ocrx_word' id='word_1_379' title='bbox 2716 577 3019 654; x_wconf 87' lang='lat' dir='ltr'>usurario,</span> <span class='ocrx_word' id='word_1_380' title='bbox 3046 595 3295 658; x_wconf 87' lang='lat' dir='ltr'>peccare</span> <span class='ocrx_word' id='word_1_381' title='bbox 3331 584 3545 640; x_wconf 87' lang='lat' dir='ltr'>contra</span> <span class='ocrx_word' id='word_1_382' title='bbox 3563 578 3716 656; x_wconf 85' lang='lat' dir='ltr'>justi-</span> 
     </span>
     <span class='ocr_line' id='line_1_59' title="bbox 2190 672 3717 752; baseline 0.001 -20"><span class='ocrx_word' id='word_1_383' title='bbox 2190 673 2383 748; x_wconf 87' lang='lat' dir='ltr'>tiam,</span> <span class='ocrx_word' id='word_1_384' title='bbox 2428 672 2571 751; x_wconf 88' lang='lat' dir='ltr'>quia</span> <span class='ocrx_word' id='word_1_385' title='bbox 2632 677 2722 732; x_wconf 89' lang='lat' dir='ltr'>est</span> <span class='ocrx_word' id='word_1_386' title='bbox 2791 689 2972 731; x_wconf 89' lang='lat' dir='ltr'>causa</span> <span class='ocrx_word' id='word_1_387' title='bbox 3009 679 3183 732; x_wconf 78' lang='lat' dir='ltr'>artus</span> <span class='ocrx_word' id='word_1_388' title='bbox 3237 673 3476 752; x_wconf 84' lang='lat' dir='ltr'>injusti.</span> <span class='ocrx_word' id='word_1_389' title='bbox 3530 673 3717 734; x_wconf 82' lang='lat' dir='ltr'>Conse·</span> 
     </span>
     <span class='ocr_line' id='line_1_60' title="bbox 2190 765 3717 843; baseline 0.002 -20"><span class='ocrx_word' id='word_1_390' title='bbox 2190 783 2387 843; x_wconf 89' lang='lat' dir='ltr'>quens</span> <span class='ocrx_word' id='word_1_391' title='bbox 2430 771 2522 826; x_wconf 79' lang='lat' dir='ltr'>est</span> <span class='ocrx_word' id='word_1_392' title='bbox 2549 765 2809 839; x_wconf 81' lang='lat' dir='ltr'>falsum3</span> <span class='ocrx_word' id='word_1_393' title='bbox 2850 783 2995 824; x_wconf 90' lang='lat' dir='ltr'>nam</span> <span class='ocrx_word' id='word_1_394' title='bbox 3040 765 3341 843; x_wconf 88' lang='lat' dir='ltr'>injustitia</span> <span class='ocrx_word' id='word_1_395' title='bbox 3376 766 3567 826; x_wconf 88' lang='lat' dir='ltr'>estad</span> <span class='ocrx_word' id='word_1_396' title='bbox 3596 767 3717 827; x_wconf 85' lang='lat' dir='ltr'>altc-</span> 
     </span>
     <span class='ocr_line' id='line_1_61' title="bbox 2188 855 3719 937; baseline 0.002 -22"><span class='ocrx_word' id='word_1_397' title='bbox 2188 872 2367 932; x_wconf 69' lang='lat' dir='ltr'>rumj,</span> <span class='ocrx_word' id='word_1_398' title='bbox 2404 855 2504 916; x_wconf 90' lang='lat' dir='ltr'>hic</span> <span class='ocrx_word' id='word_1_399' title='bbox 2554 863 2763 917; x_wconf 86' lang='lat' dir='ltr'>autem</span> <span class='ocrx_word' id='word_1_400' title='bbox 2795 902 2814 933; x_wconf 94' lang='lat'>,</span> <span class='ocrx_word' id='word_1_401' title='bbox 2872 859 2923 918; x_wconf 89' lang='lat' dir='ltr'>si</span> <span class='ocrx_word' id='word_1_402' title='bbox 2963 875 3086 936; x_wconf 88' lang='lat' dir='ltr'>qua</span> <span class='ocrx_word' id='word_1_403' title='bbox 3128 867 3218 918; x_wconf 88' lang='lat' dir='ltr'>est</span> <span class='ocrx_word' id='word_1_404' title='bbox 3264 858 3569 937; x_wconf 85' lang='lat' dir='ltr'>injustitia</span> <span class='ocrx_word' id='word_1_405' title='bbox 3594 905 3609 927; x_wconf 86' lang='lat'>,</span> <span class='ocrx_word' id='word_1_406' title='bbox 3647 865 3719 918; x_wconf 86' lang='lat' dir='ltr'>est</span> 
     </span>
     <span class='ocr_line' id='line_1_62' title="bbox 2190 949 3719 1028; baseline 0.001 -18"><span class='ocrx_word' id='word_1_407' title='bbox 2190 955 2402 1010; x_wconf 83' lang='lat' dir='ltr'>contra</span> <span class='ocrx_word' id='word_1_408' title='bbox 2447 949 2712 1028; x_wconf 86' lang='lat' dir='ltr'>seipsum</span> <span class='ocrx_word' id='word_1_409' title='bbox 2756 955 3067 1028; x_wconf 81' lang='lat' dir='ltr'>petentem</span> <span class='ocrx_word' id='word_1_410' title='bbox 3110 957 3419 1012; x_wconf 88' lang='lat' dir='ltr'>mutuum.</span> <span class='ocrx_word' id='word_1_411' title='bbox 3470 949 3719 1011; x_wconf 85' lang='lat' dir='ltr'>Secundo</span> 
     </span>
     <span class='ocr_line' id='line_1_63' title="bbox 2191 1043 3719 1122; baseline 0.001 -21"><span class='ocrx_word' id='word_1_412' title='bbox 2191 1043 2467 1120; x_wconf 85' lang='lat' dir='ltr'>sequitur</span> <span class='ocrx_word' id='word_1_413' title='bbox 2504 1061 2645 1102; x_wconf 90' lang='lat' dir='ltr'>eum</span> <span class='ocrx_word' id='word_1_414' title='bbox 2691 1044 2796 1121; x_wconf 90' lang='lat' dir='ltr'>qui</span> <span class='ocrx_word' id='word_1_415' title='bbox 2840 1043 3073 1122; x_wconf 60' lang='lat' dir='ltr'>praebet</span> <span class='ocrx_word' id='word_1_416' title='bbox 3116 1044 3477 1104; x_wconf 87' lang='lat' dir='ltr'>scandalum</span> <span class='ocrx_word' id='word_1_417' title='bbox 3519 1062 3617 1122; x_wconf 89' lang='lat' dir='ltr'>per</span> <span class='ocrx_word' id='word_1_418' title='bbox 3640 1062 3719 1102; x_wconf 86' lang='lat' dir='ltr'>ac·</span> 
     </span>
     <span class='ocr_line' id='line_1_64' title="bbox 2190 1138 3721 1218; baseline 0.001 -20"><span class='ocrx_word' id='word_1_419' title='bbox 2190 1139 2422 1199; x_wconf 88' lang='lat' dir='ltr'>tionem</span> <span class='ocrx_word' id='word_1_420' title='bbox 2454 1158 2580 1200; x_wconf 91' lang='lat' dir='ltr'>non</span> <span class='ocrx_word' id='word_1_421' title='bbox 2632 1138 2857 1199; x_wconf 88' lang='lat' dir='ltr'>malam</span> <span class='ocrx_word' id='word_1_422' title='bbox 2879 1185 2900 1215; x_wconf 90' lang='lat'>‚</span> <span class='ocrx_word' id='word_1_423' title='bbox 2952 1138 3059 1200; x_wconf 87' lang='lat' dir='ltr'>sed</span> <span class='ocrx_word' id='word_1_424' title='bbox 3112 1139 3449 1200; x_wconf 87' lang='lat' dir='ltr'>habentem</span> <span class='ocrx_word' id='word_1_425' title='bbox 3488 1140 3721 1218; x_wconf 87' lang='lat' dir='ltr'>speciem</span> 
     </span>
     <span class='ocr_line' id='line_1_65' title="bbox 2193 1231 3721 1308; baseline 0.001 -16"><span class='ocrx_word' id='word_1_426' title='bbox 2193 1232 2365 1308; x_wconf 88' lang='lat' dir='ltr'>mali,</span> <span class='ocrx_word' id='word_1_427' title='bbox 2400 1231 2764 1293; x_wconf 85' lang='lat' dir='ltr'>contrahere</span> <span class='ocrx_word' id='word_1_428' title='bbox 2804 1232 2955 1293; x_wconf 86' lang='lat' dir='ltr'>duas</span> <span class='ocrx_word' id='word_1_429' title='bbox 2992 1233 3301 1294; x_wconf 79' lang='lat' dir='ltr'>ma&#39;itias:</span> <span class='ocrx_word' id='word_1_430' title='bbox 3345 1249 3541 1292; x_wconf 89' lang='lat' dir='ltr'>unam</span> <span class='ocrx_word' id='word_1_431' title='bbox 3574 1251 3721 1293; x_wconf 82' lang='lat' dir='ltr'>scan-</span> 
     </span>
     <span class='ocr_line' id='line_1_66' title="bbox 2193 1323 3721 1404; baseline 0 -20"><span class='ocrx_word' id='word_1_432' title='bbox 2193 1323 2318 1384; x_wconf 89' lang='lat' dir='ltr'>dali</span> <span class='ocrx_word' id='word_1_433' title='bbox 2368 1332 2581 1386; x_wconf 86' lang='lat' dir='ltr'>contra</span> <span class='ocrx_word' id='word_1_434' title='bbox 2628 1325 3033 1398; x_wconf 86' lang='lat' dir='ltr'>charitatem;</span> <span class='ocrx_word' id='word_1_435' title='bbox 3084 1325 3268 1386; x_wconf 86' lang='lat' dir='ltr'>aliam</span> <span class='ocrx_word' id='word_1_436' title='bbox 3318 1325 3488 1385; x_wconf 87' lang='lat' dir='ltr'>illius</span> <span class='ocrx_word' id='word_1_437' title='bbox 3532 1325 3721 1404; x_wconf 85' lang='lat' dir='ltr'>speciei</span> 
     </span>
     <span class='ocr_line' id='line_1_67' title="bbox 2192 1417 3719 1498; baseline 0.001 -20"><span class='ocrx_word' id='word_1_438' title='bbox 2192 1419 2448 1496; x_wconf 87' lang='lat' dir='ltr'>peccati,</span> <span class='ocrx_word' id='word_1_439' title='bbox 2479 1419 2555 1478; x_wconf 88' lang='lat' dir='ltr'>ad</span> <span class='ocrx_word' id='word_1_440' title='bbox 2595 1436 2781 1497; x_wconf 88' lang='lat' dir='ltr'>quam</span> <span class='ocrx_word' id='word_1_441' title='bbox 2814 1419 3133 1498; x_wconf 83' lang='lat' dir='ltr'>proximus</span> <span class='ocrx_word' id='word_1_442' title='bbox 3160 1417 3501 1479; x_wconf 87' lang='lat' dir='ltr'>inducitur.</span> <span class='ocrx_word' id='word_1_443' title='bbox 3530 1418 3719 1479; x_wconf 85' lang='lat' dir='ltr'>Conse-</span> 
     </span>
     <span class='ocr_line' id='line_1_68' title="bbox 2191 1511 3719 1590; baseline 0.001 -20"><span class='ocrx_word' id='word_1_444' title='bbox 2191 1528 2387 1590; x_wconf 86' lang='lat' dir='ltr'>quens</span> <span class='ocrx_word' id='word_1_445' title='bbox 2429 1517 2522 1572; x_wconf 87' lang='lat' dir='ltr'>est</span> <span class='ocrx_word' id='word_1_446' title='bbox 2556 1519 2767 1572; x_wconf 89' lang='lat' dir='ltr'>contra</span> <span class='ocrx_word' id='word_1_447' title='bbox 2796 1513 3011 1572; x_wconf 88' lang='lat' dir='ltr'>divum</span> <span class='ocrx_word' id='word_1_448' title='bbox 3054 1511 3355 1572; x_wconf 86' lang='lat' dir='ltr'>Thomam</span> <span class='ocrx_word' id='word_1_449' title='bbox 3388 1511 3517 1585; x_wconf 90' lang='lat' dir='ltr'>hic,</span> <span class='ocrx_word' id='word_1_450' title='bbox 3548 1526 3603 1571; x_wconf 88' lang='lat' dir='ltr'>et</span> <span class='ocrx_word' id='word_1_451' title='bbox 3632 1530 3719 1571; x_wconf 88' lang='lat' dir='ltr'>su·</span> 
     </span>
     <span class='ocr_line' id='line_1_69' title="bbox 2192 1603 3715 1682; baseline 0.001 -20"><span class='ocrx_word' id='word_1_452' title='bbox 2192 1604 2386 1663; x_wconf 89' lang='lat' dir='ltr'>mitur</span> <span class='ocrx_word' id='word_1_453' title='bbox 2425 1623 2503 1664; x_wconf 81' lang='lat' dir='ltr'>ex</span> <span class='ocrx_word' id='word_1_454' title='bbox 2545 1603 2755 1679; x_wconf 87' lang='lat' dir='ltr'>Paulo,</span> <span class='ocrx_word' id='word_1_455' title='bbox 2789 1603 2993 1682; x_wconf 88' lang='lat' dir='ltr'>primo</span> <span class='ocrx_word' id='word_1_456' title='bbox 3036 1605 3113 1664; x_wconf 86' lang='lat' dir='ltr'>ad</span> <span class='ocrx_word' id='word_1_457' title='bbox 3158 1603 3438 1666; x_wconf 85' lang='lat' dir='ltr'>Corinth.</span> <span class='ocrx_word' id='word_1_458' title='bbox 3473 1606 3511 1664; x_wconf 87' lang='lat'>8</span> <span class='ocrx_word' id='word_1_459' title='bbox 3546 1612 3601 1663; x_wconf 87' lang='lat' dir='ltr'>et</span> <span class='ocrx_word' id='word_1_460' title='bbox 3642 1606 3715 1678; x_wconf 72' lang='lat'>¹2,</span> 
     </span>
     <span class='ocr_line' id='line_1_70' title="bbox 2195 1695 3717 1758; baseline 0.002 -3"><span class='ocrx_word' id='word_1_461' title='bbox 2195 1695 2299 1756; x_wconf 90' lang='lat' dir='ltr'>ubi</span> <span class='ocrx_word' id='word_1_462' title='bbox 2340 1695 2818 1757; x_wconf 85' lang='lat' dir='ltr'>manducantem</span> <span class='ocrx_word' id='word_1_463' title='bbox 2868 1698 3217 1758; x_wconf 80' lang='lat' dir='ltr'>scandaloso</span> <span class='ocrx_word' id='word_1_464' title='bbox 3252 1697 3592 1758; x_wconf 85' lang='lat' dir='ltr'>sacrificata</span> <span class='ocrx_word' id='word_1_465' title='bbox 3614 1697 3717 1758; x_wconf 86' lang='lat' dir='ltr'>idc-</span> 
     </span>
     <span class='ocr_line' id='line_1_71' title="bbox 2194 1788 3717 1870; baseline 0 -22"><span class='ocrx_word' id='word_1_466' title='bbox 2194 1788 2291 1864; x_wconf 88' lang='lat' dir='ltr'>lis,</span> <span class='ocrx_word' id='word_1_467' title='bbox 2325 1807 2450 1851; x_wconf 88' lang='grc'><strong>11011</strong></span> <span class='ocrx_word' id='word_1_468' title='bbox 2478 1789 2874 1870; x_wconf 83' lang='lat' dir='ltr'>reprehendit</span> <span class='ocrx_word' id='word_1_469' title='bbox 2923 1797 2994 1850; x_wconf 88' lang='lat' dir='ltr'>ut</span> <span class='ocrx_word' id='word_1_470' title='bbox 3043 1791 3437 1851; x_wconf 86' lang='lat' dir='ltr'>idololatram</span> <span class='ocrx_word' id='word_1_471' title='bbox 3464 1837 3484 1865; x_wconf 91' lang='lat'>‚</span> <span class='ocrx_word' id='word_1_472' title='bbox 3538 1789 3629 1850; x_wconf 90' lang='lat' dir='ltr'>sed</span> <span class='ocrx_word' id='word_1_473' title='bbox 3664 1797 3717 1848; x_wconf 84' lang='lat' dir='ltr'>nt</span> 
     </span>
     <span class='ocr_line' id='line_1_72' title="bbox 2192 1881 3719 1963; baseline -0.001 -20"><span class='ocrx_word' id='word_1_474' title='bbox 2192 1881 2639 1943; x_wconf 85' lang='lat' dir='ltr'>scandalosum.</span> <span class='ocrx_word' id='word_1_475' title='bbox 2674 1883 2933 1962; x_wconf 86' lang='lat' dir='ltr'>Sequela</span> <span class='ocrx_word' id='word_1_476' title='bbox 2968 1891 3176 1944; x_wconf 87' lang='lat' dir='ltr'>autem</span> <span class='ocrx_word' id='word_1_477' title='bbox 3206 1889 3413 1963; x_wconf 89' lang='lat' dir='ltr'>patet,</span> <span class='ocrx_word' id='word_1_478' title='bbox 3458 1885 3597 1962; x_wconf 85' lang='lat' dir='ltr'>quia</span> <span class='ocrx_word' id='word_1_479' title='bbox 3636 1883 3719 1942; x_wconf 87' lang='lat' dir='ltr'>ille</span> 
     </span>
     <span class='ocr_line' id='line_1_73' title="bbox 2194 1975 3683 2066; baseline 0 -30"><span class='ocrx_word' id='word_1_480' title='bbox 2194 1981 2493 2066; x_wconf 47' lang='lat' dir='ltr'>est-causa</span> <span class='ocrx_word' id='word_1_481' title='bbox 2529 1975 2668 2036; x_wconf 83' lang='lat' dir='ltr'>talis</span> <span class='ocrx_word' id='word_1_482' title='bbox 2697 1975 2945 2036; x_wconf 81' lang='lat' dir='ltr'>malitiae</span> <span class='ocrx_word' id='word_1_483' title='bbox 2979 1999 2997 2051; x_wconf 83' lang='lat'><em>3</em></span> <span class='ocrx_word' id='word_1_484' title='bbox 3042 1995 3188 2056; x_wconf 88' lang='lat' dir='ltr'>ergo</span> <span class='ocrx_word' id='word_1_485' title='bbox 3214 1977 3493 2037; x_wconf 89' lang='lat' dir='ltr'>incurret</span> <span class='ocrx_word' id='word_1_486' title='bbox 3516 1976 3683 2036; x_wconf 87' lang='lat' dir='ltr'>illam.</span> 
     </span>
    </p>

    <p class='ocr_par' dir='ltr' id='par_1_7' title="bbox 2188 2067 3721 3176">
     <span class='ocr_line' id='line_1_74' title="bbox 2270 2067 3721 2149; baseline 0.001 -21"><span class='ocrx_word' id='word_1_487' title='bbox 2270 2071 2333 2128; x_wconf 81' lang='grc'><strong>9.</strong></span> <span class='ocrx_word' id='word_1_488' title='bbox 2378 2067 2635 2132; x_wconf 74' lang='lat' dir='ltr'>Primus</span> <span class='ocrx_word' id='word_1_489' title='bbox 2661 2072 2869 2133; x_wconf 80' lang='lat' dir='ltr'>modus</span> <span class='ocrx_word' id='word_1_490' title='bbox 2920 2071 3317 2149; x_wconf 73' lang='lat' dir='ltr'>respondendi</span> <span class='ocrx_word' id='word_1_491' title='bbox 3362 2071 3447 2132; x_wconf 79' lang='lat' dir='ltr'>ad</span> <span class='ocrx_word' id='word_1_492' title='bbox 3485 2068 3550 2131; x_wconf 77' lang='lat' dir='ltr'>id</span> <span class='ocrx_word' id='word_1_493' title='bbox 3596 2071 3721 2149; x_wconf 70' lang='lat' dir='ltr'>quod</span> 
     </span>
     <span class='ocr_line' id='line_1_75' title="bbox 2190 2160 3717 2244; baseline -0.001 -22"><span class='ocrx_word' id='word_1_494' title='bbox 2190 2160 2315 2222; x_wconf 75' lang='lat' dir='ltr'>ltoeo</span> <span class='ocrx_word' id='word_1_495' title='bbox 2358 2170 2714 2243; x_wconf 73' lang='lat' dir='ltr'>aryumeuta</span> <span class='ocrx_word' id='word_1_496' title='bbox 2746 2163 3081 2244; x_wconf 79' lang='lat' dir='ltr'>postula-nt.</span> <span class='ocrx_word' id='word_1_497' title='bbox 3106 2163 3348 2223; x_wconf 86' lang='lat' dir='ltr'>—Haec</span> <span class='ocrx_word' id='word_1_498' title='bbox 3384 2172 3717 2238; x_wconf 83' lang='lat' dir='ltr'>argumenta</span> 
     </span>
     <span class='ocr_line' id='line_1_76' title="bbox 2188 2256 3717 2334; baseline 0.001 -22"><span class='ocrx_word' id='word_1_499' title='bbox 2188 2269 2319 2313; x_wconf 91' lang='lat' dir='ltr'>non</span> <span class='ocrx_word' id='word_1_500' title='bbox 2362 2261 2491 2315; x_wconf 88' lang='lat' dir='ltr'>tam</span> <span class='ocrx_word' id='word_1_501' title='bbox 2520 2256 2891 2334; x_wconf 79' lang='lat' dir='ltr'>impugnant</span> <span class='ocrx_word' id='word_1_502' title='bbox 2916 2263 3191 2316; x_wconf 85' lang='lat' dir='ltr'>nostram</span> <span class='ocrx_word' id='word_1_503' title='bbox 3230 2257 3625 2316; x_wconf 85' lang='lat' dir='ltr'>assertionem</span> <span class='ocrx_word' id='word_1_504' title='bbox 3660 2256 3717 2314; x_wconf 89' lang='lat' dir='ltr'>de</span> 
     </span>
     <span class='ocr_line' id='line_1_77' title="bbox 2193 2345 3717 2428; baseline 0.001 -23"><span class='ocrx_word' id='word_1_505' title='bbox 2193 2345 2432 2406; x_wconf 88' lang='lat' dir='ltr'>malitia</span> <span class='ocrx_word' id='word_1_506' title='bbox 2460 2348 2754 2423; x_wconf 83' lang='lat' dir='ltr'>scandali,</span> <span class='ocrx_word' id='word_1_507' title='bbox 2794 2367 2979 2428; x_wconf 88' lang='lat' dir='ltr'>quam</span> <span class='ocrx_word' id='word_1_508' title='bbox 3024 2349 3351 2428; x_wconf 89' lang='lat' dir='ltr'>inquirunt</span> <span class='ocrx_word' id='word_1_509' title='bbox 3391 2367 3473 2410; x_wconf 89' lang='lat' dir='ltr'>an</span> <span class='ocrx_word' id='word_1_510' title='bbox 3514 2365 3717 2428; x_wconf 86' lang='lat' dir='ltr'>semper</span> 
     </span>
     <span class='ocr_line' id='line_1_78' title="bbox 2195 2439 3717 2520; baseline -0.001 -21"><span class='ocrx_word' id='word_1_511' title='bbox 2195 2439 2611 2517; x_wconf 88' lang='lat' dir='ltr'>conjungatur</span> <span class='ocrx_word' id='word_1_512' title='bbox 2649 2440 2738 2501; x_wconf 88' lang='lat' dir='ltr'>illi</span> <span class='ocrx_word' id='word_1_513' title='bbox 2802 2442 2927 2501; x_wconf 86' lang='lat' dir='ltr'>alia</span> <span class='ocrx_word' id='word_1_514' title='bbox 2972 2440 3139 2501; x_wconf 84' lang='lat' dir='ltr'>illius</span> <span class='ocrx_word' id='word_1_515' title='bbox 3192 2441 3461 2519; x_wconf 89' lang='lat' dir='ltr'>speciei,</span> <span class='ocrx_word' id='word_1_516' title='bbox 3514 2443 3574 2500; x_wconf 92' lang='lat' dir='ltr'>in</span> <span class='ocrx_word' id='word_1_517' title='bbox 3619 2458 3717 2520; x_wconf 83' lang='lat' dir='ltr'>qua</span> 
     </span>
     <span class='ocr_line' id='line_1_79' title="bbox 2192 2533 3715 2614; baseline 0 -23"><span class='ocrx_word' id='word_1_518' title='bbox 2192 2534 2513 2610; x_wconf 87' lang='lat' dir='ltr'>proximus</span> <span class='ocrx_word' id='word_1_519' title='bbox 2562 2540 2790 2613; x_wconf 85' lang='lat' dir='ltr'>peccat.</span> <span class='ocrx_word' id='word_1_520' title='bbox 2832 2534 3167 2614; x_wconf 88' lang='lat' dir='ltr'>Dupliciter</span> <span class='ocrx_word' id='word_1_521' title='bbox 3200 2551 3350 2613; x_wconf 84' lang='lat' dir='ltr'>ergo</span> <span class='ocrx_word' id='word_1_522' title='bbox 3400 2533 3715 2613; x_wconf 86' lang='lat' dir='ltr'>responderi</span> 
     </span>
     <span class='ocr_line' id='line_1_80' title="bbox 2194 2627 3717 2707; baseline 0 -23"><span class='ocrx_word' id='word_1_523' title='bbox 2194 2632 2428 2704; x_wconf 84' lang='lat' dir='ltr'>potest:</span> <span class='ocrx_word' id='word_1_524' title='bbox 2480 2629 2681 2706; x_wconf 87' lang='lat' dir='ltr'>primo</span> <span class='ocrx_word' id='word_1_525' title='bbox 2721 2627 3029 2707; x_wconf 85' lang='lat' dir='ltr'>negative,</span> <span class='ocrx_word' id='word_1_526' title='bbox 3062 2634 3123 2688; x_wconf 93' lang='lat' dir='ltr'>et</span> <span class='ocrx_word' id='word_1_527' title='bbox 3163 2635 3601 2706; x_wconf 72' lang='lat' dir='ltr'>consequenter</span> <span class='ocrx_word' id='word_1_528' title='bbox 3636 2645 3717 2685; x_wconf 88' lang='lat' dir='ltr'>ne·</span> 
     </span>
     <span class='ocr_line' id='line_1_81' title="bbox 2196 2719 3711 2800; baseline 0.001 -23"><span class='ocrx_word' id='word_1_529' title='bbox 2196 2719 2401 2796; x_wconf 86' lang='lat' dir='ltr'>gando</span> <span class='ocrx_word' id='word_1_530' title='bbox 2427 2738 2643 2780; x_wconf 90' lang='lat' dir='ltr'>omnes</span> <span class='ocrx_word' id='word_1_531' title='bbox 2670 2721 2965 2800; x_wconf 82' lang='lat' dir='ltr'>sequelas.</span> <span class='ocrx_word' id='word_1_532' title='bbox 2998 2721 3075 2781; x_wconf 94' lang='lat' dir='ltr'>Et</span> <span class='ocrx_word' id='word_1_533' title='bbox 3101 2720 3550 2782; x_wconf 84' lang='lat' dir='ltr'>advertendum</span> <span class='ocrx_word' id='word_1_534' title='bbox 3585 2737 3647 2780; x_wconf 84' lang='lat' dir='ltr'>ex</span> <span class='ocrx_word' id='word_1_535' title='bbox 3670 2723 3711 2779; x_wconf 80' lang='lat' dir='ltr'>l.</span> 
     </span>
     <span class='ocr_line' id='line_1_82' title="bbox 2192 2813 3715 2894; baseline 0 -23"><span class='ocrx_word' id='word_1_536' title='bbox 2192 2813 2256 2886; x_wconf 76' lang='lat'>2,</span> <span class='ocrx_word' id='word_1_537' title='bbox 2290 2830 2350 2890; x_wconf 91' lang='lat' dir='ltr'>q.</span> <span class='ocrx_word' id='word_1_538' title='bbox 2388 2815 2450 2887; x_wconf 73' lang='lat'>6,</span> <span class='ocrx_word' id='word_1_539' title='bbox 2492 2819 2642 2873; x_wconf 87' lang='lat' dir='ltr'>tunc</span> <span class='ocrx_word' id='word_1_540' title='bbox 2689 2813 2959 2894; x_wconf 89' lang='lat' dir='ltr'>aliquem</span> <span class='ocrx_word' id='word_1_541' title='bbox 3001 2814 3118 2875; x_wconf 82' lang='lat' dir='ltr'>dici</span> <span class='ocrx_word' id='word_1_542' title='bbox 3150 2832 3405 2875; x_wconf 86' lang='lat' dir='ltr'>causam</span> <span class='ocrx_word' id='word_1_543' title='bbox 3456 2813 3715 2874; x_wconf 85' lang='lat' dir='ltr'>moralem</span> 
     </span>
     <span class='ocr_line' id='line_1_83' title="bbox 2194 2904 3713 2988; baseline 0 -24"><span class='ocrx_word' id='word_1_544' title='bbox 2194 2907 2456 2985; x_wconf 84' lang='lat' dir='ltr'>alicujus</span> <span class='ocrx_word' id='word_1_545' title='bbox 2479 2909 2737 2987; x_wconf 86' lang='lat' dir='ltr'>peccati,</span> <span class='ocrx_word' id='word_1_546' title='bbox 2770 2909 3017 2987; x_wconf 88' lang='lat' dir='ltr'>quando</span> <span class='ocrx_word' id='word_1_547' title='bbox 3050 2914 3249 2988; x_wconf 88' lang='lat' dir='ltr'>potest</span> <span class='ocrx_word' id='word_1_548' title='bbox 3276 2915 3633 2986; x_wconf 88' lang='lat' dir='ltr'>teneturque</span> <span class='ocrx_word' id='word_1_549' title='bbox 3654 2904 3713 2964; x_wconf 88' lang='lat' dir='ltr'>il-</span> 
     </span>
     <span class='ocr_line' id='line_1_84' title="bbox 2190 2997 3713 3076; baseline -0.002 -18"><span class='ocrx_word' id='word_1_550' title='bbox 2190 2997 2299 3059; x_wconf 89' lang='lat' dir='ltr'>lud</span> <span class='ocrx_word' id='word_1_551' title='bbox 2336 3001 2555 3076; x_wconf 78' lang='lat' dir='ltr'>vitare,</span> <span class='ocrx_word' id='word_1_552' title='bbox 2586 3007 2649 3061; x_wconf 89' lang='lat' dir='ltr'>et</span> <span class='ocrx_word' id='word_1_553' title='bbox 2692 3020 2816 3062; x_wconf 90' lang='lat' dir='ltr'>non</span> <span class='ocrx_word' id='word_1_554' title='bbox 2860 3001 3009 3063; x_wconf 88' lang='lat' dir='ltr'>facit</span> <span class='ocrx_word' id='word_1_555' title='bbox 3036 3008 3079 3062; x_wconf 88' lang='lat'>¹.</span> <span class='ocrx_word' id='word_1_556' title='bbox 3116 3001 3287 3063; x_wconf 90' lang='lat' dir='ltr'>Unde</span> <span class='ocrx_word' id='word_1_557' title='bbox 3308 3019 3387 3062; x_wconf 90' lang='grc'>60</span> <span class='ocrx_word' id='word_1_558' title='bbox 3428 3001 3599 3060; x_wconf 89' lang='lat' dir='ltr'>modo</span> <span class='ocrx_word' id='word_1_559' title='bbox 3622 2997 3713 3058; x_wconf 88' lang='lat' dir='ltr'>erit</span> 
     </span>
     <span class='ocr_line' id='line_1_85' title="bbox 2190 3095 3714 3176; baseline -0.002 -24"><span class='ocrx_word' id='word_1_560' title='bbox 2190 3109 2397 3170; x_wconf 88' lang='grc'><strong>00050,</strong></span> <span class='ocrx_word' id='word_1_561' title='bbox 2436 3112 2561 3173; x_wconf 92' lang='lat' dir='ltr'>quo</span> <span class='ocrx_word' id='word_1_562' title='bbox 2588 3101 2871 3170; x_wconf 83' lang='lat' dir='ltr'>tenetur3</span> <span class='ocrx_word' id='word_1_563' title='bbox 2903 3095 3169 3176; x_wconf 82' lang='lat' dir='ltr'>intelligi</span> <span class='ocrx_word' id='word_1_564' title='bbox 3194 3103 3405 3156; x_wconf 86' lang='lat' dir='ltr'>autem</span> <span class='ocrx_word' id='word_1_565' title='bbox 3432 3098 3613 3173; x_wconf 86' lang='lat' dir='ltr'>potest</span> <span class='ocrx_word' id='word_1_566' title='bbox 3636 3107 3714 3150; x_wconf 82' lang='lat' dir='ltr'>me</span> 
     </span>
    </p>
   </div>
   <div class='ocr_carea' id='block_1_4' title="bbox 2190 3191 3713 5416">
    <p class='ocr_par' dir='ltr' id='par_1_8' title="bbox 2190 3191 3713 4374">
     <span class='ocr_line' id='line_1_86' title="bbox 2190 3191 3712 3276; baseline -0.004 -20"><span class='ocrx_word' id='word_1_567' title='bbox 2190 3196 2391 3256; x_wconf 90' lang='lat' dir='ltr'>teneri</span> <span class='ocrx_word' id='word_1_568' title='bbox 2421 3194 2499 3254; x_wconf 90' lang='lat' dir='ltr'>ad</span> <span class='ocrx_word' id='word_1_569' title='bbox 2528 3195 2849 3257; x_wconf 86' lang='lat' dir='ltr'>vitandum</span> <span class='ocrx_word' id='word_1_570' title='bbox 2865 3215 3041 3276; x_wconf 76' lang='grc'><strong>01105,</strong></span> <span class='ocrx_word' id='word_1_571' title='bbox 3062 3214 3143 3257; x_wconf 91' lang='lat' dir='ltr'>ne</span> <span class='ocrx_word' id='word_1_572' title='bbox 3166 3195 3486 3276; x_wconf 84' lang='lat' dir='ltr'>proximus</span> <span class='ocrx_word' id='word_1_573' title='bbox 3512 3191 3582 3253; x_wconf 85' lang='lat' dir='ltr'>ad</span> <span class='ocrx_word' id='word_1_574' title='bbox 3606 3209 3712 3270; x_wconf 82' lang='lat' dir='ltr'>pec-</span> 
     </span>
     <span class='ocr_line' id='line_1_87' title="bbox 2194 3285 3707 3366; baseline -0.004 -19"><span class='ocrx_word' id='word_1_575' title='bbox 2194 3287 2463 3349; x_wconf 89' lang='lat' dir='ltr'>candum</span> <span class='ocrx_word' id='word_1_576' title='bbox 2511 3289 2862 3364; x_wconf 88' lang='lat' dir='ltr'>inducatur,</span> <span class='ocrx_word' id='word_1_577' title='bbox 2898 3308 2974 3349; x_wconf 87' lang='lat' dir='ltr'>ex</span> <span class='ocrx_word' id='word_1_578' title='bbox 2998 3288 3377 3366; x_wconf 84' lang='lat' dir='ltr'>obligatione</span> <span class='ocrx_word' id='word_1_579' title='bbox 3418 3285 3707 3352; x_wconf 85' lang='lat' dir='ltr'>charitatis,</span> 
     </span>
     <span class='ocr_line' id='line_1_88' title="bbox 2197 3378 3713 3460; baseline -0.004 -18"><span class='ocrx_word' id='word_1_580' title='bbox 2197 3401 2323 3442; x_wconf 90' lang='lat' dir='ltr'>non</span> <span class='ocrx_word' id='word_1_581' title='bbox 2344 3382 2621 3460; x_wconf 81' lang='lat' dir='ltr'>justitiae,</span> <span class='ocrx_word' id='word_1_582' title='bbox 2654 3381 2752 3442; x_wconf 82' lang='lat' dir='ltr'>vel</span> <span class='ocrx_word' id='word_1_583' title='bbox 2780 3381 3030 3442; x_wconf 87' lang='lat' dir='ltr'>alterius</span> <span class='ocrx_word' id='word_1_584' title='bbox 3053 3381 3272 3442; x_wconf 90' lang='lat' dir='ltr'>similis</span> <span class='ocrx_word' id='word_1_585' title='bbox 3291 3381 3535 3440; x_wconf 86' lang='lat' dir='ltr'>virtutis</span> <span class='ocrx_word' id='word_1_586' title='bbox 3554 3396 3572 3455; x_wconf 83' lang='lat'>3</span> <span class='ocrx_word' id='word_1_587' title='bbox 3598 3378 3713 3456; x_wconf 81' lang='lat' dir='ltr'>quia</span> 
     </span>
     <span class='ocr_line' id='line_1_89' title="bbox 2198 3469 3712 3536; baseline -0.006 -1"><span class='ocrx_word' id='word_1_588' title='bbox 2198 3475 2463 3535; x_wconf 87' lang='lat' dir='ltr'>charitas</span> <span class='ocrx_word' id='word_1_589' title='bbox 2503 3481 2593 3536; x_wconf 87' lang='lat' dir='ltr'>est</span> <span class='ocrx_word' id='word_1_590' title='bbox 2630 3474 3040 3535; x_wconf 83' lang='lat' dir='ltr'>universalior</span> <span class='ocrx_word' id='word_1_591' title='bbox 3089 3479 3150 3534; x_wconf 89' lang='lat' dir='ltr'>et</span> <span class='ocrx_word' id='word_1_592' title='bbox 3193 3471 3583 3535; x_wconf 83' lang='lat' dir='ltr'>excellentior</span> <span class='ocrx_word' id='word_1_593' title='bbox 3614 3469 3712 3527; x_wconf 84' lang='lat' dir='ltr'>vir-</span> 
     </span>
     <span class='ocr_line' id='line_1_90' title="bbox 2197 3561 3711 3647; baseline -0.005 -19"><span class='ocrx_word' id='word_1_594' title='bbox 2197 3575 2319 3642; x_wconf 90' lang='lat' dir='ltr'>tus,</span> <span class='ocrx_word' id='word_1_595' title='bbox 2351 3569 2518 3629; x_wconf 88' lang='lat' dir='ltr'>unde</span> <span class='ocrx_word' id='word_1_596' title='bbox 2556 3570 2754 3647; x_wconf 88' lang='lat' dir='ltr'>magis</span> <span class='ocrx_word' id='word_1_597' title='bbox 2790 3567 3024 3646; x_wconf 84' lang='lat' dir='ltr'>obligat</span> <span class='ocrx_word' id='word_1_598' title='bbox 3064 3583 3126 3628; x_wconf 86' lang='lat' dir='ltr'>et</span> <span class='ocrx_word' id='word_1_599' title='bbox 3169 3568 3236 3627; x_wconf 91' lang='lat' dir='ltr'>in</span> <span class='ocrx_word' id='word_1_600' title='bbox 3278 3563 3551 3647; x_wconf 85' lang='lat' dir='ltr'>pluribus</span> <span class='ocrx_word' id='word_1_601' title='bbox 3588 3561 3711 3624; x_wconf 83' lang='lat' dir='ltr'>casi-</span> 
     </span>
     <span class='ocr_line' id='line_1_91' title="bbox 2198 3661 3711 3736; baseline -0.003 -15"><span class='ocrx_word' id='word_1_602' title='bbox 2198 3661 2314 3721; x_wconf 92' lang='lat' dir='ltr'>bus</span> <span class='ocrx_word' id='word_1_603' title='bbox 2360 3683 2377 3736; x_wconf 84' lang='lat'>3</span> <span class='ocrx_word' id='word_1_604' title='bbox 2439 3668 2501 3721; x_wconf 91' lang='lat' dir='ltr'>et</span> <span class='ocrx_word' id='word_1_605' title='bbox 2532 3661 2671 3722; x_wconf 89' lang='lat' dir='ltr'>ideo</span> <span class='ocrx_word' id='word_1_606' title='bbox 2722 3661 2827 3720; x_wconf 90' lang='lat' dir='ltr'>ille</span> <span class='ocrx_word' id='word_1_607' title='bbox 2880 3661 2944 3720; x_wconf 88' lang='lat' dir='ltr'>iu</span> <span class='ocrx_word' id='word_1_608' title='bbox 2992 3678 3065 3721; x_wconf 92' lang='lat' dir='ltr'>eo</span> <span class='ocrx_word' id='word_1_609' title='bbox 3114 3679 3260 3720; x_wconf 88' lang='lat' dir='ltr'>casu</span> <span class='ocrx_word' id='word_1_610' title='bbox 3296 3665 3575 3720; x_wconf 81' lang='lat' dir='ltr'>censetur</span> <span class='ocrx_word' id='word_1_611' title='bbox 3612 3671 3711 3716; x_wconf 82' lang='lat' dir='ltr'>esse</span> 
     </span>
     <span class='ocr_line' id='line_1_92' title="bbox 2194 3753 3711 3833; baseline -0.005 -19"><span class='ocrx_word' id='word_1_612' title='bbox 2194 3772 2376 3814; x_wconf 86' lang='lat' dir='ltr'>causa</span> <span class='ocrx_word' id='word_1_613' title='bbox 2428 3755 2680 3816; x_wconf 84' lang='lat' dir='ltr'>moralis</span> <span class='ocrx_word' id='word_1_614' title='bbox 2728 3755 2927 3814; x_wconf 83' lang='lat' dir='ltr'>ruinae</span> <span class='ocrx_word' id='word_1_615' title='bbox 2970 3753 3259 3833; x_wconf 84' lang='lat' dir='ltr'>proximi,</span> <span class='ocrx_word' id='word_1_616' title='bbox 3292 3759 3363 3812; x_wconf 90' lang='lat' dir='ltr'>ut</span> <span class='ocrx_word' id='word_1_617' title='bbox 3414 3765 3499 3814; x_wconf 84' lang='lat' dir='ltr'>est</span> <span class='ocrx_word' id='word_1_618' title='bbox 3537 3757 3711 3811; x_wconf 85' lang='lat' dir='ltr'>contra</span> 
     </span>
     <span class='ocr_line' id='line_1_93' title="bbox 2193 3841 3712 3923; baseline -0.006 -15"><span class='ocrx_word' id='word_1_619' title='bbox 2193 3847 2583 3923; x_wconf 88' lang='lat' dir='ltr'>charitatem,</span> <span class='ocrx_word' id='word_1_620' title='bbox 2624 3865 2751 3907; x_wconf 89' lang='lat' dir='ltr'>non</span> <span class='ocrx_word' id='word_1_621' title='bbox 2777 3865 2923 3908; x_wconf 87' lang='lat' dir='ltr'>vero</span> <span class='ocrx_word' id='word_1_622' title='bbox 2950 3852 3021 3906; x_wconf 87' lang='lat' dir='ltr'>ut</span> <span class='ocrx_word' id='word_1_623' title='bbox 3058 3853 3151 3908; x_wconf 89' lang='lat' dir='ltr'>est</span> <span class='ocrx_word' id='word_1_624' title='bbox 3193 3852 3407 3906; x_wconf 88' lang='lat' dir='ltr'>contra</span> <span class='ocrx_word' id='word_1_625' title='bbox 3446 3844 3585 3904; x_wconf 87' lang='lat' dir='ltr'>alias</span> <span class='ocrx_word' id='word_1_626' title='bbox 3616 3841 3712 3900; x_wconf 84' lang='lat' dir='ltr'>vir-</span> 
     </span>
     <span class='ocr_line' id='line_1_94' title="bbox 2198 3938 3710 4020; baseline -0.004 -20"><span class='ocrx_word' id='word_1_627' title='bbox 2198 3947 2363 4002; x_wconf 86' lang='lat' dir='ltr'>tutes</span> <span class='ocrx_word' id='word_1_628' title='bbox 2390 3957 2410 4019; x_wconf 84' lang='lat'><em>3</em></span> <span class='ocrx_word' id='word_1_629' title='bbox 2437 3959 2637 4020; x_wconf 87' lang='lat' dir='ltr'>neque</span> <span class='ocrx_word' id='word_1_630' title='bbox 2664 3947 2758 4001; x_wconf 91' lang='lat' dir='ltr'>est</span> <span class='ocrx_word' id='word_1_631' title='bbox 2790 3939 2989 4000; x_wconf 89' lang='lat' dir='ltr'>simile</span> <span class='ocrx_word' id='word_1_632' title='bbox 3028 3939 3104 4000; x_wconf 82' lang='lat' dir='ltr'>de</span> <span class='ocrx_word' id='word_1_633' title='bbox 3140 3938 3247 3999; x_wconf 93' lang='lat' dir='ltr'>illo</span> <span class='ocrx_word' id='word_1_634' title='bbox 3290 3939 3400 4018; x_wconf 85' lang='lat' dir='ltr'>qui</span> <span class='ocrx_word' id='word_1_635' title='bbox 3456 3957 3556 4018; x_wconf 86' lang='lat' dir='ltr'>per</span> <span class='ocrx_word' id='word_1_636' title='bbox 3594 3951 3710 3996; x_wconf 87' lang='lat' dir='ltr'>con-</span> 
     </span>
     <span class='ocr_line' id='line_1_95' title="bbox 2200 4031 3709 4111; baseline -0.004 -19"><span class='ocrx_word' id='word_1_637' title='bbox 2200 4033 2411 4094; x_wconf 88' lang='lat' dir='ltr'>silium</span> <span class='ocrx_word' id='word_1_638' title='bbox 2452 4035 2681 4094; x_wconf 87' lang='lat' dir='ltr'>directe</span> <span class='ocrx_word' id='word_1_639' title='bbox 2735 4033 3011 4107; x_wconf 89' lang='lat' dir='ltr'>inducit,</span> <span class='ocrx_word' id='word_1_640' title='bbox 3054 4049 3203 4092; x_wconf 88' lang='lat' dir='ltr'>nam</span> <span class='ocrx_word' id='word_1_641' title='bbox 3248 4031 3365 4092; x_wconf 87' lang='lat' dir='ltr'>hoc</span> <span class='ocrx_word' id='word_1_642' title='bbox 3412 4036 3603 4111; x_wconf 84' lang='lat' dir='ltr'>aperte</span> <span class='ocrx_word' id='word_1_643' title='bbox 3639 4031 3709 4086; x_wconf 87' lang='lat' dir='ltr'>est</span> 
     </span>
     <span class='ocr_line' id='line_1_96' title="bbox 2200 4119 3687 4204; baseline -0.005 -18"><span class='ocrx_word' id='word_1_644' title='bbox 2200 4134 2416 4187; x_wconf 91' lang='lat' dir='ltr'>contra</span> <span class='ocrx_word' id='word_1_645' title='bbox 2461 4126 2901 4204; x_wconf 87' lang='lat' dir='ltr'>obligationem</span> <span class='ocrx_word' id='word_1_646' title='bbox 2948 4125 3214 4204; x_wconf 85' lang='lat' dir='ltr'>cujusvis</span> <span class='ocrx_word' id='word_1_647' title='bbox 3254 4125 3531 4186; x_wconf 83' lang='lat' dir='ltr'>virtutis:</span> <span class='ocrx_word' id='word_1_648' title='bbox 3560 4119 3687 4182; x_wconf 83' lang='lat' dir='ltr'>habe</span> 
     </span>
     <span class='ocr_line' id='line_1_97' title="bbox 2201 4211 3709 4298; baseline -0.006 -18"><span class='ocrx_word' id='word_1_649' title='bbox 2201 4219 2369 4280; x_wconf 88' lang='lat' dir='ltr'>enim</span> <span class='ocrx_word' id='word_1_650' title='bbox 2423 4219 2781 4298; x_wconf 86' lang='lat' dir='ltr'>adjunctam</span> <span class='ocrx_word' id='word_1_651' title='bbox 2824 4219 3203 4280; x_wconf 83' lang='lat' dir='ltr'>voluntatem</span> <span class='ocrx_word' id='word_1_652' title='bbox 3250 4219 3604 4279; x_wconf 86' lang='lat' dir='ltr'>contrariam</span> <span class='ocrx_word' id='word_1_653' title='bbox 3640 4211 3709 4272; x_wconf 89' lang='lat' dir='ltr'>di·</span> 
     </span>
     <span class='ocr_line' id='line_1_98' title="bbox 2201 4313 2752 4374; baseline -0.004 0"><span class='ocrx_word' id='word_1_654' title='bbox 2201 4317 2364 4374; x_wconf 83' lang='lat' dir='ltr'>recte</span> <span class='ocrx_word' id='word_1_655' title='bbox 2394 4313 2485 4372; x_wconf 91' lang='lat' dir='ltr'>illi</span> <span class='ocrx_word' id='word_1_656' title='bbox 2513 4313 2752 4373; x_wconf 80' lang='lat' dir='ltr'>virtuti.</span> 
     </span>
    </p>

    <p class='ocr_par' dir='ltr' id='par_1_9' title="bbox 2200 4397 3711 5416">
     <span class='ocr_line' id='line_1_99' title="bbox 2284 4397 3711 4486; baseline -0.005 -21"><span class='ocrx_word' id='word_1_657' title='bbox 2284 4406 2381 4466; x_wconf 72' lang='grc'>10.</span> <span class='ocrx_word' id='word_1_658' title='bbox 2435 4404 2749 4468; x_wconf 74' lang='lat' dir='ltr'>Secundus</span> <span class='ocrx_word' id='word_1_659' title='bbox 2804 4405 3015 4467; x_wconf 75' lang='lat' dir='ltr'>modus</span> <span class='ocrx_word' id='word_1_660' title='bbox 3076 4404 3485 4486; x_wconf 72' lang='lat' dir='ltr'>respondendi.</span> <span class='ocrx_word' id='word_1_661' title='bbox 3534 4433 3603 4448; x_wconf 89' lang='lat'>—</span> <span class='ocrx_word' id='word_1_662' title='bbox 3632 4397 3711 4459; x_wconf 78' lang='lat' dir='ltr'>Ad</span> 
     </span>
     <span class='ocr_line' id='line_1_100' title="bbox 2204 4499 3704 4583; baseline -0.007 -21"><span class='ocrx_word' id='word_1_663' title='bbox 2204 4505 2622 4583; x_wconf 72' lang='lat' dir='ltr'>aryumentum</span> <span class='ocrx_word' id='word_1_664' title='bbox 2662 4501 2729 4561; x_wconf 72' lang='lat' dir='ltr'>iu</span> <span class='ocrx_word' id='word_1_665' title='bbox 2782 4517 2949 4560; x_wconf 76' lang='lat' dir='ltr'>uum.</span> <span class='ocrx_word' id='word_1_666' title='bbox 2996 4501 3035 4560; x_wconf 88' lang='lat'>8</span> <span class='ocrx_word' id='word_1_667' title='bbox 3070 4500 3379 4580; x_wconf 74' lang='lat' dir='ltr'>responsio</span> <span class='ocrx_word' id='word_1_668' title='bbox 3432 4500 3495 4560; x_wconf 79' lang='lat' dir='ltr'>ia</span> <span class='ocrx_word' id='word_1_669' title='bbox 3526 4499 3704 4576; x_wconf 80' lang='lat' dir='ltr'>forma.</span> 
     </span>
     <span class='ocr_line' id='line_1_101' title="bbox 2200 4589 3702 4676; baseline -0.003 -21"><span class='ocrx_word' id='word_1_670' title='bbox 2200 4623 2282 4638; x_wconf 91' lang='lat'>-</span> <span class='ocrx_word' id='word_1_671' title='bbox 2322 4592 2425 4656; x_wconf 78' lang='lat' dir='ltr'>Ad</span> <span class='ocrx_word' id='word_1_672' title='bbox 2456 4596 2721 4676; x_wconf 78' lang='lat' dir='ltr'>primam</span> <span class='ocrx_word' id='word_1_673' title='bbox 2756 4593 3268 4670; x_wconf 70' lang='lat' dir='ltr'>confirmationem</span> <span class='ocrx_word' id='word_1_674' title='bbox 3313 4598 3369 4654; x_wconf 74' lang='lat' dir='ltr'>et</span> <span class='ocrx_word' id='word_1_675' title='bbox 3410 4589 3702 4654; x_wconf 70' lang='lat' dir='ltr'>secundam.</span> 
     </span>
     <span class='ocr_line' id='line_1_102' title="bbox 2202 4679 3705 4764; baseline -0.005 -17"><span class='ocrx_word' id='word_1_676' title='bbox 2202 4719 2280 4732; x_wconf 88' lang='lat'>—-</span> <span class='ocrx_word' id='word_1_677' title='bbox 2304 4683 2585 4747; x_wconf 89' lang='lat' dir='ltr'>Secundo</span> <span class='ocrx_word' id='word_1_678' title='bbox 2628 4686 2810 4746; x_wconf 91' lang='lat' dir='ltr'>modo</span> <span class='ocrx_word' id='word_1_679' title='bbox 2842 4703 3162 4764; x_wconf 89' lang='lat' dir='ltr'>possumus</span> <span class='ocrx_word' id='word_1_680' title='bbox 3190 4685 3547 4764; x_wconf 84' lang='lat' dir='ltr'>respondere</span> <span class='ocrx_word' id='word_1_681' title='bbox 3570 4679 3705 4740; x_wconf 82' lang='lat' dir='ltr'>affir-</span> 
     </span>
     <span class='ocr_line' id='line_1_103' title="bbox 2204 4769 3707 4856; baseline -0.007 -16"><span class='ocrx_word' id='word_1_682' title='bbox 2204 4779 2431 4840; x_wconf 85' lang='lat' dir='ltr'>mative</span> <span class='ocrx_word' id='word_1_683' title='bbox 2453 4824 2474 4855; x_wconf 96' lang='lat'>,</span> <span class='ocrx_word' id='word_1_684' title='bbox 2518 4785 2581 4839; x_wconf 84' lang='lat' dir='ltr'>et</span> <span class='ocrx_word' id='word_1_685' title='bbox 2634 4777 2960 4838; x_wconf 80' lang='lat' dir='ltr'>admittere</span> <span class='ocrx_word' id='word_1_686' title='bbox 3004 4795 3219 4838; x_wconf 90' lang='lat' dir='ltr'>omnes</span> <span class='ocrx_word' id='word_1_687' title='bbox 3265 4777 3549 4856; x_wconf 85' lang='lat' dir='ltr'>sequelas,</span> <span class='ocrx_word' id='word_1_688' title='bbox 3592 4769 3707 4849; x_wconf 83' lang='lat' dir='ltr'>quia</span> 
     </span>
     <span class='ocr_line' id='line_1_104' title="bbox 2204 4867 3705 4949; baseline -0.007 -18"><span class='ocrx_word' id='word_1_689' title='bbox 2204 4890 2331 4932; x_wconf 89' lang='lat' dir='ltr'>non</span> <span class='ocrx_word' id='word_1_690' title='bbox 2394 4871 2571 4933; x_wconf 87' lang='lat' dir='ltr'>facile</span> <span class='ocrx_word' id='word_1_691' title='bbox 2620 4870 2987 4948; x_wconf 88' lang='lat' dir='ltr'>intelligitur</span> <span class='ocrx_word' id='word_1_692' title='bbox 3032 4867 3303 4949; x_wconf 79' lang='lat' dir='ltr'>aliquem</span> <span class='ocrx_word' id='word_1_693' title='bbox 3340 4887 3467 4930; x_wconf 85' lang='lat' dir='ltr'>esse</span> <span class='ocrx_word' id='word_1_694' title='bbox 3504 4877 3705 4927; x_wconf 84' lang='lat' dir='ltr'>causam</span> 
     </span>
     <span class='ocr_line' id='line_1_105' title="bbox 2209 4956 3706 5044; baseline 0.001 -19"><span class='ocrx_word' id='word_1_695' title='bbox 2209 4965 2507 5026; x_wconf 86' lang='lat' dir='ltr'>moralem</span> <span class='ocrx_word' id='word_1_696' title='bbox 2548 4964 2756 5044; x_wconf 89' lang='lat' dir='ltr'>aliqua</span> <span class='ocrx_word' id='word_1_697' title='bbox 2806 4965 3045 5025; x_wconf 85' lang='lat' dir='ltr'>ratione</span> <span class='ocrx_word' id='word_1_698' title='bbox 3086 4970 3277 5037; x_wconf 74' lang='grc'><strong>00105,</strong></span> <span class='ocrx_word' id='word_1_699' title='bbox 3309 4962 3475 5024; x_wconf 81' lang='lat' dir='ltr'>verbi</span> <span class='ocrx_word' id='word_1_700' title='bbox 3524 4956 3706 5038; x_wconf 80' lang='lat' dir='ltr'>gratia,</span> 
     </span>
     <span class='ocr_line' id='line_1_106' title="bbox 2207 5051 3707 5137; baseline -0.007 -20"><span class='ocrx_word' id='word_1_701' title='bbox 2207 5057 2703 5137; x_wconf 76' lang='lat' dir='ltr'>intemperantiae</span> <span class='ocrx_word' id='word_1_702' title='bbox 2736 5057 2802 5117; x_wconf 89' lang='lat' dir='ltr'>in</span> <span class='ocrx_word' id='word_1_703' title='bbox 2832 5056 3138 5136; x_wconf 82' lang='lat' dir='ltr'>proximO,</span> <span class='ocrx_word' id='word_1_704' title='bbox 3167 5063 3227 5118; x_wconf 91' lang='lat' dir='ltr'>et</span> <span class='ocrx_word' id='word_1_705' title='bbox 3248 5075 3375 5117; x_wconf 90' lang='lat' dir='ltr'>non</span> <span class='ocrx_word' id='word_1_706' title='bbox 3401 5051 3707 5116; x_wconf 83' lang='lat' dir='ltr'>contrahere</span> 
     </span>
     <span class='ocr_line' id='line_1_107' title="bbox 2206 5139 3708 5229; baseline -0.005 -21"><span class='ocrx_word' id='word_1_707' title='bbox 2206 5150 2352 5210; x_wconf 89' lang='lat' dir='ltr'>inde</span> <span class='ocrx_word' id='word_1_708' title='bbox 2386 5149 2691 5210; x_wconf 84' lang='lat' dir='ltr'>malitiam</span> <span class='ocrx_word' id='word_1_709' title='bbox 2721 5150 3233 5229; x_wconf 60' lang='lat' dir='ltr'>intemperantias.</span> <span class='ocrx_word' id='word_1_710' title='bbox 3266 5150 3344 5210; x_wconf 89' lang='lat' dir='ltr'>Et</span> <span class='ocrx_word' id='word_1_711' title='bbox 3364 5155 3507 5208; x_wconf 87' lang='lat' dir='ltr'>tunc</span> <span class='ocrx_word' id='word_1_712' title='bbox 3523 5145 3589 5205; x_wconf 85' lang='lat' dir='ltr'>ad</span> <span class='ocrx_word' id='word_1_713' title='bbox 3610 5139 3708 5220; x_wconf 85' lang='lat' dir='ltr'>pri·</span> 
     </span>
     <span class='ocr_line' id='line_1_108' title="bbox 2206 5243 3704 5323; baseline -0.006 -20"><span class='ocrx_word' id='word_1_714' title='bbox 2206 5261 2377 5303; x_wconf 89' lang='lat' dir='ltr'>mum</span> <span class='ocrx_word' id='word_1_715' title='bbox 2396 5289 2417 5319; x_wconf 90' lang='lat'>,</span> <span class='ocrx_word' id='word_1_716' title='bbox 2460 5261 2741 5305; x_wconf 88' lang='lat' dir='ltr'>concessa</span> <span class='ocrx_word' id='word_1_717' title='bbox 2773 5244 2973 5323; x_wconf 86' lang='lat' dir='ltr'>prima</span> <span class='ocrx_word' id='word_1_718' title='bbox 3012 5243 3281 5321; x_wconf 85' lang='lat' dir='ltr'>sequela,</span> <span class='ocrx_word' id='word_1_719' title='bbox 3312 5247 3577 5322; x_wconf 82' lang='lat' dir='ltr'>negatur,</span> <span class='ocrx_word' id='word_1_720' title='bbox 3604 5249 3704 5294; x_wconf 86' lang='lat' dir='ltr'>mo-</span> 
     </span>
     <span class='ocr_line' id='line_1_109' title="bbox 2204 5328 3702 5416; baseline -0.007 -21"><span class='ocrx_word' id='word_1_721' title='bbox 2204 5335 2417 5396; x_wconf 87' lang='lat' dir='ltr'>raliter</span> <span class='ocrx_word' id='word_1_722' title='bbox 2462 5335 2792 5416; x_wconf 89' lang='lat' dir='ltr'>loquendo,</span> <span class='ocrx_word' id='word_1_723' title='bbox 2834 5336 3031 5397; x_wconf 86' lang='lat' dir='ltr'>teneri</span> <span class='ocrx_word' id='word_1_724' title='bbox 3080 5336 3257 5396; x_wconf 89' lang='lat' dir='ltr'>illum</span> <span class='ocrx_word' id='word_1_725' title='bbox 3310 5337 3387 5397; x_wconf 86' lang='lat' dir='ltr'>ad</span> <span class='ocrx_word' id='word_1_726' title='bbox 3422 5328 3702 5396; x_wconf 85' lang='lat' dir='ltr'>restitutio-</span> 
     </span>
    </p>
   </div>
   <div class='ocr_carea' id='block_1_5' title="bbox 2290 5517 3649 5599">
    <p class='ocr_par' dir='ltr' id='par_1_10' title="bbox 2290 5517 3649 5599">
     <span class='ocr_line' id='line_1_110' title="bbox 2290 5517 3649 5599; baseline -0.007 -13"><span class='ocrx_word' id='word_1_727' title='bbox 2290 5527 2305 5562; x_wconf 87' lang='lat'><strong>¹</strong></span> <span class='ocrx_word' id='word_1_728' title='bbox 2354 5525 2505 5586; x_wconf 85' lang='lat' dir='ltr'>Vide</span> <span class='ocrx_word' id='word_1_729' title='bbox 2535 5525 2599 5585; x_wconf 91' lang='lat' dir='ltr'>in</span> <span class='ocrx_word' id='word_1_730' title='bbox 2636 5530 2813 5585; x_wconf 89' lang='lat' dir='ltr'>tract.</span> <span class='ocrx_word' id='word_1_731' title='bbox 2840 5523 2917 5586; x_wconf 87' lang='lat' dir='ltr'>de</span> <span class='ocrx_word' id='word_1_732' title='bbox 2940 5522 3327 5598; x_wconf 81' lang='lat' dir='ltr'>VoluntariO,</span> <span class='ocrx_word' id='word_1_733' title='bbox 3358 5523 3419 5584; x_wconf 83' lang='lat' dir='ltr'>d.</span> <span class='ocrx_word' id='word_1_734' title='bbox 3452 5525 3505 5599; x_wconf 78' lang='grc'>1,</span> <span class='ocrx_word' id='word_1_735' title='bbox 3531 5538 3573 5580; x_wconf 89' lang='grc'>5.</span> <span class='ocrx_word' id='word_1_736' title='bbox 3602 5517 3649 5576; x_wconf 80' lang='lat'>5.</span> 
     </span>
    </p>
   </div>
  </div>
 </body>
</html>
