3900 6217
541 336 661 397 656

540 443 643 503 via
669 446 713 502 ¹.
740 444 1071 519 Caeterum,
1092 442 1237 523 quia
1262 443 1381 505 hoc
1407 444 1594 506 etiam
1616 446 1747 507 sine
1772 446 2102 509 sufficienti

539 534 942 597 fundamento
971 535 1195 597 dicitur
1216 582 1237 614 ,
1273 536 1412 599 ideo
1442 538 1817 618 probabilior
1843 545 1934 600 cst
1962 558 2103 601 con-

539 628 733 691 clusio
769 630 991 710 posita.
1036 630 1247 692 Solum
1291 632 1643 694 addendum
1692 640 1782 695 est
1825 636 2104 698 accidere

536 740 711 803 posse
752 723 1115 785 charitatem
1163 724 1280 786 viae
1329 743 1459 789 esse
1506 728 1572 787 in
1614 728 1905 790 continuo
1948 747 2103 809 aug-

538 824 748 879 mento
773 818 1135 880 intensionis
1162 838 1355 899 usque
1383 820 1461 880 ad
1485 822 1820 883 terminum
1844 826 2105 885 exterio-

536 928 668 971 rem
698 912 814 972 viae
841 917 901 972 et
935 912 1289 974 interiorem
1320 914 1557 993 patrias,
1585 922 1645 975 et
1678 921 1827 976 tunc
1864 934 2106 979 necesse

536 1010 628 1064 est
644 1003 1003 1065 charitatem
1033 1006 1099 1066 in
1124 1005 1232 1067 illo
1260 1008 1511 1068 instanti
1542 1010 1864 1088 pervenire
1890 1010 1971 1072 ad
1997 1011 2108 1071 ali-

534 1114 721 1175 quem
743 1098 1002 1176 gradum
1022 1099 1412 1177 intensioniS,
1437 1119 1621 1181 quem
1646 1121 1771 1163 non
1793 1102 2016 1165 habuit
2032 1105 2100 1165 in

540 1197 664 1251 tota
684 1190 812 1252 vita
827 1207 847 1269 3
870 1200 1073 1253 tamen
1111 1192 1175 1253 in
1202 1193 1310 1254 illo
1338 1195 1592 1256 instanti
1615 1196 1772 1257 nihil
1794 1195 2098 1259 divisibile

538 1282 631 1344 illi
658 1284 937 1345 additum
969 1293 1082 1362 est,
1116 1287 1220 1347 sed
1252 1287 1644 1349 indivisibilis
1685 1289 1938 1368 quidam
1979 1296 2101 1351 ter-

534 1378 763 1453 minus,
806 1385 867 1439 et
901 1378 1039 1439 ideo
1068 1379 1434 1460 simpliciter
1465 1401 1591 1442 non
1628 1386 1718 1443 est
1747 1383 1946 1461 major
1971 1398 1992 1460 3
2038 1390 2099 1445 et

534 1470 672 1533 hoec
712 1473 924 1533 omnia
962 1492 1109 1534 vera
1153 1481 1317 1547 sunt,
1369 1477 1681 1555 praecipue
1731 1475 1807 1537 de
1853 1477 2094 1539 habitu.

533 1566 688 1626 Nam
714 1573 886 1627 actus
922 1568 1038 1629 viae
1079 1568 1209 1629 fere
1236 1587 1478 1649 semper
1515 1576 1661 1630 sunt
1691 1570 2094 1647 remissiorem,

530 1658 677 1720 licet
718 1678 844 1720 non
870 1668 1175 1741 repugnet
1201 1680 1329 1723 esse
1367 1662 1655 1742 aequales.

504 1770 511 1775 ·
612 1754 671 1815 6.
709 1754 943 1831 Quarta
971 1754 1521 1819 conclusio—Dico
1542 1763 1763 1837 quarto
1788 1757 2096 1820 :charitas

530 1848 750 1929 patriae
779 1849 1021 1910 excedit
1057 1850 1117 1909 in
1159 1856 1319 1910 statu
1347 1868 1804 1931 quamcumque
1834 1852 2096 1912 charita-

530 1946 658 2001 tem
700 1942 838 2016 viae,
882 1960 1007 2020 qua
1046 1943 1284 2003 ratione
1331 1948 1529 2023 potest
1570 1943 1691 2003 dici
1729 1944 2096 2024 simpliciter

531 2034 860 2113 perfectior
872 2050 893 2113 3
935 2036 1200 2097 sumitur
1233 2055 1311 2096 ex
1348 2036 1531 2096 modo
1562 2035 1856 2116 loquendi
1902 2056 2094 2099 sacrae

530 2128 889 2209 Scripturae,
911 2134 973 2189 et
996 2128 1275 2203 Patrum:
1300 2130 1518 2207 primae
1538 2130 1767 2192 Corint.
1800 2132 1877 2192 13
1901 2152 1915 2190 ε
1950 2130 2097 2194 Cum

530 2239 715 2283 essem
749 2222 1067 2299 parvulus,
1111 2221 1389 2303 loquebar
1427 2227 1499 2285 ut
1531 2223 1855 2304 parvulus,
1900 2223 2095 2305 sapie-

532 2315 664 2378 bam
686 2319 756 2376 ut
780 2316 1100 2393 parvulus,
1131 2316 1464 2399 coyitabam
1492 2322 1558 2378 ut
1579 2318 1879 2397 parvulus
1886 2343 1913 2391 ;
1928 2322 2095 2396 post-

529 2425 711 2489 quam
762 2413 961 2471 autem
1010 2412 1211 2489 factus
1258 2427 1396 2471 aum
1450 2410 1581 2485 vir,
1630 2408 1913 2473 evacuavi
1961 2430 2096 2492 quoe

528 2502 705 2563 erant
729 2500 1001 2581 parvuli.
1035 2500 1148 2562 Ubi
1195 2500 1520 2581 Apostolus
1551 2504 1971 2583 metaphorica
2014 2506 2094 2566 si-

526 2594 879 2654 militudine
902 2599 1133 2655 statum
1162 2595 1276 2656 viae
1300 2602 1615 2675 comparat
1642 2598 1946 2677 pueritiae,
1972 2609 2090 2660 sta-

525 2698 659 2749 tum
690 2693 895 2748 autem
925 2688 1141 2767 patriae
1184 2688 1422 2750 confert
1451 2691 1618 2751 aetati
1645 2690 1952 2771 perfeetoe,
1981 2712 2090 2755 seu

523 2780 729 2856 virili,
776 2786 847 2842 ut
892 2780 1198 2859 significet
1242 2789 1546 2861 quantum
1599 2784 1666 2844 in
1716 2784 2088 2865 perfectione

523 2892 689 2936 unus
726 2875 987 2936 alterum
1015 2874 1283 2937 excedat.
1319 2876 1493 2937 Unde
1520 2876 1597 2937 ad
1630 2878 1893 2959 Philipp.
1923 2882 1983 2952 3,
2011 2880 2088 2943 de

522 2970 607 3030 sei
613 2987 723 3048 pso
756 2968 903 3029 dicit
948 2984 964 3027 ε
1006 2966 1152 3031 Non
1205 2969 1364 3049 quod
1407 2972 1756 3049 acceperim,
1800 2977 1909 3035 aut
1944 2974 2089 3054 jam

516 3066 814 3140 perfectus
855 3062 992 3136 sim,
1027 3079 1239 3143 sequor
1269 3067 1469 3125 autem
1510 3064 1569 3125 si
1610 3065 1891 3144 quomodo
1935 3083 2089 3129 oom-

513 3155 899 3236 prehendam.
944 3155 1019 3215 Et
1067 3155 1465 3235 Augustinus,
1514 3156 1660 3235 quia
1704 3157 1771 3217 in
1811 3157 1970 3219 libro
2012 3160 2089 3221 de

518 3246 790 3309 Moribus
831 3246 1137 3322 Ecclesiae,
1187 3248 1546 3309 charitatem
1595 3248 1716 3311 vioe
1766 3258 2092 3313 vocaverat

513 3341 783 3424 plenam,
812 3342 881 3402 in
915 3341 959 3402 l.
992 3346 1021 3403 1
1067 3342 1361 3416 Retract.,
1402 3361 1455 3404 6.
1489 3345 1552 3419 ’1,
1593 3344 1656 3404 id
1683 3344 1974 3405 emendat
1998 3346 2088 3406 di-

520 3453 700 3497 cens:
729 3432 955 3497 Melius
983 3436 1280 3499 diceretur
1306 3437 1545 3500 sincera
1573 3456 1755 3518 quam
1782 3438 1984 3519 plena,
2015 3458 2089 3503 no

515 3530 672 3607 sorte
712 3532 1036 3609 putaretur
1081 3530 1435 3593 charitatem
1484 3530 1599 3593 Dei
1646 3548 1764 3591 non
1808 3535 2087 3609 suturam

519 3638 643 3684 esse
683 3622 995 3701 majorem,
1027 3623 1260 3703 quando
1306 3624 1630 3686 videbimus
1672 3624 1829 3703 facie
1873 3626 1958 3687 ad
1994 3629 2086 3704 fa-

330 3742 334 3747 ·
427 3754 433 3759 -
518 3716 688 3777 ciem.
722 3714 997 3775 Et·idem
1035 3714 1439 3794 Augustinus,
1462 3715 1507 3776 l.
1536 3718 1573 3777 2
1612 3716 1837 3778 Contra
1868 3716 2087 3779 adver-

516 3808 747 3870 sarium
784 3808 939 3887 legis
968 3814 1027 3869 et
1062 3808 1403 3888 Prophetae,
1426 3827 1479 3870 c.
1512 3810 1573 3885 5,
1597 3810 1909 3890 explicans
1928 3811 2086 3873 illud

514 3902 686 3965 Matt.
733 3904 802 3963 Η
837 3925 851 3962 :
887 3902 1004 3977 Qui
1034 3908 1233 3965 autem
1256 3902 1455 3964 minor
1481 3902 1661 3967 estin
1692 3922 1875 3984 rayno
1914 3907 2085 3971 σαῖσ-

512 4012 671 4071 rum,
700 3999 902 4077 major
936 4003 1024 4061 est
1055 3998 1187 4075 illo,
1229 3998 1306 4059 de
1337 4016 1534 4075 regno
1556 3997 1812 4074 coelesti,
1854 4000 1931 4061 de
1959 4020 2082 4082 quo

513 4089 579 4151 in
605 4089 727 4152 fine
753 4090 1029 4159 dicturus
1061 4098 1150 4154 est
1184 4090 1350 4153 idem
1381 4091 1693 4153 Christus:
1739 4092 1966 4171 Venite,
1993 4096 2083 4160 be-

510 4184 735 4247 nedicti
761 4183 979 4249 Patris
1014 4186 1156 4263 mei,
1186 4182 1479 4269 percipite
1514 4204 1787 4268 reynum,
1826 4187 2082 4267 subjun-

513 4277 646 4357 git:
676 4279 771 4341 Et
792 4279 938 4358 quia
960 4278 1045 4341 ibi
1066 4285 1212 4344 sunt
1240 4277 1442 4341 sancti
1467 4279 1715 4358 Anqezi,
1742 4280 1990 4361 quilibet
2015 4282 2082 4345 in

512 4368 598 4433 eis
629 4369 846 4444 minor,
886 4374 1087 4453 major
1127 4378 1215 4435 est
1256 4371 1460 4453 utiquo
1492 4373 1749 4453 quolibet
1777 4379 1986 4439 sancto
2027 4382 2083 4440 et

495 4465 673 4544 jvcsto
690 4470 975 4545 portante
1003 4483 1219 4547 corpus
1247 4467 1406 4548 quod
1431 4466 1864 4546 corrmnpitm
1891 4472 1949 4531 et
1977 4487 2081 4549 ay-

508 4560 730 4640 9ravat
760 4560 1046 4621 animam.
1075 4560 1152 4619 Et
1181 4558 1619 4638 HieronymuS,
1646 4561 1863 4621 eadem
1888 4560 2078 4622 verba

508 4650 732 4712 Christi
760 4652 1131 4731 ponderans,
1161 4652 1229 4713 iu
1272 4652 1454 4731 capit.
1505 4656 1574 4713 11
1611 4653 1827 4715 Matth.
1860 4676 1874 4715 ε
1913 4654 2072 4727 Nos,

508 4741 714 4823 inquit
736 4790 756 4820 ‚
806 4743 1163 4827 simpliciter
1215 4745 1631 4827 intelliqamus
1678 4747 1839 4826 quod
1882 4750 2076 4811 omnis

507 4842 781 4913 sanctus,
812 4838 917 4919 qui
934 4840 1072 4918 Jam
1112 4857 1244 4901 oum
1282 4840 1404 4901 Deo
1444 4843 1553 4914 est,
1578 4841 1777 4921 major
1814 4838 1900 4904 sit
1936 4841 2072 4916 illo,

508 4929 613 5008 qui
656 4930 847 4993 adhuc
888 4932 1169 4995 consistit
1217 4932 1284 4993 in
1318 4933 1584 5013 praelio:
1633 4951 1770 5012 quae
1822 4932 2074 5012 quidem

507 5022 806 5101 expositio
863 5024 1024 5084 inter
1063 5014 1315 5085 caeteras
1366 5026 1611 5088 videtur
1658 5026 2076 5090 accommoda-

506 5116 647 5177 tior.
695 5118 955 5179 Ratione
995 5123 1197 5198 patet,
1252 5138 1398 5179 nam
1442 5120 1709 5180 charitas
1764 5120 1830 5181 in
1874 5122 2074 5201 patria

507 5210 685 5270 estin
712 5217 875 5271 statu
902 5212 1315 5287 connaturaH,
1341 5212 1445 5273 hic
1473 5232 1617 5274 vero
1644 5216 2076 5293 peregrinatur

506 5319 544 5362 a
600 5304 885 5380 Domino,
931 5306 970 5365 2
1017 5304 1249 5368 Corint.
1301 5306 1361 5379 5,
1405 5305 1570 5386 quod
1613 5307 1701 5367 ita
1744 5305 2071 5386 intellige:

591 5492 606 5527 ¹
648 5490 733 5550 De
760 5488 878 5550 hac
905 5490 1195 5570 opinione
1222 5490 1345 5552 late
1368 5490 1412 5552 l.
1446 5492 1523 5552 12
1548 5490 1624 5553 dc
1652 5491 1852 5568 Grat.,
1880 5511 1933 5554 6.
1965 5495 2066 5555 31.

1567 346 1805 399 msPtrr.
1842 346 1925 399 111.
1962 346 2043 397 m:
2075 346 2306 401 nABrrn
2339 346 2725 401 enauimus.

2185 466 2293 527 gra
2303 449 2410 526 tia,
2431 468 2570 530 qnoe
2598 448 2736 509 fons
2763 452 2855 507 est
2883 443 3218 521 charitatiS,
3235 446 3424 509 forma
3446 452 3684 529 quasdam

2185 546 2276 601 est
2299 539 2806 621 supernaturaliS,
2825 556 2934 618 per
2954 556 3142 617 quam
3162 537 3426 601 divinam
3443 550 3686 606 naturam

2184 634 2390 696 altiori
2421 638 2604 697 modo
2631 634 3104 715 participamus¹
3133 634 3318 708 ;sicut
3335 651 3472 711 ergo
3485 644 3686 699 naturae

2187 727 2411 789 divinae
2433 726 2836 789 connaturale
2859 732 2952 786 est
2968 724 3201 797 lumen,
3226 743 3344 804 quo
3363 745 3422 787 se
3439 738 3689 807 perpetuo

2191 821 2378 897 videt,
2423 840 2499 883 ex
2536 839 2659 901 quo
2706 821 2892 881 etiam
2924 838 3034 899 per
3073 837 3139 879 se
3179 819 3371 879 oritur
3406 828 3692 899 perpetuus

2187 934 2384 991 amor,
2416 922 2477 977 et
2515 916 2673 977 sicut
2702 915 2927 977 auimae
2960 911 3248 974 rationali
3276 912 3518 976 debetur
3543 925 3692 979 natu-

2187 992 2315 1069 rale
2371 1009 2582 1070 lumen
2646 1006 2994 1069 intellectus
3021 1052 3040 1083 ,
3098 1024 3174 1068 ex
3226 1024 3346 1086 quo
3396 1007 3576 1069 oritur
3618 1012 3693 1071 vis

2179 1101 2465 1177 amandi,
2496 1103 2586 1162 ita
2615 1100 2830 1179 gratia!
2869 1119 2982 1179 per
3018 1118 3104 1176 se,
3137 1106 3200 1161 et
3240 1107 3456 1163 natura
3493 1119 3612 1178 sua,
3639 1112 3696 1164 ut

2181 1193 2449 1275 perfecta
2479 1194 2579 1269 sit,
2605 1193 2865 1255 debetur
2888 1193 3102 1254 lumen
3133 1211 3258 1272 quo
3283 1192 3516 1255 videtur
3537 1195 3690 1271 Deus;

2180 1293 2242 1349 et
2279 1287 2494 1349 eadem
2535 1286 2800 1363 ratione,
2831 1286 3004 1366 quasi
3041 1286 3436 1347 connaturale
3465 1296 3546 1347 est
3577 1289 3694 1351 cha-

2179 1380 2347 1441 ritati
2395 1399 2524 1441 esse
2571 1386 2968 1460 conjunctam
3015 1378 3161 1439 huic
3209 1378 3452 1455 lumini,
3497 1386 3552 1441 et
3585 1380 3695 1443 ideo

2182 1472 2462 1553 quandiu
2481 1472 2690 1534 abillo
2715 1472 3086 1552 sejungitur,
3110 1476 3200 1533 est
3223 1479 3394 1532 extra
3419 1475 3692 1553 proprium

2179 1572 2432 1643 statum,
2471 1567 2654 1647 idque
2692 1583 2769 1628 ex
2799 1564 3068 1645 quadam
3102 1564 3455 1625 necessitate
3480 1566 3567 1627 vel
3599 1568 3694 1646 pri-

2176 1660 2428 1738 vilegio,
2485 1666 2558 1720 ut
2603 1658 2856 1720 daretur
2903 1658 3072 1718 locus
3127 1658 3385 1719 meritis.
3431 1658 3689 1733 Secundo,

2175 1752 2443 1815 charitas
2488 1754 2555 1813 in
2603 1752 2805 1833 patria
2846 1769 2883 1812 a
2926 1750 3103 1811 nullo
3155 1758 3356 1831 potest
3399 1752 3692 1830 retardari,

2175 1865 2379 1926 neque
2407 1846 2693 1927 impediri
2723 1844 3060 1925 quominus
3089 1850 3224 1905 toto
3257 1851 3477 1906 conatu
3503 1844 3696 1906 feratur

2174 1942 2239 2003 in
2272 1944 2504 2019 Deum;
2532 1958 2706 2003 secus
2729 1948 2822 2002 est
2849 1942 2914 2001 in
2946 1942 3070 2001 via.
3101 1941 3336 2013 Tertio,
3365 1940 3606 2001 charitas
3627 1940 3697 2001 ibi

2177 2036 2390 2096 omnia
2436 2036 2626 2097 refert
2673 2036 2739 2096 in
2786 2052 2930 2096 eum
2978 2052 3167 2114 quem
3217 2050 3454 2095 summe
3495 2033 3694 2113 diligit,

2178 2129 2345 2191 unde
2372 2128 2443 2189 fit
2465 2136 2536 2190 ut
2563 2146 2811 2191 omnem
2842 2128 3486 2202 inconsiderationem,
3512 2133 3567 2187 et
3590 2146 3695 2187 om-

2127 2220 2144 2237 ’
2174 2242 2321 2284 nem
2357 2224 2456 2283 vel
2481 2223 2858 2285 levissimam
2886 2221 3195 2283 incuriam
3224 2220 3530 2294 excludat3
3559 2240 3697 2281 secus

2175 2326 2267 2379 est
2306 2318 2373 2379 in
2410 2317 2530 2378 via.
2561 2319 2812 2391 Quarto,
2843 2320 2891 2377 si
2923 2317 3228 2377 rationem
3260 2314 3533 2375 amicitiai
3560 2332 3697 2393 spec·

2173 2415 2288 2486 tes,
2334 2410 2423 2470 ibi
2458 2409 2690 2471 habent
2717 2428 2933 2471 omnes
2959 2408 3094 2488 ejus
3123 2406 3502 2469 conditiones
3529 2405 3697 2467 altiori

2173 2503 2372 2583 gradu
2439 2521 2751 2564 summam
2821 2502 3327 2583 conjunctionem
3357 2546 3377 2576 ,
3447 2500 3697 2561 eximiam

2174 2597 2820 2674 communicationem,
2845 2604 2963 2657 etc.
2990 2597 3201 2657 Status
3233 2596 3442 2675 igitur,
3467 2614 3564 2655 seu
3589 2611 3696 2673 pcr-

2171 2690 2469 2751 fectiones
2492 2710 2631 2770 quae
2659 2708 2734 2751 ex
2762 2690 2858 2751 his
2884 2689 3179 2752 omnibus
3207 2696 3593 2767 consurgunt,
3617 2705 3698 2747 vo-

2172 2789 2394 2844 cantur
2419 2801 2457 2844 a
2492 2784 2559 2845 D.
2590 2782 2852 2859 Thoma,
2891 2786 2952 2845 2.
2985 2785 3047 2857 2,
3091 2802 3153 2861 q.
3187 2782 3292 2855 24,
3322 2789 3436 2843 art.
3468 2784 3524 2857 7,
3555 2780 3621 2841 ad
3647 2782 3696 2853 3,

2170 2883 2232 2937 et
2261 2878 2298 2937 3
2325 2882 2482 2957 part.
2491 2922 2512 2952 ,
2544 2895 2605 2956 q.
2637 2878 2700 2953 7,
2731 2896 2788 2937 a.
2827 2880 2926 2951 1¹,
2956 2875 3037 2937 ad
3065 2879 3123 2950 3,
3155 2877 3468 2956 quantitas
3487 2874 3696 2934 alterins

2168 2970 2449 3045 rationis,
2473 2988 2611 3049 quae
2642 2988 2766 3031 uon
2801 2976 2997 3049 potest
3029 2988 3159 3030 esse
3183 2970 3249 3030 in
3274 2969 3559 3030 charitate
3585 2968 3694 3041 viae,

2169 3062 2317 3142 quia
2352 3060 2482 3123 hoec
2509 3062 2721 3125 omnia
2745 3061 2962 3123 intime
2991 3063 3284 3123 oriuntur
3313 3080 3384 3123 ex
3426 3062 3652 3121 visione.

2252 3160 2312 3219 7.
2365 3156 2774 3221 Corollarium
2808 3173 2882 3218 ιω
2919 3172 3033 3237 quo
3073 3154 3357 3236 Gajetaui
3387 3154 3607 3219 axioma
3625 3173 3699 3215 re-

2166 3250 2427 3330 fellitur.
2478 3282 2558 3296 —
2597 3249 2756 3310 Hinc
2804 3247 3119 3327 colligitur
3176 3247 3521 3309 differentia
3563 3249 3697 3306 inter

2169 3344 2364 3404 dictas
2414 3342 2816 3423 perfectiones
2860 3350 2921 3402 et
2959 3342 3381 3403 intensionem
3395 3357 3416 3421 3
3449 3358 3583 3401 nam
3623 3340 3696 3399 in-

2167 3435 2369 3497 tensio
2412 3435 2702 3496 convenit
2745 3434 3034 3495 charitati
3078 3436 3424 3496 secundum
3462 3453 3544 3509 se,
3581 3450 3694 3493 cum

2167 3546 2557 3607 quacumque
2618 3527 2968 3606 cognitione
3018 3528 3358 3606 conjuncta
3413 3528 3516 3601 sit;
3561 3524 3695 3587 uude

2165 3621 2298 3683 haec
2339 3620 2632 3701 perfectio
2687 3622 2931 3702 utrique
2967 3622 3156 3683 statui
3214 3620 3554 3682 communis
3581 3626 3689 3692 est3

2166 3714 2303 3776 aliae
2353 3732 2498 3776 vero
2553 3714 2962 3795 perfectiones
3011 3715 3305 3777 oriuntur
3355 3714 3586 3795 praecise
3632 3731 3694 3773 ex

2164 3807 2426 3883 visione,
2459 3808 2624 3869 unde
2667 3807 2894 3869 falsum
2939 3815 3032 3868 cst
3080 3807 3238 3869 illud
3275 3811 3516 3870 axioma
3555 3806 3694 3884 Caje-

2165 3902 2321 3979 tani,
2357 3920 2608 3963 omnem
2653 3896 3096 3982 perfectionem
3123 3903 3442 3965 charitatis
3481 3920 3596 3965 esse
3618 3900 3694 3961 di-

2164 4014 2352 4058 versae
2377 3996 2634 4057 rationis
2663 3997 2731 4057 in
2755 3997 2856 4057 via
2885 4001 2948 4058 et
2973 3998 3039 4056 in
3070 3998 3274 4077 patria
3301 3993 3532 4072 ;sblum
3551 3995 3690 4055 enim

2163 4089 2439 4169 procedit
2460 4088 2536 4151 de
2555 4088 3036 4169 perfectionibus
3077 4109 3217 4171 quoe
3241 4091 3487 4172 praecise
3513 4088 3690 4149 oriun-

2163 4190 2266 4244 tur
2285 4201 2363 4243 61
2385 4183 2621 4245 visione
2648 4183 2778 4245 Dei.
2821 4182 2992 4246 Dices
3018 4209 3033 4244 ε
3066 4202 3286 4245 omnes
3327 4182 3688 4264 perfectiones

2164 4284 2506 4339 numeratae
2542 4284 2689 4339 sunt
2717 4278 3074 4340 extrinsecae
3105 4277 3418 4353 charitati,
3447 4274 3565 4339 sola
3599 4291 3686 4333 au-
3733 4299 3738 4303 ·

2161 4379 2290 4433 tem
2337 4372 2604 4434 intensio
2652 4378 2887 4454 spectat
2938 4372 3018 4433 ad
3077 4372 3214 4451 ejus
3279 4370 3682 4439 substantiam

2162 4483 2311 4545 ergo
2331 4464 2464 4528 haec
2491 4466 2921 4547 praeponderat
2957 4466 3233 4545 reliquis,
3263 4463 3680 4545 Respondetur:

2161 4560 2214 4620 si
2244 4560 2660 4640 metaphysica
2717 4560 2793 4622 de
2847 4560 3220 4641 perfectione
3266 4557 3576 4621 entitativa
3609 4554 3682 4614 lo-

2158 4672 2447 4734 quamur,
2480 4654 2569 4714 ita
2602 4660 2728 4731 est;
2774 4660 3072 4730 attamen,
3103 4654 3413 4734 loquendo
3443 4652 3682 4713 humano

2157 4745 2342 4806 modo
2366 4752 2549 4826 prout
2575 4744 2844 4808 charitas
2869 4746 3294 4809 consideratur
3317 4746 3382 4807 in
3405 4744 3602 4806 ordine
3618 4738 3681 4801 ad

2156 4838 2393 4901 bonum
2421 4846 2483 4901 et
2525 4841 2995 4902 convenientem
3039 4858 3220 4901 usum
3257 4856 3502 4901 suarum
3527 4835 3680 4896 actio-

2155 4950 2333 5009 num,
2368 4932 2592 4994 dicitur
2619 4931 2883 4994 charitas
2905 4932 3233 5013 perfectior
3271 4930 3608 5011 simpliciter
3626 4925 3680 4984 in

2155 5032 2318 5086 statu
2366 5026 2604 5106 patriae.
2671 5025 2933 5106 Ohjicics
2969 5043 2986 5087 ε
3028 5032 3227 5105 potest
3277 5041 3404 5087 esse
3450 5020 3683 5084 charitas

2155 5120 2271 5180 viae
2293 5124 2488 5194 tanta,
2519 5137 2590 5181 ac
2617 5116 3252 5199 aliis'perfectionibus
3280 5118 3606 5196 conjuncta,
3625 5116 3681 5171 ut

2157 5212 2610 5275 confirmationi
2669 5214 2734 5273 in
2794 5215 2997 5293 gratia
3021 5263 3038 5287 ,
3107 5208 3554 5293 praeservationi
3612 5204 3678 5264 ab

2241 5402 2257 5437 ¹
2305 5400 2390 5460 De
2433 5397 2554 5459 hac
2595 5399 3072 5482 participatione
3116 5398 3238 5463 late
3271 5399 3314 5461 l.
3347 5399 3386 5460 6
3410 5396 3483 5457 de
3507 5396 3678 5465 Crat„

2153 5511 2208 5555 c.
2247 5494 2344 5569 13,
2376 5490 2509 5554 etl.
2542 5496 2600 5570 7,
2627 5512 2681 5556 c.
2715 5498 2775 5556 2.
