3900 6217
501 344 623 408 720

503 451 862 532 simpliciter
889 450 1092 528 magis
1119 448 1470 528 diliguntur
1499 449 1856 525 sanctiores,
1875 467 2065 529 quam

503 544 598 606 illi
622 546 727 622 qui
750 544 1006 605 fuerunt
1033 543 1484 621 conjunctiores
1507 542 1575 603 in
1593 545 1718 604 via.
1751 543 1932 604 Ratio
1949 549 2066 618 est,

505 638 654 718 quia
679 643 832 698 tunc
857 635 1116 698 cessabit
1144 635 1410 716 provisio
1461 635 1529 697 in
1571 635 1674 696 via
1703 635 2066 712 necessaria,

505 737 570 793 et
593 730 911 810 subjectiO,
941 729 1182 790 ratione
1223 729 1401 807 cujus
1434 727 1701 790 charitas
1725 728 1794 790 in
1834 729 1930 790 via
1974 730 2073 789 in-

506 825 776 886 clinabat
808 824 888 884 ad
922 822 1307 901 diligendum
1337 824 1538 902 magis
1573 825 2031 903 conjunctiores
2048 839 2069 901 3

505 919 669 998 quod
697 920 886 980 etiam
912 916 1258 997 explicatur
1285 933 1362 978 ex
1393 916 1594 979 dictis.
1619 917 1776 978 Nam
1805 917 1857 978 si
1877 920 1945 979 in
1971 917 2075 978 via

504 1011 682 1074 nulla
713 1017 867 1073 esset
893 1028 1030 1091 spes
1061 1010 1138 1072 de
1171 1009 1474 1090 spirituali
1503 1010 1782 1090 profectu
1819 1011 2074 1093 propin-

506 1125 798 1186 quorum,
821 1103 1178 1186 simpliciter
1203 1109 1404 1166 essent
1432 1103 1720 1166 meliores
1745 1105 2074 1184 praeferen-

506 1199 594 1276 di,
635 1206 709 1260 ut
740 1199 973 1260 dict-um
1019 1203 1143 1271 est;
1179 1197 1284 1258 sed
1326 1198 1460 1276 jam
1503 1196 1593 1258 ibi
1637 1203 1831 1260 cessat
1869 1198 2073 1258 omnis

507 1311 667 1374 spes,
697 1300 759 1355 et
785 1292 1052 1372 charitas
1079 1296 1172 1354 est
1198 1291 1265 1351 in
1293 1291 1562 1352 termino
1576 1307 1597 1369 ;
1629 1309 1797 1370 ergo.
1839 1291 2073 1354 Confir-

507 1393 735 1463 matur,
773 1388 920 1467 quia
961 1385 1148 1448 etiam
1196 1391 1346 1445 tunc
1399 1385 1717 1446 vinculum
1759 1385 2075 1447 charitatis

507 1488 598 1544 est
641 1500 884 1544 summe
932 1480 1298 1562 perfectum,
1330 1485 1392 1542 et
1430 1497 1680 1560 prorsus
1719 1480 2038 1543 immobile
2051 1496 2072 1558 ;

507 1583 571 1638 et
597 1593 738 1637 cum
773 1576 918 1636 divo
945 1575 1184 1636 Thoma
1221 1574 1286 1634 in
1317 1573 1436 1635 hoc
1461 1575 1740 1634 sentiunt
1763 1573 2069 1649 Albertus‚

507 1671 576 1731 in
614 1673 676 1747 3,
705 1670 974 1731 distinct.
1000 1670 1104 1743 29,
1133 1669 1242 1730 ubi
1271 1668 1537 1745 Gabriel,
1569 1667 1757 1730 dubio
1793 1671 1860 1747 13
1889 1669 2075 1730 Alen-

508 1765 614 1842 siS,
639 1767 675 1827 3
705 1770 892 1846 part..
924 1783 985 1845 q.
1019 1767 1122 1842 3¹,
1148 1769 1266 1826 art.
1294 1768 1355 1827 2.

589 1860 691 1920 23.
741 1857 971 1922 Contra
998 1859 1186 1921 sentit
1212 1857 1766 1923 Durandwse-Ad
1776 1857 2067 1941 primum.

507 1983 588 1998 --
617 1951 722 2015 Ad
745 1953 1086 2015 secundum.
1113 1983 1192 1998 -
1217 1950 1320 2015 Ad
1345 1952 1612 2016 tertium.
1643 1985 1726 1999 —
1748 1952 2074 2013 Durandus

507 2063 676 2122 vero,
711 2044 779 2105 in
813 2045 1018 2122 tertio,
1060 2045 1332 2108 distinct.
1366 2047 1464 2122 31,
1496 2063 1556 2126 q.
1589 2046 1653 2122 6,
1682 2045 2069 2122 contradicit,

509 2138 614 2199 sed
639 2138 771 2200 sine
801 2137 1186 2218 probatione.
1209 2139 1328 2200 Pro
1355 2157 1480 2219 quo
1502 2139 1782 2218 arguitur
1805 2134 1886 2200 in'
1903 2138 2076 2200 hunc

507 2231 764 2293 modum
790 2247 808 2291 z
836 2249 962 2292 una
985 2232 1183 2293 virtus
1211 2249 1407 2293 unum
1431 2231 1619 2294 habet
1647 2231 1964 2309 ordinem3
1988 2239 2078 2295 est

507 2331 718 2389 autem
769 2325 988 2387 eadem
1041 2325 1306 2386 charitas
1349 2326 1470 2387 viae
1524 2330 1586 2387 et
1631 2327 1880 2407 patriae3
1925 2345 2075 2406 ergo

507 2421 682 2480 nulla
730 2425 822 2481 est
869 2420 935 2481 in
988 2418 1294 2500 proposito
1339 2418 1710 2481 differentia.
1765 2420 2070 2496 Secundo,

505 2513 654 2593 quia
695 2512 992 2593 obligatio
1039 2512 1118 2574 ad
1169 2512 1423 2573 tratrem
1476 2518 1689 2574 manet
1736 2513 1803 2575 in
1847 2513 2069 2595 patria,

507 2607 654 2687 quia
685 2625 812 2669 non
849 2607 1134 2684 destruit,
1165 2607 1270 2670 sed
1296 2606 1539 2687 perficit
1573 2614 1884 2670 naturam.
1915 2605 2074 2671 Tan-

505 2703 648 2764 dem
697 2702 786 2764 ibi
819 2701 1007 2763 etiam
1051 2699 1257 2779 diligit
1303 2700 1527 2780 aliquis
1571 2701 1840 2781 seipsum
1873 2703 2077 2782 magis

508 2811 698 2875 quam
748 2795 1108 2872 sanctioreS,
1147 2805 1220 2856 ut
1267 2794 1496 2856 fatetur
1543 2793 1722 2855 divus
1771 2793 2073 2873 Thomas;

506 2907 656 2968 ergo
685 2895 747 2950 et
773 2889 892 2951 sibi
921 2890 1300 2969 conjunctos„
1327 2888 1420 2952 Ad
1451 2887 1722 2969 primum
1745 2889 2077 2968 responde-

507 2989 634 3059 tur,
671 2983 910 3044 variato
951 2989 1139 3060 statu,
1189 3001 1367 3063 posse
1409 2981 1640 3044 variari
1681 2983 1963 3044 ordinem
2006 2981 2075 3044 in

509 3076 725 3138 eadem
753 3077 1006 3150 virtute,
1047 3077 1194 3156 quia
1222 3077 1544 3137 variantur
1569 3075 2073 3150 circumstantiae‚

507 3175 570 3231 et
593 3175 1037 3250 consequenter
1065 3169 1353 3230 honestas
1380 3175 1441 3231 et
1462 3171 1771 3231 dictamen
1793 3168 2072 3242 rationiS,

509 3275 698 3345 atque
720 3264 874 3326 adeo
903 3264 1222 3326 inclinatio
1242 3265 1508 3340 virtum,
1531 3281 1670 3345 quae
1699 3271 1911 3326 tamen
1939 3283 2078 3324 mu-

505 3358 660 3419 tatio
685 3376 814 3419 non
847 3363 940 3420 est
965 3358 1243 3420 formalis
1283 3361 1550 3439 proprie,
1578 3358 1684 3420 sed
1714 3356 2071 3434 materialis,

508 3457 571 3513 et
603 3471 679 3513 ex
708 3452 1052 3514 mutatione
1072 3451 1140 3514 in
1165 3452 1311 3532 ipsis
1337 3451 1594 3532 objectis
1625 3452 1920 3513 nascitur.
1948 3449 2075 3512 Un-

508 3545 585 3606 de
610 3544 686 3606 ad
719 3545 1060 3607 secundum
1085 3545 1221 3607 dico
1245 3545 1418 3607 illam
1439 3545 1879 3624 obligationem
1909 3544 2076 3604 vinci

509 3637 578 3699 in
607 3657 680 3700 eo
721 3645 884 3700 statu
911 3657 950 3700 a
994 3655 1238 3700 summa
1275 3639 1708 3718 conjunctione
1735 3637 2071 3712 charitatis,

507 3749 648 3812 quae
696 3751 824 3794 non
875 3739 965 3794 est
1013 3733 1322 3794 contraria
1369 3739 1635 3808 naturae,
1680 3731 1786 3792 sed
1831 3736 2079 3810 superat

505 3826 708 3908 illam,
739 3825 956 3888 saltem
987 3827 1236 3908 quando
1263 3833 1353 3888 est
1387 3827 1453 3888 in
1481 3832 1644 3887 statu
1677 3843 1917 3887 summe
1945 3843 2079 3906 per-

507 3921 690 3984 fecto.
718 3921 811 3982 Ad
840 3921 1156 3996 ultimum,
1183 3921 1469 4002 neganda
1497 3927 1586 3982 est
1616 3921 2074 4000 consequentia,

505 4031 656 4074 nam
685 4011 935 4076 dilectio
974 4015 1072 4076 sui
1099 4015 1454 4076 immediate
1496 4015 1894 4094 conjungitur
1933 4031 2076 4075 cum

507 4107 835 4172 dilectione
883 4109 993 4170 Dei
1019 4153 1036 4184 ,
1090 4127 1217 4171 non
1265 4127 1413 4172 vero
1464 4108 1715 4171 dilectio
1769 4108 2072 4184 aliorum,

509 4201 752 4263 etiamsi
779 4201 1100 4282 conjuncti
1123 4203 1268 4264 sint.
1292 4202 1469 4265 Unde
1495 4203 1909 4282 comparando
1933 4219 2076 4282 pro-

506 4295 708 4357 ximos
735 4297 899 4358 inter
927 4313 1013 4370 se,
1043 4295 1135 4356 illi
1173 4295 1520 4376 diliguntur
1561 4295 1761 4375 magis
1787 4295 1896 4375 qui
1928 4301 2075 4356 sunt

485 4389 631 4451 -Deo
651 4390 1105 4470 conjunctiores
1117 4405 1138 4468 3
1161 4388 1576 4469 comparando
1599 4405 1746 4450 vero
1771 4388 1907 4449 illos
1929 4405 2072 4449 cum

508 4483 832 4564 diligente,
869 4502 996 4545 non
1023 4481 1129 4544 ille
1158 4484 1358 4562 magis
1386 4481 1666 4560 diligitur
1693 4483 1801 4563 qui
1829 4488 1921 4544 est
1949 4483 2073 4544 Deo

509 4578 918 4655 conjunctior,
950 4577 1057 4638 sed
1098 4575 1202 4639 ille
1244 4577 1421 4657 cujus
1453 4593 1638 4637 -amor
1681 4575 1883 4655 magis
1913 4575 2073 4637 inse·

508 4671 868 4750 parabiliter
894 4671 1294 4751 conjungitur
1320 4687 1461 4730 cum
1489 4669 1596 4730 Dei
1625 4687 1858 4744 amore,
1885 4667 2075 4731 ethic

509 4773 601 4826 est
628 4783 805 4826 amor
838 4763 934 4825 sui
963 4764 1175 4844 ipsius.
1201 4763 1253 4824 A
1287 4780 1410 4844 qua
1437 4769 1646 4824 tamen
1671 4761 1886 4842 regula
1914 4764 2075 4824 exci-

510 4858 682 4938 pitur
715 4857 879 4918 solus
904 4857 1180 4920 Christus
1221 4856 1538 4928 DominuS‚
1565 4856 1672 4936 qui
1699 4853 1843 4917 licet
1872 4856 2075 4936 proxi-

507 4968 650 5012 mus
689 4951 789 5027 sit,
829 4952 978 5031 quia
1011 4957 1102 5012 est
1136 4949 1348 5026 homo,
1380 4953 1614 5025 tamen,
1647 4951 1792 5029 quia
1827 4968 1955 5012 non
1984 4957 2078 5012 est

508 5063 700 5126 purus
741 5046 1083 5126 proximuS,
1115 5046 1221 5109 sed
1266 5045 1424 5106 Deus
1457 5043 1668 5123 homo,
1709 5043 1848 5106 ideo
1875 5045 2076 5124 magis

507 5137 689 5200 debet
731 5139 908 5219 diligi
937 5157 1124 5220 quam
1154 5138 1397 5216 caeter-ij,
1436 5155 1586 5199 nam
1625 5137 1898 5199 Christus
1929 5138 2077 5199 sim-

503 5232 746 5313 pliciter
771 5233 1122 5312 diligendus
1163 5237 1254 5294 est
1283 5250 1456 5312 aeque
1481 5250 1552 5292 ac
1578 5231 1772 5310 Deus;
1800 5231 2073 5293 Christus

501 5345 670 5404 vero,
710 5332 781 5388 ut
821 5328 1010 5389 homo
1055 5327 1141 5406 (id
1183 5333 1298 5404 est,
1343 5327 1472 5388 vita
1499 5325 1772 5387 hominis
1799 5328 1865 5388 in
1895 5327 2068 5406 Deo),

503 5424 712 5484 minus
755 5421 1004 5501 quidem
1033 5420 1380 5501 diligendus
1408 5426 1500 5482 est
1525 5439 1712 5501 quam
1743 5420 1872 5500 ipse
1911 5420 2071 5480 Deus

503 5515 842 5576 secundum
889 5531 989 5589 se,
1039 5519 1248 5576 tamen
1290 5515 1488 5594 magis
1525 5531 1713 5594 quam
1756 5532 1868 5574 nos
1911 5513 2067 5594 ipsi3

1690 318 1946 402 n1sru’r.'
1964 347 2027 399 x.
2062 346 2145 400 m:
2176 345 2518 402 somnam.

2148 449 2297 530 quia
2322 448 2515 510 etiam
2542 447 2649 509 illa
2664 447 2793 508 vita
2812 452 2875 509 et
2894 445 3051 508 illud
3077 446 3313 508 bonum
3340 450 3435 508 est
3452 443 3727 506 infinita

2148 543 2529 606 excellentias
2546 549 2609 604 et
2637 541 2979 622 dignitatis„
3009 542 3247 602 ratione
3268 541 3545 602 unionis.
3564 542 3729 602 Item

2150 638 2299 716 quia
2334 637 2478 716 jure
2522 635 2965 714 redemptionis
3006 643 3100 696 est
3148 635 3326 714 quasi
3366 633 3725 696 universale

2151 729 2411 805 bonum,
2434 729 2535 790 cui
2561 728 2745 790 debet
2766 727 2955 790 homo
2976 727 3279 808 quidquid
3308 733 3425 803 est,
3450 733 3519 790 et
3538 747 3576 788 a
3598 745 3727 806 quo

2152 841 2267 886 suo
2294 823 2481 884 modo
2510 821 2761 902 pendet,
2788 820 2867 884 de
2887 839 3015 903 qua
3042 841 3109 884 re
3135 822 3205 883 in
3231 821 3496 884 materia
3520 820 3603 882 de
3632 821 3727 882 Iu-

2152 918 2532 980 carnatione.

2646 1119 3101 1184 DISPUTATIO
3142 1119 3216 1185 X.

2720 1317 2799 1366 m:
2840 1315 3157 1366 sesanam.

2235 1481 2617 1562 Proeceptum
2654 1478 3089 1542 misericordias
3114 1477 3567 1541 affirmativum
3594 1481 3725 1550 est,

2154 1576 2321 1655 quod
2344 1575 2576 1637 directe
2598 1575 2837 1654 obligat
2862 1573 2943 1636 ad
2970 1571 3485 1636 benefaciendum
3518 1571 3729 1651 proxi-

2156 1686 2263 1732 mo
2279 1717 2297 1744 ,
2350 1677 2799 1750 consequenter
2837 1687 2985 1731 vero
3034 1667 3117 1728 ad
3159 1685 3286 1728 non
3324 1664 3723 1736 laedendum3

2150 1765 2319 1828 unde
2364 1771 2577 1824 eontra
2624 1763 2779 1824 illud
2806 1762 3155 1842 ¹dupliciter
3178 1759 3423 1842 peccari
3464 1763 3669 1838 potest
3704 1777 3719 1816 :

2152 1860 2253 1922 vel
2278 1858 2643 1935 omittendo,
2668 1859 2747 1919 de
2770 1874 2897 1938 quo
2919 1856 3079 1918 nihil
3106 1863 3199 1917 est
3220 1854 3387 1934 quod
3410 1853 3723 1924 dicamus;

2153 1953 2459 2034 explicata
2486 1955 2655 2016 enim
2684 1951 3065 2032 obligatione
3091 1949 3280 2028 hujus
3308 1947 3603 2029 praecepti
3608 1989 3637 2022 ,
3666 1949 3723 2007 et

2156 2057 2431 2127 tempore
2465 2093 2486 2123 ,
2536 2053 2601 2108 et
2652 2045 3131 2108 circumstantiis
3184 2041 3413 2123 quibus
3458 2040 3720 2120 obligat,

2156 2147 2395 2202 constat
2449 2142 2595 2202 satis
2649 2139 2961 2220 quomodo
3016 2145 3081 2201 et
3132 2136 3385 2218 quando
3440 2141 3723 2214 peccetur

2156 2234 2521 2296 omittendo.
2553 2233 2690 2295 Alio
2710 2233 2895 2295 modo
2914 2237 3203 2315 peccatur
3219 2249 3329 2310 per
3347 2228 3724 2290 commissio·

2156 2347 2303 2391 nem
2321 2375 2341 2406 ,
2377 2327 2699 2390 inferendo
2743 2327 2979 2388 malum
3008 2325 3318 2407 proximo,
3358 2322 3469 2404 qui
3506 2322 3722 2383 modus

2154 2429 2294 2502 eget
2324 2422 2751 2503 explicatione.
2796 2419 3105 2496 Secundo,
3136 2427 3229 2480 est
3253 2417 3532 2479 notanda
3554 2414 3721 2477 diffe-

2152 2517 2357 2580 rentia
2379 2519 2543 2580 inter
2564 2514 3053 2579 misericordiam
3076 2511 3463 2593 spiritualem
3482 2517 3546 2571 et
3566 2515 3721 2570 tem-

2152 2611 2429 2692 poralem
2445 2656 2466 2688 ,
2516 2629 2661 2673 nam
2710 2614 2929 2671 contra
2978 2605 3295 2687 corporale
3337 2603 3577 2666 honum
3616 2603 3723 2663 vix

2156 2710 2445 2785 peccatur
2481 2721 2591 2784 per
2625 2702 3122 2764 commissionem
3136 2745 3156 2776 ,
3198 2698 3355 2779 quin
3396 2702 3723 2778 peccatum

2155 2801 2429 2859 trauseat
2468 2798 2533 2858 iu
2577 2797 2947 2878 injustitiam
2978 2816 2996 2872 3
3045 2791 3343 2872 obligatio
3384 2791 3557 2852 enim
3598 2807 3723 2850 non

2154 2891 2419 2953 nocendi
2448 2891 2753 2972 proxim0,
2780 2892 3084 2970 praecipue
3113 2888 3334 2963 invito,
3364 2905 3495 2947 non
3522 2884 3721 2945 solum

2157 2984 2237 3046 ad
2279 2983 2785 3060 misericordiam,
2826 2983 2934 3045 sed
2979 2982 3059 3044 ad
3095 2982 3401 3062 justitiam
3440 2981 3719 3059 spectat3

2156 3096 2283 3140 non
2338 3084 2645 3159 repugnat
2696 3083 2909 3138 tamen
2970 3075 3089 3138 hoc
3151 3073 3336 3136 modo
3405 3071 3723 3134 interdum

2152 3175 2397 3253 peccari
2424 3179 2642 3234 contra
2702 3169 3184 3232 misericordiam
3228 3175 3291 3231 et
3328 3167 3721 3237 charitatem,

2156 3271 2229 3326 ut
2284 3265 2335 3326 si
2385 3267 2522 3346 quis
2571 3263 3079 3326 irrationabiliter
3124 3262 3461 3325 constituat
3516 3260 3723 3339 proxi·

2155 3377 2331 3420 mum
2360 3359 2547 3420 etiam
2580 3358 2889 3420 volentem
2932 3357 3000 3418 in
3042 3373 3272 3435 magna
3310 3355 3601 3428 miseria3
3650 3351 3725 3412 de

2155 3470 2277 3533 qno
2330 3453 2515 3516 modo
2554 3452 2849 3532 peccandi
2887 3451 3066 3513 divus
3110 3450 3383 3512 Thomas
3432 3447 3599 3509 nihil
3636 3447 3727 3508 di·

2150 3548 2269 3624 xit,
2295 3547 2444 3628 quia
2466 3565 2640 3608 rarus
2658 3551 2771 3622 est,
2798 3549 2859 3607 et
2884 3563 2957 3606 ex
2982 3545 3163 3606 dictis
3182 3545 3261 3606 de
3278 3549 3591 3624 praecepto
3610 3540 3727 3600 mi-

2158 3641 2526 3719 sericordiae,
2572 3648 2633 3703 et
2660 3658 2737 3702 ex
2778 3637 3053 3702 dicendis
3084 3639 3161 3700 de
3186 3636 3507 3711 seandalo,
3550 3634 3725 3696 facile

2158 3741 2369 3817 patere
2402 3739 2624 3816 potest.
2658 3735 2832 3796 Circa
2856 3732 3174 3815 spirituale
3201 3732 3435 3792 bonum
3457 3729 3725 3809 proximi

2160 3847 2320 3910 saepe
2348 3834 2635 3910 peccatur
2662 3833 2875 3890 contra
2922 3826 3403 3888 misericordiam
3442 3825 3581 3884 sine
3632 3822 3727 3882 in·

2157 3922 2421 4002 justitia,
2448 3921 2595 4002 quia
2616 3919 2935 4001 spirituale
2980 3918 3280 3980 damnum
3318 3915 3481 3979 nulli
3529 3916 3727 3977 infer-

2154 4020 2283 4092 tur,
2330 4015 2450 4076 nisi
2483 4015 2733 4092 volenti,
2766 4019 2828 4075 et
2852 4013 2991 4076 ideo
3022 4013 3155 4074 sine
3181 4011 3441 4091 injuria,
3466 4027 3602 4070 non
3636 4021 3728 4068 ta-

2155 4127 2301 4170 men
2331 4109 2463 4169 sine
2496 4107 2745 4169 laesione
2772 4107 3109 4183 charitatiS,
3138 4113 3202 4168 et
3231 4106 3347 4168 hoc
3368 4121 3572 4184 genus
3586 4121 3728 4182 pec-

2154 4203 2296 4277 cati,
2330 4202 2689 4263 scandalum
2720 4201 2957 4262 dictum
2986 4207 3075 4262 est
3098 4219 3135 4261 a
3174 4198 3528 4276 Theologis,
3562 4196 3727 4276 quod

2152 4312 2427 4373 graecum
2452 4311 2680 4356 nomen
2708 4299 2821 4369 est,
2853 4292 3292 4355 offendiculum
3318 4290 3419 4352 vel
3438 4289 3727 4350 offensio·

2153 4405 2298 4450 nem
2335 4387 2713 4467 significans,
2748 4389 2833 4448 De
2859 4405 2983 4466 quo
3012 4385 3173 4447 bene
3202 4385 3391 4446 Divus
3419 4384 3729 4460 Hierony·

2150 4503 2315 4562 mus»,
2352 4486 2416 4546 in
2458 4488 2642 4564 caput
2676 4481 2985 4543 decimum
3009 4481 3297 4561 quintum
3340 4477 3596 4554 matth„
3650 4477 3727 4538 ad

2152 4575 2263 4638 illa
2289 4577 2509 4640 verba:
2541 4575 2879 4652 Pharisaei,
2908 4573 3113 4639 audito
3130 4575 3236 4637 Ιιοσ
3254 4573 3451 4648 verbo,
3474 4573 3731 4636 scanda-

2154 4671 2327 4738 zizati
2353 4677 2516 4737 sunt.

2795 4871 3010 4926 ssc'rlo
3044 4873 3083 4926 1.

2169 5043 2389 5110 Utrum
2428 5045 2779 5112 scandalum
2804 5047 2895 5109 sit
2918 5047 3227 5201 pezccatum
3266 5057 3343 5106 σω
3367 5059 3481 5106 m
3519 5059 3731 5124 ymera

2791 5147 2985 5202 morta
3016 5156 3065 5202 e.

2234 5330 2263 5386 1
2279 5372 2293 5388 .
2338 5325 2395 5393 S
2399 5327 2639 5392 vandali
2658 5327 2984 5390 divisio.-
3002 5321 3379 5391 Scandalum
3411 5326 3586 5406 apud
3602 5324 3730 5386 vul-

2152 5437 2289 5500 qus.
2317 5455 2400 5469 —
2422 5421 2513 5484 De
2538 5419 2822 5484 scandalo
2848 5420 3039 5484 activo
3058 5419 3286 5502 ayitur,
3322 5423 3383 5480 et
3413 5415 3721 5498 definitur.

2149 5545 2232 5560 —
2254 5514 2492 5596 Duplex
2531 5521 2623 5576 est
2661 5511 3055 5575 scandalum:
3112 5512 3385 5573 activum
3424 5517 3491 5572 et
3536 5509 3727 5591 passi·
