3900 6217
627 394 796 446 snm.
833 395 870 446 1.
907 395 990 447 ΑΝ
1023 395 1316 450 Eccmsm
1349 395 1707 450 natat‘ncos
1737 395 2057 450 suppucia
2090 398 2315 452 mouns
2344 398 2532 452 IUSTE
2562 399 2809 456 PUNIAT.
3203 357 3320 460 δέῃ

231 503 282 564 8.
324 497 572 564 Dubium
597 497 667 560 de
689 496 1102 576 confiscatione
1129 497 1676 581 requie-Difficul-

169 605 244 657 tas
279 609 416 671 ergo
453 601 728 669 superest
761 609 840 650 au
891 591 1248 669 hujusmodi
1294 593 1458 653 bona
1503 593 1679 672 regni

167 687 365 769 possint
393 684 508 746 dici
535 683 868 744 confiscata
899 685 1030 763 ipso
1063 685 1246 759 facto,
1276 691 1338 746 et
1370 693 1513 746 aute
1543 703 1680 746 sen-

167 781 410 842 tentiam.
443 776 644 856 Aliqui
673 777 1034 856 simpliciter
1055 783 1310 857 negant,
1341 785 1412 838 ut
1443 780 1673 852 Castro,

167 873 298 934 libro
342 869 602 930 secundo
639 869 717 930 de
745 871 904 931 Just.
950 869 1163 931 haeret.
1211 871 1442 950 punit„
1491 871 1675 950 capit.

167 965 394 1043 septimo
410 978 430 1038 ;
470 968 533 1022 et
577 963 876 1038 Simanc„
924 964 1023 1024 tit.
1073 965 1176 1039 46,
1229 981 1407 1036 num.
1463 965 1576 1040 753
1620 969 1682 1024 et

167 1059 402 1136 vasquez
427 1061 478 1116 l.
509 1059 572 1130 2,
604 1056 758 1135 disp.
791 1059 930 1134 169,
951 1074 1130 1118 num.
1162 1059 1260 1118 42.
1293 1057 1678 1134 Fundautur,

164 1151 284 1230 quia
314 1151 492 1212 etiam
519 1155 657 1230 post
691 1149 1060 1211 sententiam
1103 1167 1367 1228 regnum
1407 1167 1534 1210 non
1579 1169 1690 1230 ap·

165 1245 392 1325 plicatur
431 1243 616 1303 alicui
656 1242 828 1319 fisco,
857 1243 962 1304 sed
1007 1244 1190 1304 datur
1221 1245 1554 1305 successori
1590 1261 1690 1304 ca-

165 1336 380 1410 tholico,
401 1335 452 1396 si
469 1336 692 1415 aliquis
703 1337 1094 1412 inveniatnr3
1122 1337 1244 1412 vel,
1273 1338 1325 1397 si
1353 1336 1562 1397 nullus
1585 1336 1688 1412 sit,

166 1430 242 1492 vel
263 1447 488 1504 omnes,
527 1428 834 1508 quisunt,
875 1430 1001 1490 sint
1041 1429 1340 1504 haeretici,
1376 1429 1689 1490 reducitur

165 1524 216 1584 in
241 1539 513 1600 regnum,
544 1527 614 1584 ut
641 1522 756 1582 sibi
793 1540 1004 1601 regem
1046 1523 1419 1584 catholicum
1467 1522 1687 1602 eligat3

167 1615 242 1677 vel
263 1617 312 1677 si
337 1621 614 1695 potentes
637 1617 816 1692 regni
843 1618 968 1677 sint
989 1616 1290 1694 haeretici,
1317 1622 1381 1678 et
1411 1617 1694 1678 credatur

165 1727 388 1786 regnum
407 1707 748 1769 electurum
773 1711 1113 1790 principem
1135 1709 1520 1784 haereticum,
1547 1717 1695 1770 tunc

162 1804 244 1880 jus
261 1801 600 1862 debellandi
639 1801 762 1864 tale
790 1821 1054 1882 regnum
1087 1803 1270 1864 alicui
1301 1808 1536 1884 potenti
1560 1802 1694 1882 regi

163 1893 426 1955 catholico
455 1912 570 1974 per
604 1895 962 1958 Pontificem
1001 1897 1412 1976 adjudicatur.
1448 1897 1524 1957 Et
1550 1915 1694 1958 con-

163 1986 364 2048 firmari
399 1995 604 2068 potest
639 1988 774 2051 haec
801 1991 1012 2070 opinio
1048 1992 1286 2051 ratione
1315 1991 1498 2066 facta,
1531 1989 1695 2071 qnod

161 2081 478 2159 hujusmodi
509 2100 776 2162 regnum
803 2090 894 2144 est
921 2084 1173 2164 quidam
1205 2084 1540 2162 majoratus
1565 2101 1694 2144 ma-

158 2174 286 2252 joris
327 2173 634 2254 privilegii
675 2183 738 2236 et
779 2177 1209 2254 exemptionis,
1254 2194 1442 2256 qnam
1491 2177 1692 2237 caeteri

161 2268 444 2329 inferiores
499 2272 861 2348 majoratus.
918 2269 1144 2350 Estque
1199 2269 1335 2330 haec
1389 2269 1694 2330 sententia

164 2361 476 2441 probabilis·

224 2457 276 2518 9.
313 2456 628 2519 Judiciwm
651 2458 923 2520 motoris
953 2457 1024 2518 in
1049 2457 1158 2519 hoc
1186 2457 1382 2518 dubio.
1413 2487 1497 2502 -
1517 2454 1620 2518 Aa
1641 2473 1688 2517 0.

163 2551 256 2614 nlt-
285 2551 348 2612 de
377 2551 623 2614 Πιτθεῖ.
657 2553 726 2612 in
753 2569 818 2613 n.
849 2553 888 2611 7
914 2551 1193 2614 allatum.
1217 2583 1298 2594 -
1324 2549 1694 2610 Addendum

163 2643 535 2704 nihilominus
562 2645 860 2719 occurrit,
891 2641 1400 2721 distinguendum
1429 2661 1558 2703 esse
1601 2643 1695 2702 in-

167 2743 240 2796 ter
279 2736 804 2814 confiscationem,
859 2743 921 2797 et
964 2753 1108 2798 eum
1160 2737 1261 2797 cui
1309 2736 1696 2816 applicantur

163 2827 294 2890 hona
339 2829 693 2892 confiscata.
747 2831 898 2891 Nam
943 2829 1420 2891 fundamentum
1466 2845 1698 2909 praece-

167 2922 331 2982 dentis
359 2924 688 2984 sententiae
729 2923 949 3002 probat
981 2923 1234 3002 quidem
1267 2940 1531 3001 regnum
1569 2939 1695 2982 non

169 3017 238 3074 ita
256 3013 590 3092 confiscari,
617 3024 690 3076 ut
715 3015 1162 3077 successorihus
1189 3015 1500 3076 catholicis
1527 3015 1695 3076 aufe-

167 3115 322 3184 ratur,
369 3127 494 3170 non
531 3117 744 3170 tamen
773 3109 995 3190 probat
1020 3110 1383 3188 simpliciter
1405 3127 1530 3169 non
1555 3126 1698 3168 con-

165 3199 365 3277 ἣκει-ῖς
415 3221 568 3264 nam
627 3203 778 3264 olim
831 3202 996 3263 bona
1046 3201 1374 3280 cujuslibet
1423 3200 1699 3261 hoeretici

167 3295 626 3358 ‹onfiseabantur
654 3345 671 3372 ,
716 3303 779 3358 et
819 3296 1223 3357 nihilominus
1265 3294 1378 3355 filii
1411 3293 1698 3354 catholici

164 3387 257 3448 illis
277 3407 396 3449 non
422 3389 867 3469 privabantur3
891 3397 1222 3467 utrumque
1244 3388 1410 3448 euim
1439 3387 1703 3447 habetur

165 3481 214 3539 in
253 3481 366 3561 leg.
423 3485 828 3558 Mammam,
881 3485 946 3546 C.
999 3489 1075 3543 de
1123 3483 1352 3542 Haeret.
1409 3481 1510 3542 Sic
1555 3497 1701 3558 ergo

161 3575 416 3637 existimo
441 3579 684 3657 optime
711 3578 832 3638 dici
861 3593 1036 3656 posse
1064 3573 1381 3635 confiscari
1409 3591 1697 3652 regnum,

163 3665 278 3729 licet
319 3671 598 3731 dandum
649 3672 732 3730 sit
777 3670 1114 3731 successori
1161 3667 1477 3729 catholico.
1531 3665 1702 3740 Quod

165 3762 324 3822 etiam
351 3763 602 3825 videtur
634 3765 864 3824 sentire
888 3763 1067 3823 Joan.
1105 3761 1286 3840 Lup.‚
1331 3761 1397 3819 in
1437 3759 1596 3820 libro
1629 3759 1703 3818 de

167 3855 274 3915 Jur.
323 3857 498 3935 regni
550 3858 865 3933 Navarrae,
919 3875 1049 3934 cap.
1111 3857 1146 3913 '1
1203 3853 1435 3932 quintae
1487 3853 1700 3930 partis.

167 3947 396 4009 Effectus
447 3957 668 4012 autem
713 3950 900 4029 hujus
953 3945 1402 4008 confiscationis
1439 3947 1578 4020 erit,
1639 3950 1707 4003 ut

167 4048 281 4118 post
306 4042 491 4104 latam
523 4045 902 4103 sententiam
931 4041 1140 4102 statim
1172 4041 1274 4117 jus
1299 4036 1705 4098 transferatur

163 4131 228 4194 ad
253 4151 682 4211 successorem,
707 4135 950 4196 utillud
971 4134 1132 4212 juste
1159 4131 1354 4211 possit
1378 4147 1698 4208 occupare,

165 4228 206 4285 si
231 4245 398 4307 opere
432 4247 544 4291 seu
581 4229 750 4290 facto
783 4227 1005 4288 valeat.
1049 4228 1200 4286 Item
1239 4230 1310 4285 ut
1342 4231 1704 4303 recuperato

165 4337 328 4399 regno
377 4323 568 4402 possit
631 4320 974 4382 rescindere
1030 4336 1246 4380 omnes
1300 4317 1702 4378 alienationes

163 4413 322 4475 factas
355 4436 392 4476 a
435 4415 538 4478 die
581 4414 894 4475 commissi
947 4412 1246 4473 criminis.
1293 4411 1702 4472 Nihilominus

163 4511 340 4568 tamen
397 4514 548 4569 ante
601 4508 996 4581 sententiam,
1045 4506 1224 4584 juxta
1278 4504 1514 4563 dictum
1564 4521 1694 4582 cap.

167 4599 288 4662 Gum
349 4603 678 4666 sectandum
723 4601 901 4680 leyos,
957 4617 1073 4660 nec
1121 4615 1427 4658 successor
1477 4597 1702 4676 poterit

165 4709 426 4776 occupare
473 4711 768 4772 regnum,
823 4701 892 4753 ut
923 4709 1138 4754 omnes
1169 4691 1465 4765 fatentur,
1510 4696 1572 4750 et
1613 4696 1703 4750 est

165 4789 587 4865 certissimum3
635 4805 750 4847 nec
787 4786 999 4846 vasalli
1039 4790 1295 4864 possunt
1336 4785 1576 4861 privare
1610 4801 1704 4843 re-

165 4895 282 4956 gem
319 4881 570 4942 tributis
610 4887 720 4940 aut
759 4879 900 4939 aliis
936 4879 1114 4938 bouis
1153 4877 1242 4936 illi
1271 4877 1516 4952 debitis,
1558 4877 1703 4954 quia

165 4969 256 5031 hoc
273 4984 424 5035 esset
447 4975 680 5054 exequi
701 4972 1200 5034 confiscationem
1225 4971 1472 5049 propria
1498 4975 1702 5029 aucto-

163 5067 335 5140 ritate,
365 5075 430 5129 et
455 5077 608 5128 ante
639 5068 1035 5140 sententiam,
1067 5064 1235 5145 qnod
1266 5065 1334 5122 in
1361 5063 1522 5123 dicto
1565 5082 1697 5142 cap.

163 5159 518 5235 prohibitum
543 5167 662 5221 est.
697 5161 772 5220 Et
807 5163 892 5219 ita
933 5158 1123 5218 sentit
1150 5158 1380 5232 Panna,
1414 5157 1480 5216 in
1503 5156 1701 5216 Direc·

166 5259 285 5328 tor„
333 5257 372 5314 3
401 5261 596 5335 part„
647 5258 1050 5314 commentar.
1105 5251 1241 5311 168.
1302 5250 1377 5310 Et
1425 5251 1706 5328 quamvis

166 5345 464 5426 sylvester,
507 5347 684 5408 verb.
722 5347 1024 5422 Hoeresis,
1073 5348 1131 5420 1,
1175 5362 1348 5404 num.
1403 5347 1499 5419 14,
1546 5361 1700 5404 verS.

169 5439 250 5512 11,
299 5441 681 5502 contrarium
741 5442 968 5501 sentire
1025 5439 1346 5508 videatur,
1410 5445 1473 5497 et
1527 5436 1706 5497 illum

170 5529 350 5594 Castro
379 5541 443 5596 et
467 5535 746 5596 Simanc.
787 5551 974 5612 supra
1001 5537 1362 5610 sequantur,
1397 5529 1707 5591 nihilomi-

463 5654 576 5698 111.

1757 515 1878 560 nus
1914 499 2015 561 vel
2060 517 2276 561 eorum
2318 503 2625 563 sententia
2670 499 2987 582 probanda
3032 521 3159 564 non
3204 512 3319 582 est,

1757 592 1855 653 vel
1890 592 2233 672 explicandi
2264 603 2430 671 suut,
2464 603 2534 657 ut
2561 614 2688 657 non
2714 597 3063 676 requiratur
3079 603 3321 660 senten-

1759 682 1848 744 tia
1889 687 2417 764 condemnatoria,
2467 689 2572 749 sed
2603 688 3005 750 declaratoria
3047 691 3326 753 criminis

1757 775 2037 850 sufficiat,
2068 786 2137 839 ut
2166 779 2374 840 Panna
2397 799 2585 860 supra
2612 783 2821 856 sentit,
2852 788 2914 843 et
2938 785 3099 843 sumi
3128 791 3324 863 potest

1759 885 1838 929 ex
1864 871 2078 930 eodem
2109 871 2400 950 Sylvest.,
2432 873 2604 934 verb.
2640 873 3223 951 Eoeoommanicatio,
3259 879 3320 952 5,

1759 959 1798 1040 §
1823 961 1889 1035 9,
1920 981 2097 1023 num.
2133 965 2231 1039 18,
2274 970 2335 1026 et
2376 966 2465 1025 ita
2500 965 2973 1044 intelligendum
3016 969 3203 1030 etiam
3236 975 3327 1030 est

1759 1053 1997 1116 dictum
2018 1063 2205 1138 caput
2236 1058 2528 1119 ultimum
2558 1059 2635 1120 de
2666 1060 3001 1122 Haereticis.

2190 1293 2639 1356 DISPUTATIO
2680 1293 2887 1356 xxm.

1931 1511 2009 1557 DE
2050 1511 2235 1558 POENIS
2253 1511 2677 1558 conponatunus
2708 1513 3167 1561 uurtconuu.

1856 1712 2141 1774 Primum
2162 1730 2349 1793 yones
2364 1731 2585 1793 poenoe,
2627 1731 2851 1777 carcer.
2868 1749 2944 1760 -
2968 1713 3332 1792 Secundum,

1776 1804 2051 1867 exilium.
2078 1805 2469 1872 -Z'ertium.
2518 1807 2877 1887 flavellacio.
2902 1840 2983 1855 --
3009 1805 3330 1882 Quartum,

1775 1898 2301 1960 mors.—Materia
2329 1898 2516 1977 hujus
2555 1899 2988 1978 disputationis
3030 1901 3229 1979 magis
3256 1901 3335 1962 ad

1777 1997 2104 2051 externum
2132 2009 2319 2069 quam
2349 1992 2424 2052 ad
2463 1993 2778 2053 internum
2804 1993 3005 2054 forum
3044 1995 3334 2073 pertinet,

1777 2091 1838 2144 et
1865 2081 2004 2143 ideo
2028 2082 2191 2142 hanc
2218 2102 2465 2163 poenam
2498 2083 2747 2146 brevius
2768 2103 2956 2164 quam
2986 2086 3335 2166 praeceden·

1773 2188 1900 2238 tem
1930 2176 2350 2256 expediemus,
2384 2176 2491 2237 illa
2516 2183 2758 2238 tantum
2787 2178 3173 2257 attingendo,
3204 2197 3339 2258 quoe

1773 2268 1873 2329 vel
1894 2267 1974 2330 ad
1999 2268 2292 2346 dogmata
2336 2270 2501 2344 tidei,
2534 2269 2634 2330 vel
2663 2270 2739 2329 ad
2769 2270 2973 2331 forum
3020 2272 3329 2332 conscien-

1775 2363 1876 2422 tiae
1903 2361 2113 2441 aliquo
2153 2361 2337 2422 modo
2380 2362 2809 2440 pertinuerint.
2844 2361 3099 2442 Oportet
3122 2369 3336 2426 autem

1775 2455 2117 2523 advertere,
2160 2454 2363 2515 varias
2402 2472 2532 2514 esse
2559 2453 2671 2514 has
2698 2472 2911 2534 poenas
2959 2454 3337 2534 corporales;

1775 2555 2030 2628 possunt
2053 2554 2263 2608 tamen
2306 2546 2383 2607 ad
2413 2554 2679 2628 quatuor
2722 2548 2924 2627 capita
2952 2549 3182 2612 reduci.
3216 2550 3344 2612 Hu-

1769 2641 2045 2721 jusmodi
2097 2648 2243 2701 sunt
2284 2657 2467 2720 poena
2495 2642 2775 2716 carreriS,
2819 2660 2942 2704 non
2987 2641 3238 2721 quidem
3267 2641 3341 2703 il-

1775 2736 1898 2796 lius
1931 2735 2217 2810 carceris,
2250 2733 2359 2813 qui
2406 2753 2519 2814 per
2567 2735 2822 2796 modum
2873 2735 3161 2796 custodiae
3204 2753 3339 2796 sen-

1775 2831 2035 2890 tentiam
2066 2828 2357 2907 praecedit
2374 2851 2393 2903 3
2424 2846 2569 2889 nam
2592 2826 2701 2887 illa
2724 2846 2849 2890 non
2882 2834 2975 2890 est
3000 2845 3202 2908 poena,
3236 2827 3343 2888 scd

1777 2922 2053 2982 medium
2084 2923 2491 2983 necessarium
2536 2922 2611 2981 ad
2640 2921 3163 2982 examinationem
3200 2939 3342 2982 rau-

1778 3033 1882 3088 soe,
1907 3022 1968 3075 et
1996 3015 2269 3076 veritatis
2293 3015 2761 3094 inquisitionem
2780 3031 2801 3092 ;
2822 3021 2956 3094 post
2968 3014 3340 3075 sententiam

1780 3126 1924 3170 vcro
1943 3108 2285 3187 imponitur
2320 3126 2431 3186 per
2464 3107 2715 3166 modum
2758 3125 2957 3188 poenoe
2980 3107 3079 3168 vel
3107 3115 3339 3186 tempo-

1779 3201 1954 3277 ralis,
1985 3201 2081 3262 vel
2111 3206 2440 3279 perpetuae.
2474 3198 2531 3260 id
2556 3200 2745 3260 estad
2783 3201 2995 3262 vitam.
3026 3201 3099 3260 Et
3126 3200 3341 3260 cadem

1781 3296 2024 3354 ratione
2066 3311 2192 3354 non
2231 3310 2631 3354 numeramus
2657 3293 2821 3354 inter
2848 3292 2959 3352 has
2982 3307 3194 3371 poenas
3220 3298 3346 3352 tor-

1785 3397 2015 3460 turam,
2040 3404 2179 3465 quae
2216 3403 2340 3446 non
2370 3394 2459 3446 est
2486 3385 2563 3446 ad
2598 3387 2990 3464 supplicium,
3013 3385 3115 3444 sed
3140 3384 3219 3444 ad
3238 3403 3347 3444 ex·

1781 3479 2146 3559 quirendam
2178 3478 2497 3538 veritatem
2523 3477 2803 3539 infertur.
2859 3479 3139 3538 Secunda
3163 3495 3345 3556 poeua

1783 3579 1876 3633 est
1898 3572 2156 3631 exilium
2179 3587 2199 3648 ;
2233 3588 2377 3630 nam
2416 3573 2579 3630 iuter
2600 3569 2944 3650 corporales
2969 3571 3156 3630 etiam
3184 3588 3348 3630 com-

1788 3670 2041 3743 putatur
2057 3671 2117 3724 ct
2134 3664 2400 3722 maxime
2418 3681 2559 3723 cum
2582 3664 2923 3742 imponitur
2948 3663 3025 3722 ad
3037 3664 3340 3724 triremes.

1785 3757 1995 3816 'l'ertia
2022 3765 2113 3816 est
2138 3755 2491 3834 flagellatio,
2535 3755 2631 3816 vel
2664 3755 2785 3815 alia
2831 3756 3051 3818 similis
3074 3757 3343 3836 corporis

1787 3847 2063 3909 afflictio
2096 3849 2325 3921 Quarta
2355 3855 2445 3907 est
2480 3866 2659 3928 poena
2689 3848 2929 3920 mertia,
2958 3867 3096 3928 quae
3122 3850 3186 3908 in
3206 3852 3343 3927 jure

1787 3943 1912 4003 dici
1936 3940 2091 4002 solet
2122 3941 2415 4001 ultimum
2460 3940 2855 4020 supplicium,
2888 3949 2948 4001 et
2980 3943 3149 4004 circa
3182 3943 3342 4003 hanc

1785 4036 2095 4116 praecipue
2115 4035 2199 4093 im
2208 4034 2435 4094 morari
2456 4033 2769 4101 debemus,
2789 4035 2957 4114 quia,
2984 4037 3034 4094 si
3051 4036 3183 4097 haec
3212 4037 3342 4096 fue-

1785 4129 1867 4188 rit
1890 4127 2079 4206 justa,
2111 4145 2149 4187 a
2174 4126 2415 4187 fortiori
2456 4143 2583 4188 esse
2610 4133 2901 4206 poterunt
2930 4129 3206 4207 reliquae.

2414 4366 2629 4418 saeuo
2664 4368 2703 4420 Ι.

1799 4559 2019 4620 Utrum
2050 4555 2251 4636 possit
2285 4555 2570 4618 Ecclesia
2604 4555 2912 4617 Itoereticos
2952 4557 3167 4618 mortis
3204 4575 3342 4638 sup-

2238 4649 2424 4732 plicio
2442 4650 2618 4728 βακε
2644 4651 2882 4729 punire.

1869 4873 1926 4932 1.
1973 4871 2180 4932 Error
2202 4867 2689 4931 Donatistarum.
2710 4901 2787 4912 --
2805 4867 2964 4930 Item
2982 4867 3343 4932 humeri.—

1785 4967 1952 5046 Ejus
1984 4965 2254 5044 primm
2292 4965 2763 5037 fundamentum.
2806 4993 2889 5006 -—
2913 4960 3255 5040 Secundum
3272 4981 3347 5025 σω

1783 5061 1977 5124 Mau.
2006 5060 2103 5119 13.
2124 5088 2205 5103 —
2230 5054 2947 5127 Tertium—Quartum.
3075 5058 3347 5136 Antiqua

1785 5153 2033 5214 haeresis
2070 5149 2210 5223 fuit,
2267 5166 2394 5209 non
2441 5165 2613 5228 posse
2656 5147 2989 5207 Ecclesiam
3030 5146 3347 5209 haereticos

1786 5263 1969 5329 poeua
1996 5244 2212 5304 mortis
2238 5239 2502 5316 afficere,
2536 5258 2736 5319 neque
2764 5240 2839 5298 ad
2867 5239 2982 5300 hoc
3006 5242 3345 5303 utiauxilio

1786 5337 2025 5402 brachii
2057 5335 2389 5396 saecularis
2424 5335 2511 5394 Ita
2538 5343 2866 5393 senserunt
2896 5333 3245 5407 Donatistae,
3274 5345 3343 5395 ut

1787 5453 1865 5495 ex
1897 5431 2265 5509 Augustino,
2294 5429 2399 5488 lib.
2460 5432 2483 5487 1
2535 5427 2761 5486 Contra
2803 5425 3039 5506 epistol.
3102 5429 3346 5489 Parme-

1787 5530 1990 5600 nion„
2015 5541 2149 5602 cap.
2182 5525 2243 5596 7,
2273 5527 2335 5582 et
2364 5519 2475 5581 lib.
2521 5522 2558 5580 2
2587 5523 2811 5581 Contra
2839 5521 3073 5581 litteras
3104 5522 3346 5582 Petilia·

2954 5630 3031 5685 37
