3900 6217
580 367 702 430 242

584 493 737 536 num
766 474 879 535 hoc
906 489 1035 534 non
1069 472 1326 552 requirit
1378 489 1485 552 per
1532 489 1597 532 se
1637 471 2143 550 conjunctionem

584 587 695 648 per
730 569 1094 628 charitatem
1133 584 1277 626 cum
1308 567 1449 640 Deo,
1479 571 1539 626 et
1566 571 1804 625 certum
1836 570 1927 626 est
1954 563 2146 623 inter·

582 663 733 722 «lum
809 658 1253 722 communit-ari
1316 657 1737 737 peccatoribus
1778 705 1790 728 ,
1842 663 1913 716 ut
1968 655 2149 716 docet

584 756 1021 831 Hieronymus,
1070 753 1230 812 inid
1272 751 1491 812 Matth.
1523 753 1605 812 7:
1655 749 1928 826 Domine,
1961 765 2147 811 nonne

583 849 649 908 in
676 845 911 908 nomine
938 849 1037 907 tao
1079 845 1617 926 prophetavimus?
1644 849 1709 904 et
1736 843 2144 922 Augustinus,

586 941 693 1002 lib.
734 942 811 1001 83
844 938 1267 1012 Quaestionum
1293 984 1311 1013 ‚
1346 944 1564 1017 quaest.
1599 939 1701 1012 69,
1732 943 1795 998 et
1843 936 1951 997 lib.
1987 940 2024 997 2
2067 935 2146 996 ad

588 1033 1003 1112 Simpliciau„
1038 1032 1377 1110 quaestione
1406 1036 1463 1094 1.
1497 1030 1673 1093 Unde
1702 1037 1795 1092 est
1820 1030 1976 1092 illud
2009 1034 2038 1090 1
2067 1028 2148 1090 ad

587 1125 863 1188 Corinth.
906 1127 983 1186 13
1014 1142 1030 1186 2
1092 1123 1173 1188 Si
1212 1125 1465 1188 habuero
1503 1125 1905 1206 prophetiam,
1944 1120 2149 1186 chari-

588 1227 771 1284 tatem
798 1223 995 1282 autem
1024 1235 1143 1280 nnat
1192 1219 1459 1281 habeam.
1512 1217 1582 1277 D.
1626 1217 1895 1278 Thomas
1926 1215 2141 1290 etiam,

580 1319 699 1372 art.
731 1313 793 1386 6,
824 1309 1078 1372 adhibet
1118 1309 1476 1389 exemplum
1512 1308 1591 1372 de
1642 1307 1917 1383 Balaam,
1957 1308 2142 1368 Num.

583 1407 685 1476 222,
716 1405 1040 1467 divinante
1086 1403 1391 1466 doemonis
1434 1411 1589 1478 arte,
1619 1410 1693 1464 ut
1720 1400 2035 1480 colligitur
2067 1417 2147 1460 ex

580 1497 779 1578 capite
803 1498 884 1558 ΞΟ
912 1497 1165 1558 Levitici
1182 1539 1201 1571 ,
1228 1513 1369 1558 cum
1402 1502 1617 1558 tamen
1640 1492 1978 1573 aliquando
2007 1510 2148 1572 pro-

580 1591 929 1672 phetaverit
978 1590 1195 1650 divino
1236 1589 1480 1669 spiritu,
1512 1587 1901 1669 proedicendo
1944 1587 2149 1646 incar-

583 1686 923 1760 nationem,
956 1691 1019 1744 et
1046 1703 1103 1744 c.
1135 1685 1208 1743 21
1244 1727 1264 1758 ,
1304 1681 1534 1743 dicitnr
1575 1682 1771 1743 Deum
1810 1678 1905 1740 illi
1957 1679 2150 1740 tuisse

580 1779 875 1840 locutum.
912 1778 1077 1840 idem
1116 1777 1291 1838 docet
1334 1776 1736 1855 Augustinus,
1768 1780 1905 1836 tum
1934 1788 2143 1852 supra,

583 1879 716 1934 tum
754 1891 942 1934 serm.
978 1873 1093 1932 103
1120 1871 1199 1932 de
1225 1871 1525 1950 Tempore
1554 1885 1575 1946 ;
1606 1874 1669 1930 et
1692 1867 2022 1943 Abolens„
2045 1866 2148 1927 Jo-

583 1983 691 2026 sue
724 1968 821 2041 13,
854 1973 1071 2044 quast.
1100 1966 1201 2038 14,
1236 1970 1299 2024 et
1323 1963 1511 2024 Num.
1542 1963 1644 2035 22,
1674 1967 1895 2041 quaest.
1928 1962 1990 2022 3.
2025 1958 2146 2020 Ad-

582 2058 756 2120 hibet
784 2075 1031 2118 rursum
1058 2058 1241 2118 divus
1266 2056 1533 2118 Thomas
1550 2053 1910 2134 exemplum
1941 2055 2006 2115 in
2033 2053 2148 2131 Sy·

584 2151 771 2226 billis,
808 2150 885 2211 de
913 2151 1139 2230 quibus
1169 2157 1381 2212 tamen
1418 2147 1721 2228 quidquid
1747 2145 2046 2209 Abulens.
2077 2161 2152 2206 ea

582 2251 803 2324 quaest.
846 2247 947 2319 14,
982 2249 1043 2304 et
1068 2242 1179 2304 alii
1216 2243 1616 2318 contendant,
1664 2259 1791 2302 non
1818 2238 1968 2300 satis
2005 2257 2154 2299 con-

584 2345 707 2398 stat
760 2336 975 2417 quales
1030 2337 1265 2399 suerint
1294 2381 1315 2411 ,
1362 2343 1433 2396 ut
1488 2336 1815 2414 Cajetanus
1854 2332 2146 2393 advertit.

585 2431 841 2506 Quarto,
879 2431 1093 2493 anima
1116 2431 1305 2491 etiam
1348 2435 1649 2510 separata,
1682 2443 1823 2506 quae
1866 2425 2150 2486 nondum

583 2525 867 2605 pervenit
904 2523 983 2584 ad
1021 2525 1381 2597 terminum,
1413 2528 1507 2582 est
1532 2537 1727 2600 capax
1754 2518 1945 2598 hujus
1973 2517 2150 2592 doni,

582 2625 657 2678 ut
690 2619 869 2680 docet
914 2616 1095 2678 divus
1146 2617 1452 2690 Thomas,
1491 2619 1712 2694 quaest.
1748 2614 1888 2688 174,
1920 2618 2038 2672 art.
2087 2613 2149 2684 5,

587 2710 663 2770 ad
707 2712 769 2785 4,
802 2709 1085 2787 exemplo
1132 2708 1366 2770 animai
1414 2706 1718 2768 Samuelis
1740 2751 1761 2782 ‚
1803 2705 2148 2766 Ecclesiast.

584 2805 689 2864 46.
716 2803 943 2876 Quinto
974 2802 1051 2864 de
1073 2803 1299 2877 Beatis,
1338 2803 1409 2862 D.
1456 2801 1723 2862 Thomas
1750 2803 1811 2862 2.
1840 2801 1903 2877 2,
1930 2805 2149 2878 quaest.

589 2900 731 2971 174,
758 2904 876 2958 art.
915 2897 977 2972 5,
1018 2903 1079 2958 et
1109 2896 1147 2956 3
1176 2913 1265 2975 p.,
1298 2901 1511 2974 quaest.
1551 2897 1614 2970 7,
1647 2913 1707 2956 a.
1740 2895 1802 2968 8,
1836 2899 2026 2972 negat
2050 2909 2152 2954 eos

589 3007 721 3052 esse
776 3007 1027 3069 capaces
1074 2987 1455 3068 prophetiae3
1516 2987 1621 3048 sed
1672 2985 2149 3064 intelligendum

586 3082 951 3154 formaliter,
982 3083 1153 3162 quia,
1184 3088 1257 3142 ut
1291 3081 1457 3142 beati
1505 3087 1674 3155 sunt,
1714 3079 1946 3142 habeut
1973 3078 2149 3138 altio·

587 3194 717 3238 rem
764 3176 1179 3254 cognitionem
1210 3193 1226 3246 ;
1282 3174 1588 3235 tamenin
1628 3191 1697 3234 re
1724 3171 1983 3234 dubium
2023 3187 2150 3232 non

590 3279 684 3332 est
712 3271 863 3350 quin
894 3270 1081 3332 simul
1108 3270 1335 3332 habere
1360 3270 1595 3348 possint
1614 3267 2030 3347 cognitionem
2059 3267 2152 3326 rei

592 3365 819 3426 futuroe
846 3365 1127 3444 eiusdem
1174 3363 1433 3426 rationis
1458 3379 1600 3422 cum
1638 3361 1992 3441 cognitione
2017 3377 2157 3439 pro—

588 3459 845 3538 photiae,
878 3464 945 3519 et
988 3465 1157 3538 patet
1204 3458 1269 3518 in
1312 3457 1575 3530 Christo,
1604 3463 1667 3516 et
1700 3453 2159 3534 cognitionibus

590 3559 655 3614 et
714 3551 1193 3614 revelationibus
1248 3569 1405 3631 quas
1466 3551 1636 3612 Beati
1694 3549 1929 3610 hahent
1987 3553 2160 3610 extra

592 3645 888 3708 Verbum.
921 3645 1069 3706 Vult
1096 3650 1311 3706 autem
1348 3643 1527 3704 divus
1557 3643 1826 3704 Thomas
1864 3641 2028 3702 hanc
2055 3659 2160 3702 co-

594 3739 939 3818 gnitionem
970 3739 1037 3800 in
1056 3738 1269 3813 Beato,
1299 3743 1369 3797 ut
1404 3736 1515 3813 sic,
1546 3753 1673 3797 non
1700 3751 1827 3796 esse
1874 3753 1947 3797 ex
1987 3740 2160 3814 parte

593 3832 855 3910 subiecti
897 3829 1308 3912 prophetiam,
1338 3830 1442 3892 aed
1476 3847 1563 3894 ‚ex
1609 3836 1782 3910 parte
1826 3827 2029 3888 solum
2057 3845 2160 3888 co-

594 3926 932 4003 gnitionis3
972 3941 1047 3986 eo
1076 3922 1244 4004 quod
1282 3921 1585 4002 propheta
1612 3921 1861 4002 proprie
1890 3919 2154 3996 dicatur,

594 4020 705 4098 qui
730 4018 1217 4097 cognoscitque
1254 4015 1497 4078 ratione
1540 4021 1737 4076 status
1766 4012 1890 4075 sibi
1918 4012 2160 4074 occulta

596 4117 739 4172 sunt
761 4156 783 4188 ‚
830 4116 1021 4191 atque
1070 4108 1328 4190 procu13
1360 4116 1641 4188 respectu
1684 4113 1895 4168 autem
1950 4107 2159 4168 beato·

596 4223 739 4266 rum
765 4207 787 4281 (
811 4203 1257 4266 considemndo
1286 4202 1534 4264 illorum
1564 4201 1849 4277 statum),
1878 4198 2039 4260 nihil
2067 4205 2162 4261 est

603 4296 837 4377 procul,
864 4298 1015 4374 quia
1041 4296 1107 4356 in
1136 4313 1201 4357 se
1240 4293 1476 4356 habent
1501 4294 1737 4356 sontem
1760 4292 2059 4362 scientiae,
2089 4293 2160 4352 in

598 4407 725 4472 quo
754 4389 851 4452 vel
874 4388 1238 4462 formaliter,
1273 4387 1375 4450 vel
1400 4385 1751 4460 causaliter,
1782 4386 1996 4447 omnia
2022 4396 2161 4464 quie

600 4490 865 4562 oportet,
898 4482 1172 4557 videant,
1204 4499 1327 4560 qua
1366 4481 1607 4542 ratione
1652 4478 1919 4557 intelligi
1963 4483 2164 4558 potest

600 4575 758 4636 illud
802 4575 997 4650 Pauli,
1028 4579 1057 4635 1
1094 4574 1181 4636 ad-
1214 4573 1494 4636 Corinth.
1530 4573 1650 4633 13:
1685 4571 1837 4636 Sive
1884 4571 2160 4651 Prophe·-

604 4670 708 4731 tia·
746 4669 1211 4741 evacuabuntur,
1250 4673 1370 4728 etc.

686 4763 745 4822 3.
800 4761 881 4823 Ut
910 4761 1092 4823 etiam
1120 4761 1427 4822 dcemoues.
1452 4791 1533 4806 —
1578 4757 1809 4819 Ultimo
1848 4757 2164 4820 daemones

604 4872 849 4936 quoque
878 4861 1022 4914 sunt
1048 4871 1299 4934 capaces
1324 4852 1723 4914 revelationis
1767 4851 2160 4932 propheticae,

602 4966 743 5029 quae
794 4948 867 5008 fit
914 4948 1059 5026 ipsis
1120 4965 1229 5026 per
1288 4945 1559 5024 Angelos
1602 4946 1891 5022 Sanctos,
1922 4955 1993 5007 ut
2043 4951 2161 5008 Au-

602 5042 887 5120 gustinus
916 5040 1119 5117 docet,
1154 5041 1231 5100 12
1258 5039 1481 5100 Genes.
1512 5037 1589 5100 ad
1616 5039 1763 5114 litt„
1794 5057 1928 5118 cap.
1973 5041 2072 5115 19,
2103 5045 2167 5101 et

604 5136 785 5195 divus
823 5133 1108 5207 Thomas,
1141 5149 1204 5212 q.
1253 5133 1371 5193 172
1390 5177 1410 5208 ,
1454 5139 1567 5192 art.
1604 5133 1667 5192 6.
1714 5133 2012 5192 Existimo
2057 5149 2166 5194 au-

606 5237 729 5288 tem
760 5230 847 5287 ita
875 5224 1010 5286 fieri
1050 5224 1457 5286 revelationes
1489 5225 1891 5300 doemoaubus,
1924 5231 1996 5284 ut
2023 5243 2164 5304 pro·

602 5320 735 5399 prie
774 5337 902 5380 non
940 5318 1265 5380 eleventur
1290 5319 1370 5380 ad
1412 5317 1825 5395 cognitionem
1867 5333 2164 5396 superna-

604 5410 867 5472 turalem
912 5430 985 5472 ex
1028 5419 1203 5490 parte
1252 5411 1545 5491 potentiae
1573 5415 1636 5470 et
1665 5410 1889 5487 objecti
1936 5411 2164 5472 forma-

602 5507 727 5584 lis;
770 5507 941 5586 quia,
980 5505 1122 5566 licet
1168 5505 1283 5564 hoc
1330 5523 1457 5564 non
1494 5509 1800 5584 repugnet
1823 5546 1846 5579 ,
1892 5521 2017 5564 non
2075 5511 2166 5564 ta-

995 371 1231 426 DlSPUT.
1260 371 1389 425 vlu.
1425 371 1506 425 DE
1539 369 1967 424 nlszchNE
1999 369 2162 423 mom
2195 369 2276 423 AB
2309 368 2574 422 OMNIBUS
2611 367 2792 421 DONIS
2824 365 2904 420 ΕΤ
2937 367 3199 430 GRATHS,
3234 368 3364 421 ETC.

2223 487 2370 532 men
2423 475 2516 530 est
2551 469 2923 530 conveniens
2961 486 3175 532 eorum
3209 469 3391 530 statui
3423 473 3464 531 ¹.
3493 471 3634 536 Satis
3653 493 3728 537 er·

2225 583 2306 644 go
2353 573 2444 626 est
2471 566 2559 626 ita
2587 565 2792 626 doceri
2837 564 2918 626 ab
2959 563 3236 642 Angelis,
3266 570 3336 625 ut
3384 565 3492 644 ipsi
3517 571 3732 630 convin-

2227 665 2448 721 cantur
2473 659 2549 720 ad
2583 657 2958 720 credendum
3001 675 3076 719 ex
3106 658 3414 720 evidentia
3452 659 3638 738 aliqua
3669 665 3733 722 si·

2227 769 2519 830 gnorum,
2549 757 2620 812 ut
2645 751 2796 814 alias
2835 751 3070 810 dictum
3095 756 3202 812 est.
3249 752 3532 830 Respectu
3557 759 3732 816 autem

2227 845 2441 918 nostri,
2487 863 2811 924 nunquam
2842 849 2990 904 sunt
3031 843 3340 904 daemones
3362 843 3486 904 veri
3507 845 3732 924 prophe-

2227 949 2328 1013 tae,
2350 944 2485 999 tum
2515 938 2664 1017 quia
2693 955 3017 1018 nunquam
3047 937 3414 998 sufficienter
3433 936 3594 998 nobis
3617 957 3732 1017 pro-

2227 1038 2493 1112 ponunt,
2541 1049 2679 1110 quae
2715 1031 2830 1110 ipsi
2878 1036 3248 1110 agnoscunt,
3276 1036 3409 1092 tum
3451 1031 3585 1110 quia
3617 1041 3736 1094 sunt

2227 1141 2476 1206 prorsus
2501 1123 2744 1204 indigni
2771 1124 3000 1205 quibus
3025 1122 3212 1184 fidem
3249 1122 3646 1185 adhibeamus.

2822 1361 3038 1414 SEcho
3072 1361 3197 1413 vm.

2229 1553 2322 1618 De
2363 1555 2753 1619 distinctione
2789 1551 3137 1709 Propkgtioe
3170 1595 3187 1624 ‚
3232 1549 3532 1632 variisque
3576 1549 3740 1632 ipsius

2897 1665 2989 1708 mo
3035 1665 3110 1708 ιε.

2313 1876 2372 1934 1.
2417 1872 2642 1934 Prima
2681 1871 2922 1934 divisio.
2949 1901 3032 1916 --
3059 1869 3234 1932 Modi
3275 1868 3388 1932 alii
3421 1870 3740 1950 proponendi

2223 1969 2495 2051 primam
2515 1961 3272 2030 divisionm.—Seounda
3305 1961 3739 2024 divisive-Ter-

2229 2062 2324 2126 tia
2361 2058 2577 2124 ditisio
2626 2075 2808 2139 quam
2852 2057 2976 2122 late
3017 2057 3424 2138 prosequitur,
3457 2071 3526 2118 ero
3569 2053 3738 2130 Abel„

2231 2155 2406 2218 Petr.
2439 2153 2736 2231 Thyreae,
2771 2152 2840 2214 de
2863 2149 3394 2230 ,appar-itionibus,
3417 2165 3523 2229 per
3557 2149 3596 2208 l.
3625 2149 3740 2208 1.-

2231 2249 2386 2308 Tota
2423 2246 2684 2327 quaestio
2711 2244 2912 2306 obiter
2935 2245 3065 2306 fere
3093 2241 3372 2321 exposita
3401 2248 3486 2302 est
3525 2241 3582 2302 in
3617 2259 3741 2318 prae-

2231 2341 2632 2413 cedentibus3
2673 2339 2778 2400 sed
2817 2337 2895 2398 ad
2931 2337 3456 2416 complementum
3493 2333 3738 2394 doctrinae

2231 2435 2434 2498 varias
2481 2432 2822 2514 prophetiae
2887 2432 3224 2492 divisiones
3276 2427 3537 2490 breviter
3587 2427 3743 2506 expli-

2231 2529 2531 2592 cabimus.
2564 2527 2723 2588 Sunt
2751 2525 2919 2586 enim
2949 2525 3016 2584 in
3057 2521 3382 2602 prophetia
3419 2519 3634 2582 multa:
3657 2519 3740 2578 ob·

2227 2622 2464 2701 jectum
2495 2619 2816 2682 materiale
2855 2624 2920 2679 et
2959 2615 3264 2688 formale3
3305 2614 3622 2693 subjectum
3647 2658 3662 2686 ,
3697 2617 3744 2672 et

2236 2715 2502 2777 elevatio
2533 2713 2780 2774 mentis.
2816 2713 2904 2772 Ex
2931 2710 3156 2790 quihus
3178 2707 3468 2769 omnibus
3491 2704 3744 2784 capitibus

2231 2807 2427 2870 dividi
2466 2806 2621 2868 solet
2659 2805 3004 2886 prophetia.
3041 2803 3248 2864 Prima
3277 2817 3424 2879 ergo
3467 2799 3662 2862 divisio
3689 2795 3744 2856 fit

2231 2903 2299 2963 in
2327 2900 2713 2981 prophetiam
2747 2897 3148 2978 praescientiae
3175 2941 3195 2972 ,
3235 2891 3742 2975 praedestinationis

2229 3000 2292 3056 et
2331 2992 2854 3067 comminationis,
2885 3009 3026 3070 quse
3069 2996 3162 3052 est
3216 2991 3284 3050 D.
3321 2986 3654 3064 Hieronymi
3697 2987 3744 3043 et

2229 3085 2461 3148 Glossae
2491 3085 2843 3161 ordinariae,
2883 3083 3102 3146 Matth.
3133 3087 3160 3145 1
3189 3104 3210 3157 3
3243 3083 3314 3142 D.
3349 3079 3600 3140 Thomas
3621 3079 3670 3138 2.
3691 3077 3734 3146 2,

2229 3185 2442 3258 quaest.
2484 3179 2625 3254 174,
2657 3183 2773 3241 art.
2807 3181 2865 3252 1,
2887 3175 3228 3238 secundum
3259 3172 3592 3236 membrum
3621 3169 3738 3229 omi·

2233 3273 2331 3344 sit,
2368 3271 2515 3350 quia
2561 3270 2626 3332 in
2675 3271 2882 3351 primo
2913 3268 3277 3330 includitur.
3329 3269 3545 3328 Sensus
3577 3269 3744 3324 autem

2237 3362 2555 3424 divisionis
2585 3369 2750 3443 patet
2779 3381 2856 3424 ex
2893 3379 3080 3441 supra
3105 3361 3328 3432 dictis3
3363 3358 3594 3439 proprie
3613 3356 3746 3416 enim

2238 3455 2462 3518 divisio
2505 3456 2640 3518 haec
2669 3457 2937 3518 sumitur
2967 3472 3046 3517 ex
3073 3453 3316 3533 objecto
3361 3449 3664 3523 materiali,
3690 3463 3746 3506 eo

2239 3549 2402 3629 quod
2433 3548 2615 3612 aliter
2635 3547 2983 3612 affirmatur
3023 3567 3120 3610 res
3147 3547 3359 3610 futura
3386 3547 3450 3606 in
3476 3541 3752 3624 prophetia

2239 3642 2780 3719 comminationis,
2823 3643 3057 3704 scilicet
3095 3640 3210 3702 sub
3263 3638 3602 3702 conditione
3623 3681 3638 3705 ‚
3676 3632 3753 3694 vel

2241 3738 2306 3798 in
2341 3753 2524 3798 causa
2539 3753 2560 3814 3
2601 3737 2786 3800 aliter
2825 3739 2892 3800 iu
2937 3735 3349 3818 praescientia,
3375 3733 3592 3794 scilicet
3615 3729 3755 3790 abso·

2238 3829 2370 3891 lute
2409 3831 2475 3892 iu
2515 3849 2602 3894 se.
2654 3831 2830 3894 Unde
2857 3830 3167 3893 diversum
3211 3836 3310 3890 est
3345 3825 3504 3906 quod
3530 3827 3588 3885 in
3619 3829 3754 3882 utra-

2239 3943 2360 4004 que
2409 3924 2760 4003 r'evelatur3
2811 3930 2876 3986 et
2936 3924 3018 3984 ad
3057 3923 3226 3984 hunc
3293 3919 3540 3982 modum
3593 3913 3753 3978 dividi

2238 4023 2442 4096 potest
2487 4018 2814 4098 prophetia
2863 4018 2930 4078 in
2983 4015 3374 4097 prophetiam
3421 4013 3752 4080 futurorum,

2237 4112 2696 4190 praeteritorum
2745 4118 2808 4174 et
2848 4111 3252 4191 praesentium
3281 4129 3297 4186 ς
3329 4115 3437 4170 aut
3461 4107 3656 4179 aliter,
3700 4102 3752 4160 in

2239 4221 2380 4266 eam
2421 4221 2567 4284 quae
2611 4213 2704 4266 est
2747 4205 3132 4267 occultorum
3182 4221 3260 4266 ex
3308 4201 3590 4264 distantia
3639 4194 3752 4267 loci,

2241 4297 2334 4360 vel
2385 4316 2462 4360 ex
2503 4299 2794 4362 distantia
2823 4299 3118 4378 temporis
3140 4344 3161 4373 ,
3192 4297 3292 4360 vel
3329 4315 3408 4360 ex
3449 4292 3756 4357 conditione

2240 4391 2516 4471 ipsarum
2537 4411 2772 4468 rerum,
2805 4408 2946 4474 qum
2974 4391 3078 4453 vel
3103 4389 3590 4472 supernaturales
3615 4389 3752 4454 sunt,

2241 4484 2342 4546 vel
2369 4485 2770 4564 cogitationes
2805 4485 3110 4561 cordium,
3141 4502 3268 4564 qua
3297 4485 3530 4546 ratione
3555 4477 3626 4540 ad
3657 4475 3757 4536 dis-

2239 4579 2577 4640 cretionem
2627 4581 2960 4660 spirituum
2993 4584 3224 4657 spectat
3237 4621 3258 4654 ,
3297 4590 3368 4636 ut
3411 4575 3627 4636 dictum
3665 4579 3753 4628 est.

2243 4671 2526 4732 Secunda
2570 4670 2792 4733 divisio
2825 4669 3164 4751 prophetiae
3205 4675 3296 4732 est
3343 4668 3412 4730 in
3449 4667 3757 4728 evidentem

2247 4771 2308 4824 et
2331 4762 2681 4840 obscuram,
2717 4781 2858 4844 quie
2881 4763 3126 4843 proprie
3155 4763 3423 4824 sumitur
3449 4777 3522 4822 ex
3553 4756 3757 4834 objecto

2243 4856 2540 4932 formali,
2593 4864 2656 4919 et
2687 4863 2900 4920 causat
2941 4856 3360 4918 diversitatem
3409 4851 3755 4933 specificam,

2245 4967 2387 5029 quae
2423 4949 2490 5011 in
2521 4951 2723 5029 prima
2749 4950 3050 5011 divisione
3079 4967 3207 5010 non
3241 4948 3577 5027 reperitur-3
3604 4948 3759 5018 atque

2246 5043 2384 5104 hoeo
2431 5045 2644 5104 omnia
2689 5049 2903 5122 patent
2931 5059 3009 5104 ex
3041 5042 3238 5103 dictis.
3283 5040 3490 5102 Tertia
3533 5033 3756 5098 divisio:

2245 5137 2370 5198 alia
2420 5136 2746 5217 prophetia
2799 5135 2873 5196 fit
2931 5151 3042 5214 per
3081 5134 3322 5214 objecta
3365 5145 3642 5193 sensuum
3677 5141 3759 5186 ex-

2247 5236 2568 5292 ternorum
2597 5275 2616 5304 ,
2661 5229 2785 5290 alia
2839 5243 2952 5307 per
2993 5227 3428 5305 imaginariam
3471 5223 3758 5288 visionem,

2243 5323 2368 5386 alia
2391 5323 2750 5386 immediate
2780 5321 2848 5382 in
2877 5319 3214 5382 intellectu.
3237 5320 3330 5382 Ita
3358 5317 3756 5394 Hieronymus,

2333 5509 2350 5545 ¹
2397 5503 2550 5566 vide
2597 5503 2636 5568 Ι.
2671 5506 2710 5565 8
2737 5503 2814 5564 de
2851 5501 3128 5579 Angelis,
3157 5521 3210 5562 c.
3241 5503 3304 5577 6,
3333 5519 3369 5560 ιι
3397 5517 3459 5558 n.
3494 5499 3546 5560 5.
