3900 6217
715 402 883 459 SECT.
921 405 988 459 111
1039 404 1123 455 AN
1155 403 1254 457 sl’r
1287 404 1368 457 DE
1399 402 1670 457 limem-3
1700 404 1977 457 HAERESIS
2010 406 2137 459 CUM
2170 406 2539 459 PEaTmAmA
2572 404 2883 460 comm.

209 514 496 587 parantur
539 506 644 569 illa
693 512 962 586 peccata,
1009 506 1168 567 sicut
1207 505 1459 568 omissio
1487 511 1550 566 et
1587 520 1754 567 com-

207 602 406 663 missio
429 602 498 662 in
527 600 786 663 materia
813 598 958 661 fidei
1011 617 1028 661 ε
1077 616 1228 661 nam
1267 598 1512 660 hoeresis
1541 604 1752 678 aperte

205 700 294 753 est
317 701 630 774 peccatum
661 692 1142 767 commissionis3
1174 709 1348 753 error
1369 698 1578 753 autem
1620 690 1748 766 ille,

203 786 340 848 licet
366 788 442 848 sit
467 793 644 848 actus
683 785 1001 866 positivus,
1033 792 1094 846 et
1135 803 1214 845 ex
1242 802 1317 845 ea
1339 790 1512 864 parte
1540 784 1750 845 videa-

201 886 302 941 tur
332 880 700 953 commissio,
747 877 900 940 illud
934 884 1024 939 est
1073 878 1248 957 quasi
1298 877 1744 951 materialiter;

199 992 342 1035 nam
363 980 488 1035 tota
511 973 778 1047 malitia,
808 988 998 1051 quam
1021 970 1230 1045 habet,
1258 970 1605 1032 omissionis
1633 976 1748 1045 est,

195 1066 344 1145 quia
369 1066 564 1129 solum
591 1067 832 1128 ratione
851 1066 1226 1145 ignorantiae
1261 1064 1462 1127 malus
1485 1071 1598 1126 est.
1624 1066 1752 1126 Un-

193 1161 272 1223 de
319 1161 396 1221 ad
463 1165 900 1239 argumentum
951 1158 1362 1237 respondetur
1382 1203 1402 1233 ,
1469 1157 1754 1236 quamvis

193 1254 544 1332 ignorantia
591 1270 719 1315 non
784 1252 976 1313 soleat
1043 1252 1284 1313 efficere
1331 1251 1753 1313 diversitatem

194 1346 539 1426 specificam
569 1348 640 1407 in
665 1347 938 1425 peccatis
959 1390 980 1421 ,
1026 1346 1275 1425 quando
1321 1344 1520 1405 solum
1553 1345 1756 1405 variat

193 1440 450 1501 modum
480 1438 838 1514 voluntarii,
881 1439 1032 1517 quia
1059 1438 1176 1500 hoc
1217 1456 1344 1499 non
1373 1439 1644 1519 pertinet
1671 1437 1750 1497 ad

187 1532 624 1595 formalitatem
657 1538 718 1593 et
757 1532 1023 1611 speciem
1056 1532 1308 1608 peccati,
1350 1532 1454 1593 sed
1496 1532 1572 1591 ad
1621 1548 1752 1591 mo-

193 1625 342 1685 dum
377 1626 484 1704 qui
510 1643 578 1687 se
609 1632 782 1687 tenet
817 1644 898 1686 ex
931 1633 1110 1704 parte
1148 1625 1460 1704 operantis
1483 1670 1500 1693 ,
1523 1624 1748 1685 nihilo-

196 1720 397 1781 minus
437 1719 686 1799 quando
735 1718 1090 1797 ignorantia
1135 1718 1401 1779 occultat
1432 1718 1744 1795 objectum

197 1833 236 1872 a
259 1832 376 1892 quo
407 1819 726 1892 peccatum
761 1811 986 1891 accipit
1013 1828 1190 1871 suam
1219 1812 1532 1889 propriam
1560 1809 1747 1869 ratio-

189 1923 362 1979 nem,
388 1911 536 1967 tunc
579 1922 758 1985 posse
797 1912 1040 1965 mutare
1069 1904 1336 1983 speciem
1383 1903 1634 1982 peccati,
1687 1907 1749 1962 et

187 1999 276 2057 ita
304 1998 482 2061 estin
525 1999 852 2078 praesenti3
881 2016 1024 2059 nam
1059 1996 1412 2075 ignorantia
1445 1994 1750 2058 definitio-

189 2092 290 2151 nis
331 2110 438 2153 seu
481 2091 912 2171 propositionis
958 2091 1240 2151 Ecclesiae
1293 2088 1560 2151 occultat
1607 2107 1748 2168 pro·

185 2186 396 2263 prium
423 2183 733 2265 objectum
761 2184 1030 2258 haeresis,
1063 2188 1126 2245 et
1146 2184 1292 2244 facit
1319 2188 1390 2245 ut
1425 2200 1596 2245 error
1623 2200 1750 2243 non

185 2280 266 2339 sit
323 2280 676 2340 auctoritati
730 2278 1013 2341 Ecclesiae
1069 2277 1416 2339 contrarius
1477 2277 1750 2339 formali-

185 2379 306 2446 ter,
356 2381 416 2433 et
455 2373 522 2433 in
557 2374 876 2435 voluntate
914 2373 1251 2453 operantia,
1289 2378 1354 2433 et
1384 2372 1526 2433 ideo
1563 2372 1752 2451 impe·

187 2466 280 2525 dit
321 2466 584 2545 speciem
615 2466 886 2542 haeresis,
939 2471 1002 2526 et
1041 2467 1110 2527 in
1155 2467 1357 2546 specie
1385 2465 1753 2543 ignorantiae

187 2566 506 2639 peccatum
536 2560 848 2641 relinquit.

263 2656 370 2715 25.
417 2651 520 2715 Aa
541 2656 862 2719 secundum
889 2658 1312 2737 argumentum
1357 2654 1425 2717 in
1473 2670 1642 2715 num.
1687 2654 1748 2715 5.

179 2780 261 2792 —
289 2746 394 2809 Ad
423 2747 669 2811 tertium
703 2748 847 2810 ibid.
876 2780 952 2791 -
973 2746 1074 2811 Ad
1108 2752 1414 2828 quartum.
1445 2780 1525 2793 —
1544 2744 1628 2807 Ad
1659 2762 1750 2805 se-

179 2842 460 2901 eundum
507 2840 586 2901 de
629 2841 982 2919 ignorantia
1013 2842 1472 2915 haereticorum,
1503 2858 1751 2919 respon·

185 2936 278 2993 sio
303 2940 474 3013 patet
498 2952 576 2994 ex
601 2934 805 2995 dictis.
830 2934 1230 2997 Concedimus
1271 2934 1436 2994 enim
1467 2933 1749 2995 haeresim

184 3028 374 3087 simul
403 3046 538 3089 esse
565 3047 738 3108 posse
768 3046 906 3089 cum
936 3028 1144 3108 aliqua
1169 3030 1522 3107 ignorantia
1539 3044 1558 3105 ;
1601 3044 1749 3089 nam

173 3122 316 3199 ipsa
355 3122 546 3183 etiam
575 3126 666 3181 est
701 3122 982 3201 quoedam
1026 3122 1379 3200 ignorantia
1403 3138 1608 3201 pravae
1631 3122 1749 3182 dis-

161 3214 526 3293 positionis,
569 3214 782 3275 Solum
817 3232 966 3293 ergo
1004 3215 1268 3277 dicimus
1295 3214 1578 3275 haeresim
1621 3230 1750 3275 esse

163 3326 304 3369 non
343 3325 524 3385 posse
549 3324 626 3369 ex
661 3308 1040 3385 ignorantia,
1066 3312 1130 3369 et
1159 3305 1502 3386 specialiter
1531 3326 1608 3367 ex
1643 3306 1751 3367 illa

165 3419 320 3480 quae
361 3400 652 3461 notitiam
696 3401 1078 3461 auctoritatis
1115 3406 1178 3461 et
1213 3398 1593 3461 definitionis
1635 3400 1749 3461 Ec-

159 3496 380 3556 clesiae
437 3493 748 3569 excludit,
807 3502 1024 3555 eontra
1062 3494 1249 3574 quod,
1307 3499 1746 3573 argumentum

159 3588 418 3649 iactum
471 3606 596 3647 non
645 3588 937 3667 procedit.
987 3589 1265 3649 Tertium
1317 3588 1508 3648 etiam
1565 3604 1749 3664 argu-

159 3690 496 3755 mentum,
521 3680 596 3741 de
629 3682 1086 3759 comparatione
1128 3680 1208 3741 ad
1237 3680 1392 3740 alias
1419 3678 1750 3741 infidelita·

155 3782 290 3849 iffi,
337 3772 768 3835 difficultatem
809 3792 937 3834 non
979 3774 1186 3835 habet.
1233 3772 1749 3851 Distinguendum

159 3870 356 3929 enim
418 3876 511 3929 est
559 3868 634 3929 dc
699 3867 1064 3929 infidelitate
1116 3873 1360 3929 tantum
1418 3866 1746 3945 privativa,

157 3970 374 4023 etiam
395 3978 510 4041 per
527 3962 944 4039 ignorantiam
973 3960 1370 4041 culpabilem,
1404 3967 1466 4021 et
1507 3960 1584 4021 de
1611 3958 1753 4019 infl-

155 4054 442 4117 delitate
471 4055 795 4115 contraria.
831 4054 987 4115 Nam
1030 4052 1106 4113 de
1145 4054 1345 4131 prima
1403 4070 1618 4113 verum
1663 4058 1752 4113 est

157 4168 312 4211 esse
344 4166 524 4227 posse
561 4149 696 4209 sine
733 4146 1092 4227 pertinacia,
1143 4164 1252 4227 per
1291 4149 1630 4209 carentiam
1661 4152 1754 4207 to-

157 4245 306 4305 tius
344 4242 500 4305 fidei
523 4264 540 4317 ;
565 4244 711 4322 quia
756 4242 874 4303 boc
899 4247 1102 4303 totum
1129 4243 1399 4322 pertinet
1427 4242 1504 4303 ad
1547 4258 1755 4321 pecca-

155 4346 322 4397 tum
348 4337 724 4413 omissionis,
753 4344 817 4397 et
844 4336 984 4398 ideo
1009 4336 1156 4398 inde
1185 4352 1314 4397 non
1359 4342 1559 4415 potest
1589 4336 1752 4395 sumi

153 4436 636 4510 argumentum
677 4430 752 4490 ad
790 4436 1112 4509 peccatum
1167 4430 1437 4491 hairesis.
1485 4434 1564 4491 At
1606 4447 1752 4489 vero

147 4522 526 4585 infidelitas
557 4524 866 4585 contraria
919 4540 1168 4604 semper
1187 4522 1447 4603 requiirit
1483 4522 1756 4601 pertina-

151 4619 372 4692 ciam,
405 4616 556 4695 quia
579 4634 710 4677 non
753 4622 846 4677 est
884 4616 1018 4677 siue
1065 4617 1273 4696 aliqua
1313 4617 1534 4677 notitia
1581 4614 1753 4691 fidei,

151 4710 414 4771 saltem
459 4724 566 4789 per
587 4708 996 4771 sufficientem
1031 4710 1538 4789 pmpozitionem,
1567 4714 1631 4769 et
1669 4709 1758 4769 ita

149 4804 398 4883 potius
449 4802 596 4863 inde
647 4808 1038 4882 retorquetur
1077 4810 1552 4881 argumentum,
1611 4800 1754 4881 quia

151 4890 446 4957 haeresis
485 4903 576 4957 est
617 4894 949 4957 infidelitas
995 4898 1302 4957 contraria
1339 4894 1508 4957 fidei.
1567 4897 1762 4971 Quar-

149 4998 320 5051 tum
357 4996 808 5067 argumentum
837 4988 1196 5049 sumebatur
1233 5006 1309 5049 ex
1354 4987 1758 5066 comparatio-

147 5102 248 5143 ne
301 5084 480 5143 inter
507 5082 695 5143 fidem
725 5088 790 5143 et
819 5082 1210 5155 charitatem,
1252 5088 1314 5141 et
1353 5081 1521 5141 inter
1544 5094 1759 5158 pecca-

149 5184 316 5237 tum
351 5175 645 5249 mortale,
676 5181 749 5235 ut
787 5176 1136 5254 oppositum
1165 5174 1472 5247 charitati,
1504 5180 1567 5233 et
1595 5188 1759 5233 erro-

145 5286 316 5330 rem
357 5286 478 5347 per
503 5268 947 5347 ignorantiam,
973 5273 1043 5328 ut
1069 5268 1422 5346 oppositum
1443 5264 1610 5326 fidei.
1645 5264 1760 5327 Ne·

151 5380 420 5441 gamus
471 5368 683 5425 autem
735 5360 1258 5439 comparationem
1303 5364 1366 5421 et
1410 5356 1762 5419 similitudi-

151 5473 360 5531 nem,
401 5455 554 5535 quia
584 5472 711 5517 non
751 5472 938 5517 omne
993 5458 1313 5532 peccatum
1365 5450 1624 5513 mortale
1671 5454 1764 5513 est

153 5550 458 5611 formale
487 5549 700 5611 odium
750 5547 856 5609 Dei
903 5544 1188 5609 charitati
1217 5544 1622 5621 contrarium,
1657 5542 1761 5604 sed

3274 401 3395 462 479

1831 507 1983 567 satis
2012 513 2102 567 est
2130 506 2293 587 quod
2324 508 2404 567 sit
2442 507 2699 568 virtuale
2728 506 2974 583 odium3
3008 506 3257 568 haeresis
3286 528 3396 569 au-

1829 605 1959 660 tem
1994 600 2145 660 dicit
2185 607 2505 680 peccatum
2535 599 2877 661 formaliter
2912 600 3291 661 contrarium
3322 600 3397 661 fi-

1831 692 1955 768 dei,
1986 694 2151 772 quod
2189 712 2315 753 non
2359 693 2549 755 hahet
2608 711 2781 755 error
2812 712 2922 773 per
2975 694 3395 771 ignorantiam

1831 786 2217 847 commissus.
2266 787 2498 848 Deinde
2546 794 2865 865 peccatum
2902 788 3163 849 mortale
3190 788 3398 849 exclu-

1829 877 1923 937 dit
1947 878 2309 940 charitatem
2338 880 2539 940 solum
2563 880 2981 953 demeritorie,
3004 880 3243 940 etiamsi
3266 899 3395 942 non

1831 971 1910 1031 sit
1956 972 2049 1031 illi
2104 972 2449 1033 formaliter
2498 974 2877 1035 contrarium
2892 988 2911 1051 3
2961 992 3135 1035 error
3182 981 3396 1036 autem

1831 1082 1943 1144 per
1974 1065 2417 1143 ignorantiam,
2462 1066 2702 1127 etiamsi
2734 1068 3057 1145 contingat
3090 1086 3219 1128 esse
3256 1086 3397 1148 pcc-

1833 1163 2039 1218 catum
2074 1158 2356 1234 mortale,
2396 1165 2459 1219 et
2487 1158 2777 1221 excludat
2796 1160 3185 1233 charitatem,
3208 1161 3398 1222 fidem

1831 1268 1963 1312 non
1990 1252 2273 1327 destruit,
2306 1254 2454 1332 qnia
2482 1271 2609 1313 non
2646 1254 2871 1315 evertit
2913 1252 3173 1315 formale
3196 1254 3398 1333 objec-

1833 1350 1968 1405 tum
1994 1346 2149 1424 ejus,
2180 1364 2382 1424 neque
2406 1346 2497 1406 illi
2522 1348 2825 1409 contrarie
2844 1348 3199 1427 opponitur,
3230 1349 3398 1428 quod

1833 1438 1912 1498 ad
1947 1442 2255 1500 rationem
2282 1440 2530 1501 haeresis
2563 1442 2974 1503 necessarium
3000 1446 3112 1502 est.

1909 1532 2008 1593 26.
2056 1530 2163 1595 Ad
2182 1533 2463 1613 quintum
2508 1536 2579 1595 in
2606 1550 2772 1596 num.
2816 1535 2876 1595 6.
2908 1564 2991 1581 ·-
3024 1533 3125 1597 Aa
3162 1542 3399 1600 sertum

1827 1625 2007 1700 ibid„
2038 1626 2107 1689 de
2130 1629 2567 1708 protestatione
2589 1628 3265 1702 lacerarit—Quintum
3302 1649 3401 1691 ar-

1827 1724 2197 1795 gumentum
2232 1719 2577 1798 specialiter
2600 1720 2970 1799 procedebat
2993 1722 3069 1782 de
3107 1722 3400 1800 ignoran-

1828 1810 1914 1869 tia
1943 1809 2258 1889 affectata3
2289 1813 2368 1872 ad
2415 1812 2580 1892 quod
2625 1812 3033 1893 respondetur
3090 1814 3397 1895 imprimis

1827 1903 1991 1965 hanc
2030 1904 2449 1983 ignorantiam
2477 1924 2609 1967 esse
2656 1924 2829 1987 posse
2858 1908 2991 1970 sine
3034 1911 3393 1988 pertinacia,

1829 2002 1891 2059 et
1947 2014 2089 2057 cum
2149 1998 2469 2061 voluntate
2511 2001 2799 2061 credendi
2854 2000 3161 2077 Ecclesiae,
3218 2003 3269 2062 si
3320 2002 3398 2062 de

1832 2091 2023 2170 ipsius
2050 2091 2410 2155 definitione
2437 2098 2765 2169 constaret,
2802 2100 2872 2155 ut
2920 2096 3064 2155 satis
3100 2096 3397 2175 explicui-

1831 2202 1976 2245 mus
2019 2203 2084 2245 n.
2134 2186 2233 2256 18,
2278 2192 2341 2246 et
2394 2186 2531 2247 ideo
2564 2192 2718 2247 tunc
2760 2187 2947 2248 talem
2977 2189 3396 2267 ignorantiam

1832 2296 2125 2339 excusare
2135 2279 2445 2355 haeresim,
2467 2280 2613 2359 quia
2626 2280 2892 2341 occultat
2908 2280 3216 2359 objectum
3238 2282 3391 2361 ejus,

1835 2370 2021 2431 Unde·
2052 2371 2589 2451 talisignorantia
2625 2372 2882 2452 augebit
2926 2374 3176 2457 quidem
3212 2375 3278 2435 in
3324 2394 3397 2435 eo

1834 2482 1979 2525 casu
2008 2471 2323 2543 peccatum
2353 2466 2687 2526 voluntarii
2714 2468 2964 2543 erroris,
3014 2484 3141 2528 non
3184 2474 3398 2529 tamen

1831 2557 1987 2617 illud
2028 2558 2356 2619 transferet
2400 2560 2468 2619 in
2504 2560 2767 2639 speciem
2814 2560 3087 2622 haeresis.
3122 2560 3398 2640 Denique

1831 2650 2127 2711 ultimum
2174 2658 2613 2729 argumentum
2670 2653 3019 2732 postulabat
3073 2654 3399 2714 materiam

1832 2743 1908 2805 de
1937 2746 2377 2823 protestatione
2406 2746 2659 2825 parendi
2694 2746 2996 2823 Ecclesiae,
3022 2765 3105 2809 an
3151 2753 3398 2809 excuset

1831 2836 2145 2914 haeresim,
2174 2838 2251 2899 de
2295 2856 2417 2917 qua
2464 2840 2841 2918 peculiarem
2884 2846 3217 2901 tractatum
3250 2842 3398 2902 fecit

1829 2930 2063 2991 Gerson
2094 2977 2113 3006 ‚
2137 2932 2383 3011 alphab.
2422 2934 2521 3008 14,
2568 2952 2605 2993 a
2632 2932 2837 2995 littera
2861 2934 2945 3010 Μ,
2992 2942 3053 2995 et
3079 2934 3398 3014 disputant

1829 3022 1955 3084 late
1989 3025 2359 3104 jurisperiti,
2388 3032 2459 3086 ut
2495 3026 2702 3087 videre
2730 3034 2823 3087 est
2862 3028 2929 3087 in
2974 3028 3272 3102 Simanc„
3318 3028 3399 3087 ti-

1827 3117 1963 3177 tulo
1990 3118 2110 3178 255
2126 3134 2147 3195 3
2184 3124 2245 3178 et
2275 3121 2503 3193 Panna,
2530 3118 2599 3179 in
2650 3119 2895 3195 Direct.,
2927 3126 3262 3181 commen-t.
3288 3120 3392 3197 26,

1831 3216 1860 3271 1
1899 3229 1959 3289 p.
1993 3210 2435 3273 Verumtamen
2466 3213 2847 3291 protestatio,
2878 3214 2957 3275 de
2984 3212 3215 3293 quaibi
3239 3220 3399 3275 trac-

1829 3312 1990 3379 tant,
2022 3303 2221 3366 solum
2256 3315 2349 3365 est
2376 3306 2665 3381 exterior,
2696 3312 2757 3367 et
2794 3306 2882 3366 ita
2920 3306 3227 3367 definiunt
3268 3324 3397 3367 esse

1833 3399 2280 3459 confessionem
2312 3400 2582 3459 exterius
2626 3400 2877 3475 factam,
2932 3400 3009 3460 ad
3054 3407 3398 3479 protestan-

1831 3492 1981 3552 dum
2029 3490 2178 3572 quid
2212 3490 2435 3571 aliquis
2477 3492 2738 3553 interius
2794 3494 3039 3567 sentiat,
3094 3510 3235 3555 cum
3283 3494 3399 3554 hoc

1829 3586 1929 3647 vel
1955 3586 2107 3647 illud
2144 3586 2441 3665 loquitur,
2486 3592 2548 3646 et
2574 3586 2653 3646 ad
2682 3586 3149 3666 praecavendam
3200 3590 3397 3667 suspi-

1831 3678 2074 3739 cionem
2104 3678 2357 3740 haeresis
2376 3678 2483 3739 ael
2525 3678 2897 3758 pertinaciae,
2950 3680 3001 3739 si
3046 3680 3304 3741 fortasse
3332 3683 3401 3741 in

1831 3788 2116 3833 sermone
2150 3788 2355 3833 errare
2388 3773 2729 3851 contingat,
2763 3778 2833 3832 ut
2860 3774 3127 3833 sumitur
3153 3790 3229 3833 ex
3258 3774 3401 3835 Hie·

1831 3882 2097 3943 ronymo
2119 3866 2186 3925 in
2216 3866 2597 3944 expositione
2640 3864 2943 3944 symboli,
2986 3882 3174 3945 quam
3212 3883 3400 3945 supra

1831 3958 2037 4032 citavi,
2080 3963 2141 4018 et
2182 3956 2447 4019 habetur
2484 3958 2551 4017 iu
2590 3976 2722 4037 cap.
2754 3958 2911 4021 Hoeo
2949 3962 3041 4021 est
3086 3958 3260 4036 fider,
3290 3961 3393 4036 24,

1832 4068 1894 4130 q.
1921 4054 1961 4112 ·1
1984 4068 2004 4128 3
2047 4050 2191 4113 taus
2215 4058 2423 4112 autem
2452 4051 2813 4130 protestatio
2841 4068 2949 4130 per
2975 4070 3039 4113 se
3076 4060 3137 4112 et
3164 4051 3233 4113 in
3260 4052 3397 4113 foro

1833 4145 1944 4205 Dei
1972 4162 2099 4205 non
2140 4150 2391 4205 excusat
2413 4144 2697 4205 haeresim
2726 4144 2848 4204 nisi
2881 4152 3183 4223 quatenus
3209 4144 3399 4206 fuerit

1834 4238 2171 4299 conformis
2222 4236 2531 4298 voluntati
2574 4236 2875 4297 interiori.
2946 4238 3103 4297 Nam
3150 4240 3203 4298 si
3254 4255 3397 4300 vere

1834 4333 2125 4411 procedat
2158 4348 2233 4392 ex
2258 4331 2573 4391 voluntate
2596 4329 3183 4409 parendi-Ecclesiae,
3214 4350 3397 4391 exeu-

1833 4432 1948 4501 sat,
2012 4425 2111 4485 vel
2168 4424 2371 4503 potins
2430 4430 2523 4484 est
2580 4422 2829 4501 signum
2870 4442 3001 4483 non
3054 4426 3397 4487 commissa}

1835 4516 2124 4594 haeresis3
2166 4536 2313 4577 nam
2350 4518 2639 4577 voluntas
2666 4516 2799 4595 ipsa
2838 4522 2931 4577 est
2956 4534 3099 4595 quae
3136 4516 3399 4597 impedit

1837 4610 2146 4687 hoeroeim,
2204 4609 2589 4672 excludendo
2646 4609 3071 4688 pertinaciam.
3124 4612 3199 4670 Et
3252 4611 3401 4671 binc

1838 4704 2026 4765 etiam
2054 4710 2307 4765 excusat
2347 4704 2413 4763 iu
2462 4702 2597 4763 foro
2625 4709 2903 4777 externo,
2956 4709 3022 4762 et
3058 4708 3297 4763 constat
3322 4720 3401 4764 ex

1839 4816 1975 4877 cap.
2008 4798 2389 4859 Damnamus
2426 4796 2635 4870 citato,
2660 4796 2789 4857 nisi
2814 4794 3067 4855 aliunde
3108 4801 3403 4875 appareat

1840 4891 2031 4953 talem
2065 4892 2570 4970 protestationem
2618 4888 2807 4950 fuisse
2834 4889 3069 4961 fictam,
3112 4889 3278 4968 quod
3308 4892 3403 4951 in·

1837 4984 2017 5045 (liciis
2060 4993 2121 5045 et
2154 4982 2525 5061 conjecturis
2550 4998 2591 5043 a
2628 4981 2941 5060 judicibus
2968 4982 3115 5042 fidei
3142 4998 3403 5062 perpen-

1837 5078 2110 5141 dendum
2141 5087 2255 5152 est,
2285 5084 2357 5137 ut
2368 5082 2640 5138 tractant
2666 5076 3195 5155 dicti-ju1isperiti.

2494 5331 2747 5351 —*—·
