3900 6217
625 476 793 529 SECT.
832 478 893 529 n.
928 479 1011 531 AN
1044 479 1213 531 110th
1248 476 1489 531 DEBEAT
1524 476 1797 529 Pnoxmo
1834 478 2050 531 POTIUS
2084 481 2145 531 ΙΝ
2179 481 2663 543 srlnffUALmUS,
2699 482 2835 533 ETc.

134 580 291 641 idem
319 594 557 651 cense0,
592 576 643 637 si
668 576 893 655 aliquis
930 578 1011 639 sit
1049 579 1115 640 in
1143 578 1415 659 periculo
1443 584 1687 639 aeternae

138 673 363 747 mortiS,
394 669 561 751 quod
602 670 940 743 moraliter,
986 674 1038 732 si
1066 690 1104 733 a
1130 690 1229 733 me
1260 691 1382 734 non
1406 672 1683 752 juvetur,

134 765 485 827 difficillime
513 764 709 825 vitare
738 767 959 843 potest,
981 764 1122 826 licet
1144 764 1296 826 alias
1326 765 1686 845 simpliciter

136 859 313 939 possit
352 857 593 919 ratione
624 856 950 933 libertatiS,
977 864 1039 918 et
1064 858 1279 937 gratias
1312 876 1499 937 qnam
1531 858 1687 917 Deus

134 972 253 1015 non
281 953 566 1031 denegat.
590 953 769 1013 Ratio
797 958 910 1026 est,
935 953 1083 1031 quia
1111 953 1177 1013 in
1199 971 1269 1013 re
1298 952 1685 1031 gravissima,

136 1065 237 1125 pro
260 1046 532 1105 materiae
564 1044 879 1125 qualitate,
902 1044 1033 1107 haec
1060 1050 1153 1105 est
1176 1051 1451 1106 extrema
1480 1062 1688 1106 neces-

134 1142 290 1213 sitas;
324 1145 396 1200 ut
425 1140 478 1200 si
506 1138 749 1200 videam
783 1138 1127 1216 hominem,
1154 1140 1263 1219 qui
1291 1138 1399 1199 diu
1432 1138 1589 1199 vixit
1620 1136 1687 1198 in

134 1232 568 1295 cousuetudine
600 1234 921 1313 peccandi,
954 1234 1115 1295 mori
1152 1235 1283 1295 sine
1308 1236 1689 1295 sacramento

136 1326 539 1401 confessionis,
572 1324 789 1401 debe0,
834 1326 887 1385 si
918 1345 1190 1405 possum,
1236 1325 1411 1387 illum
1448 1324 1685 1399 audire,

136 1419 405 1499 quamvis
454 1418 819 1497 simpliciter
866 1420 1058 1499 possit
1106 1438 1215 1499 per
1257 1418 1689 1479 contritionem

136 1513 374 1584 salvari;
408 1516 470 1572 ει
502 1511 735 1573 similes
771 1512 877 1573 alii
916 1531 1092 1573 casus
1135 1512 1437 1591 ejusmodi
1480 1529 1691 1571 neces-

136 1606 318 1665 sitatis
339 1604 679 1683 spiritualis
708 1605 927 1665 adduci
951 1609 1225 1685 possunt.
1256 1606 1693 1684 (Recensentur

138 1697 406 1758 nonnulli
436 1714 473 1757 a
503 1697 779 1772 Valent„
806 1702 853 1757 t.
884 1700 944 1771 3,
970 1696 1125 1776 disp.
1152 1699 1214 1772 4,
1241 1701 1449 1776 punct.
1475 1698 1535 1773 3,
1560 1701 1695 1776 post

140 1796 173 1855 5
207 1798 438 1865 assera,
466 1809 600 1851 ver.
638 1790 767 1855 Sed
792 1791 1253 1869 illustrabitur.)

208 1886 265 1945 4.
311 1885 529 1947 Tertia
556 1886 876 1947 conclusio,
906 1920 981 1929 —
1009 1886 1235 1948 Prima
1264 1884 1526 1965 excepto
1557 1900 1693 1945 oon-

140 1980 523 2043 clusionis.—
539 1980 818 2043 Secunda
847 1979 1125 2059 eta-caplim
1159 1983 1225 2041 de
1253 1997 1371 2059 qua
1398 1978 1527 2039 vide
1552 1994 1693 2039 auc-

140 2082 309 2135 torem
334 2073 397 2134 in
428 2078 573 2135 tom.
600 2074 669 2137 de
692 2074 951 2145 Posuit..
978 2073 1205 2154 disput.
1239 2074 1338 2144 32,
1370 2076 1512 2133 sect.
1547 2074 1605 2141 1,
1635 2071 1693 2129 et

138 2169 315 2231 latius
357 2165 517 2248 disp.
554 2169 656 2242 44,
698 2170 838 2229 sect.
870 2168 927 2227 3.
960 2198 1042 2210 —
1069 2165 1213 2227 Dico
1250 2165 1431 2226 tertio
1465 2186 1479 2223 :
1516 2169 1692 2224 extra

142 2279 333 2321 casum
375 2266 675 2321 extremae
704 2260 1102 2336 necessitatis,
1134 2278 1261 2321 non
1290 2258 1520 2336 obligat
1548 2255 1692 2317 cha·

142 2355 275 2413 ritas
298 2372 404 2432 per
431 2372 497 2415 se
530 2354 607 2415 ad
626 2352 1119 2415 subveniendum
1145 2354 1382 2433 privato
1414 2351 1693 2431 proximo

142 2466 265 2507 cum
292 2446 565 2525 periculo
598 2445 819 2507 morali
843 2447 1057 2507 mortis
1079 2444 1371 2525 corporis.
1397 2445 1502 2505 Est
1530 2460 1694 2504 com-

147 2541 335 2600 munis
363 2558 507 2601 cum
542 2541 611 2600 D.
643 2540 906 2617 Thoma,
938 2558 1049 2619 pro
1082 2541 1281 2618 prima
1313 2537 1701 2599 conclusione

143 2634 332 2709 citat0,
380 2634 447 2695 in
480 2635 881 2713 responsione
910 2634 989 2693 ad
1023 2635 1090 2709 33
1117 2632 1402 2707 Navem,
1430 2647 1561 2707 cap.
1594 2630 1697 2716 24,

144 2744 301 2787 num.
334 2730 428 2804 12,
458 2732 525 2789 et
564 2726 850 2788 aliorum.
885 2726 1064 2787 Ratio
1091 2731 1205 2800 est,
1230 2724 1377 2803 quia
1405 2732 1578 2785 extra
1606 2742 1702 2785 ca-

144 2838 267 2881 sum
306 2819 564 2899 periculi
606 2826 898 2881 extremae
941 2818 1313 2879 necessitatis
1359 2816 1694 2896 spiritualis

146 2932 259 2975 non
290 2920 376 2975 est
415 2914 697 2973 maxima
724 2913 1088 2985 necessitas;
1122 2928 1270 2989 ergo
1298 2926 1499 2987 neque
1540 2908 1693 2968 obli-

149 3024 352 3083 gamur
374 3006 451 3067 ad
480 3005 871 3085 perdendum
905 3021 1220 3065 summum
1251 3000 1564 3082 corporale
1588 3002 1695 3062 bo-

146 3117 304 3172 num,
337 3104 403 3159 ut
441 3098 543 3159 illi
584 3098 1044 3159 subveniamus.
1082 3100 1159 3162 Et
1196 3096 1407 3157 eadem
1454 3096 1695 3157 ratione

146 3210 259 3251 non
291 3199 508 3253 teneor
536 3192 867 3253 subvenire
898 3210 1040 3253 cum
1074 3190 1342 3271 periculo
1374 3190 1611 3264 moi-tie,
1638 3190 1697 3251 ei

145 3286 240 3364 qui
276 3304 381 3346 sua
410 3294 635 3365 sponte
678 3304 743 3347 se
772 3287 1027 3365 exponit
1051 3284 1323 3366 periculo
1352 3284 1698 3345 damnatio-

146 3381 261 3457 nis;
290 3388 353 3439 ut
380 3380 432 3440 si
464 3379 695 3459 aliquis
723 3380 1027 3461 peccando
1054 3379 1393 3440 mortaliter
1422 3378 1569 3439 velit
1599 3396 1698 3438 me

146 3473 423 3555 occidere,
444 3490 701 3553 possum
732 3490 830 3533 me
850 3472 1202 3549 defendere,
1227 3473 1412 3532 etiam
1436 3471 1697 3531 alterum

149 3566 581 3639 interficiendO,
631 3566 778 3627 licet
825 3566 1017 3626 sciam
1063 3564 1193 3625 fore
1246 3564 1693 3640 damnandum,

148 3662 282 3739 quia
308 3661 407 3722 ille
436 3661 571 3741 ipse
602 3678 725 3721 non
756 3667 844 3721 est
869 3660 933 3721 in
962 3661 1343 3730 necessitate,
1366 3660 1470 3721 sed
1498 3659 1563 3720 in
1594 3680 1698 3719 vo-

148 3753 401 3815 luntaria
428 3753 689 3815 malitia.
718 3753 1015 3815 Similiter
1040 3753 1091 3812 si
1118 3754 1463 3832 periculum
1491 3754 1695 3833 proxi-

150 3848 227 3907 mi
256 3852 491 3907 tantum
522 3853 680 3909 esset
720 3846 1015 3927 peccandi
1057 3847 1420 3924 mortaliter,
1450 3848 1695 3911 habitu-

148 3960 243 4003 rus
284 3950 491 4005 tamen
539 3948 700 4003 esset
742 3949 954 4023 postea
1004 3949 1243 4021 tempus
1288 3944 1694 4025 paenitentiae,

148 4054 263 4095 non
305 4036 541 4115 obligor
584 4055 723 4097 cum
769 4037 1038 4117 periculo
1082 4039 1221 4099 vitae
1248 4038 1601 4114 subvenire,
1630 4047 1701 4097 ut

150 4129 289 4189 vitet
313 4132 461 4192 illud
492 4137 844 4211 peccatum;
874 4132 1024 4211 quia
1050 4130 1327 4193 absolute
1358 4138 1449 4193 εει
1486 4131 1700 4193 volun-

150 4225 386 4301 tarium,
412 4232 476 4286 et
500 4232 593 4287 est
621 4225 921 4287 damnum
943 4225 1303 4304 reparabile.
1334 4227 1488 4287 Item
1511 4226 1699 4286 etiam

150 4338 275 4397 spes
300 4319 660 4399 proficiendi
683 4338 809 4381 non
839 4338 1080 4399 semper
1112 4325 1201 4381 est
1228 4326 1413 4392 certa,
1446 4338 1583 4398 quae
1610 4325 1701 4380 ta-

151 4432 283 4473 mea
318 4414 381 4475 in
410 4414 529 4475 hac
563 4413 821 4475 materia
853 4415 1121 4475 maxime
1166 4413 1543 4475 attendenda
1582 4419 1695 4489 est,

154 4514 217 4565 ιιι
240 4509 373 4585 quis
408 4505 721 4584 obligetur
750 4505 827 4566 ad
856 4524 919 4569 se
944 4508 1377 4585 exponendum
1406 4506 1515 4567 tali
1542 4508 1701 4587 peri-

152 4599 303 4661 cula.
338 4600 452 4679 Egi
492 4600 561 4661 in
594 4600 983 4661 conclusione
1012 4600 1089 4661 de
1129 4602 1382 4679 privatae
1424 4618 1701 4681 personae

152 4694 521 4765 necessitate,
544 4694 694 4773 quia
716 4694 768 4753 si
791 4693 1119 4773 loquamur
1142 4693 1217 4755 de
1242 4694 1403 4755 bono
1428 4712 1698 4755 commu-

154 4787 236 4860 ni,
260 4787 574 4865 probabile
598 4793 688 4847 est
714 4786 987 4847 sufficere
1011 4805 1263 4865 gravem
1284 4787 1707 4848 necessitatem

156 4880 533 4957 spiritualem
569 4886 631 4941 et
658 4898 1077 4956 communem,
1110 4886 1179 4940 nt
1214 4879 1401 4940 homo
1428 4886 1713 4941 teneatur

156 4972 239 5032 illi
292 4973 621 5035 subvenire
653 5020 670 5044 ,
729 4974 919 5034 etiam
981 4992 1121 5033 cum
1180 4974 1454 5053 periculo
1514 4975 1658 5035 vitas
1688 5020 1707 5049 ,

155 5068 433 5143 quamvis
459 5067 561 5128 alii
600 5068 787 5129 etiam
824 5068 1173 5147 oppositum
1205 5066 1504 5147 judicent.
1532 5068 1710 5129 Ratio

156 5165 265 5233 est,
302 5161 447 5238 quia
486 5160 801 5221 moraliter
830 5179 955 5221 non
986 5167 1078 5223 est
1110 5161 1433 5222 necessitas
1480 5160 1619 5221 talis
1647 5162 1713 5220 in

158 5256 614 5319 communitate.
657 5256 808 5333 quin
846 5262 1129 5335 respectu
1160 5273 1563 5334 personarum
1592 5257 1715 5333 pri-

160 5354 436 5407 vatarum
464 5349 545 5409 sit
571 5355 874 5423 extrema,
903 5350 989 5409 ita
1018 5354 1087 5408 ut
1115 5364 1333 5409 revera
1360 5347 1427 5407 in
1457 5346 1579 5407 illis
1606 5346 1715 5407 ha-

160 5438 297 5499 beat
338 5440 646 5503 effectum.
692 5444 867 5517 item,
906 5442 1052 5521 quia
1090 5441 1157 5501 in
1203 5440 1313 5502 tali
1355 5443 1715 5502 necessitate

160 5536 285 5596 fere
308 5540 400 5596 est
427 5552 669 5615 semper
691 5536 757 5596 in
780 5536 955 5614 gravi
981 5534 1254 5614 periculo
1278 5534 1499 5615 religio
1529 5534 1718 5595 chris-

164 5629 326 5697 tiana
356 5634 417 5691 et
442 5628 641 5691 honor
668 5630 825 5709 ejus;
857 5635 929 5691 ut
953 5629 1006 5690 si
1033 5628 1224 5690 sciam
1254 5628 1537 5705 haeresim
1569 5648 1717 5712 prae-

3210 480 3280 539 71
3301 480 3329 541 1

1767 578 2091 641 dicandam
2119 599 2247 644 esse
2271 581 2338 643 in
2365 581 2485 642 hoc
2514 580 2739 661 populo
2767 581 2846 642 ab
2881 581 3204 659 haereticis,
3241 590 3331 645 te-

1766 691 1919 734 neor
1948 673 2070 734 illis
2111 693 2210 737 me
2253 692 2586 754 opponere,
2632 674 2822 735 etiam
2869 694 3008 735 cum
3037 677 3330 756 periente,

1768 772 1829 826 et
1856 766 1943 827 sic
1977 766 2054 827 de
2081 767 2236 829 aliis.
2271 767 2408 828 Dixi
2440 768 2628 829 etiam
2657 785 2766 847 per
2793 786 2880 841 se,
2911 786 3018 829 seu
3051 770 3118 829 vi
3144 770 3334 831 solius

1768 858 2106 935 charitatis,
2151 878 2299 921 nam
2337 860 2390 921 si
2421 860 2792 921 interveniat
2821 860 3117 939 obligatio
3151 864 3336 940 justi-

1768 952 1892 1028 tiae,
1924 958 1988 1013 et
2021 971 2098 1013 ex
2125 952 2348 1029 officio,
2392 958 2462 1013 nt
2505 954 2574 1013 in
2619 954 2901 1032 episcopo
2945 959 3009 1013 et
3043 954 3332 1033 parocho,

1768 1062 1895 1105 non
1914 1045 2114 1105 solum
2141 1047 2206 1107 in
2230 1054 2529 1120 extrema,
2550 1046 2656 1106 sed
2679 1046 2866 1107 etiam
2891 1045 2956 1105 in
2978 1048 3154 1125 gravi
3179 1049 3337 1109 obli-

1768 1138 1965 1217 gabit,
2007 1146 2078 1199 ut.
2108 1140 2177 1199 D.
2209 1140 2477 1205 Thomas
2519 1140 2705 1201 citato
2730 1139 2904 1199 artic.
2947 1140 3008 1214 5,
3044 1140 3243 1215 docet,
3275 1147 3336 1203 et

1770 1231 1935 1291 infra
1963 1232 2029 1291 in
2071 1232 2284 1293 cadem
2329 1235 2387 1293 2.
2422 1236 2483 1308 2,
2537 1238 2750 1312 quoest.
2788 1234 2920 1306 185,
2965 1234 3138 1293 artic.
3183 1236 3244 1308 5,
3277 1241 3340 1295 et

1769 1324 2024 1385 tradunt
2080 1325 2188 1385 alii
2241 1324 2586 1386 scholastici
2639 1326 3050 1388 communiter
3080 1372 3099 1402 ,
3152 1334 3337 1406 atque

1771 1419 1958 1479 etiam
1998 1420 2206 1480 Patres
2233 1436 2359 1479 non
2385 1436 2544 1479 raro,
2578 1418 2756 1480 Ratio
2785 1425 2899 1495 est,
2925 1420 3072 1499 quia
3098 1422 3338 1481 ratione

1771 1511 1961 1571 officii
2002 1517 2064 1573 et
2091 1511 2380 1591 stipendii
2411 1512 2484 1571 ad
2531 1510 2648 1571 lioc
2679 1510 3010 1591 obligatur,
3057 1520 3118 1574 et
3146 1514 3336 1575 inter-

1772 1604 1943 1665 venit
1984 1604 2157 1682 quasi
2200 1612 2448 1684 pactum
2485 1606 2645 1665 inter
2688 1624 2830 1666 oves
2857 1612 2918 1666 et
2947 1612 3236 1685 pastoreS,
3268 1613 3340 1668 ut

1772 1695 1895 1757 illoe
1932 1696 2103 1758 alant
2144 1704 2450 1775 pastorem
2475 1746 2488 1765 .
2530 1696 2634 1757 hic
2663 1715 2808 1757 vero
2837 1697 3163 1759 subveniat
3191 1699 3334 1773 illis,

1772 1790 2021 1869 quando
2069 1791 2340 1851 maxime
2394 1790 2718 1869 indigent;
2765 1790 2922 1852 sicut
2975 1793 3161 1853 etiam
3211 1793 3339 1853 dux

1773 1884 2044 1944 maxime
2087 1890 2334 1946 tenetur
2374 1884 2584 1945 adesse
2621 1885 2918 1945 exercitui
2958 1885 3025 1946 in
3068 1886 3338 1965 periculo

1774 1982 1835 2037 ct
1876 1976 2190 2051 conflictu,
2229 1983 2290 2037 et
2321 1977 2715 2055 magistratus
2744 1978 3048 2038 saecularis
3093 1984 3342 2040 tenetur

1774 2068 2104 2131 defendere
2133 2070 2328 2131 civem
2354 2069 2751 2131 innocentem
2782 2071 2845 2130 in
2872 2071 3045 2149 gravi
3083 2072 3339 2134 necessi-

1772 2169 1921 2237 tate,
1950 2180 2090 2223 cum
2120 2181 2233 2224 suo
2261 2162 2560 2242 periculo,
2590 2163 2832 2224 ratione
2860 2162 3064 2224 offic-ii.

1853 2258 1912 2317 5.
1963 2256 2197 2329 Quarta
2237 2254 2490 2319 assertio
2532 2256 3126 2319 bimembris.—Dico
3154 2276 3340 2335 quar-

1779 2354 1889 2411 to:
1944 2350 2012 2408 in
2081 2350 2258 2428 gravi
2327 2348 2688 2410 necessitate
2741 2348 3062 2427 proximi,
3101 2350 3339 2429 obligat

1781 2443 2069 2517 charita'S,
2116 2443 2303 2502 etiam
2345 2442 2674 2522 postposita
2719 2442 2925 2521 aliqua
2980 2444 3338 2505 necessitate

1782 2536 2083 2616 corporali
2109 2534 2378 2615 propria,
2400 2552 2506 2595 seu
2532 2552 2671 2595 cum
2701 2535 2908 2613 aliquo
2928 2534 3155 2596 damno
3185 2542 3338 2597 tem-

1782 2630 1979 2711 porali
2009 2631 2280 2709 proprio.
2317 2628 2506 2689 Extra
2535 2646 2743 2687 casum
2781 2646 2924 2689 vero
2951 2628 3092 2689 talis
3131 2648 3340 2691 neces-

1781 2725 1977 2785 sitatis
2003 2769 2022 2799 ,
2059 2740 2187 2782 non
2247 2728 2339 2782 cst
2401 2720 2604 2800 gravis
2646 2720 2961 2798 obligatio.
2995 2721 3338 2803 Utrumque

1775 2822 1966 2896 patet,
1998 2815 2144 2895 quia
2164 2812 2367 2892 gravis
2387 2812 2717 2873 necessitas
2744 2812 2810 2872 iu
2841 2811 3022 2873 rebus
3052 2812 3340 2893 spiritua-

1775 2909 1937 2970 libus
1986 2914 2078 2969 est
2131 2906 2336 2985 gravis
2389 2905 2741 2981 momenti3
2796 2922 2943 2984 ergo
2999 2907 3339 2967 secundum

1775 3002 2058 3063 ordinem
2091 3000 2405 3061 charitatis
2435 2998 2816 3079 praeferenda
2843 3011 2933 3059 est
2961 2999 3028 3059 in
3057 3001 3340 3079 proximo

1777 3094 1964 3157 alicui
2006 3095 2181 3173 gravi
2213 3094 2442 3154 damno
2483 3092 2810 3171 temporali
2845 3094 3114 3172 propt-ic.
3148 3093 3340 3173 Opor-

1777 3194 1865 3249 tet
1894 3194 2104 3249 autem
2148 3186 2227 3248 ad
2265 3184 2454 3246 talem
2505 3183 2952 3263 obligationem
2983 3204 3340 3266 comparare

1778 3283 2147 3361 gravitatem
2192 3277 2568 3341 necessitatis
2614 3277 2972 3356 spiritualis,
3014 3296 3156 3339 cum
3203 3297 3339 3358 gra-

1778 3377 1971 3435 vitate
2010 3372 2226 3434 damni
2265 3368 2645 3450 temporalis,
2676 3369 2842 3449 quod
2882 3376 3048 3431 certe
3075 3389 3202 3432 non
3236 3390 3340 3451 po-

1779 3472 1897 3529 test
1944 3465 2186 3526 definiri
2232 3464 2298 3523 in
2331 3461 2692 3538 universali,
2727 3462 2833 3523 sed
2872 3462 2938 3522 in
2983 3464 3341 3543 particulari

1782 3560 2120 3641 prudenter
2167 3556 2574 3637 judicandum
2637 3562 2726 3617 est
2754 3603 2775 3633 ,
2833 3563 3074 3619 servata
3127 3576 3337 3618 rerum

1782 3653 2195 3733 proportione.
2227 3649 2507 3711 Secunda
2557 3667 2700 3729 pars
2756 3650 3054 3729 probatur
3105 3668 3182 3711 ex
3234 3651 3340 3711 illo

1778 3746 2127 3827 principio,
2164 3746 2310 3825 quia
2354 3749 2658 3823 praecepta
2709 3742 3082 3805 affirmativa
3137 3744 3338 3805 solum

1780 3839 2060 3917 obligant
2094 3838 2159 3898 iu
2201 3837 2458 3897 articulo
2490 3835 2885 3897 necessitatis,
2919 3836 3090 3895 Esset
3130 3842 3340 3896 autem

1778 3931 2095 3993 laudabile
2140 3930 2454 3991 interdum
2496 3930 2558 3990 id
2611 3930 2854 4005 facere,
2910 3930 3057 4009 quia
3103 3928 3342 3990 bonum

1780 4024 2098 4106 spirituale
2131 4024 2394 4102 proximi
2423 4023 2500 4083 de
2527 4040 2592 4083 se
2621 4029 2713 4082 est
2737 4022 2938 4101 majus
2968 4040 3152 4101 quam
3180 4030 3344 4082 tem-

1783 4120 1994 4200 porale
2051 4118 2374 4197 proprium
2414 4138 2429 4191 3
2471 4116 2636 4177 unde
2688 4114 2840 4175 illud
2895 4115 3186 4195 praeferre
3226 4118 3345 4176 erit

1782 4218 2262 4273 consentaneum
2295 4209 2579 4269 charitati
2610 4222 2630 4286 3
2677 4226 2806 4269 non
2847 4214 3059 4269 tamen
3104 4226 3346 4287 semper

1782 4304 2076 4385 quicquid
2122 4308 2210 4365 est
2237 4308 2724 4363 consentaneum
2767 4301 3093 4377 charitati,
3138 4308 3231 4361 est
3279 4301 3345 4360 in

1786 4403 2111 4478 praecepto.
2147 4396 2323 4457 Addo
2369 4396 2558 4456 etiam
2586 4393 2705 4456 hoc
2734 4394 2999 4472 intelligi
3033 4410 3110 4453 ex
3149 4394 3211 4455 vi
3251 4411 3348 4454 so-

1783 4496 1903 4557 lius
1946 4494 2280 4567 charitatis,
2313 4508 2461 4551 nam
2501 4490 2552 4549 si
2594 4486 2843 4549 accedat
2880 4486 3174 4566 obligatio
3225 4488 3352 4566 jus-

1785 4588 1937 4650 titiae
1977 4633 1994 4662 ‚
2048 4606 2185 4667 quae
2219 4589 2414 4665 potest
2447 4582 2851 4659 intercedere,
2881 4581 3068 4642 etiam
3101 4580 3350 4660 quando

1791 4702 1917 4745 non
1946 4688 2041 4744 est
2067 4680 2395 4742 necessitas
2417 4678 2832 4751 subditorum,
2863 4681 2957 4737 est
2984 4683 3194 4737 tamen
3223 4694 3355 4735 ma·

1791 4795 1915 4857 gna
1946 4776 2177 4836 utilitas
2202 4796 2216 4849 ;
2248 4791 2396 4835 nam
2427 4772 2504 4834 ad
2536 4771 2699 4833 hanc
2725 4769 3171 4852 procurandam
3201 4768 3356 4829 obli-

1792 4878 1897 4950 gat
1952 4870 2265 4945 officium,
2309 4869 2494 4929 etiam
2541 4884 2684 4925 cum
2728 4864 2937 4944 aliquo
2984 4863 3357 4924 detrimento

1795 4965 2138 5046 corporali,
2171 4963 2453 5043 quamvis
2496 4979 2623 5022 non
2669 4961 2849 5033 vitae,
2895 4958 2998 5018 sed
3047 4956 3360 5018 inferioris

1791 5058 2062 5133 ordiniS,
2095 5056 2258 5137 quod
2304 5060 2506 5116 totum
2556 5054 2624 5113 in
2666 5050 3018 5131 particulari
3061 5068 3170 5131 per
3211 5068 3357 5129 pru-

1793 5152 2070 5215 dentiam
2110 5149 2579 5231 ponderandum
2608 5150 2719 5207 est.
