<?xml version="1.0" encoding="UTF-8"?>
<!DOCTYPE html PUBLIC "-//W3C//DTD XHTML 1.0 Transitional//EN"
    "http://www.w3.org/TR/xhtml1/DTD/xhtml1-transitional.dtd">
<html xmlns="http://www.w3.org/1999/xhtml" xml:lang="en" lang="en">
 <head>
  <title>
</title>
<meta http-equiv="Content-Type" content="text/html;charset=utf-8" />
  <meta name='ocr-system' content='tesseract 3.04.00' />
  <meta name='ocr-capabilities' content='ocr_page ocr_carea ocr_par ocr_line ocrx_word'/>
</head>
<body>
  <div class='ocr_page' id='page_1' title='image "./rpfranciscisuar00duvagoog_0493.png"; bbox 0 0 3900 6217; ppageno 0'>
   <div class='ocr_carea' id='block_1_1' title="bbox 622 352 2789 437">
    <p class='ocr_par' dir='ltr' id='par_1_1' title="bbox 622 352 2789 437">
     <span class='ocr_line' id='line_1_1' title="bbox 622 352 2789 437; baseline 0 -2"><span class='ocrx_word' id='word_1_1' title='bbox 622 380 791 435; x_wconf 73' lang='lat' dir='ltr'><strong>secr.</strong></span> <span class='ocrx_word' id='word_1_2' title='bbox 829 382 911 435; x_wconf 78' lang='lat' dir='ltr'><strong>ni.</strong></span> <span class='ocrx_word' id='word_1_3' title='bbox 947 384 1030 435; x_wconf 71' lang='grc' dir='ltr'><strong>ΑΝ</strong></span> <span class='ocrx_word' id='word_1_4' title='bbox 1063 382 1160 435; x_wconf 77' lang='lat' dir='ltr'><strong>sir</strong></span> <span class='ocrx_word' id='word_1_5' title='bbox 1193 384 1274 435; x_wconf 77' lang='lat' dir='ltr'><strong>nn</strong></span> <span class='ocrx_word' id='word_1_6' title='bbox 1305 380 1574 435; x_wconf 62' lang='lat' dir='ltr'><strong>nii-noun</strong></span> <span class='ocrx_word' id='word_1_7' title='bbox 1607 352 1882 435; x_wconf 60' lang='lat' dir='ltr'><strong>amussis</strong></span> <span class='ocrx_word' id='word_1_8' title='bbox 1915 382 2041 435; x_wconf 79' lang='lat' dir='ltr'><strong>cun</strong></span> <span class='ocrx_word' id='word_1_9' title='bbox 2075 384 2445 437; x_wconf 66' lang='lat' dir='ltr'><strong>remmon</strong></span> <span class='ocrx_word' id='word_1_10' title='bbox 2478 382 2789 437; x_wconf 76' lang='lat' dir='ltr'><strong>coumrri.</strong></span> 
     </span>
    </p>
   </div>
   <div class='ocr_carea' id='block_1_2' title="bbox 152 480 1669 5630">
    <p class='ocr_par' dir='ltr' id='par_1_2' title="bbox 161 480 1669 2899">
     <span class='ocr_line' id='line_1_2' title="bbox 177 480 1660 557; baseline -0.008 -4"><span class='ocrx_word' id='word_1_11' title='bbox 177 491 434 554; x_wconf 84' lang='lat' dir='ltr'><strong>toritatem</strong></span> <span class='ocrx_word' id='word_1_12' title='bbox 453 480 744 557; x_wconf 64' lang='lat' dir='ltr'><strong>Ecclesiae,</strong></span> <span class='ocrx_word' id='word_1_13' title='bbox 775 482 878 543; x_wconf 76' lang='lat' dir='ltr'><strong>vel</strong></span> <span class='ocrx_word' id='word_1_14' title='bbox 907 482 1235 557; x_wconf 87' lang='lat' dir='ltr'><strong>sentiendi,</strong></span> <span class='ocrx_word' id='word_1_15' title='bbox 1261 481 1370 541; x_wconf 89' lang='lat' dir='ltr'><strong>illa</strong></span> <span class='ocrx_word' id='word_1_16' title='bbox 1395 500 1524 541; x_wconf 89' lang='lat' dir='ltr'><strong>non</strong></span> <span class='ocrx_word' id='word_1_17' title='bbox 1551 481 1660 543; x_wconf 89' lang='lat' dir='ltr'><strong>ob-</strong></span> 
     </span>
     <span class='ocr_line' id='line_1_3' title="bbox 173 574 1662 655; baseline -0.008 -9"><span class='ocrx_word' id='word_1_18' title='bbox 173 591 366 655; x_wconf 80' lang='lat' dir='ltr'><strong>stante3</strong></span> <span class='ocrx_word' id='word_1_19' title='bbox 393 594 526 655; x_wconf 84' lang='lat' dir='ltr'><strong>ergo</strong></span> <span class='ocrx_word' id='word_1_20' title='bbox 571 575 714 635; x_wconf 89' lang='lat' dir='ltr'><strong>talis</strong></span> <span class='ocrx_word' id='word_1_21' title='bbox 755 576 1040 636; x_wconf 82' lang='lat' dir='ltr'><strong>voluntas</strong></span> <span class='ocrx_word' id='word_1_22' title='bbox 1083 575 1501 653; x_wconf 87' lang='lat' dir='ltr'><strong>cognitionem</strong></span> <span class='ocrx_word' id='word_1_23' title='bbox 1547 574 1662 634; x_wconf 90' lang='lat' dir='ltr'><strong>ali-</strong></span> 
     </span>
     <span class='ocr_line' id='line_1_4' title="bbox 173 668 1661 759; baseline -0.007 -22"><span class='ocrx_word' id='word_1_24' title='bbox 173 694 318 759; x_wconf 82' lang='lat' dir='ltr'><strong>quam</strong></span> <span class='ocrx_word' id='word_1_25' title='bbox 343 669 696 733; x_wconf 81' lang='lat' dir='ltr'><strong>definitionis</strong></span> <span class='ocrx_word' id='word_1_26' title='bbox 735 668 1016 729; x_wconf 73' lang='lat' dir='ltr'><strong>Ecclesiae</strong></span> <span class='ocrx_word' id='word_1_27' title='bbox 1055 668 1398 729; x_wconf 85' lang='lat' dir='ltr'><strong>necessario</strong></span> <span class='ocrx_word' id='word_1_28' title='bbox 1436 684 1661 745; x_wconf 88' lang='lat' dir='ltr'><strong>suppo·</strong></span> 
     </span>
     <span class='ocr_line' id='line_1_5' title="bbox 168 760 1656 841; baseline -0.005 -13"><span class='ocrx_word' id='word_1_29' title='bbox 168 774 256 834; x_wconf 80' lang='lat' dir='ltr'><strong>nit.</strong></span> <span class='ocrx_word' id='word_1_30' title='bbox 297 762 553 829; x_wconf 83' lang='lat' dir='ltr'><strong>Secundo</strong></span> <span class='ocrx_word' id='word_1_31' title='bbox 609 762 962 823; x_wconf 73' lang='lat' dir='ltr'>declaratur</span> <span class='ocrx_word' id='word_1_32' title='bbox 1003 760 1297 823; x_wconf 77' lang='lat' dir='ltr'><strong>familiari</strong></span> <span class='ocrx_word' id='word_1_33' title='bbox 1349 760 1656 841; x_wconf 89' lang='lat' dir='ltr'><strong>exemplo,</strong></span> 
     </span>
     <span class='ocr_line' id='line_1_6' title="bbox 168 854 1660 945; baseline -0.006 -22"><span class='ocrx_word' id='word_1_34' title='bbox 168 866 280 945; x_wconf 85' lang='lat' dir='ltr'><strong>quia</strong></span> <span class='ocrx_word' id='word_1_35' title='bbox 303 877 412 919; x_wconf 86' lang='lat' dir='ltr'><strong>non</strong></span> <span class='ocrx_word' id='word_1_36' title='bbox 433 861 714 917; x_wconf 81' lang='lat' dir='ltr'><strong>censetur</strong></span> <span class='ocrx_word' id='word_1_37' title='bbox 753 854 976 933; x_wconf 85' lang='lat' dir='ltr'><strong>aliquis</strong></span> <span class='ocrx_word' id='word_1_38' title='bbox 1000 856 1228 934; x_wconf 86' lang='lat' dir='ltr'><strong>opponi</strong></span> <span class='ocrx_word' id='word_1_39' title='bbox 1259 854 1390 916; x_wconf 85' lang='lat' dir='ltr'><strong>divi</strong></span> <span class='ocrx_word' id='word_1_40' title='bbox 1419 856 1660 933; x_wconf 85' lang='lat' dir='ltr'><strong>Augus-</strong></span> 
     </span>
     <span class='ocr_line' id='line_1_7' title="bbox 169 947 1662 1027; baseline -0.007 -10"><span class='ocrx_word' id='word_1_41' title='bbox 169 956 254 1017; x_wconf 82' lang='lat' dir='ltr'><strong>tini</strong></span> <span class='ocrx_word' id='word_1_42' title='bbox 276 952 362 1013; x_wconf 81' lang='lat' dir='ltr'><strong>vel</strong></span> <span class='ocrx_word' id='word_1_43' title='bbox 379 948 568 1011; x_wconf 79' lang='lat' dir='ltr'><strong>sancti</strong></span> <span class='ocrx_word' id='word_1_44' title='bbox 587 948 842 1008; x_wconf 71' lang='lat' dir='ltr'><strong>Thomas</strong></span> <span class='ocrx_word' id='word_1_45' title='bbox 867 948 1238 1020; x_wconf 75' lang='lat' dir='ltr'><strong>auctoritati,</strong></span> <span class='ocrx_word' id='word_1_46' title='bbox 1263 949 1384 1009; x_wconf 90' lang='lat' dir='ltr'><strong>nisi</strong></span> <span class='ocrx_word' id='word_1_47' title='bbox 1411 947 1662 1027; x_wconf 87' lang='lat' dir='ltr'><strong>quando</strong></span> 
     </span>
     <span class='ocr_line' id='line_1_8' title="bbox 165 1040 1664 1126; baseline -0.007 -15"><span class='ocrx_word' id='word_1_48' title='bbox 165 1050 328 1126; x_wconf 83' lang='lat' dir='ltr'><strong>aliquo</strong></span> <span class='ocrx_word' id='word_1_49' title='bbox 351 1042 524 1104; x_wconf 74' lang='lat' dir='ltr'><strong>mdo</strong></span> <span class='ocrx_word' id='word_1_50' title='bbox 571 1042 687 1101; x_wconf 84' lang='lat' dir='ltr'><strong>soit</strong></span> <span class='ocrx_word' id='word_1_51' title='bbox 733 1042 804 1100; x_wconf 87' lang='lat' dir='ltr'><strong>in</strong></span> <span class='ocrx_word' id='word_1_52' title='bbox 839 1041 952 1101; x_wconf 79' lang='lat' dir='ltr'><strong>tali</strong></span> <span class='ocrx_word' id='word_1_53' title='bbox 1003 1058 1190 1102; x_wconf 85' lang='lat' dir='ltr'><strong>causa</strong></span> <span class='ocrx_word' id='word_1_54' title='bbox 1229 1040 1562 1121; x_wconf 72' lang='lat' dir='ltr'><strong>interponi,</strong></span> <span class='ocrx_word' id='word_1_55' title='bbox 1599 1046 1664 1101; x_wconf 86' lang='lat' dir='ltr'><strong>et</strong></span> 
     </span>
     <span class='ocr_line' id='line_1_9' title="bbox 165 1132 1662 1214; baseline -0.006 -12"><span class='ocrx_word' id='word_1_56' title='bbox 165 1138 508 1203; x_wconf 83' lang='lat' dir='ltr'><strong>nihilominus</strong></span> <span class='ocrx_word' id='word_1_57' title='bbox 537 1133 630 1194; x_wconf 85' lang='lat' dir='ltr'><strong>illi</strong></span> <span class='ocrx_word' id='word_1_58' title='bbox 655 1140 964 1214; x_wconf 74' lang='lat' dir='ltr'><strong>repugnat</strong></span> <span class='ocrx_word' id='word_1_59' title='bbox 979 1156 1000 1209; x_wconf 82' lang='lat'>3</span> <span class='ocrx_word' id='word_1_60' title='bbox 1029 1152 1180 1212; x_wconf 84' lang='lat' dir='ltr'><strong>ergo</strong></span> <span class='ocrx_word' id='word_1_61' title='bbox 1219 1134 1383 1195; x_wconf 81' lang='lat' dir='ltr'><strong>idem</strong></span> <span class='ocrx_word' id='word_1_62' title='bbox 1435 1132 1662 1194; x_wconf 87' lang='lat' dir='ltr'><strong>intelli·</strong></span> 
     </span>
     <span class='ocr_line' id='line_1_10' title="bbox 163 1227 1669 1315; baseline -0.001 -23"><span class='ocrx_word' id='word_1_63' title='bbox 163 1234 382 1315; x_wconf 73' lang='lat' dir='ltr'><strong>gendum</strong></span> <span class='ocrx_word' id='word_1_64' title='bbox 407 1236 494 1289; x_wconf 89' lang='lat' dir='ltr'><strong>est</strong></span> <span class='ocrx_word' id='word_1_65' title='bbox 517 1227 586 1287; x_wconf 86' lang='lat' dir='ltr'><strong>in</strong></span> <span class='ocrx_word' id='word_1_66' title='bbox 609 1227 919 1306; x_wconf 67' lang='lat' dir='ltr'><strong>proesenti.</strong></span> <span class='ocrx_word' id='word_1_67' title='bbox 937 1227 1110 1301; x_wconf 87' lang='lat' dir='ltr'><strong>Quod</strong></span> <span class='ocrx_word' id='word_1_68' title='bbox 1125 1234 1288 1289; x_wconf 88' lang='lat' dir='ltr'><strong>recte</strong></span> <span class='ocrx_word' id='word_1_69' title='bbox 1315 1227 1669 1293; x_wconf 79' lang='lat' dir='ltr'><strong>declaratur.</strong></span> 
     </span>
     <span class='ocr_line' id='line_1_11' title="bbox 163 1319 1660 1403; baseline -0.006 -12"><span class='ocrx_word' id='word_1_70' title='bbox 163 1349 218 1391; x_wconf 76' lang='lat' dir='ltr'><strong>ex</strong></span> <span class='ocrx_word' id='word_1_71' title='bbox 240 1322 586 1403; x_wconf 76' lang='lat' dir='ltr'><strong>etymologia</strong></span> <span class='ocrx_word' id='word_1_72' title='bbox 620 1319 982 1401; x_wconf 61' lang='lat' dir='ltr'><strong>pov-tinacia,</strong></span> <span class='ocrx_word' id='word_1_73' title='bbox 1027 1338 1218 1399; x_wconf 82' lang='lat' dir='ltr'><strong>quam</strong></span> <span class='ocrx_word' id='word_1_74' title='bbox 1263 1320 1454 1381; x_wconf 87' lang='lat' dir='ltr'><strong>tradit</strong></span> <span class='ocrx_word' id='word_1_75' title='bbox 1479 1319 1660 1382; x_wconf 82' lang='lat' dir='ltr'><strong>isido-</strong></span> 
     </span>
     <span class='ocr_line' id='line_1_12' title="bbox 163 1416 1662 1498; baseline -0.001 -18"><span class='ocrx_word' id='word_1_76' title='bbox 163 1442 257 1498; x_wconf 82' lang='lat' dir='ltr'><strong>rus,</strong></span> <span class='ocrx_word' id='word_1_77' title='bbox 303 1419 448 1480; x_wconf 81' lang='lat' dir='ltr'><strong>libro</strong></span> <span class='ocrx_word' id='word_1_78' title='bbox 492 1420 593 1487; x_wconf 79' lang='lat'><strong>10,</strong></span> <span class='ocrx_word' id='word_1_79' title='bbox 622 1418 737 1478; x_wconf 85' lang='lat' dir='ltr'><strong>sub</strong></span> <span class='ocrx_word' id='word_1_80' title='bbox 789 1418 996 1477; x_wconf 87' lang='lat' dir='ltr'><strong>littera</strong></span> <span class='ocrx_word' id='word_1_81' title='bbox 1039 1416 1107 1492; x_wconf 87' lang='lat' dir='ltr'><strong>P,</strong></span> <span class='ocrx_word' id='word_1_82' title='bbox 1163 1434 1338 1493; x_wconf 86' lang='lat' dir='ltr'><strong>nam,</strong></span> <span class='ocrx_word' id='word_1_83' title='bbox 1373 1417 1662 1497; x_wconf 67' lang='lat' dir='ltr'><strong>partim</strong></span> 
     </span>
     <span class='ocr_line' id='line_1_13' title="bbox 163 1509 1660 1593; baseline -0.005 -14"><span class='ocrx_word' id='word_1_84' title='bbox 163 1519 278 1579; x_wconf 71' lang='lat' dir='ltr'><strong>idem</strong></span> <span class='ocrx_word' id='word_1_85' title='bbox 307 1517 408 1585; x_wconf 74' lang='lat' dir='ltr'><strong>est,</strong></span> <span class='ocrx_word' id='word_1_86' title='bbox 449 1511 560 1584; x_wconf 90' lang='lat' dir='ltr'><strong>ait,</strong></span> <span class='ocrx_word' id='word_1_87' title='bbox 607 1513 764 1591; x_wconf 73' lang='lat' dir='ltr'><strong>qnod</strong></span> <span class='ocrx_word' id='word_1_88' title='bbox 792 1512 1204 1593; x_wconf 68' lang='lat' dir='ltr'><strong>imprudenter</strong></span> <span class='ocrx_word' id='word_1_89' title='bbox 1225 1516 1462 1583; x_wconf 69' lang='lat' dir='ltr'><strong>teum,-</strong></span> <span class='ocrx_word' id='word_1_90' title='bbox 1495 1509 1660 1588; x_wconf 89' lang='lat' dir='ltr'><strong>quod</strong></span> 
     </span>
     <span class='ocr_line' id='line_1_14' title="bbox 163 1604 1660 1684; baseline -0.005 -13"><span class='ocrx_word' id='word_1_91' title='bbox 163 1628 254 1671; x_wconf 87' lang='lat' dir='ltr'><strong>nou</strong></span> <span class='ocrx_word' id='word_1_92' title='bbox 275 1607 480 1667; x_wconf 72' lang='lat' dir='ltr'><strong>dii-itm</strong></span> <span class='ocrx_word' id='word_1_93' title='bbox 519 1604 642 1664; x_wconf 87' lang='lat' dir='ltr'><strong>nisi</strong></span> <span class='ocrx_word' id='word_1_94' title='bbox 673 1604 750 1665; x_wconf 87' lang='lat' dir='ltr'><strong>de</strong></span> <span class='ocrx_word' id='word_1_95' title='bbox 776 1604 886 1664; x_wconf 89' lang='lat' dir='ltr'><strong>illo</strong></span> <span class='ocrx_word' id='word_1_96' title='bbox 913 1605 1046 1684; x_wconf 81' lang='lat' dir='ltr'><strong>qni,</strong></span> <span class='ocrx_word' id='word_1_97' title='bbox 1077 1610 1406 1684; x_wconf 80' lang='lat' dir='ltr'><strong>postquam</strong></span> <span class='ocrx_word' id='word_1_98' title='bbox 1431 1620 1660 1682; x_wconf 83' lang='lat' dir='ltr'><strong>cogno-</strong></span> 
     </span>
     <span class='ocr_line' id='line_1_15' title="bbox 165 1695 1660 1776; baseline -0.005 -13"><span class='ocrx_word' id='word_1_99' title='bbox 165 1704 228 1763; x_wconf 71' lang='lat' dir='ltr'><strong>vit</strong></span> <span class='ocrx_word' id='word_1_100' title='bbox 259 1716 524 1776; x_wconf 79' lang='lat' dir='ltr'><strong>magnam</strong></span> <span class='ocrx_word' id='word_1_101' title='bbox 569 1698 994 1759; x_wconf 77' lang='lat' dir='ltr'><strong>auctoritatem</strong></span> <span class='ocrx_word' id='word_1_102' title='bbox 1029 1697 1302 1772; x_wconf 85' lang='lat' dir='ltr'><strong>alterius,</strong></span> <span class='ocrx_word' id='word_1_103' title='bbox 1342 1696 1434 1757; x_wconf 88' lang='lat' dir='ltr'><strong>illi</strong></span> <span class='ocrx_word' id='word_1_104' title='bbox 1471 1695 1660 1756; x_wconf 88' lang='lat' dir='ltr'><strong>audet</strong></span> 
     </span>
     <span class='ocr_line' id='line_1_16' title="bbox 167 1790 1662 1878; baseline -0.005 -21"><span class='ocrx_word' id='word_1_105' title='bbox 167 1792 538 1878; x_wconf 77' lang='lat' dir='ltr'><strong>wutradicere.</strong></span> <span class='ocrx_word' id='word_1_106' title='bbox 577 1793 852 1872; x_wconf 84' lang='lat' dir='ltr'><strong>Denique</strong></span> <span class='ocrx_word' id='word_1_107' title='bbox 877 1791 986 1872; x_wconf 88' lang='lat' dir='ltr'><strong>qui</strong></span> <span class='ocrx_word' id='word_1_108' title='bbox 1009 1791 1247 1852; x_wconf 89' lang='lat' dir='ltr'><strong>nullam</strong></span> <span class='ocrx_word' id='word_1_109' title='bbox 1273 1790 1462 1851; x_wconf 87' lang='lat' dir='ltr'><strong>habet</strong></span> <span class='ocrx_word' id='word_1_110' title='bbox 1503 1790 1662 1852; x_wconf 88' lang='lat' dir='ltr'><strong>noti·</strong></span> 
     </span>
     <span class='ocr_line' id='line_1_17' title="bbox 165 1882 1662 1961; baseline -0.003 -12"><span class='ocrx_word' id='word_1_111' title='bbox 165 1893 276 1949; x_wconf 85' lang='lat' dir='ltr'><strong>tiam</strong></span> <span class='ocrx_word' id='word_1_112' title='bbox 313 1885 720 1961; x_wconf 86' lang='lat' dir='ltr'><strong>auctoritatis,</strong></span> <span class='ocrx_word' id='word_1_113' title='bbox 777 1886 876 1946; x_wconf 82' lang='lat' dir='ltr'><strong>vel</strong></span> <span class='ocrx_word' id='word_1_114' title='bbox 942 1884 1322 1945; x_wconf 82' lang='lat' dir='ltr'><strong>definitionis</strong></span> <span class='ocrx_word' id='word_1_115' title='bbox 1377 1882 1662 1945; x_wconf 79' lang='lat' dir='ltr'><strong>Ecclesiae</strong></span> 
     </span>
     <span class='ocr_line' id='line_1_18' title="bbox 163 1978 1660 2059; baseline -0.003 -15"><span class='ocrx_word' id='word_1_116' title='bbox 163 1982 280 2044; x_wconf 75' lang='lat' dir='ltr'><strong>ciri-a</strong></span> <span class='ocrx_word' id='word_1_117' title='bbox 316 1980 582 2058; x_wconf 75' lang='lat' dir='ltr'><strong>aliquam</strong></span> <span class='ocrx_word' id='word_1_118' title='bbox 632 1980 1114 2059; x_wconf 83' lang='lat' dir='ltr'><strong>propositionem</strong></span> <span class='ocrx_word' id='word_1_119' title='bbox 1131 2024 1151 2053; x_wconf 96' lang='lat'><strong>,</strong></span> <span class='ocrx_word' id='word_1_120' title='bbox 1205 1978 1448 2038; x_wconf 87' lang='lat' dir='ltr'><strong>etiamsi</strong></span> <span class='ocrx_word' id='word_1_121' title='bbox 1497 1978 1660 2039; x_wconf 88' lang='lat' dir='ltr'><strong>circa</strong></span> 
     </span>
     <span class='ocr_line' id='line_1_19' title="bbox 162 2071 1658 2151; baseline -0.003 -16"><span class='ocrx_word' id='word_1_122' title='bbox 162 2076 288 2135; x_wconf 85' lang='lat' dir='ltr'><strong>illam</strong></span> <span class='ocrx_word' id='word_1_123' title='bbox 305 2078 474 2148; x_wconf 80' lang='lat' dir='ltr'><strong>erret,</strong></span> <span class='ocrx_word' id='word_1_124' title='bbox 493 2080 700 2151; x_wconf 89' lang='lat' dir='ltr'><strong>potest</strong></span> <span class='ocrx_word' id='word_1_125' title='bbox 720 2073 948 2134; x_wconf 85' lang='lat' dir='ltr'><strong>hahere</strong></span> <span class='ocrx_word' id='word_1_126' title='bbox 967 2072 1351 2133; x_wconf 79' lang='lat' dir='ltr'><strong>voluntatem</strong></span> <span class='ocrx_word' id='word_1_127' title='bbox 1367 2071 1658 2133; x_wconf 87' lang='lat' dir='ltr'><strong>credendi</strong></span> 
     </span>
     <span class='ocr_line' id='line_1_20' title="bbox 161 2164 1660 2245; baseline -0.003 -16"><span class='ocrx_word' id='word_1_128' title='bbox 161 2168 384 2229; x_wconf 68' lang='lat' dir='ltr'><strong>Ecclesiae</strong></span> <span class='ocrx_word' id='word_1_129' title='bbox 419 2167 484 2227; x_wconf 86' lang='lat' dir='ltr'><strong>in</strong></span> <span class='ocrx_word' id='word_1_130' title='bbox 527 2167 855 2243; x_wconf 88' lang='lat' dir='ltr'><strong>omnihus,</strong></span> <span class='ocrx_word' id='word_1_131' title='bbox 887 2166 1128 2245; x_wconf 87' lang='lat' dir='ltr'><strong>quoties</strong></span> <span class='ocrx_word' id='word_1_132' title='bbox 1169 2164 1264 2227; x_wconf 91' lang='lat' dir='ltr'><strong>illi</strong></span> <span class='ocrx_word' id='word_1_133' title='bbox 1315 2166 1660 2225; x_wconf 88' lang='lat' dir='ltr'><strong>constiterit</strong></span> 
     </span>
     <span class='ocr_line' id='line_1_21' title="bbox 162 2258 1660 2340; baseline -0.001 -19"><span class='ocrx_word' id='word_1_134' title='bbox 162 2264 256 2340; x_wconf 84' lang='lat' dir='ltr'><strong>ejus</strong></span> <span class='ocrx_word' id='word_1_135' title='bbox 273 2260 688 2322; x_wconf 81' lang='lat' dir='ltr'><strong>auctoritatem</strong></span> <span class='ocrx_word' id='word_1_136' title='bbox 725 2259 1134 2336; x_wconf 76' lang='lat' dir='ltr'><strong>intervenire,</strong></span> <span class='ocrx_word' id='word_1_137' title='bbox 1165 2276 1314 2337; x_wconf 87' lang='lat' dir='ltr'><strong>ergo</strong></span> <span class='ocrx_word' id='word_1_138' title='bbox 1336 2264 1535 2338; x_wconf 87' lang='lat' dir='ltr'><strong>potest</strong></span> <span class='ocrx_word' id='word_1_139' title='bbox 1556 2258 1660 2319; x_wconf 89' lang='lat' dir='ltr'><strong>ille</strong></span> 
     </span>
     <span class='ocr_line' id='line_1_22' title="bbox 163 2352 1658 2433; baseline -0.001 -18"><span class='ocrx_word' id='word_1_140' title='bbox 163 2374 252 2415; x_wconf 85' lang='lat' dir='ltr'><strong>non</strong></span> <span class='ocrx_word' id='word_1_141' title='bbox 274 2372 386 2415; x_wconf 85' lang='lat' dir='ltr'><strong>esse</strong></span> <span class='ocrx_word' id='word_1_142' title='bbox 413 2354 726 2432; x_wconf 76' lang='lat' dir='ltr'><strong>pertinax,</strong></span> <span class='ocrx_word' id='word_1_143' title='bbox 753 2354 1000 2433; x_wconf 87' lang='lat' dir='ltr'><strong>quando</strong></span> <span class='ocrx_word' id='word_1_144' title='bbox 1022 2352 1188 2414; x_wconf 87' lang='lat' dir='ltr'><strong>illius</strong></span> <span class='ocrx_word' id='word_1_145' title='bbox 1216 2353 1502 2413; x_wconf 80' lang='lat' dir='ltr'><strong>notitiam</strong></span> <span class='ocrx_word' id='word_1_146' title='bbox 1530 2369 1658 2413; x_wconf 87' lang='lat' dir='ltr'><strong>non</strong></span> 
     </span>
     <span class='ocr_line' id='line_1_23' title="bbox 163 2442 1662 2525; baseline -0.001 -16"><span class='ocrx_word' id='word_1_147' title='bbox 163 2450 332 2525; x_wconf 82' lang='lat' dir='ltr'><strong>habet3</strong></span> <span class='ocrx_word' id='word_1_148' title='bbox 355 2454 416 2509; x_wconf 90' lang='lat' dir='ltr'><strong>et</strong></span> <span class='ocrx_word' id='word_1_149' title='bbox 435 2448 580 2509; x_wconf 88' lang='lat' dir='ltr'><strong>ideo</strong></span> <span class='ocrx_word' id='word_1_150' title='bbox 608 2442 814 2509; x_wconf 83' lang='lat' dir='ltr'><strong>Patres</strong></span> <span class='ocrx_word' id='word_1_151' title='bbox 843 2448 1014 2508; x_wconf 83' lang='lat' dir='ltr'><strong>citati</strong></span> <span class='ocrx_word' id='word_1_152' title='bbox 1048 2446 1210 2507; x_wconf 85' lang='lat' dir='ltr'><strong>hanc</strong></span> <span class='ocrx_word' id='word_1_153' title='bbox 1253 2446 1662 2525; x_wconf 78' lang='lat' dir='ltr'><strong>pertinaciam</strong></span> 
     </span>
     <span class='ocr_line' id='line_1_24' title="bbox 165 2539 1662 2620; baseline -0.002 -18"><span class='ocrx_word' id='word_1_154' title='bbox 165 2542 413 2603; x_wconf 82' lang='lat' dir='ltr'><strong>declarant</strong></span> <span class='ocrx_word' id='word_1_155' title='bbox 441 2558 548 2620; x_wconf 80' lang='lat' dir='ltr'><strong>per</strong></span> <span class='ocrx_word' id='word_1_156' title='bbox 583 2540 839 2601; x_wconf 86' lang='lat' dir='ltr'><strong>modum</strong></span> <span class='ocrx_word' id='word_1_157' title='bbox 863 2540 1200 2614; x_wconf 87' lang='lat' dir='ltr'><strong>electionis,</strong></span> <span class='ocrx_word' id='word_1_158' title='bbox 1233 2540 1302 2599; x_wconf 87' lang='lat' dir='ltr'><strong>iu</strong></span> <span class='ocrx_word' id='word_1_159' title='bbox 1335 2557 1458 2619; x_wconf 87' lang='lat' dir='ltr'><strong>qua</strong></span> <span class='ocrx_word' id='word_1_160' title='bbox 1485 2539 1662 2616; x_wconf 82' lang='lat' dir='ltr'><strong>eligit</strong></span> 
     </span>
     <span class='ocr_line' id='line_1_25' title="bbox 163 2632 1660 2714; baseline 0 -21"><span class='ocrx_word' id='word_1_161' title='bbox 163 2636 330 2713; x_wconf 76' lang='lat' dir='ltr'><strong>aliquis</strong></span> <span class='ocrx_word' id='word_1_162' title='bbox 345 2634 663 2714; x_wconf 82' lang='lat' dir='ltr'><strong>proprium</strong></span> <span class='ocrx_word' id='word_1_163' title='bbox 689 2633 989 2713; x_wconf 83' lang='lat' dir='ltr'><strong>judicium</strong></span> <span class='ocrx_word' id='word_1_164' title='bbox 1009 2634 1218 2712; x_wconf 86' lang='lat' dir='ltr'><strong>potius</strong></span> <span class='ocrx_word' id='word_1_165' title='bbox 1237 2648 1426 2711; x_wconf 85' lang='lat' dir='ltr'><strong>quam</strong></span> <span class='ocrx_word' id='word_1_166' title='bbox 1455 2632 1660 2693; x_wconf 78' lang='lat' dir='ltr'><strong>Eccle-</strong></span> 
     </span>
     <span class='ocr_line' id='line_1_26' title="bbox 164 2726 1661 2807; baseline -0.001 -19"><span class='ocrx_word' id='word_1_167' title='bbox 164 2730 254 2799; x_wconf 79' lang='lat' dir='ltr'><strong>siae,</strong></span> <span class='ocrx_word' id='word_1_168' title='bbox 295 2746 415 2807; x_wconf 80' lang='lat' dir='ltr'><strong>quse</strong></span> <span class='ocrx_word' id='word_1_169' title='bbox 479 2726 708 2788; x_wconf 78' lang='lat' dir='ltr'><strong>electio</strong></span> <span class='ocrx_word' id='word_1_170' title='bbox 769 2733 1190 2787; x_wconf 83' lang='lat' dir='ltr'><strong>extremorum</strong></span> <span class='ocrx_word' id='word_1_171' title='bbox 1243 2726 1661 2805; x_wconf 77' lang='lat' dir='ltr'><strong>cognitionem</strong></span> 
     </span>
     <span class='ocr_line' id='line_1_27' title="bbox 169 2822 410 2899; baseline -0.004 -19"><span class='ocrx_word' id='word_1_172' title='bbox 169 2822 410 2899; x_wconf 79' lang='lat' dir='ltr'><strong>supponit.</strong></span> 
     </span>
    </p>

    <p class='ocr_par' dir='ltr' id='par_1_3' title="bbox 152 2913 1662 5520">
     <span class='ocr_line' id='line_1_28' title="bbox 225 2913 1658 2995; baseline 0.002 -23"><span class='ocrx_word' id='word_1_173' title='bbox 225 2916 296 2973; x_wconf 67' lang='lat'><strong>¹3.</strong></span> <span class='ocrx_word' id='word_1_174' title='bbox 331 2913 448 2976; x_wconf 68' lang='lat' dir='ltr'><strong>Cur</strong></span> <span class='ocrx_word' id='word_1_175' title='bbox 473 2915 696 2995; x_wconf 77' lang='lat' dir='ltr'><strong>aliqua</strong></span> <span class='ocrx_word' id='word_1_176' title='bbox 719 2914 948 2977; x_wconf 75' lang='lat' dir='ltr'><strong>notitia</strong></span> <span class='ocrx_word' id='word_1_177' title='bbox 980 2916 1272 2995; x_wconf 73' lang='lat' dir='ltr'><strong>sufficiat,</strong></span> <span class='ocrx_word' id='word_1_178' title='bbox 1301 2932 1430 2977; x_wconf 78' lang='lat' dir='ltr'><strong>nna</strong></span> <span class='ocrx_word' id='word_1_179' title='bbox 1471 2916 1658 2977; x_wconf 73' lang='lat' dir='ltr'><strong>ratio.</strong></span> 
     </span>
     <span class='ocr_line' id='line_1_29' title="bbox 171 3008 1654 3091; baseline 0.003 -24"><span class='ocrx_word' id='word_1_180' title='bbox 171 3008 360 3067; x_wconf 85' lang='lat' dir='ltr'><strong>—Dixit</strong></span> <span class='ocrx_word' id='word_1_181' title='bbox 403 3014 623 3068; x_wconf 85' lang='lat' dir='ltr'><strong>autem</strong></span> <span class='ocrx_word' id='word_1_182' title='bbox 681 3009 890 3090; x_wconf 68' lang='lat' dir='ltr'><strong>aliqua</strong></span> <span class='ocrx_word' id='word_1_183' title='bbox 933 3009 1216 3091; x_wconf 62' lang='lat' dir='ltr'><strong>cognitio,</strong></span> <span class='ocrx_word' id='word_1_184' title='bbox 1265 3009 1356 3071; x_wconf 78' lang='lat' dir='ltr'><strong>ccl</strong></span> <span class='ocrx_word' id='word_1_185' title='bbox 1410 3008 1654 3083; x_wconf 74' lang='lat' dir='ltr'><strong>notitia,</strong></span> 
     </span>
     <span class='ocr_line' id='line_1_30' title="bbox 163 3101 1662 3181; baseline 0.001 -21"><span class='ocrx_word' id='word_1_186' title='bbox 163 3106 352 3179; x_wconf 78' lang='lat' dir='ltr'><strong>propter</strong></span> <span class='ocrx_word' id='word_1_187' title='bbox 400 3101 541 3161; x_wconf 89' lang='lat' dir='ltr'><strong>duo.</strong></span> <span class='ocrx_word' id='word_1_188' title='bbox 607 3103 841 3177; x_wconf 85' lang='lat' dir='ltr'><strong>Primo,</strong></span> <span class='ocrx_word' id='word_1_189' title='bbox 889 3102 1038 3181; x_wconf 87' lang='lat' dir='ltr'><strong>qnia</strong></span> <span class='ocrx_word' id='word_1_190' title='bbox 1090 3101 1426 3180; x_wconf 88' lang='lat' dir='ltr'><strong>aliquando</strong></span> <span class='ocrx_word' id='word_1_191' title='bbox 1461 3108 1662 3181; x_wconf 85' lang='lat' dir='ltr'><strong>potest</strong></span> 
     </span>
     <span class='ocr_line' id='line_1_31' title="bbox 159 3194 1660 3274; baseline 0.003 -23"><span class='ocrx_word' id='word_1_192' title='bbox 159 3194 332 3271; x_wconf 79' lang='lat' dir='ltr'><strong>aliquis</strong></span> <span class='ocrx_word' id='word_1_193' title='bbox 361 3212 595 3266; x_wconf 86' lang='lat' dir='ltr'><strong>errare,</strong></span> <span class='ocrx_word' id='word_1_194' title='bbox 636 3196 912 3256; x_wconf 85' lang='lat' dir='ltr'><strong>nesciens</strong></span> <span class='ocrx_word' id='word_1_195' title='bbox 959 3196 1108 3274; x_wconf 86' lang='lat' dir='ltr'><strong>quid</strong></span> <span class='ocrx_word' id='word_1_196' title='bbox 1150 3195 1416 3257; x_wconf 82' lang='lat' dir='ltr'><strong>Ecclesia</strong></span> <span class='ocrx_word' id='word_1_197' title='bbox 1445 3196 1522 3256; x_wconf 90' lang='lat' dir='ltr'><strong>de</strong></span> <span class='ocrx_word' id='word_1_198' title='bbox 1551 3195 1660 3256; x_wconf 84' lang='lat' dir='ltr'><strong>tali</strong></span> 
     </span>
     <span class='ocr_line' id='line_1_32' title="bbox 159 3287 1662 3369; baseline 0.003 -24"><span class='ocrx_word' id='word_1_199' title='bbox 159 3304 204 3345; x_wconf 80' lang='lat' dir='ltr'><strong>re</strong></span> <span class='ocrx_word' id='word_1_200' title='bbox 225 3287 517 3363; x_wconf 81' lang='lat' dir='ltr'><strong>definierit,</strong></span> <span class='ocrx_word' id='word_1_201' title='bbox 539 3297 616 3350; x_wconf 86' lang='lat' dir='ltr'><strong>et</strong></span> <span class='ocrx_word' id='word_1_202' title='bbox 633 3287 1042 3350; x_wconf 84' lang='lat' dir='ltr'><strong>nihilominus</strong></span> <span class='ocrx_word' id='word_1_203' title='bbox 1069 3306 1198 3350; x_wconf 86' lang='lat' dir='ltr'><strong>esse</strong></span> <span class='ocrx_word' id='word_1_204' title='bbox 1225 3290 1534 3369; x_wconf 80' lang='lat' dir='ltr'><strong>pertinax,</strong></span> <span class='ocrx_word' id='word_1_205' title='bbox 1565 3290 1662 3349; x_wconf 89' lang='lat' dir='ltr'><strong>ni-</strong></span> 
     </span>
     <span class='ocr_line' id='line_1_33' title="bbox 158 3382 1660 3456; baseline 0.003 -17"><span class='ocrx_word' id='word_1_206' title='bbox 158 3382 358 3456; x_wconf 83' lang='lat' dir='ltr'><strong>mirum,</strong></span> <span class='ocrx_word' id='word_1_207' title='bbox 383 3384 432 3443; x_wconf 87' lang='lat' dir='ltr'><strong>si</strong></span> <span class='ocrx_word' id='word_1_208' title='bbox 453 3384 656 3444; x_wconf 70' lang='lat' dir='ltr'><strong>talem</strong></span> <span class='ocrx_word' id='word_1_209' title='bbox 681 3400 956 3445; x_wconf 87' lang='lat' dir='ltr'><strong>errorem</strong></span> <span class='ocrx_word' id='word_1_210' title='bbox 995 3384 1220 3445; x_wconf 85' lang='lat' dir='ltr'><strong>habeat</strong></span> <span class='ocrx_word' id='word_1_211' title='bbox 1247 3402 1392 3445; x_wconf 87' lang='lat' dir='ltr'><strong>cum</strong></span> <span class='ocrx_word' id='word_1_212' title='bbox 1436 3384 1660 3444; x_wconf 87' lang='lat' dir='ltr'><strong>affectu</strong></span> 
     </span>
     <span class='ocr_line' id='line_1_34' title="bbox 160 3478 1661 3557; baseline 0.004 -25"><span class='ocrx_word' id='word_1_213' title='bbox 160 3492 250 3533; x_wconf 88' lang='lat' dir='ltr'><strong>non</strong></span> <span class='ocrx_word' id='word_1_214' title='bbox 263 3478 630 3557; x_wconf 83' lang='lat' dir='ltr'><strong>relinquendi</strong></span> <span class='ocrx_word' id='word_1_215' title='bbox 661 3478 864 3554; x_wconf 88' lang='lat' dir='ltr'><strong>illum,</strong></span> <span class='ocrx_word' id='word_1_216' title='bbox 881 3479 1122 3540; x_wconf 86' lang='lat' dir='ltr'><strong>etiamsi</strong></span> <span class='ocrx_word' id='word_1_217' title='bbox 1142 3478 1472 3539; x_wconf 82' lang='lat' dir='ltr'><strong>Ecclesiam</strong></span> <span class='ocrx_word' id='word_1_218' title='bbox 1491 3478 1661 3539; x_wconf 87' lang='lat' dir='ltr'><strong>aliud</strong></span> 
     </span>
     <span class='ocr_line' id='line_1_35' title="bbox 160 3566 1662 3652; baseline 0.004 -25"><span class='ocrx_word' id='word_1_219' title='bbox 160 3566 406 3631; x_wconf 79' lang='lat' dir='ltr'><strong>definiisse</strong></span> <span class='ocrx_word' id='word_1_220' title='bbox 429 3573 580 3632; x_wconf 84' lang='lat' dir='ltr'><strong>sciat</strong></span> <span class='ocrx_word' id='word_1_221' title='bbox 596 3587 617 3649; x_wconf 84' lang='lat'>3</span> <span class='ocrx_word' id='word_1_222' title='bbox 672 3573 818 3652; x_wconf 89' lang='lat' dir='ltr'><strong>quia</strong></span> <span class='ocrx_word' id='word_1_223' title='bbox 849 3573 978 3633; x_wconf 77' lang='lat' dir='ltr'><strong>haec</strong></span> <span class='ocrx_word' id='word_1_224' title='bbox 1011 3572 1298 3634; x_wconf 82' lang='lat' dir='ltr'><strong>voluntas</strong></span> <span class='ocrx_word' id='word_1_225' title='bbox 1325 3573 1662 3652; x_wconf 89' lang='lat' dir='ltr'><strong>opponitur</strong></span> 
     </span>
     <span class='ocr_line' id='line_1_36' title="bbox 161 3660 1660 3744; baseline 0.006 -26"><span class='ocrx_word' id='word_1_226' title='bbox 161 3660 404 3725; x_wconf 80' lang='lat' dir='ltr'><strong>voluntati</strong></span> <span class='ocrx_word' id='word_1_227' title='bbox 439 3666 704 3744; x_wconf 84' lang='lat' dir='ltr'><strong>parendi</strong></span> <span class='ocrx_word' id='word_1_228' title='bbox 745 3665 1049 3741; x_wconf 61' lang='lat' dir='ltr'><strong>Ecclesiae,</strong></span> <span class='ocrx_word' id='word_1_229' title='bbox 1083 3670 1145 3726; x_wconf 91' lang='lat' dir='ltr'><strong>et</strong></span> <span class='ocrx_word' id='word_1_230' title='bbox 1185 3665 1350 3726; x_wconf 85' lang='lat' dir='ltr'><strong>illius</strong></span> <span class='ocrx_word' id='word_1_231' title='bbox 1391 3666 1660 3727; x_wconf 87' lang='lat' dir='ltr'><strong>auctori-</strong></span> 
     </span>
     <span class='ocr_line' id='line_1_37' title="bbox 158 3758 1656 3836; baseline 0.003 -23"><span class='ocrx_word' id='word_1_232' title='bbox 158 3758 302 3815; x_wconf 82' lang='lat' dir='ltr'><strong>tatem</strong></span> <span class='ocrx_word' id='word_1_233' title='bbox 321 3758 707 3820; x_wconf 75' lang='lat' dir='ltr'><strong>infallibilem</strong></span> <span class='ocrx_word' id='word_1_234' title='bbox 737 3759 1032 3833; x_wconf 77' lang='lat' dir='ltr'><strong>excludit,</strong></span> <span class='ocrx_word' id='word_1_235' title='bbox 1060 3777 1170 3821; x_wconf 87' lang='lat' dir='ltr'><strong>seu</strong></span> <span class='ocrx_word' id='word_1_236' title='bbox 1197 3777 1322 3820; x_wconf 86' lang='lat' dir='ltr'><strong>non</strong></span> <span class='ocrx_word' id='word_1_237' title='bbox 1352 3759 1622 3820; x_wconf 84' lang='lat' dir='ltr'><strong>admittit</strong></span> <span class='ocrx_word' id='word_1_238' title='bbox 1635 3774 1656 3836; x_wconf 85' lang='lat'><em>3</em></span> 
     </span>
     <span class='ocr_line' id='line_1_38' title="bbox 159 3851 1658 3930; baseline 0.003 -24"><span class='ocrx_word' id='word_1_239' title='bbox 159 3864 266 3924; x_wconf 78' lang='lat' dir='ltr'><strong>ergo</strong></span> <span class='ocrx_word' id='word_1_240' title='bbox 287 3851 356 3911; x_wconf 88' lang='lat' dir='ltr'><strong>ad</strong></span> <span class='ocrx_word' id='word_1_241' title='bbox 382 3851 786 3930; x_wconf 82' lang='lat' dir='ltr'><strong>pertinaciam</strong></span> <span class='ocrx_word' id='word_1_242' title='bbox 816 3853 950 3913; x_wconf 88' lang='lat' dir='ltr'><strong>sinc</strong></span> <span class='ocrx_word' id='word_1_243' title='bbox 977 3851 1171 3913; x_wconf 88' lang='lat' dir='ltr'><strong>dubio</strong></span> <span class='ocrx_word' id='word_1_244' title='bbox 1207 3852 1451 3912; x_wconf 86' lang='lat' dir='ltr'><strong>sufficit.</strong></span> <span class='ocrx_word' id='word_1_245' title='bbox 1485 3852 1658 3913; x_wconf 85' lang='lat' dir='ltr'><strong>Nihi-</strong></span> 
     </span>
     <span class='ocr_line' id='line_1_39' title="bbox 158 3938 1658 4026; baseline 0.004 -27"><span class='ocrx_word' id='word_1_246' title='bbox 158 3938 368 4005; x_wconf 83' lang='lat' dir='ltr'><strong>lominus</strong></span> <span class='ocrx_word' id='word_1_247' title='bbox 405 3961 616 4007; x_wconf 85' lang='lat' dir='ltr'><strong>tamen</strong></span> <span class='ocrx_word' id='word_1_248' title='bbox 662 3946 770 4007; x_wconf 86' lang='lat' dir='ltr'><strong>illa</strong></span> <span class='ocrx_word' id='word_1_249' title='bbox 807 3946 1144 4026; x_wconf 79' lang='lat' dir='ltr'><strong>pertinacia</strong></span> <span class='ocrx_word' id='word_1_250' title='bbox 1189 3964 1318 4007; x_wconf 89' lang='lat' dir='ltr'><strong>non</strong></span> <span class='ocrx_word' id='word_1_251' title='bbox 1373 3951 1468 4007; x_wconf 88' lang='lat' dir='ltr'><strong>est</strong></span> <span class='ocrx_word' id='word_1_252' title='bbox 1525 3946 1658 4006; x_wconf 85' lang='lat' dir='ltr'><strong>sine</strong></span> 
     </span>
     <span class='ocr_line' id='line_1_40' title="bbox 157 4033 1658 4112; baseline 0.005 -21"><span class='ocrx_word' id='word_1_253' title='bbox 157 4033 312 4112; x_wconf 82' lang='lat' dir='ltr'><strong>aliqua</strong></span> <span class='ocrx_word' id='word_1_254' title='bbox 338 4040 550 4099; x_wconf 84' lang='lat' dir='ltr'><strong>notitia</strong></span> <span class='ocrx_word' id='word_1_255' title='bbox 597 4040 986 4100; x_wconf 83' lang='lat' dir='ltr'><strong>auctoritatis</strong></span> <span class='ocrx_word' id='word_1_256' title='bbox 1019 4046 1082 4101; x_wconf 87' lang='lat' dir='ltr'><strong>et</strong></span> <span class='ocrx_word' id='word_1_257' title='bbox 1127 4038 1503 4101; x_wconf 86' lang='lat' dir='ltr'><strong>definitionis</strong></span> <span class='ocrx_word' id='word_1_258' title='bbox 1547 4040 1658 4100; x_wconf 92' lang='lat' dir='ltr'><strong>Ec-</strong></span> 
     </span>
     <span class='ocr_line' id='line_1_41' title="bbox 158 4126 1657 4209; baseline 0.005 -24"><span class='ocrx_word' id='word_1_259' title='bbox 158 4126 322 4205; x_wconf 65' lang='lat' dir='ltr'><strong>clesiae,</strong></span> <span class='ocrx_word' id='word_1_260' title='bbox 349 4133 628 4209; x_wconf 86' lang='lat' dir='ltr'><strong>quamvis</strong></span> <span class='ocrx_word' id='word_1_261' title='bbox 683 4131 884 4193; x_wconf 87' lang='lat' dir='ltr'><strong>solum</strong></span> <span class='ocrx_word' id='word_1_262' title='bbox 927 4133 1044 4193; x_wconf 88' lang='lat' dir='ltr'><strong>sub</strong></span> <span class='ocrx_word' id='word_1_263' title='bbox 1089 4134 1444 4194; x_wconf 86' lang='lat' dir='ltr'><strong>conditione</strong></span> <span class='ocrx_word' id='word_1_264' title='bbox 1484 4132 1657 4193; x_wconf 87' lang='lat' dir='ltr'><strong>illam</strong></span> 
     </span>
     <span class='ocr_line' id='line_1_42' title="bbox 157 4216 1656 4305; baseline 0.005 -28"><span class='ocrx_word' id='word_1_265' title='bbox 157 4216 296 4281; x_wconf 88' lang='lat' dir='ltr'><strong>homo</strong></span> <span class='ocrx_word' id='word_1_266' title='bbox 315 4224 424 4283; x_wconf 83' lang='lat' dir='ltr'><strong>sibi</strong></span> <span class='ocrx_word' id='word_1_267' title='bbox 451 4232 784 4305; x_wconf 82' lang='lat' dir='ltr'><strong>proponat,</strong></span> <span class='ocrx_word' id='word_1_268' title='bbox 815 4232 888 4286; x_wconf 89' lang='lat' dir='ltr'><strong>ut</strong></span> <span class='ocrx_word' id='word_1_269' title='bbox 919 4226 1012 4286; x_wconf 90' lang='lat' dir='ltr'><strong>illi</strong></span> <span class='ocrx_word' id='word_1_270' title='bbox 1051 4226 1298 4287; x_wconf 87' lang='lat' dir='ltr'><strong>obediat</strong></span> <span class='ocrx_word' id='word_1_271' title='bbox 1350 4226 1448 4287; x_wconf 80' lang='lat' dir='ltr'><strong>vel</strong></span> <span class='ocrx_word' id='word_1_272' title='bbox 1473 4244 1656 4305; x_wconf 89' lang='lat' dir='ltr'><strong>repu-</strong></span> 
     </span>
     <span class='ocr_line' id='line_1_43' title="bbox 156 4319 1658 4399; baseline 0.004 -26"><span class='ocrx_word' id='word_1_273' title='bbox 156 4320 293 4388; x_wconf 75' lang='lat' dir='ltr'><strong>gnet,</strong></span> <span class='ocrx_word' id='word_1_274' title='bbox 317 4331 446 4395; x_wconf 80' lang='lat' dir='ltr'><strong>quae</strong></span> <span class='ocrx_word' id='word_1_275' title='bbox 479 4319 816 4399; x_wconf 86' lang='lat' dir='ltr'><strong>propositio</strong></span> <span class='ocrx_word' id='word_1_276' title='bbox 843 4319 1118 4398; x_wconf 76' lang='lat' dir='ltr'><strong>aliquam</strong></span> <span class='ocrx_word' id='word_1_277' title='bbox 1153 4320 1438 4381; x_wconf 85' lang='lat' dir='ltr'><strong>notitiam</strong></span> <span class='ocrx_word' id='word_1_278' title='bbox 1466 4320 1534 4379; x_wconf 86' lang='lat' dir='ltr'><strong>in</strong></span> <span class='ocrx_word' id='word_1_279' title='bbox 1563 4321 1658 4379; x_wconf 89' lang='lat' dir='ltr'><strong>in-</strong></span> 
     </span>
     <span class='ocr_line' id='line_1_44' title="bbox 155 4406 1654 4493; baseline 0.007 -30"><span class='ocrx_word' id='word_1_280' title='bbox 155 4406 348 4469; x_wconf 81' lang='lat' dir='ltr'><strong>tellectu</strong></span> <span class='ocrx_word' id='word_1_281' title='bbox 374 4413 698 4490; x_wconf 86' lang='lat' dir='ltr'><strong>supponit,</strong></span> <span class='ocrx_word' id='word_1_282' title='bbox 737 4412 1142 4473; x_wconf 84' lang='lat' dir='ltr'><strong>sufficientem</strong></span> <span class='ocrx_word' id='word_1_283' title='bbox 1173 4414 1251 4473; x_wconf 86' lang='lat' dir='ltr'><strong>ad</strong></span> <span class='ocrx_word' id='word_1_284' title='bbox 1299 4414 1654 4493; x_wconf 86' lang='lat' dir='ltr'><strong>eligendum</strong></span> 
     </span>
     <span class='ocr_line' id='line_1_45' title="bbox 153 4496 1656 4587; baseline 0.007 -31"><span class='ocrx_word' id='word_1_285' title='bbox 153 4496 274 4561; x_wconf 85' lang='lat' dir='ltr'><strong>inter</strong></span> <span class='ocrx_word' id='word_1_286' title='bbox 297 4504 566 4567; x_wconf 81' lang='lat' dir='ltr'><strong>Ecclesiae</strong></span> <span class='ocrx_word' id='word_1_287' title='bbox 606 4506 1040 4567; x_wconf 88' lang='lat' dir='ltr'><strong>auctoritatem</strong></span> <span class='ocrx_word' id='word_1_288' title='bbox 1069 4512 1130 4568; x_wconf 87' lang='lat' dir='ltr'><strong>et</strong></span> <span class='ocrx_word' id='word_1_289' title='bbox 1163 4509 1476 4587; x_wconf 85' lang='lat' dir='ltr'><strong>propriam</strong></span> <span class='ocrx_word' id='word_1_290' title='bbox 1526 4509 1656 4587; x_wconf 91' lang='lat' dir='ltr'><strong>opi-</strong></span> 
     </span>
     <span class='ocr_line' id='line_1_46' title="bbox 154 4593 1653 4678; baseline 0.008 -29"><span class='ocrx_word' id='word_1_291' title='bbox 154 4593 366 4658; x_wconf 86' lang='lat' dir='ltr'><strong>nionem.</strong></span> <span class='ocrx_word' id='word_1_292' title='bbox 399 4599 574 4660; x_wconf 88' lang='lat' dir='ltr'><strong>Unde</strong></span> <span class='ocrx_word' id='word_1_293' title='bbox 595 4604 688 4677; x_wconf 79' lang='lat' dir='ltr'><strong>(ut</strong></span> <span class='ocrx_word' id='word_1_294' title='bbox 719 4600 834 4661; x_wconf 85' lang='lat' dir='ltr'><strong>hoc</strong></span> <span class='ocrx_word' id='word_1_295' title='bbox 861 4600 1062 4660; x_wconf 86' lang='lat' dir='ltr'><strong>obiter</strong></span> <span class='ocrx_word' id='word_1_296' title='bbox 1089 4604 1322 4678; x_wconf 81' lang='lat' dir='ltr'><strong>notem)</strong></span> <span class='ocrx_word' id='word_1_297' title='bbox 1347 4619 1474 4661; x_wconf 88' lang='lat' dir='ltr'><strong>non</strong></span> <span class='ocrx_word' id='word_1_298' title='bbox 1503 4602 1653 4661; x_wconf 88' lang='lat' dir='ltr'><strong>satis</strong></span> 
     </span>
     <span class='ocr_line' id='line_1_47' title="bbox 156 4686 1649 4772; baseline 0.006 -27"><span class='ocrx_word' id='word_1_299' title='bbox 156 4686 239 4745; x_wconf 80' lang='lat' dir='ltr'><strong>erit</strong></span> <span class='ocrx_word' id='word_1_300' title='bbox 257 4691 398 4759; x_wconf 82' lang='lat' dir='ltr'><strong>quod</strong></span> <span class='ocrx_word' id='word_1_301' title='bbox 425 4692 652 4771; x_wconf 88' lang='lat' dir='ltr'><strong>aliquis</strong></span> <span class='ocrx_word' id='word_1_302' title='bbox 679 4693 762 4753; x_wconf 87' lang='lat' dir='ltr'><strong>sit</strong></span> <span class='ocrx_word' id='word_1_303' title='bbox 781 4700 1033 4772; x_wconf 87' lang='lat' dir='ltr'><strong>paratus</strong></span> <span class='ocrx_word' id='word_1_304' title='bbox 1055 4692 1304 4755; x_wconf 87' lang='lat' dir='ltr'><strong>credere</strong></span> <span class='ocrx_word' id='word_1_305' title='bbox 1342 4693 1649 4768; x_wconf 80' lang='lat' dir='ltr'><strong>Ecclesiae,</strong></span> 
     </span>
     <span class='ocr_line' id='line_1_48' title="bbox 155 4779 1650 4865; baseline 0.009 -30"><span class='ocrx_word' id='word_1_306' title='bbox 155 4779 188 4835; x_wconf 87' lang='lat' dir='ltr'><strong>si</strong></span> <span class='ocrx_word' id='word_1_307' title='bbox 209 4784 514 4846; x_wconf 82' lang='lat' dir='ltr'><strong>rationibus</strong></span> <span class='ocrx_word' id='word_1_308' title='bbox 527 4785 630 4847; x_wconf 81' lang='lat' dir='ltr'><strong>vel</strong></span> <span class='ocrx_word' id='word_1_309' title='bbox 657 4787 1042 4865; x_wconf 79' lang='lat' dir='ltr'><strong>argumentis</strong></span> <span class='ocrx_word' id='word_1_310' title='bbox 1055 4786 1482 4859; x_wconf 86' lang='lat' dir='ltr'><strong>convincatur,</strong></span> <span class='ocrx_word' id='word_1_311' title='bbox 1505 4805 1650 4848; x_wconf 90' lang='lat' dir='ltr'><strong>nam</strong></span> 
     </span>
     <span class='ocr_line' id='line_1_49' title="bbox 152 4868 1650 4956; baseline 0.007 -27"><span class='ocrx_word' id='word_1_312' title='bbox 152 4868 264 4933; x_wconf 88' lang='lat' dir='ltr'><strong>illud</strong></span> <span class='ocrx_word' id='word_1_313' title='bbox 318 4894 436 4937; x_wconf 90' lang='lat' dir='ltr'><strong>non</strong></span> <span class='ocrx_word' id='word_1_314' title='bbox 479 4884 575 4939; x_wconf 86' lang='lat' dir='ltr'><strong>est</strong></span> <span class='ocrx_word' id='word_1_315' title='bbox 613 4880 862 4941; x_wconf 84' lang='lat' dir='ltr'><strong>credere</strong></span> <span class='ocrx_word' id='word_1_316' title='bbox 913 4880 1265 4940; x_wconf 79' lang='lat' dir='ltr'><strong>auctoritati</strong></span> <span class='ocrx_word' id='word_1_317' title='bbox 1329 4880 1612 4940; x_wconf 66' lang='lat' dir='ltr'><strong>Ecclesiae</strong></span> <span class='ocrx_word' id='word_1_318' title='bbox 1629 4926 1650 4956; x_wconf 92' lang='lat'><strong>,</strong></span> 
     </span>
     <span class='ocr_line' id='line_1_50' title="bbox 153 4972 1652 5050; baseline 0.008 -28"><span class='ocrx_word' id='word_1_319' title='bbox 153 4975 400 5039; x_wconf 83' lang='lat' dir='ltr'><strong>quatenus</strong></span> <span class='ocrx_word' id='word_1_320' title='bbox 447 4972 662 5032; x_wconf 84' lang='lat' dir='ltr'><strong>divina</strong></span> <span class='ocrx_word' id='word_1_321' title='bbox 699 4979 814 5049; x_wconf 85' lang='lat' dir='ltr'><strong>est,</strong></span> <span class='ocrx_word' id='word_1_322' title='bbox 865 4972 971 5033; x_wconf 81' lang='lat' dir='ltr'><strong>sed</strong></span> <span class='ocrx_word' id='word_1_323' title='bbox 1029 4977 1338 5050; x_wconf 86' lang='lat' dir='ltr'><strong>quatenus</strong></span> <span class='ocrx_word' id='word_1_324' title='bbox 1373 4973 1652 5034; x_wconf 86' lang='lat' dir='ltr'><strong>humano</strong></span> 
     </span>
     <span class='ocr_line' id='line_1_51' title="bbox 153 5059 1651 5145; baseline 0.007 -30"><span class='ocrx_word' id='word_1_325' title='bbox 153 5059 294 5120; x_wconf 84' lang='lat' dir='ltr'><strong>modo</strong></span> <span class='ocrx_word' id='word_1_326' title='bbox 322 5064 676 5141; x_wconf 83' lang='lat' dir='ltr'><strong>persuadere</strong></span> <span class='ocrx_word' id='word_1_327' title='bbox 704 5070 932 5145; x_wconf 83' lang='lat' dir='ltr'><strong>potest3</strong></span> <span class='ocrx_word' id='word_1_328' title='bbox 966 5072 1028 5125; x_wconf 88' lang='lat' dir='ltr'><strong>et</strong></span> <span class='ocrx_word' id='word_1_329' title='bbox 1065 5065 1204 5126; x_wconf 89' lang='lat' dir='ltr'><strong>ideo</strong></span> <span class='ocrx_word' id='word_1_330' title='bbox 1249 5065 1356 5127; x_wconf 89' lang='lat' dir='ltr'><strong>illa</strong></span> <span class='ocrx_word' id='word_1_331' title='bbox 1385 5066 1651 5127; x_wconf 88' lang='lat' dir='ltr'><strong>creduli-</strong></span> 
     </span>
     <span class='ocr_line' id='line_1_52' title="bbox 153 5152 1652 5234; baseline 0.008 -25"><span class='ocrx_word' id='word_1_332' title='bbox 153 5154 222 5208; x_wconf 82' lang='lat' dir='ltr'><strong>tas</strong></span> <span class='ocrx_word' id='word_1_333' title='bbox 253 5152 502 5218; x_wconf 87' lang='lat' dir='ltr'><strong>humana</strong></span> <span class='ocrx_word' id='word_1_334' title='bbox 549 5164 669 5234; x_wconf 81' lang='lat' dir='ltr'><strong>est,</strong></span> <span class='ocrx_word' id='word_1_335' title='bbox 717 5166 780 5220; x_wconf 87' lang='lat' dir='ltr'><strong>et</strong></span> <span class='ocrx_word' id='word_1_336' title='bbox 823 5177 952 5220; x_wconf 89' lang='lat' dir='ltr'><strong>non</strong></span> <span class='ocrx_word' id='word_1_337' title='bbox 999 5160 1238 5220; x_wconf 83' lang='lat' dir='ltr'><strong>excedit</strong></span> <span class='ocrx_word' id='word_1_338' title='bbox 1267 5160 1652 5221; x_wconf 85' lang='lat' dir='ltr'><strong>voluntatem</strong></span> 
     </span>
     <span class='ocr_line' id='line_1_53' title="bbox 155 5244 1647 5333; baseline 0.007 -30"><span class='ocrx_word' id='word_1_339' title='bbox 155 5244 386 5309; x_wconf 79' lang='lat' dir='ltr'><strong>credendi</strong></span> <span class='ocrx_word' id='word_1_340' title='bbox 407 5252 592 5313; x_wconf 84' lang='lat' dir='ltr'><strong>alicui</strong></span> <span class='ocrx_word' id='word_1_341' title='bbox 639 5253 879 5314; x_wconf 78' lang='lat' dir='ltr'><strong>Ductori</strong></span> <span class='ocrx_word' id='word_1_342' title='bbox 925 5260 1178 5333; x_wconf 85' lang='lat' dir='ltr'><strong>propter</strong></span> <span class='ocrx_word' id='word_1_343' title='bbox 1217 5253 1647 5315; x_wconf 84' lang='lat' dir='ltr'><strong>auctoritatem</strong></span> 
     </span>
     <span class='ocr_line' id='line_1_54' title="bbox 155 5338 1650 5427; baseline 0.005 -28"><span class='ocrx_word' id='word_1_344' title='bbox 155 5338 280 5416; x_wconf 82' lang='lat' dir='ltr'><strong>ejus3</strong></span> <span class='ocrx_word' id='word_1_345' title='bbox 301 5343 547 5424; x_wconf 85' lang='lat' dir='ltr'><strong>ideoque</strong></span> <span class='ocrx_word' id='word_1_346' title='bbox 579 5364 720 5407; x_wconf 87' lang='lat' dir='ltr'><strong>cum</strong></span> <span class='ocrx_word' id='word_1_347' title='bbox 757 5348 868 5409; x_wconf 84' lang='lat' dir='ltr'><strong>illa</strong></span> <span class='ocrx_word' id='word_1_348' title='bbox 907 5364 1035 5411; x_wconf 87' lang='lat' dir='ltr'><strong>esse</strong></span> <span class='ocrx_word' id='word_1_349' title='bbox 1065 5352 1268 5427; x_wconf 85' lang='lat' dir='ltr'><strong>potest</strong></span> <span class='ocrx_word' id='word_1_350' title='bbox 1305 5348 1650 5427; x_wconf 83' lang='lat' dir='ltr'><strong>pertinacia</strong></span> 
     </span>
     <span class='ocr_line' id='line_1_55' title="bbox 155 5438 1354 5520; baseline 0.011 -30"><span class='ocrx_word' id='word_1_351' title='bbox 155 5440 322 5496; x_wconf 74' lang='lat' dir='ltr'><strong>rantra</strong></span> <span class='ocrx_word' id='word_1_352' title='bbox 339 5438 682 5517; x_wconf 82' lang='lat' dir='ltr'><strong>Ecclesiam,</strong></span> <span class='ocrx_word' id='word_1_353' title='bbox 714 5447 786 5502; x_wconf 87' lang='lat' dir='ltr'><strong>ut</strong></span> <span class='ocrx_word' id='word_1_354' title='bbox 811 5449 906 5503; x_wconf 89' lang='lat' dir='ltr'><strong>est</strong></span> <span class='ocrx_word' id='word_1_355' title='bbox 931 5442 1148 5520; x_wconf 87' lang='lat' dir='ltr'><strong>regula</strong></span> <span class='ocrx_word' id='word_1_356' title='bbox 1187 5440 1354 5503; x_wconf 81' lang='lat' dir='ltr'><strong>ndei.</strong></span> 
     </span>
    </p>

    <p class='ocr_par' dir='ltr' id='par_1_4' title="bbox 217 5532 1648 5630">
     <span class='ocr_line' id='line_1_56' title="bbox 217 5532 1648 5630; baseline 0.008 -42"><span class='ocrx_word' id='word_1_357' title='bbox 217 5532 295 5590; x_wconf 69' lang='lat'><strong>14.</strong></span> <span class='ocrx_word' id='word_1_358' title='bbox 333 5532 538 5599; x_wconf 71' lang='lat' dir='ltr'><strong>Altera</strong></span> <span class='ocrx_word' id='word_1_359' title='bbox 576 5539 856 5602; x_wconf 77' lang='lat' dir='ltr'><strong>rati0.·—-</strong></span> <span class='ocrx_word' id='word_1_360' title='bbox 884 5536 1094 5610; x_wconf 74' lang='lat' dir='ltr'><strong>Altera</strong></span> <span class='ocrx_word' id='word_1_361' title='bbox 1141 5536 1299 5610; x_wconf 81' lang='lat' dir='ltr'><strong>ratio</strong></span> <span class='ocrx_word' id='word_1_362' title='bbox 1319 5536 1420 5598; x_wconf 85' lang='lat' dir='ltr'><strong>-ob</strong></span> <span class='ocrx_word' id='word_1_363' title='bbox 1460 5554 1648 5630; x_wconf 82' lang='lat' dir='ltr'><strong>quarn</strong></span> 
     </span>
    </p>
   </div>
   <div class='ocr_carea' id='block_1_3' title="bbox 1728 380 3303 5610">
    <p class='ocr_par' dir='ltr' id='par_1_5' title="bbox 1737 380 3303 2713">
     <span class='ocr_line' id='line_1_57' title="bbox 3222 380 3297 441; baseline 0.027 -2"><span class='ocrx_word' id='word_1_364' title='bbox 3222 380 3297 441; x_wconf 80' lang='lat'><strong>75</strong></span> 
     </span>
     <span class='ocr_line' id='line_1_58' title="bbox 1739 481 3295 563; baseline 0.001 -21"><span class='ocrx_word' id='word_1_365' title='bbox 1739 481 1890 555; x_wconf 87' lang='lat' dir='ltr'><strong>dixi,</strong></span> <span class='ocrx_word' id='word_1_366' title='bbox 1919 482 2129 563; x_wconf 74' lang='lat' dir='ltr'><strong>aliqua</strong></span> <span class='ocrx_word' id='word_1_367' title='bbox 2144 481 2369 546; x_wconf 75' lang='lat' dir='ltr'><strong>notitia</strong></span> <span class='ocrx_word' id='word_1_368' title='bbox 2385 482 2709 563; x_wconf 74' lang='lat' dir='ltr'><strong>sufficiens,</strong></span> <span class='ocrx_word' id='word_1_369' title='bbox 2738 488 2851 553; x_wconf 89' lang='lat' dir='ltr'><strong>est,</strong></span> <span class='ocrx_word' id='word_1_370' title='bbox 2868 486 2939 542; x_wconf 87' lang='lat' dir='ltr'><strong>ut</strong></span> <span class='ocrx_word' id='word_1_371' title='bbox 2962 482 3295 543; x_wconf 85' lang='lat' dir='ltr'><strong>indicarem</strong></span> 
     </span>
     <span class='ocr_line' id='line_1_59' title="bbox 1741 567 3301 655; baseline 0.001 -20"><span class='ocrx_word' id='word_1_372' title='bbox 1741 593 1866 635; x_wconf 90' lang='lat' dir='ltr'><strong>non</strong></span> <span class='ocrx_word' id='word_1_373' title='bbox 1892 593 2025 636; x_wconf 89' lang='lat' dir='ltr'><strong>esse</strong></span> <span class='ocrx_word' id='word_1_374' title='bbox 2060 567 2473 636; x_wconf 80' lang='lat' dir='ltr'><strong>necessarium</strong></span> <span class='ocrx_word' id='word_1_375' title='bbox 2494 578 2660 655; x_wconf 90' lang='lat' dir='ltr'><strong>quod</strong></span> <span class='ocrx_word' id='word_1_376' title='bbox 2689 575 2913 655; x_wconf 88' lang='lat' dir='ltr'><strong>aliquis</strong></span> <span class='ocrx_word' id='word_1_377' title='bbox 2934 575 3301 655; x_wconf 79' lang='lat' dir='ltr'><strong>persuadea-</strong></span> 
     </span>
     <span class='ocr_line' id='line_1_60' title="bbox 1741 669 3291 744; baseline 0.001 -16"><span class='ocrx_word' id='word_1_378' title='bbox 1741 674 1844 730; x_wconf 86' lang='lat' dir='ltr'><strong>tur</strong></span> <span class='ocrx_word' id='word_1_379' title='bbox 1866 676 1927 731; x_wconf 89' lang='lat' dir='ltr'><strong>et</strong></span> <span class='ocrx_word' id='word_1_380' title='bbox 1974 669 2203 744; x_wconf 77' lang='lat' dir='ltr'><strong>credat,</strong></span> <span class='ocrx_word' id='word_1_381' title='bbox 2236 671 2395 731; x_wconf 89' lang='lat' dir='ltr'><strong>hanc</strong></span> <span class='ocrx_word' id='word_1_382' title='bbox 2424 670 2757 732; x_wconf 84' lang='lat' dir='ltr'><strong>Ecclesiam</strong></span> <span class='ocrx_word' id='word_1_383' title='bbox 2794 670 3024 731; x_wconf 85' lang='lat' dir='ltr'><strong>habere</strong></span> <span class='ocrx_word' id='word_1_384' title='bbox 3052 677 3291 731; x_wconf 85' lang='lat' dir='ltr'><strong>tantam</strong></span> 
     </span>
     <span class='ocr_line' id='line_1_61' title="bbox 1740 762 3299 842; baseline 0.001 -21"><span class='ocrx_word' id='word_1_385' title='bbox 1740 762 2171 823; x_wconf 87' lang='lat' dir='ltr'><strong>auctoritatem</strong></span> <span class='ocrx_word' id='word_1_386' title='bbox 2188 808 2207 838; x_wconf 95' lang='lat'><strong>,</strong></span> <span class='ocrx_word' id='word_1_387' title='bbox 2250 769 2323 822; x_wconf 86' lang='lat' dir='ltr'><strong>ut</strong></span> <span class='ocrx_word' id='word_1_388' title='bbox 2379 764 2471 824; x_wconf 89' lang='lat' dir='ltr'><strong>illi</strong></span> <span class='ocrx_word' id='word_1_389' title='bbox 2506 770 2803 842; x_wconf 87' lang='lat' dir='ltr'><strong>tanquam</strong></span> <span class='ocrx_word' id='word_1_390' title='bbox 2852 763 3161 824; x_wconf 86' lang='lat' dir='ltr'><strong>infallibili</strong></span> <span class='ocrx_word' id='word_1_391' title='bbox 3203 781 3299 823; x_wconf 89' lang='lat' dir='ltr'><strong>re·</strong></span> 
     </span>
     <span class='ocr_line' id='line_1_62' title="bbox 1740 854 3294 934; baseline 0.003 -21"><span class='ocrx_word' id='word_1_392' title='bbox 1740 854 1903 932; x_wconf 83' lang='lat' dir='ltr'><strong>gulae</strong></span> <span class='ocrx_word' id='word_1_393' title='bbox 1951 856 2031 915; x_wconf 87' lang='lat' dir='ltr'><strong>sit</strong></span> <span class='ocrx_word' id='word_1_394' title='bbox 2058 857 2465 934; x_wconf 81' lang='lat' dir='ltr'><strong>credendum3</strong></span> <span class='ocrx_word' id='word_1_395' title='bbox 2498 874 2646 917; x_wconf 90' lang='lat' dir='ltr'><strong>nam</strong></span> <span class='ocrx_word' id='word_1_396' title='bbox 2695 856 2967 917; x_wconf 72' lang='lat' dir='ltr'><strong>haeretici</strong></span> <span class='ocrx_word' id='word_1_397' title='bbox 3008 856 3125 917; x_wconf 87' lang='lat' dir='ltr'><strong>hoc</strong></span> <span class='ocrx_word' id='word_1_398' title='bbox 3164 872 3294 917; x_wconf 88' lang='lat' dir='ltr'><strong>non</strong></span> 
     </span>
     <span class='ocr_line' id='line_1_63' title="bbox 1741 947 3299 1028; baseline 0 -19"><span class='ocrx_word' id='word_1_399' title='bbox 1741 949 2024 1024; x_wconf 87' lang='lat' dir='ltr'><strong>credunt,</strong></span> <span class='ocrx_word' id='word_1_400' title='bbox 2058 956 2120 1011; x_wconf 87' lang='lat' dir='ltr'><strong>et</strong></span> <span class='ocrx_word' id='word_1_401' title='bbox 2146 950 2555 1011; x_wconf 86' lang='lat' dir='ltr'><strong>nihilominus</strong></span> <span class='ocrx_word' id='word_1_402' title='bbox 2586 950 2651 1009; x_wconf 90' lang='lat' dir='ltr'><strong>in</strong></span> <span class='ocrx_word' id='word_1_403' title='bbox 2676 947 2792 1009; x_wconf 85' lang='lat' dir='ltr'><strong>hoc</strong></span> <span class='ocrx_word' id='word_1_404' title='bbox 2820 950 2949 1028; x_wconf 89' lang='lat' dir='ltr'><strong>ipso</strong></span> <span class='ocrx_word' id='word_1_405' title='bbox 2982 950 3139 1009; x_wconf 89' lang='lat' dir='ltr'><strong>etin</strong></span> <span class='ocrx_word' id='word_1_406' title='bbox 3161 948 3299 1009; x_wconf 87' lang='lat' dir='ltr'><strong>aliis</strong></span> 
     </span>
     <span class='ocr_line' id='line_1_64' title="bbox 1739 1042 3296 1122; baseline -0.001 -19"><span class='ocrx_word' id='word_1_407' title='bbox 1739 1043 2089 1121; x_wconf 85' lang='lat' dir='ltr'><strong>pertinaces</strong></span> <span class='ocrx_word' id='word_1_408' title='bbox 2132 1050 2300 1116; x_wconf 85' lang='lat' dir='ltr'><strong>sunt,</strong></span> <span class='ocrx_word' id='word_1_409' title='bbox 2328 1044 2477 1122; x_wconf 87' lang='lat' dir='ltr'><strong>quia</strong></span> <span class='ocrx_word' id='word_1_410' title='bbox 2522 1042 2865 1103; x_wconf 69' lang='lat' dir='ltr'><strong>xoluntarie</strong></span> <span class='ocrx_word' id='word_1_411' title='bbox 2904 1042 2984 1102; x_wconf 89' lang='lat' dir='ltr'><strong>ab</strong></span> <span class='ocrx_word' id='word_1_412' title='bbox 3026 1042 3296 1103; x_wconf 77' lang='lat' dir='ltr'><strong>Ecclesia</strong></span> 
     </span>
     <span class='ocr_line' id='line_1_65' title="bbox 1737 1134 3295 1216; baseline -0.001 -21"><span class='ocrx_word' id='word_1_413' title='bbox 1737 1136 2055 1209; x_wconf 86' lang='lat' dir='ltr'><strong>recedunt,</strong></span> <span class='ocrx_word' id='word_1_414' title='bbox 2086 1154 2225 1216; x_wconf 70' lang='lat' dir='ltr'><strong>quai</strong></span> <span class='ocrx_word' id='word_1_415' title='bbox 2264 1136 2389 1197; x_wconf 89' lang='lat' dir='ltr'><strong>illis</strong></span> <span class='ocrx_word' id='word_1_416' title='bbox 2432 1134 2805 1197; x_wconf 84' lang='lat' dir='ltr'><strong>sufficienter</strong></span> <span class='ocrx_word' id='word_1_417' title='bbox 2842 1135 3153 1215; x_wconf 86' lang='lat' dir='ltr'><strong>proposita</strong></span> <span class='ocrx_word' id='word_1_418' title='bbox 3180 1142 3295 1211; x_wconf 85' lang='lat' dir='ltr'><strong>est,</strong></span> 
     </span>
     <span class='ocr_line' id='line_1_66' title="bbox 1739 1227 3295 1309; baseline -0.001 -22"><span class='ocrx_word' id='word_1_419' title='bbox 1739 1231 1814 1287; x_wconf 86' lang='lat' dir='ltr'><strong>ut</strong></span> <span class='ocrx_word' id='word_1_420' title='bbox 1837 1227 2011 1287; x_wconf 84' lang='lat' dir='ltr'><strong>illam</strong></span> <span class='ocrx_word' id='word_1_421' title='bbox 2044 1234 2345 1309; x_wconf 88' lang='lat' dir='ltr'><strong>tanquam</strong></span> <span class='ocrx_word' id='word_1_422' title='bbox 2375 1246 2585 1289; x_wconf 79' lang='lat' dir='ltr'><strong>veram</strong></span> <span class='ocrx_word' id='word_1_423' title='bbox 2612 1228 2941 1289; x_wconf 82' lang='lat' dir='ltr'><strong>Ecclesiam</strong></span> <span class='ocrx_word' id='word_1_424' title='bbox 2970 1228 3295 1306; x_wconf 87' lang='lat' dir='ltr'><strong>recipiant,</strong></span> 
     </span>
     <span class='ocr_line' id='line_1_67' title="bbox 1739 1320 3303 1407; baseline 0 -27"><span class='ocrx_word' id='word_1_425' title='bbox 1739 1328 2147 1401; x_wconf 78' lang='lat' dir='ltr'><strong>praeterquam</strong></span> <span class='ocrx_word' id='word_1_426' title='bbox 2166 1324 2333 1403; x_wconf 87' lang='lat' dir='ltr'><strong>quod</strong></span> <span class='ocrx_word' id='word_1_427' title='bbox 2346 1324 2689 1407; x_wconf 86' lang='lat' dir='ltr'><strong>Scripturas</strong></span> <span class='ocrx_word' id='word_1_428' title='bbox 2711 1322 3141 1395; x_wconf 86' lang='lat' dir='ltr'><strong>admittunt,in</strong></span> <span class='ocrx_word' id='word_1_429' title='bbox 3164 1320 3303 1399; x_wconf 90' lang='lat' dir='ltr'><strong>qui-</strong></span> 
     </span>
     <span class='ocr_line' id='line_1_68' title="bbox 1739 1412 3294 1491; baseline 0.001 -18"><span class='ocrx_word' id='word_1_430' title='bbox 1739 1412 1856 1473; x_wconf 87' lang='lat' dir='ltr'><strong>bus</strong></span> <span class='ocrx_word' id='word_1_431' title='bbox 1903 1414 2041 1475; x_wconf 79' lang='lat' dir='ltr'><strong>hoec</strong></span> <span class='ocrx_word' id='word_1_432' title='bbox 2087 1418 2357 1479; x_wconf 88' lang='lat' dir='ltr'><strong>Ecclesia</strong></span> <span class='ocrx_word' id='word_1_433' title='bbox 2406 1419 2783 1479; x_wconf 86' lang='lat' dir='ltr'><strong>sufficienter</strong></span> <span class='ocrx_word' id='word_1_434' title='bbox 2832 1414 3294 1491; x_wconf 56' lang='lat' dir='ltr'><strong>manifestatum</strong></span> 
     </span>
     <span class='ocr_line' id='line_1_69' title="bbox 1739 1504 3301 1589; baseline 0.002 -25"><span class='ocrx_word' id='word_1_435' title='bbox 1739 1506 1965 1567; x_wconf 87' lang='lat' dir='ltr'><strong>notitia</strong></span> <span class='ocrx_word' id='word_1_436' title='bbox 1996 1526 2144 1588; x_wconf 86' lang='lat' dir='ltr'><strong>ergo</strong></span> <span class='ocrx_word' id='word_1_437' title='bbox 2192 1510 2499 1574; x_wconf 87' lang='lat' dir='ltr'><strong>sufficiens</strong></span> <span class='ocrx_word' id='word_1_438' title='bbox 2538 1517 2628 1572; x_wconf 90' lang='lat' dir='ltr'><strong>est</strong></span> <span class='ocrx_word' id='word_1_439' title='bbox 2662 1510 2793 1587; x_wconf 86' lang='lat' dir='ltr'><strong>illa,</strong></span> <span class='ocrx_word' id='word_1_440' title='bbox 2824 1528 2935 1589; x_wconf 87' lang='lat' dir='ltr'><strong>per</strong></span> <span class='ocrx_word' id='word_1_441' title='bbox 2984 1524 3171 1587; x_wconf 88' lang='lat' dir='ltr'><strong>qnam</strong></span> <span class='ocrx_word' id='word_1_442' title='bbox 3210 1504 3301 1567; x_wconf 82' lang='lat' dir='ltr'><strong>ita</strong></span> 
     </span>
     <span class='ocr_line' id='line_1_70' title="bbox 1739 1598 3301 1679; baseline 0.001 -21"><span class='ocrx_word' id='word_1_443' title='bbox 1739 1604 2105 1679; x_wconf 85' lang='lat' dir='ltr'><strong>proponitur</strong></span> <span class='ocrx_word' id='word_1_444' title='bbox 2132 1604 2411 1665; x_wconf 80' lang='lat' dir='ltr'><strong>Ecclesioe</strong></span> <span class='ocrx_word' id='word_1_445' title='bbox 2436 1606 2789 1679; x_wconf 72' lang='lat' dir='ltr'><strong>auctoritas»,</strong></span> <span class='ocrx_word' id='word_1_446' title='bbox 2828 1609 2900 1663; x_wconf 89' lang='lat' dir='ltr'><strong>ut</strong></span> <span class='ocrx_word' id='word_1_447' title='bbox 2924 1602 3159 1679; x_wconf 84' lang='lat' dir='ltr'><strong>obliget</strong></span> <span class='ocrx_word' id='word_1_448' title='bbox 3186 1598 3301 1661; x_wconf 84' lang='lat' dir='ltr'><strong>ho·</strong></span> 
     </span>
     <span class='ocr_line' id='line_1_71' title="bbox 1737 1694 3296 1777; baseline 0.001 -26"><span class='ocrx_word' id='word_1_449' title='bbox 1737 1694 1975 1754; x_wconf 88' lang='lat' dir='ltr'><strong>minem</strong></span> <span class='ocrx_word' id='word_1_450' title='bbox 2016 1696 2095 1757; x_wconf 89' lang='lat' dir='ltr'><strong>ad</strong></span> <span class='ocrx_word' id='word_1_451' title='bbox 2142 1698 2543 1773; x_wconf 85' lang='lat' dir='ltr'><strong>credendum,</strong></span> <span class='ocrx_word' id='word_1_452' title='bbox 2576 1705 2637 1759; x_wconf 88' lang='lat' dir='ltr'><strong>et</strong></span> <span class='ocrx_word' id='word_1_453' title='bbox 2674 1698 2873 1777; x_wconf 89' lang='lat' dir='ltr'><strong>ipsam</strong></span> <span class='ocrx_word' id='word_1_454' title='bbox 2904 1713 3037 1757; x_wconf 87' lang='lat' dir='ltr'><strong>esse</strong></span> <span class='ocrx_word' id='word_1_455' title='bbox 3084 1710 3296 1754; x_wconf 82' lang='lat' dir='ltr'><strong>veram</strong></span> 
     </span>
     <span class='ocr_line' id='line_1_72' title="bbox 1741 1788 3293 1868; baseline -0.001 -19"><span class='ocrx_word' id='word_1_456' title='bbox 1741 1788 2096 1866; x_wconf 86' lang='lat' dir='ltr'><strong>Ecclesiam,</strong></span> <span class='ocrx_word' id='word_1_457' title='bbox 2122 1798 2185 1851; x_wconf 90' lang='lat' dir='ltr'><strong>et</strong></span> <span class='ocrx_word' id='word_1_458' title='bbox 2220 1809 2429 1852; x_wconf 80' lang='lat' dir='ltr'><strong>veram</strong></span> <span class='ocrx_word' id='word_1_459' title='bbox 2459 1792 2647 1852; x_wconf 88' lang='lat' dir='ltr'><strong>etiam</strong></span> <span class='ocrx_word' id='word_1_460' title='bbox 2672 1790 3017 1851; x_wconf 88' lang='lat' dir='ltr'><strong>doctrinam</strong></span> <span class='ocrx_word' id='word_1_461' title='bbox 3049 1806 3187 1868; x_wconf 79' lang='lat' dir='ltr'><strong>quae</strong></span> <span class='ocrx_word' id='word_1_462' title='bbox 3214 1804 3293 1849; x_wconf 86' lang='lat' dir='ltr'><strong>ex</strong></span> 
     </span>
     <span class='ocr_line' id='line_1_73' title="bbox 1742 1881 3296 1961; baseline -0.001 -19"><span class='ocrx_word' id='word_1_463' title='bbox 1742 1882 2037 1943; x_wconf 85' lang='lat' dir='ltr'><strong>cathedra</strong></span> <span class='ocrx_word' id='word_1_464' title='bbox 2061 1885 2312 1945; x_wconf 76' lang='lat' dir='ltr'><strong>docetur</strong></span> <span class='ocrx_word' id='word_1_465' title='bbox 2329 1900 2350 1961; x_wconf 84' lang='lat'><em>3</em></span> <span class='ocrx_word' id='word_1_466' title='bbox 2382 1891 2444 1945; x_wconf 88' lang='lat' dir='ltr'><strong>et</strong></span> <span class='ocrx_word' id='word_1_467' title='bbox 2468 1885 2685 1945; x_wconf 89' lang='lat' dir='ltr'><strong>eodem</strong></span> <span class='ocrx_word' id='word_1_468' title='bbox 2714 1884 2931 1943; x_wconf 87' lang='lat' dir='ltr'><strong>saltem</strong></span> <span class='ocrx_word' id='word_1_469' title='bbox 2970 1881 3153 1942; x_wconf 86' lang='lat' dir='ltr'><strong>modo</strong></span> <span class='ocrx_word' id='word_1_470' title='bbox 3185 1898 3296 1941; x_wconf 86' lang='lat' dir='ltr'><strong>ne·</strong></span> 
     </span>
     <span class='ocr_line' id='line_1_74' title="bbox 1739 1976 3299 2054; baseline -0.002 -17"><span class='ocrx_word' id='word_1_471' title='bbox 1739 1980 2001 2039; x_wconf 87' lang='lat' dir='ltr'><strong>cessaria</strong></span> <span class='ocrx_word' id='word_1_472' title='bbox 2027 1986 2119 2039; x_wconf 89' lang='lat' dir='ltr'><strong>est</strong></span> <span class='ocrx_word' id='word_1_473' title='bbox 2144 1979 2364 2040; x_wconf 88' lang='lat' dir='ltr'><strong>notitia</strong></span> <span class='ocrx_word' id='word_1_474' title='bbox 2390 1978 2769 2039; x_wconf 86' lang='lat' dir='ltr'><strong>definitionis</strong></span> <span class='ocrx_word' id='word_1_475' title='bbox 2800 1976 3103 2050; x_wconf 80' lang='lat' dir='ltr'><strong>Ecclesioe,</strong></span> <span class='ocrx_word' id='word_1_476' title='bbox 3148 1976 3299 2054; x_wconf 87' lang='lat' dir='ltr'><strong>quia</strong></span> 
     </span>
     <span class='ocr_line' id='line_1_75' title="bbox 1737 2068 3295 2149; baseline -0.002 -20"><span class='ocrx_word' id='word_1_477' title='bbox 1737 2071 2037 2149; x_wconf 59' lang='lat' dir='ltr'><strong>estetquis</strong></span> <span class='ocrx_word' id='word_1_478' title='bbox 2080 2071 2309 2133; x_wconf 85' lang='lat' dir='ltr'><strong>habeat</strong></span> <span class='ocrx_word' id='word_1_479' title='bbox 2347 2072 2753 2133; x_wconf 85' lang='lat' dir='ltr'><strong>sufficientem</strong></span> <span class='ocrx_word' id='word_1_480' title='bbox 2812 2068 3295 2149; x_wconf 83' lang='lat' dir='ltr'><strong>propositionem</strong></span> 
     </span>
     <span class='ocr_line' id='line_1_76' title="bbox 1737 2161 3292 2243; baseline 0 -22"><span class='ocrx_word' id='word_1_481' title='bbox 1737 2163 1895 2241; x_wconf 74' lang='lat' dir='ltr'><strong>ejuS,</strong></span> <span class='ocrx_word' id='word_1_482' title='bbox 1931 2170 2132 2243; x_wconf 88' lang='lat' dir='ltr'><strong>potest</strong></span> <span class='ocrx_word' id='word_1_483' title='bbox 2160 2165 2325 2227; x_wconf 88' lang='lat' dir='ltr'><strong>nolle</strong></span> <span class='ocrx_word' id='word_1_484' title='bbox 2364 2165 2611 2227; x_wconf 86' lang='lat' dir='ltr'><strong>credere</strong></span> <span class='ocrx_word' id='word_1_485' title='bbox 2656 2182 2784 2225; x_wconf 87' lang='lat' dir='ltr'><strong>esse</strong></span> <span class='ocrx_word' id='word_1_486' title='bbox 2843 2161 3292 2236; x_wconf 85' lang='lat' dir='ltr'><strong>definitionem,</strong></span> 
     </span>
     <span class='ocr_line' id='line_1_77' title="bbox 1739 2253 3299 2339; baseline -0.004 -20"><span class='ocrx_word' id='word_1_487' title='bbox 1739 2264 1801 2319; x_wconf 90' lang='lat' dir='ltr'><strong>et</strong></span> <span class='ocrx_word' id='word_1_488' title='bbox 1845 2258 2251 2319; x_wconf 87' lang='lat' dir='ltr'><strong>nihilominus</strong></span> <span class='ocrx_word' id='word_1_489' title='bbox 2292 2261 2409 2321; x_wconf 90' lang='lat' dir='ltr'><strong>erit</strong></span> <span class='ocrx_word' id='word_1_490' title='bbox 2438 2261 2743 2339; x_wconf 83' lang='lat' dir='ltr'><strong>pertinax,</strong></span> <span class='ocrx_word' id='word_1_491' title='bbox 2778 2258 3082 2337; x_wconf 88' lang='lat' dir='ltr'><strong>quiajam</strong></span> <span class='ocrx_word' id='word_1_492' title='bbox 3110 2253 3299 2316; x_wconf 88' lang='lat' dir='ltr'><strong>habet</strong></span> 
     </span>
     <span class='ocr_line' id='line_1_78' title="bbox 1740 2345 3296 2431; baseline -0.004 -20"><span class='ocrx_word' id='word_1_493' title='bbox 1740 2350 2144 2414; x_wconf 87' lang='lat' dir='ltr'><strong>sufficientem</strong></span> <span class='ocrx_word' id='word_1_494' title='bbox 2185 2354 2494 2429; x_wconf 88' lang='lat' dir='ltr'><strong>notitiam,</strong></span> <span class='ocrx_word' id='word_1_495' title='bbox 2541 2370 2679 2431; x_wconf 69' lang='lat' dir='ltr'><strong>quae</strong></span> <span class='ocrx_word' id='word_1_496' title='bbox 2724 2350 2900 2413; x_wconf 89' lang='lat' dir='ltr'><strong>illum</strong></span> <span class='ocrx_word' id='word_1_497' title='bbox 2948 2348 3181 2425; x_wconf 88' lang='lat' dir='ltr'><strong>obliget</strong></span> <span class='ocrx_word' id='word_1_498' title='bbox 3215 2345 3296 2406; x_wconf 87' lang='lat' dir='ltr'><strong>ad</strong></span> 
     </span>
     <span class='ocr_line' id='line_1_79' title="bbox 1740 2440 3300 2526; baseline -0.002 -24"><span class='ocrx_word' id='word_1_499' title='bbox 1740 2442 2117 2505; x_wconf 88' lang='lat' dir='ltr'><strong>credendum</strong></span> <span class='ocrx_word' id='word_1_500' title='bbox 2150 2446 2337 2507; x_wconf 88' lang='lat' dir='ltr'><strong>talem</strong></span> <span class='ocrx_word' id='word_1_501' title='bbox 2366 2446 2843 2526; x_wconf 86' lang='lat' dir='ltr'><strong>propositionem</strong></span> <span class='ocrx_word' id='word_1_502' title='bbox 2898 2460 3029 2503; x_wconf 88' lang='lat' dir='ltr'><strong>esse</strong></span> <span class='ocrx_word' id='word_1_503' title='bbox 3079 2440 3160 2501; x_wconf 89' lang='lat' dir='ltr'><strong>ab</strong></span> <span class='ocrx_word' id='word_1_504' title='bbox 3190 2441 3300 2499; x_wconf 86' lang='lat' dir='ltr'><strong>Ec·</strong></span> 
     </span>
     <span class='ocr_line' id='line_1_80' title="bbox 1741 2534 3303 2614; baseline -0.003 -18"><span class='ocrx_word' id='word_1_505' title='bbox 1741 2536 1926 2597; x_wconf 88' lang='lat' dir='ltr'><strong>clesia</strong></span> <span class='ocrx_word' id='word_1_506' title='bbox 1968 2537 2311 2599; x_wconf 86' lang='lat' dir='ltr'><strong>definitam.</strong></span> <span class='ocrx_word' id='word_1_507' title='bbox 2344 2541 2418 2599; x_wconf 91' lang='lat' dir='ltr'><strong>Et</strong></span> <span class='ocrx_word' id='word_1_508' title='bbox 2462 2542 2570 2614; x_wconf 87' lang='lat' dir='ltr'><strong>ita,</strong></span> <span class='ocrx_word' id='word_1_509' title='bbox 2600 2545 2673 2599; x_wconf 88' lang='lat' dir='ltr'><strong>ut</strong></span> <span class='ocrx_word' id='word_1_510' title='bbox 2700 2538 3005 2612; x_wconf 81' lang='lat' dir='ltr'><strong>existimo,</strong></span> <span class='ocrx_word' id='word_1_511' title='bbox 3034 2534 3184 2596; x_wconf 88' lang='lat' dir='ltr'><strong>satis</strong></span> <span class='ocrx_word' id='word_1_512' title='bbox 3208 2537 3303 2594; x_wconf 86' lang='lat' dir='ltr'><strong>est</strong></span> 
     </span>
     <span class='ocr_line' id='line_1_81' title="bbox 1740 2631 2889 2713; baseline 0.003 -23"><span class='ocrx_word' id='word_1_513' title='bbox 1740 2631 2081 2709; x_wconf 86' lang='lat' dir='ltr'><strong>pertinacia</strong></span> <span class='ocrx_word' id='word_1_514' title='bbox 2118 2632 2428 2696; x_wconf 87' lang='lat' dir='ltr'><strong>declarata</strong></span> <span class='ocrx_word' id='word_1_515' title='bbox 2464 2641 2526 2695; x_wconf 90' lang='lat' dir='ltr'><strong>et</strong></span> <span class='ocrx_word' id='word_1_516' title='bbox 2566 2633 2889 2713; x_wconf 85' lang='lat' dir='ltr'><strong>explicata.</strong></span> 
     </span>
    </p>

    <p class='ocr_par' dir='ltr' id='par_1_6' title="bbox 1730 2725 3303 5226">
     <span class='ocr_line' id='line_1_82' title="bbox 1826 2725 3295 2811; baseline 0.001 -26"><span class='ocrx_word' id='word_1_517' title='bbox 1826 2727 1923 2785; x_wconf 76' lang='lat'><strong>15.</strong></span> <span class='ocrx_word' id='word_1_518' title='bbox 1974 2726 2361 2791; x_wconf 73' lang='lat' dir='ltr'><strong>concluditur</strong></span> <span class='ocrx_word' id='word_1_519' title='bbox 2392 2745 2510 2811; x_wconf 80' lang='lat' dir='ltr'><strong>pro</strong></span> <span class='ocrx_word' id='word_1_520' title='bbox 2552 2727 2737 2790; x_wconf 74' lang='lat' dir='ltr'><strong>tertia</strong></span> <span class='ocrx_word' id='word_1_521' title='bbox 2768 2725 3064 2789; x_wconf 72' lang='lat' dir='ltr'><strong>sententia</strong></span> <span class='ocrx_word' id='word_1_522' title='bbox 3110 2726 3179 2787; x_wconf 75' lang='lat' dir='ltr'><strong>in</strong></span> <span class='ocrx_word' id='word_1_523' title='bbox 3230 2742 3295 2786; x_wconf 85' lang='lat' dir='ltr'><strong>n.</strong></span> 
     </span>
     <span class='ocr_line' id='line_1_83' title="bbox 1741 2820 3297 2902; baseline -0.001 -21"><span class='ocrx_word' id='word_1_524' title='bbox 1741 2821 1804 2881; x_wconf 91' lang='grc'><strong>8.</strong></span> <span class='ocrx_word' id='word_1_525' title='bbox 1825 2852 1907 2867; x_wconf 91' lang='grc'>-</span> <span class='ocrx_word' id='word_1_526' title='bbox 1927 2821 2321 2902; x_wconf 68' lang='lat' dir='ltr'><strong>Expenditnr</strong></span> <span class='ocrx_word' id='word_1_527' title='bbox 2342 2824 2549 2902; x_wconf 80' lang='lat' dir='ltr'><strong>prima</strong></span> <span class='ocrx_word' id='word_1_528' title='bbox 2586 2822 2886 2883; x_wconf 67' lang='lat' dir='ltr'><strong>sententia</strong></span> <span class='ocrx_word' id='word_1_529' title='bbox 2924 2821 2991 2881; x_wconf 78' lang='lat' dir='ltr'><strong>in</strong></span> <span class='ocrx_word' id='word_1_530' title='bbox 3035 2836 3199 2881; x_wconf 69' lang='lat' dir='ltr'><strong>num.</strong></span> <span class='ocrx_word' id='word_1_531' title='bbox 3234 2820 3297 2893; x_wconf 88' lang='grc'><strong>3,</strong></span> 
     </span>
     <span class='ocr_line' id='line_1_84' title="bbox 1742 2912 3301 3011; baseline -0.001 -36"><span class='ocrx_word' id='word_1_532' title='bbox 1742 2915 2015 3011; x_wconf 54' lang='lat' dir='ltr'><strong>adhibita</strong></span> <span class='ocrx_word' id='word_1_533' title='bbox 2057 2917 2447 2979; x_wconf 75' lang='lat' dir='ltr'><strong>distinctione</strong></span> <span class='ocrx_word' id='word_1_534' title='bbox 2496 2914 2884 2999; x_wconf 59' lang='lat' dir='ltr'><strong>ignorantiae.</strong></span> <span class='ocrx_word' id='word_1_535' title='bbox 2933 2946 3015 2957; x_wconf 91' lang='lat'><strong>——-</strong></span> <span class='ocrx_word' id='word_1_536' title='bbox 3058 2914 3149 2974; x_wconf 79' lang='lat' dir='ltr'><strong>Ex</strong></span> <span class='ocrx_word' id='word_1_537' title='bbox 3180 2912 3301 2973; x_wconf 89' lang='lat' dir='ltr'><strong>hoc</strong></span> 
     </span>
     <span class='ocr_line' id='line_1_85' title="bbox 1741 3006 3301 3085; baseline 0.001 -19"><span class='ocrx_word' id='word_1_538' title='bbox 1741 3007 2171 3085; x_wconf 84' lang='lat' dir='ltr'><strong>fundamento,</strong></span> <span class='ocrx_word' id='word_1_539' title='bbox 2204 3015 2267 3070; x_wconf 87' lang='lat' dir='ltr'><strong>et</strong></span> <span class='ocrx_word' id='word_1_540' title='bbox 2289 3009 2572 3071; x_wconf 90' lang='lat' dir='ltr'><strong>doctrina</strong></span> <span class='ocrx_word' id='word_1_541' title='bbox 2596 3009 2743 3068; x_wconf 86' lang='lat' dir='ltr'><strong>satis</strong></span> <span class='ocrx_word' id='word_1_542' title='bbox 2786 3006 3175 3080; x_wconf 84' lang='lat' dir='ltr'><strong>confirmata,</strong></span> <span class='ocrx_word' id='word_1_543' title='bbox 3204 3024 3301 3067; x_wconf 89' lang='lat' dir='ltr'><strong>re-</strong></span> 
     </span>
     <span class='ocr_line' id='line_1_86' title="bbox 1739 3100 3299 3183; baseline -0.002 -19"><span class='ocrx_word' id='word_1_544' title='bbox 1739 3102 2046 3182; x_wconf 88' lang='lat' dir='ltr'><strong>linquitur</strong></span> <span class='ocrx_word' id='word_1_545' title='bbox 2078 3103 2263 3163; x_wconf 87' lang='lat' dir='ltr'><strong>tertia</strong></span> <span class='ocrx_word' id='word_1_546' title='bbox 2290 3104 2499 3183; x_wconf 90' lang='lat' dir='ltr'><strong>opinio</strong></span> <span class='ocrx_word' id='word_1_547' title='bbox 2547 3120 2733 3182; x_wconf 87' lang='lat' dir='ltr'><strong>supra</strong></span> <span class='ocrx_word' id='word_1_548' title='bbox 2782 3100 3133 3182; x_wconf 84' lang='lat' dir='ltr'><strong>proposita3</strong></span> <span class='ocrx_word' id='word_1_549' title='bbox 3166 3118 3299 3161; x_wconf 86' lang='lat' dir='ltr'><strong>ma·-</strong></span> 
     </span>
     <span class='ocr_line' id='line_1_87' title="bbox 1738 3193 3295 3275; baseline -0.002 -19"><span class='ocrx_word' id='word_1_550' title='bbox 1738 3197 1834 3275; x_wconf 86' lang='lat' dir='ltr'><strong>gis</strong></span> <span class='ocrx_word' id='word_1_551' title='bbox 1883 3202 2089 3259; x_wconf 87' lang='lat' dir='ltr'><strong>tamen</strong></span> <span class='ocrx_word' id='word_1_552' title='bbox 2137 3196 2549 3259; x_wconf 86' lang='lat' dir='ltr'><strong>declarabitur</strong></span> <span class='ocrx_word' id='word_1_553' title='bbox 2589 3196 2737 3256; x_wconf 88' lang='lat' dir='ltr'><strong>inde</strong></span> <span class='ocrx_word' id='word_1_554' title='bbox 2778 3194 3099 3255; x_wconf 78' lang='lat' dir='ltr'><strong>inferendo</strong></span> <span class='ocrx_word' id='word_1_555' title='bbox 3132 3193 3295 3273; x_wconf 87' lang='lat' dir='ltr'><strong>quod</strong></span> 
     </span>
     <span class='ocr_line' id='line_1_88' title="bbox 1737 3287 3303 3369; baseline -0.003 -20"><span class='ocrx_word' id='word_1_556' title='bbox 1737 3290 1816 3350; x_wconf 90' lang='lat' dir='ltr'><strong>de</strong></span> <span class='ocrx_word' id='word_1_557' title='bbox 1857 3290 1995 3351; x_wconf 89' lang='lat' dir='ltr'><strong>aliis</strong></span> <span class='ocrx_word' id='word_1_558' title='bbox 2044 3291 2440 3369; x_wconf 86' lang='lat' dir='ltr'><strong>opinionibus</strong></span> <span class='ocrx_word' id='word_1_559' title='bbox 2490 3290 2881 3351; x_wconf 86' lang='lat' dir='ltr'><strong>sentiendum</strong></span> <span class='ocrx_word' id='word_1_560' title='bbox 2920 3290 3019 3349; x_wconf 88' lang='lat' dir='ltr'><strong>sit.</strong></span> <span class='ocrx_word' id='word_1_561' title='bbox 3058 3288 3135 3347; x_wconf 89' lang='lat' dir='ltr'><strong>Et</strong></span> <span class='ocrx_word' id='word_1_562' title='bbox 3184 3287 3303 3346; x_wconf 89' lang='lat' dir='ltr'><strong>im-</strong></span> 
     </span>
     <span class='ocr_line' id='line_1_89' title="bbox 1739 3380 3299 3469; baseline -0.003 -24"><span class='ocrx_word' id='word_1_563' title='bbox 1739 3384 1958 3464; x_wconf 87' lang='lat' dir='ltr'><strong>primis</strong></span> <span class='ocrx_word' id='word_1_564' title='bbox 1986 3384 2063 3444; x_wconf 90' lang='lat' dir='ltr'><strong>de</strong></span> <span class='ocrx_word' id='word_1_565' title='bbox 2100 3385 2477 3462; x_wconf 85' lang='lat' dir='ltr'><strong>ignorantia,</strong></span> <span class='ocrx_word' id='word_1_566' title='bbox 2506 3401 2648 3445; x_wconf 88' lang='lat' dir='ltr'><strong>cum</strong></span> <span class='ocrx_word' id='word_1_567' title='bbox 2694 3399 2817 3469; x_wconf 78' lang='lat' dir='ltr'><strong>qua</strong></span> <span class='ocrx_word' id='word_1_568' title='bbox 2862 3381 3061 3459; x_wconf 80' lang='lat' dir='ltr'><strong>prima</strong></span> <span class='ocrx_word' id='word_1_569' title='bbox 3086 3380 3299 3460; x_wconf 80' lang='lat' dir='ltr'><strong>opinio</strong></span> 
     </span>
     <span class='ocr_line' id='line_1_90' title="bbox 1739 3472 3300 3556; baseline -0.003 -19"><span class='ocrx_word' id='word_1_570' title='bbox 1739 3477 2049 3539; x_wconf 85' lang='lat' dir='ltr'><strong>asserebat</strong></span> <span class='ocrx_word' id='word_1_571' title='bbox 2076 3477 2364 3538; x_wconf 74' lang='lat' dir='ltr'><strong>haeresim</strong></span> <span class='ocrx_word' id='word_1_572' title='bbox 2392 3495 2523 3538; x_wconf 84' lang='lat' dir='ltr'><strong>esse</strong></span> <span class='ocrx_word' id='word_1_573' title='bbox 2551 3494 2744 3556; x_wconf 86' lang='lat' dir='ltr'><strong>posse,</strong></span> <span class='ocrx_word' id='word_1_574' title='bbox 2779 3474 3009 3535; x_wconf 83' lang='lat' dir='ltr'><strong>omissa</strong></span> <span class='ocrx_word' id='word_1_575' title='bbox 3047 3472 3300 3533; x_wconf 83' lang='lat' dir='ltr'><strong>distinc-</strong></span> 
     </span>
     <span class='ocr_line' id='line_1_91' title="bbox 1739 3566 3293 3649; baseline -0.003 -20"><span class='ocrx_word' id='word_1_576' title='bbox 1739 3571 1931 3647; x_wconf 88' lang='lat' dir='ltr'><strong>tione,</strong></span> <span class='ocrx_word' id='word_1_577' title='bbox 1962 3589 2086 3649; x_wconf 88' lang='lat' dir='ltr'><strong>qua</strong></span> <span class='ocrx_word' id='word_1_578' title='bbox 2128 3577 2391 3631; x_wconf 88' lang='lat' dir='ltr'><strong>utuntur</strong></span> <span class='ocrx_word' id='word_1_579' title='bbox 2426 3570 2619 3649; x_wconf 86' lang='lat' dir='ltr'><strong>aliqui</strong></span> <span class='ocrx_word' id='word_1_580' title='bbox 2654 3586 2730 3630; x_wconf 88' lang='lat' dir='ltr'><strong>ex</strong></span> <span class='ocrx_word' id='word_1_581' title='bbox 2762 3569 2884 3629; x_wconf 88' lang='lat' dir='ltr'><strong>illis</strong></span> <span class='ocrx_word' id='word_1_582' title='bbox 2926 3566 3293 3638; x_wconf 88' lang='lat' dir='ltr'><strong>auctoribus,</strong></span> 
     </span>
     <span class='ocr_line' id='line_1_92' title="bbox 1740 3658 3297 3741; baseline -0.003 -18"><span class='ocrx_word' id='word_1_583' title='bbox 1740 3663 1922 3724; x_wconf 89' lang='lat' dir='ltr'><strong>aliter</strong></span> <span class='ocrx_word' id='word_1_584' title='bbox 1979 3682 2016 3723; x_wconf 91' lang='lat' dir='ltr'><strong>a</strong></span> <span class='ocrx_word' id='word_1_585' title='bbox 2072 3662 2249 3724; x_wconf 88' lang='lat' dir='ltr'><strong>nobis</strong></span> <span class='ocrx_word' id='word_1_586' title='bbox 2298 3663 2814 3741; x_wconf 88' lang='lat' dir='ltr'><strong>distinguendum</strong></span> <span class='ocrx_word' id='word_1_587' title='bbox 2854 3666 2987 3732; x_wconf 85' lang='lat' dir='ltr'><strong>est;</strong></span> <span class='ocrx_word' id='word_1_588' title='bbox 3028 3658 3297 3719; x_wconf 82' lang='lat' dir='ltr'><strong>breviter</strong></span> 
     </span>
     <span class='ocr_line' id='line_1_93' title="bbox 1740 3754 3298 3837; baseline -0.004 -17"><span class='ocrx_word' id='word_1_589' title='bbox 1740 3776 1887 3837; x_wconf 81' lang='lat' dir='ltr'><strong>ergo</strong></span> <span class='ocrx_word' id='word_1_590' title='bbox 1914 3758 2177 3820; x_wconf 87' lang='lat' dir='ltr'><strong>dicimus</strong></span> <span class='ocrx_word' id='word_1_591' title='bbox 2198 3758 2483 3821; x_wconf 68' lang='lat' dir='ltr'><strong>haeresim</strong></span> <span class='ocrx_word' id='word_1_592' title='bbox 2522 3776 2665 3818; x_wconf 86' lang='lat' dir='ltr'><strong>eum</strong></span> <span class='ocrx_word' id='word_1_593' title='bbox 2694 3758 2903 3836; x_wconf 88' lang='lat' dir='ltr'><strong>aliqua</strong></span> <span class='ocrx_word' id='word_1_594' title='bbox 2940 3754 3298 3833; x_wconf 82' lang='lat' dir='ltr'><strong>ignorantia</strong></span> 
     </span>
     <span class='ocr_line' id='line_1_94' title="bbox 1737 3848 3294 3933; baseline -0.006 -17"><span class='ocrx_word' id='word_1_595' title='bbox 1737 3873 1868 3917; x_wconf 89' lang='lat' dir='ltr'><strong>esse</strong></span> <span class='ocrx_word' id='word_1_596' title='bbox 1897 3872 2093 3933; x_wconf 88' lang='lat' dir='ltr'><strong>posse,</strong></span> <span class='ocrx_word' id='word_1_597' title='bbox 2117 3872 2244 3914; x_wconf 89' lang='lat' dir='ltr'><strong>non</strong></span> <span class='ocrx_word' id='word_1_598' title='bbox 2268 3861 2481 3914; x_wconf 86' lang='lat' dir='ltr'><strong>tamen</strong></span> <span class='ocrx_word' id='word_1_599' title='bbox 2508 3870 2584 3915; x_wconf 85' lang='lat' dir='ltr'><strong>ex</strong></span> <span class='ocrx_word' id='word_1_600' title='bbox 2604 3850 2953 3930; x_wconf 83' lang='lat' dir='ltr'><strong>ignorantia</strong></span> <span class='ocrx_word' id='word_1_601' title='bbox 2983 3866 3004 3928; x_wconf 91' lang='lat'>;</span> <span class='ocrx_word' id='word_1_602' title='bbox 3037 3854 3099 3910; x_wconf 91' lang='lat' dir='ltr'><strong>et</strong></span> <span class='ocrx_word' id='word_1_603' title='bbox 3126 3848 3294 3922; x_wconf 83' lang='lat' dir='ltr'><strong>ideo,</strong></span> 
     </span>
     <span class='ocr_line' id='line_1_95' title="bbox 1736 3940 3299 4028; baseline -0.006 -19"><span class='ocrx_word' id='word_1_604' title='bbox 1736 3948 1985 4028; x_wconf 86' lang='lat' dir='ltr'><strong>proprie</strong></span> <span class='ocrx_word' id='word_1_605' title='bbox 2014 3953 2076 4008; x_wconf 88' lang='lat' dir='ltr'><strong>et</strong></span> <span class='ocrx_word' id='word_1_606' title='bbox 2107 3945 2449 4007; x_wconf 82' lang='lat' dir='ltr'><strong>formaliter</strong></span> <span class='ocrx_word' id='word_1_607' title='bbox 2472 3945 2803 4023; x_wconf 87' lang='lat' dir='ltr'><strong>loquend0,</strong></span> <span class='ocrx_word' id='word_1_608' title='bbox 2832 3948 3148 4022; x_wconf 85' lang='lat' dir='ltr'><strong>peccatum</strong></span> <span class='ocrx_word' id='word_1_609' title='bbox 3172 3940 3299 4000; x_wconf 79' lang='lat' dir='ltr'><strong>hoe-</strong></span> 
     </span>
     <span class='ocr_line' id='line_1_96' title="bbox 1736 4034 3299 4119; baseline -0.006 -17"><span class='ocrx_word' id='word_1_610' title='bbox 1736 4043 1888 4102; x_wconf 87' lang='lat' dir='ltr'><strong>resis</strong></span> <span class='ocrx_word' id='word_1_611' title='bbox 1928 4059 2057 4102; x_wconf 90' lang='lat' dir='ltr'><strong>non</strong></span> <span class='ocrx_word' id='word_1_612' title='bbox 2095 4058 2225 4103; x_wconf 88' lang='lat' dir='ltr'><strong>esse</strong></span> <span class='ocrx_word' id='word_1_613' title='bbox 2256 4044 2575 4119; x_wconf 82' lang='lat' dir='ltr'><strong>peccatum</strong></span> <span class='ocrx_word' id='word_1_614' title='bbox 2605 4036 2994 4115; x_wconf 66' lang='lat' dir='ltr'><strong>ignorantias,</strong></span> <span class='ocrx_word' id='word_1_615' title='bbox 3034 4034 3139 4095; x_wconf 88' lang='lat' dir='ltr'><strong>sed</strong></span> <span class='ocrx_word' id='word_1_616' title='bbox 3168 4050 3299 4093; x_wconf 90' lang='lat' dir='ltr'><strong>ma-</strong></span> 
     </span>
     <span class='ocr_line' id='line_1_97' title="bbox 1735 4126 3293 4208; baseline -0.006 -13"><span class='ocrx_word' id='word_1_617' title='bbox 1735 4134 1911 4208; x_wconf 80' lang='lat' dir='ltr'><strong>litiae,</strong></span> <span class='ocrx_word' id='word_1_618' title='bbox 1956 4133 2055 4194; x_wconf 86' lang='lat' dir='ltr'><strong>vel</strong></span> <span class='ocrx_word' id='word_1_619' title='bbox 2086 4152 2163 4193; x_wconf 90' lang='lat' dir='ltr'><strong>ex</strong></span> <span class='ocrx_word' id='word_1_620' title='bbox 2189 4138 2353 4194; x_wconf 88' lang='lat' dir='ltr'><strong>certa</strong></span> <span class='ocrx_word' id='word_1_621' title='bbox 2382 4131 2660 4193; x_wconf 86' lang='lat' dir='ltr'><strong>scientia.</strong></span> <span class='ocrx_word' id='word_1_622' title='bbox 2696 4130 2776 4190; x_wconf 89' lang='lat' dir='ltr'><strong>Ut</strong></span> <span class='ocrx_word' id='word_1_623' title='bbox 2816 4129 2932 4189; x_wconf 90' lang='lat' dir='ltr'><strong>hoc</strong></span> <span class='ocrx_word' id='word_1_624' title='bbox 2958 4126 3293 4200; x_wconf 84' lang='lat' dir='ltr'><strong>declarem,</strong></span> 
     </span>
     <span class='ocr_line' id='line_1_98' title="bbox 1735 4222 3298 4305; baseline -0.006 -16"><span class='ocrx_word' id='word_1_625' title='bbox 1735 4229 1991 4289; x_wconf 69' lang='lat' dir='ltr'><strong>adverto</strong></span> <span class='ocrx_word' id='word_1_626' title='bbox 2024 4244 2101 4288; x_wconf 83' lang='lat' dir='ltr'><strong>ex</strong></span> <span class='ocrx_word' id='word_1_627' title='bbox 2149 4226 2395 4305; x_wconf 81' lang='lat' dir='ltr'><strong>vulgari</strong></span> <span class='ocrx_word' id='word_1_628' title='bbox 2437 4224 2718 4285; x_wconf 88' lang='lat' dir='ltr'><strong>doctrina</strong></span> <span class='ocrx_word' id='word_1_629' title='bbox 2774 4224 2840 4282; x_wconf 90' lang='lat' dir='ltr'><strong>D.</strong></span> <span class='ocrx_word' id='word_1_630' title='bbox 2893 4222 3149 4281; x_wconf 80' lang='lat' dir='ltr'><strong>Thomae</strong></span> <span class='ocrx_word' id='word_1_631' title='bbox 3174 4266 3189 4291; x_wconf 93' lang='lat'><strong>,</strong></span> <span class='ocrx_word' id='word_1_632' title='bbox 3234 4226 3298 4281; x_wconf 88' lang='lat' dir='ltr'><strong>et</strong></span> 
     </span>
     <span class='ocr_line' id='line_1_99' title="bbox 1733 4314 3295 4399; baseline -0.006 -17"><span class='ocrx_word' id='word_1_633' title='bbox 1733 4322 2041 4395; x_wconf 86' lang='lat' dir='ltr'><strong>omnium,</strong></span> <span class='ocrx_word' id='word_1_634' title='bbox 2074 4320 2384 4399; x_wconf 86' lang='lat' dir='ltr'><strong>duplicem</strong></span> <span class='ocrx_word' id='word_1_635' title='bbox 2434 4334 2563 4378; x_wconf 89' lang='lat' dir='ltr'><strong>esse</strong></span> <span class='ocrx_word' id='word_1_636' title='bbox 2600 4314 3043 4395; x_wconf 85' lang='lat' dir='ltr'><strong>ignorantiam,</strong></span> <span class='ocrx_word' id='word_1_637' title='bbox 3074 4330 3295 4373; x_wconf 89' lang='lat' dir='ltr'><strong>conco-</strong></span> 
     </span>
     <span class='ocr_line' id='line_1_100' title="bbox 1735 4408 3297 4486; baseline -0.005 -11"><span class='ocrx_word' id='word_1_638' title='bbox 1735 4415 2063 4475; x_wconf 88' lang='lat' dir='ltr'><strong>mitantem</strong></span> <span class='ocrx_word' id='word_1_639' title='bbox 2108 4420 2172 4473; x_wconf 89' lang='lat' dir='ltr'><strong>et</strong></span> <span class='ocrx_word' id='word_1_640' title='bbox 2216 4412 2705 4486; x_wconf 88' lang='lat' dir='ltr'><strong>antecedentem,</strong></span> <span class='ocrx_word' id='word_1_641' title='bbox 2738 4414 2809 4469; x_wconf 88' lang='lat' dir='ltr'><strong>ut</strong></span> <span class='ocrx_word' id='word_1_642' title='bbox 2836 4408 3121 4469; x_wconf 83' lang='lat' dir='ltr'><strong>omittam</strong></span> <span class='ocrx_word' id='word_1_643' title='bbox 3150 4424 3297 4467; x_wconf 86' lang='lat' dir='ltr'><strong>con·</strong></span> 
     </span>
     <span class='ocr_line' id='line_1_101' title="bbox 1733 4504 3296 4586; baseline -0.005 -19"><span class='ocrx_word' id='word_1_644' title='bbox 1733 4512 2118 4586; x_wconf 87' lang='lat' dir='ltr'><strong>sequentem,</strong></span> <span class='ocrx_word' id='word_1_645' title='bbox 2150 4522 2289 4585; x_wconf 79' lang='lat' dir='ltr'><strong>quoe</strong></span> <span class='ocrx_word' id='word_1_646' title='bbox 2338 4504 2417 4565; x_wconf 87' lang='lat' dir='ltr'><strong>ad</strong></span> <span class='ocrx_word' id='word_1_647' title='bbox 2451 4520 2583 4565; x_wconf 85' lang='lat' dir='ltr'><strong>rem</strong></span> <span class='ocrx_word' id='word_1_648' title='bbox 2631 4507 2997 4581; x_wconf 65' lang='lat' dir='ltr'><strong>praesentem</strong></span> <span class='ocrx_word' id='word_1_649' title='bbox 3042 4516 3171 4559; x_wconf 85' lang='lat' dir='ltr'><strong>non</strong></span> <span class='ocrx_word' id='word_1_650' title='bbox 3201 4516 3296 4559; x_wconf 85' lang='lat' dir='ltr'><strong>re-</strong></span> 
     </span>
     <span class='ocr_line' id='line_1_102' title="bbox 1733 4592 3295 4679; baseline -0.009 -14"><span class='ocrx_word' id='word_1_651' title='bbox 1733 4604 1852 4665; x_wconf 88' lang='lat' dir='ltr'><strong>fert</strong></span> <span class='ocrx_word' id='word_1_652' title='bbox 1877 4620 1892 4672; x_wconf 80' lang='grc' dir='ltr'><strong>ς</strong></span> <span class='ocrx_word' id='word_1_653' title='bbox 1927 4600 2278 4679; x_wconf 86' lang='lat' dir='ltr'><strong>ignorantia</strong></span> <span class='ocrx_word' id='word_1_654' title='bbox 2306 4599 2713 4662; x_wconf 74' lang='lat' dir='ltr'><strong>concomitans</strong></span> <span class='ocrx_word' id='word_1_655' title='bbox 2740 4594 2967 4655; x_wconf 88' lang='lat' dir='ltr'><strong>dicitur</strong></span> <span class='ocrx_word' id='word_1_656' title='bbox 2991 4592 3125 4667; x_wconf 80' lang='lat' dir='ltr'><strong>illa,</strong></span> <span class='ocrx_word' id='word_1_657' title='bbox 3156 4608 3295 4671; x_wconf 69' lang='lat' dir='ltr'><strong>quie</strong></span> 
     </span>
     <span class='ocr_line' id='line_1_103' title="bbox 1734 4686 3299 4772; baseline -0.008 -15"><span class='ocrx_word' id='word_1_658' title='bbox 1734 4695 1922 4757; x_wconf 88' lang='lat' dir='ltr'><strong>simul</strong></span> <span class='ocrx_word' id='word_1_659' title='bbox 1969 4701 2059 4757; x_wconf 84' lang='lat' dir='ltr'><strong>est</strong></span> <span class='ocrx_word' id='word_1_660' title='bbox 2098 4712 2237 4755; x_wconf 89' lang='lat' dir='ltr'><strong>cum</strong></span> <span class='ocrx_word' id='word_1_661' title='bbox 2272 4698 2521 4772; x_wconf 87' lang='lat' dir='ltr'><strong>peccato</strong></span> <span class='ocrx_word' id='word_1_662' title='bbox 2566 4689 2664 4751; x_wconf 81' lang='lat' dir='ltr'><strong>vel</strong></span> <span class='ocrx_word' id='word_1_663' title='bbox 2690 4688 2814 4749; x_wconf 86' lang='lat' dir='ltr'><strong>alio</strong></span> <span class='ocrx_word' id='word_1_664' title='bbox 2842 4693 2983 4748; x_wconf 86' lang='lat' dir='ltr'><strong>actu</strong></span> <span class='ocrx_word' id='word_1_665' title='bbox 3011 4686 3299 4746; x_wconf 85' lang='lat' dir='ltr'><strong>volunta-</strong></span> 
     </span>
     <span class='ocr_line' id='line_1_104' title="bbox 1732 4778 3295 4863; baseline -0.008 -12"><span class='ocrx_word' id='word_1_666' title='bbox 1732 4792 1852 4863; x_wconf 89' lang='lat' dir='ltr'><strong>tis;</strong></span> <span class='ocrx_word' id='word_1_667' title='bbox 1897 4806 2027 4850; x_wconf 89' lang='lat' dir='ltr'><strong>non</strong></span> <span class='ocrx_word' id='word_1_668' title='bbox 2070 4793 2163 4850; x_wconf 88' lang='lat' dir='ltr'><strong>est</strong></span> <span class='ocrx_word' id='word_1_669' title='bbox 2204 4794 2413 4848; x_wconf 88' lang='lat' dir='ltr'><strong>tamen</strong></span> <span class='ocrx_word' id='word_1_670' title='bbox 2458 4802 2639 4847; x_wconf 86' lang='lat' dir='ltr'><strong>causa</strong></span> <span class='ocrx_word' id='word_1_671' title='bbox 2682 4784 2815 4863; x_wconf 87' lang='lat' dir='ltr'><strong>ejus</strong></span> <span class='ocrx_word' id='word_1_672' title='bbox 2840 4826 2860 4858; x_wconf 93' lang='lat'><strong>,</strong></span> <span class='ocrx_word' id='word_1_673' title='bbox 2909 4780 3057 4860; x_wconf 88' lang='lat' dir='ltr'><strong>quia</strong></span> <span class='ocrx_word' id='word_1_674' title='bbox 3106 4778 3295 4840; x_wconf 87' lang='lat' dir='ltr'><strong>homo</strong></span> 
     </span>
     <span class='ocr_line' id='line_1_105' title="bbox 1733 4870 3297 4959; baseline -0.008 -15"><span class='ocrx_word' id='word_1_675' title='bbox 1733 4884 1820 4944; x_wconf 88' lang='lat' dir='ltr'><strong>ita</strong></span> <span class='ocrx_word' id='word_1_676' title='bbox 1857 4889 1950 4945; x_wconf 89' lang='lat' dir='ltr'><strong>est</strong></span> <span class='ocrx_word' id='word_1_677' title='bbox 1978 4882 2260 4955; x_wconf 76' lang='lat' dir='ltr'><strong>affectus,</strong></span> <span class='ocrx_word' id='word_1_678' title='bbox 2288 4891 2362 4939; x_wconf 85' lang='lat' dir='ltr'><strong>ut</strong></span> <span class='ocrx_word' id='word_1_679' title='bbox 2398 4878 2681 4959; x_wconf 85' lang='lat' dir='ltr'><strong>quamvis</strong></span> <span class='ocrx_word' id='word_1_680' title='bbox 2726 4876 2930 4949; x_wconf 89' lang='lat' dir='ltr'><strong>sciret,</strong></span> <span class='ocrx_word' id='word_1_681' title='bbox 2962 4872 3129 4933; x_wconf 87' lang='lat' dir='ltr'><strong>idem</strong></span> <span class='ocrx_word' id='word_1_682' title='bbox 3170 4870 3297 4933; x_wconf 84' lang='lat' dir='ltr'><strong>vel·</strong></span> 
     </span>
     <span class='ocr_line' id='line_1_106' title="bbox 1730 4966 3296 5051; baseline -0.008 -14"><span class='ocrx_word' id='word_1_683' title='bbox 1730 4976 1839 5051; x_wconf 89' lang='lat' dir='ltr'><strong>let,</strong></span> <span class='ocrx_word' id='word_1_684' title='bbox 1870 4995 1942 5037; x_wconf 89' lang='lat' dir='ltr'><strong>ac</strong></span> <span class='ocrx_word' id='word_1_685' title='bbox 1972 4976 2169 5037; x_wconf 78' lang='lat' dir='ltr'><strong>facere</strong></span> <span class='ocrx_word' id='word_1_686' title='bbox 2196 4989 2216 5050; x_wconf 89' lang='lat'>;</span> <span class='ocrx_word' id='word_1_687' title='bbox 2246 4974 2591 5036; x_wconf 67' lang='lat' dir='ltr'><strong>antecedens</strong></span> <span class='ocrx_word' id='word_1_688' title='bbox 2629 4979 2837 5029; x_wconf 88' lang='lat' dir='ltr'><strong>autem</strong></span> <span class='ocrx_word' id='word_1_689' title='bbox 2864 4966 3093 5028; x_wconf 88' lang='lat' dir='ltr'><strong>dicitur</strong></span> <span class='ocrx_word' id='word_1_690' title='bbox 3120 4966 3296 5045; x_wconf 89' lang='lat' dir='ltr'><strong>igno—</strong></span> 
     </span>
     <span class='ocr_line' id='line_1_107' title="bbox 1730 5058 3294 5147; baseline -0.008 -16"><span class='ocrx_word' id='word_1_691' title='bbox 1730 5072 1957 5142; x_wconf 84' lang='lat' dir='ltr'><strong>rantia,</strong></span> <span class='ocrx_word' id='word_1_692' title='bbox 1993 5086 2131 5147; x_wconf 81' lang='lat' dir='ltr'><strong>quae</strong></span> <span class='ocrx_word' id='word_1_693' title='bbox 2160 5074 2251 5130; x_wconf 87' lang='lat' dir='ltr'><strong>est</strong></span> <span class='ocrx_word' id='word_1_694' title='bbox 2296 5084 2481 5127; x_wconf 86' lang='lat' dir='ltr'><strong>causa</strong></span> <span class='ocrx_word' id='word_1_695' title='bbox 2529 5064 2771 5143; x_wconf 88' lang='lat' dir='ltr'><strong>operis,</strong></span> <span class='ocrx_word' id='word_1_696' title='bbox 2814 5059 2961 5140; x_wconf 88' lang='lat' dir='ltr'><strong>quia</strong></span> <span class='ocrx_word' id='word_1_697' title='bbox 3008 5060 3143 5121; x_wconf 88' lang='lat' dir='ltr'><strong>sine</strong></span> <span class='ocrx_word' id='word_1_698' title='bbox 3184 5058 3294 5119; x_wconf 87' lang='lat' dir='ltr'><strong>illa</strong></span> 
     </span>
     <span class='ocr_line' id='line_1_108' title="bbox 1731 5162 2094 5226; baseline -0.011 0"><span class='ocrx_word' id='word_1_699' title='bbox 1731 5182 1858 5226; x_wconf 88' lang='lat' dir='ltr'><strong>nou</strong></span> <span class='ocrx_word' id='word_1_700' title='bbox 1899 5162 2094 5224; x_wconf 84' lang='lat' dir='ltr'><strong>fieret.</strong></span> 
     </span>
    </p>

    <p class='ocr_par' dir='ltr' id='par_1_7' title="bbox 1728 5247 3293 5610">
     <span class='ocr_line' id='line_1_109' title="bbox 1815 5247 3293 5340; baseline -0.007 -21"><span class='ocrx_word' id='word_1_701' title='bbox 1815 5261 1914 5319; x_wconf 83' lang='lat'><strong>16.</strong></span> <span class='ocrx_word' id='word_1_702' title='bbox 1959 5256 2327 5340; x_wconf 74' lang='lat' dir='ltr'><strong>Iynorantia</strong></span> <span class='ocrx_word' id='word_1_703' title='bbox 2370 5253 2775 5318; x_wconf 73' lang='lat' dir='ltr'><strong>concomitans</strong></span> <span class='ocrx_word' id='word_1_704' title='bbox 2798 5268 2917 5312; x_wconf 80' lang='lat' dir='ltr'><strong>non</strong></span> <span class='ocrx_word' id='word_1_705' title='bbox 2948 5251 3195 5312; x_wconf 66' lang='lat' dir='ltr'><strong>emmae</strong></span> <span class='ocrx_word' id='word_1_706' title='bbox 3220 5247 3293 5309; x_wconf 81' lang='lat' dir='ltr'><strong>ab</strong></span> 
     </span>
     <span class='ocr_line' id='line_1_110' title="bbox 1733 5340 3293 5426; baseline -0.011 -11"><span class='ocrx_word' id='word_1_707' title='bbox 1733 5352 1973 5426; x_wconf 73' lang='lat' dir='ltr'><strong>hoercsz‘,</strong></span> <span class='ocrx_word' id='word_1_708' title='bbox 2004 5348 2247 5415; x_wconf 75' lang='lat' dir='ltr'><strong>etiamsi</strong></span> <span class='ocrx_word' id='word_1_709' title='bbox 2272 5349 2359 5411; x_wconf 76' lang='lat' dir='ltr'><strong>sit</strong></span> <span class='ocrx_word' id='word_1_710' title='bbox 2382 5344 2977 5409; x_wconf 50' lang='lat' dir='ltr'><strong>involuntariae-In</strong></span> <span class='ocrx_word' id='word_1_711' title='bbox 3001 5340 3293 5422; x_wconf 81' lang='lat' dir='ltr'><strong>praesenti</strong></span> 
     </span>
     <span class='ocr_line' id='line_1_111' title="bbox 1729 5434 3293 5523; baseline -0.01 -16"><span class='ocrx_word' id='word_1_712' title='bbox 1729 5462 1900 5523; x_wconf 81' lang='lat' dir='ltr'><strong>erge,</strong></span> <span class='ocrx_word' id='word_1_713' title='bbox 1957 5444 2011 5504; x_wconf 86' lang='lat' dir='ltr'><strong>si</strong></span> <span class='ocrx_word' id='word_1_714' title='bbox 2060 5440 2413 5520; x_wconf 85' lang='lat' dir='ltr'><strong>ignorantia</strong></span> <span class='ocrx_word' id='word_1_715' title='bbox 2452 5440 2531 5501; x_wconf 87' lang='lat' dir='ltr'><strong>sit</strong></span> <span class='ocrx_word' id='word_1_716' title='bbox 2578 5445 2821 5517; x_wconf 71' lang='lat' dir='ltr'><strong>tantum</strong></span> <span class='ocrx_word' id='word_1_717' title='bbox 2871 5434 3293 5496; x_wconf 82' lang='lat' dir='ltr'><strong>concomitans</strong></span> 
     </span>
     <span class='ocr_line' id='line_1_112' title="bbox 1728 5525 3289 5610; baseline -0.01 -11"><span class='ocrx_word' id='word_1_718' title='bbox 1728 5554 2001 5610; x_wconf 75' lang='lat' dir='ltr'><strong>errorem</strong></span> <span class='ocrx_word' id='word_1_719' title='bbox 2048 5537 2211 5597; x_wconf 86' lang='lat' dir='ltr'><strong>circa</strong></span> <span class='ocrx_word' id='word_1_720' title='bbox 2251 5534 2462 5609; x_wconf 80' lang='lat' dir='ltr'><strong>fidem,</strong></span> <span class='ocrx_word' id='word_1_721' title='bbox 2508 5548 2637 5604; x_wconf 82' lang='lat' dir='ltr'><strong>non</strong></span> <span class='ocrx_word' id='word_1_722' title='bbox 2660 5535 2911 5597; x_wconf 80' lang='lat' dir='ltr'><strong>excusat</strong></span> <span class='ocrx_word' id='word_1_723' title='bbox 2936 5528 3016 5593; x_wconf 86' lang='lat' dir='ltr'><strong>ab</strong></span> <span class='ocrx_word' id='word_1_724' title='bbox 3040 5525 3289 5605; x_wconf 74' lang='lat' dir='ltr'><strong>haeresi,</strong></span> 
     </span>
    </p>
   </div>
   <div class='ocr_carea' id='block_1_4' title="bbox 3810 4792 3814 5731">
    <p class='ocr_par' dir='ltr' id='par_1_8' title="bbox 3810 4792 3814 5731">
     <span class='ocr_line' id='line_1_113' title="bbox 3810 4792 3814 5731; baseline 0 0"><span class='ocrx_word' id='word_1_725' title='bbox 3810 4792 3814 5731; x_wconf 95' lang='lat' dir='ltr'><strong> </strong></span> 
     </span>
    </p>
   </div>
  </div>
 </body>
</html>
