3900 6217
636 430 804 485 SECT.
845 430 904 483 n.
942 428 1106 492 Qcon
1140 429 1236 482 SlT
1268 428 1577 482 eumcum
1612 428 1898 481 FORMALE
1930 428 2210 479 monim!
2246 428 2709 487 tnsssnleonmffi,
2747 424 2880 479 E‘rc.

168 534 303 595 ideo
348 534 514 594 enim
574 538 830 593 conatur
864 531 1001 609 quis
1053 530 1357 609 depellere
1406 530 1718 590 miseriam

164 646 343 707 quam
376 628 543 689 videt
578 627 645 686 in
680 626 891 699 fratre,
928 624 1073 703 quia
1114 624 1414 703 displicet,
1462 630 1523 685 et
1556 622 1721 683 dolet

162 722 319 801 quod
344 723 407 780 in
428 738 501 781 eo
528 720 627 781 sit.
658 721 725 779 ln
754 719 1129 779 contrarium
1160 736 1306 777 vero
1335 722 1425 778 est
1448 718 1591 796 quia
1616 716 1721 776 illa

162 814 543 893 displicentia
576 819 670 873 est
698 818 870 873 actus
902 810 1183 887 fugiendi
1212 810 1443 870 malum
1468 825 1487 886 3
1520 809 1721 869 omnis

160 915 365 968 autem
392 916 563 968 aetus
590 906 917 986 appetitus,
952 905 1059 984 qui
1088 911 1181 965 est
1202 904 1351 981 fuga
1379 902 1551 977 mali,
1578 921 1720 981 sup-

162 1002 331 1081 ponit
370 1002 710 1080 appetitum
744 1000 1003 1072 bonum,
1035 998 1191 1057 sicut
1226 1014 1499 1058 recessus
1528 1014 1565 1056 a
1600 1002 1722 1055 ter-

158 1097 327 1159 mino
356 1113 393 1156 a
426 1112 573 1174 quo,
616 1093 908 1173 supponit
936 1110 1242 1153 accessum
1273 1091 1351 1151 ad
1381 1091 1719 1151 terminum

156 1190 229 1249 ad
266 1206 475 1267 quem.
523 1188 867 1266 Utrumque
915 1186 1168 1246 fortasse
1214 1194 1305 1245 est
1358 1183 1715 1263 probabile:

156 1283 319 1343 unde
340 1284 390 1343 si
415 1282 653 1343 dicatur
679 1282 975 1361 primum,
1000 1279 1331 1340 dicendum
1347 1296 1721 1357 consequeu-

156 1382 247 1435 ter
300 1380 415 1451 est,
486 1392 623 1435 eam
680 1372 995 1433 tristitiam
1054 1389 1397 1451 supponere
1447 1370 1719 1450 aliquam

156 1468 682 1547 conjunctionem,
710 1467 805 1527 vel
830 1482 942 1545 per
966 1470 1279 1537 naturam,
1310 1464 1407 1524 vel
1440 1482 1547 1543 per
1574 1462 1720 1525 affe-

154 1568 319 1625 ctum
360 1562 524 1623 inter
560 1579 703 1622 eum
734 1560 841 1639 qui
870 1561 1203 1620 miseretur
1238 1564 1300 1618 et
1339 1558 1437 1617 eui
1466 1558 1721 1619 misere-

152 1662 274 1729 tur,
308 1672 510 1735 neque
539 1653 847 1733 oportebit
874 1652 1067 1712 alium
1102 1658 1305 1712 actum
1337 1650 1607 1712 elicitum
1640 1649 1718 1710 ab

153 1749 431 1829 appetitu
486 1746 849 1809 antecedere
901 1746 1086 1806 istam
1142 1742 1593 1823 displicentiam
1657 1748 1719 1804 et

154 1842 663 1921 compassionem,
699 1838 817 1899 nisi
842 1844 1102 1899 tortasse
1129 1855 1428 1899 amorem.

228 1939 291 1996 7.
338 1934 555 1998 Altera
584 1930 975 2015 probabilior.
1014 1966 1090 1977 -
1128 1930 1542 1993 Nihilominus
1580 1947 1720 2010 pro-

151 2028 414 2091 babilius
440 2035 554 2105 est,
589 2046 703 2109 per
728 2044 791 2087 se
818 2032 879 2087 et
909 2044 981 2088 ex
1014 2030 1238 2086 natura
1266 2026 1357 2085 rei
1384 2024 1715 2103 loquendo,

153 2122 512 2183 antecedere
554 2121 933 2181 voluntatem
984 2117 1281 2197 aliquam,
1326 2134 1434 2177 seu
1482 2115 1718 2195 appeti·

150 2220 309 2289 tum,
339 2214 501 2294 quod
529 2214 846 2294 proximus
874 2217 1077 2273 careat
1099 2211 1367 2283 miseria,
1390 2209 1439 2270 si
1470 2210 1717 2289 proprie

154 2308 617 2369 considerentur
640 2307 709 2367 hi
743 2311 937 2378 actus,
959 2312 1029 2365 ut
1048 2303 1310 2365 morales
1338 2308 1485 2363 sunt
1506 2308 1570 2364 et
1594 2310 1720 2363 stu-

154 2402 332 2462 diosi.
364 2402 592 2475 Primo,
625 2400 771 2479 quia
800 2398 907 2459 illa
930 2398 1184 2459 tristitia
1208 2397 1415 2469 habet,
1448 2396 1611 2476 quod
1639 2397 1717 2457 sit

152 2493 403 2554 moralis
440 2499 501 2554 et
532 2493 717 2566 hona,
764 2492 844 2552 ab
882 2489 1092 2571 aliqua
1118 2489 1433 2550 voluntate
1475 2489 1577 2548 eui
1606 2488 1717 2547 ad·

146 2589 458 2666 jungitur,
484 2604 631 2648 nam
663 2586 741 2647 ab
770 2586 876 2646 illa
904 2584 1092 2645 habet
1120 2590 1189 2645 ut
1214 2583 1293 2643 sit
1324 2581 1711 2658 voluntaria3

149 2686 207 2740 et
236 2680 301 2740 in
338 2679 697 2741 universum
736 2678 941 2739 omnis
985 2678 1233 2738 tristitia
1270 2682 1333 2737 et
1364 2674 1712 2750 delectatio,

151 2771 296 2851 quia
316 2779 460 2833 sunt
482 2771 673 2833 veluti
696 2772 1003 2849 passiones
1029 2768 1334 2848 quiedam,
1367 2786 1489 2827 non
1515 2786 1626 2847 per
1649 2786 1715 2830 se

150 2864 384 2925 habent
426 2862 764 2925 bonitatem
804 2862 906 2924 vel
948 2862 1275 2935 malitiam,
1324 2860 1429 2920 sed
1476 2862 1714 2921 ratione

149 2966 400 3019 actuum
428 2958 652 3038 quibus
686 2956 1175 3035 conjunguntur.
1220 2953 1523 3029 Secundo,
1567 2955 1715 3033 quia

146 3070 253 3132 per
282 3070 349 3113 se
384 3052 583 3132 primo
630 3050 709 3113 ad
750 3050 940 3111 finem
982 3056 1166 3128 atque
1208 3048 1283 3109 ad
1330 3048 1714 3108 honestatem

145 3147 581 3207 misericordiae
623 3162 750 3205 non
786 3157 876 3206 est
914 3144 1254 3204 necessaria
1295 3141 1402 3201 illa
1438 3140 1709 3213 tristitia,

144 3240 246 3301 sed
280 3238 572 3299 voluntas
606 3238 701 3299 vel
733 3236 1039 3317 appetitus
1072 3236 1219 3296 boui
1251 3234 1537 3315 proximi.
1568 3234 1716 3293 Ter-

144 3334 249 3408 tio,
286 3332 438 3411 quia
476 3331 595 3392 hoc
627 3332 861 3391 bonum
903 3336 993 3391 est
1026 3329 1379 3405 honestum,
1408 3334 1471 3389 et
1509 3346 1621 3407 per
1648 3346 1713 3388 se

140 3424 500 3505 appetibile,
532 3424 641 3485 etsi
672 3423 843 3484 nulla
866 3423 1115 3483 tristitia
1138 3422 1495 3482 antecedere
1528 3418 1711 3482 intel-

141 3519 402 3597 ligatur,
432 3523 503 3577 ut
523 3518 590 3579 in
620 3518 743 3577 Deo
772 3524 834 3579 et
860 3516 1061 3578 Beatis
1080 3522 1267 3595 patet.
1302 3516 1596 3589 Quocirca
1624 3517 1712 3576 ita

141 3612 371 3692 exponi
399 3618 600 3692 potest
623 3610 773 3671 ordo
790 3610 956 3671 inter
979 3610 1093 3671 hos
1114 3613 1311 3685 actus,
1340 3615 1434 3683 ut,
1465 3610 1712 3687 cognita

141 3706 397 3766 miseria
420 3704 712 3785 proximi,
742 3706 1017 3783 primum
1040 3704 1178 3783 quis
1206 3709 1455 3783 appetat
1481 3709 1541 3762 et
1564 3702 1711 3763 velit

138 3798 536 3859 commodum
568 3796 860 3877 proximi,
883 3803 1067 3875 atque
1095 3797 1249 3856 adeo
1276 3803 1349 3856 ut
1374 3801 1583 3856 careat
1606 3794 1711 3855 illa

138 3892 432 3970 miseria3
461 3890 625 3970 quod
657 3891 709 3951 si
740 3890 1025 3951 voluntas
1062 3895 1154 3949 est
1182 3888 1421 3964 efficax,
1450 3895 1511 3950 et
1538 3888 1712 3949 adest

138 3984 421 4059 facultas,
470 3990 761 4063 sequetur
804 3982 1010 4043 statim
1066 3981 1374 4053 voluntas,
1412 3998 1519 4041 seu
1566 4000 1709 4041 usus

137 4076 542 4150 sublevandi3
585 4076 637 4137 si
678 4094 825 4137 vero
864 4073 1121 4136 facultas
1152 4074 1343 4147 deest,
1376 4074 1590 4134 saltem
1620 4092 1716 4135 se-

138 4176 367 4249 quetur
394 4170 795 4243 desiderium,
842 4175 905 4229 et
941 4169 1087 4229 huic
1118 4167 1425 4228 voluntati
1456 4168 1712 4245 conjun-

141 4269 239 4322 cta
282 4269 374 4323 est
424 4262 531 4323 illa
582 4262 850 4337 tristitia,
900 4262 1010 4340 qui
1054 4260 1209 4322 ordo
1241 4278 1317 4321 ex
1352 4260 1527 4321 dictis
1567 4261 1714 4321 satis

140 4360 337 4434 patet,
374 4362 436 4416 et
473 4374 547 4416 ex
596 4354 872 4433 generali
903 4354 1181 4415 doctrina
1220 4354 1297 4415 de
1330 4355 1565 4415 actibus
1601 4372 1710 4415 vo·-

138 4447 422 4521 luntatiS,
452 4448 520 4508 in
550 4451 609 4508 1.
640 4450 702 4508 2.

219 4540 282 4599 8.
332 4539 730 4604 Corollarium
750 4540 1019 4621 primum
1050 4556 1121 4600 em
1152 4539 1353 4603 dictis.
1375 4572 1455 4586 —
1478 4540 1709 4603 Secun-

137 4633 703 4697 dum.—.Tertium.
727 4663 809 4677 —
829 4634 916 4693 Ex
942 4632 1167 4710 quibus
1190 4631 1558 4709 intelligitur
1584 4632 1711 4711 pri-

140 4742 315 4784 mum
346 4726 412 4785 in
441 4726 563 4785 Deo
604 4732 666 4785 et
702 4724 907 4785 Beatis
952 4724 1437 4785 misericordiam
1480 4724 1709 4785 habere

140 4818 373 4893 locum,
404 4836 533 4878 non
562 4817 760 4878 solum
798 4818 997 4897 quoad
1038 4817 1345 4890 effectum,
1386 4817 1486 4876 sed
1520 4819 1709 4877 etiam

138 4911 349 4987 quoad
393 4910 681 4970 affectum
721 4916 783 4970 et
822 4910 1125 4971 rationem
1160 4908 1501 4981 formalem,
1542 4916 1610 4969 ut
1642 4910 1704 4970 S.

139 5003 414 5064 Thomas
442 5006 501 5085 2.
534 5004 596 5076 2,
624 5008 839 5081 quaest.
874 5005 974 5078 30,
1006 5009 1126 5063 art.
1153 5004 1214 5075 4,
1247 5004 1453 5075 sentit,
1482 5008 1543 5060 et
1576 5020 1712 5081 spe-

138 5096 381 5156 cialiter
402 5096 479 5156 de
508 5096 655 5171 Deo,
687 5100 710 5155 1
750 5114 840 5175 p.,
874 5102 1089 5175 quaest.
1124 5099 1223 5165 2¹,
1257 5102 1373 5154 art.
1409 5098 1467 5168 1,
1496 5114 1711 5173 quam-

137 5190 236 5249 vis
282 5189 351 5249 in
393 5189 483 5249 eis
528 5206 655 5249 non
702 5188 926 5249 habeat
976 5188 1181 5249 locum
1227 5186 1524 5265 tristitia;
1564 5206 1713 5248 nam

139 5279 277 5341 haec
318 5280 848 5359 imperfectionem
879 5281 1027 5342 dicit
1044 5296 1064 5358 ;
1106 5280 1527 5340 misericordia
1565 5298 1713 5341 vero

140 5390 563 5453 nequaquam,
612 5373 756 5435 licet
796 5374 1107 5454 impositio
1154 5374 1423 5435 nominis
1464 5380 1715 5453 sumpta

142 5469 223 5529 sit
250 5466 331 5528 ab
356 5466 564 5546 aliquo
590 5466 813 5529 affectu
849 5467 960 5547 qui
994 5468 1059 5527 in
1088 5467 1267 5527 nobis
1307 5474 1399 5528 est
1426 5486 1570 5528 cum
1600 5468 1715 5527 im-

142 5560 560 5642 perfectione3
594 5566 657 5621 et
680 5562 770 5622 ita
800 5566 1135 5643 usurpatur
1166 5561 1247 5622 ab
1275 5562 1621 5643 Augustino
1624 5606 1645 5637 ,
1673 5564 1715 5624 9

3239 420 3350 482 661

1800 528 1877 590 de
1904 529 2181 604 civitate,
2219 548 2270 589 c.
2306 532 2383 607 5;
2419 530 2810 594 Damascena,
2847 530 2886 588 2
2929 527 3121 602 Fidei,
3163 548 3213 590 c.
3249 532 3359 604 143

1801 622 2146 696 Aristotele,
2179 625 2218 684 ⁹2
2257 624 2504 683 Rhetor.
2549 624 2626 683 ad
2658 621 3015 693 Theodect.‚
3057 641 3108 682 e.
3159 624 3218 682 8.
3257 623 3361 683 Se·

1801 717 2003 776 cundo
2025 717 2412 795 intelligitur,
2431 734 2542 797 pro
2557 716 2816 777 materia
2840 715 2917 776 de
2941 718 3260 795 praeceptis
3287 718 3356 777 in

1801 809 2215 889 disputatione
2267 810 2570 889 sequenti,
2615 827 2725 888 per
2773 828 2836 869 se
2887 810 3086 887 primo
3133 811 3198 868 in
3248 811 3364 871 hac

1803 902 2030 962 virtute
2085 920 2214 963 esse
2265 903 2668 963 necessariam
2726 901 3108 961 voluntatem
3162 902 3364 963 suble-

1802 995 2012 1070 vandi,
2035 996 2273 1075 reliqua
2300 1014 2426 1056 esse
2450 996 2627 1074 quasi
2653 996 3128 1055 concomitantia
3150 1018 3166 1069 ;
3194 996 3361 1056 uncle

1800 1088 1866 1149 in
1904 1090 2070 1149 hunc
2114 1094 2317 1149 aetum
2359 1090 2521 1150 cadit
2562 1096 2972 1169 praeceptum,
3007 1091 3074 1147 in
3106 1087 3360 1165 reliquis

1799 1202 1945 1245 vero
1976 1193 2278 1264 quatenus
2305 1202 2433 1243 esse
2461 1190 2717 1261 possunt
2741 1183 3059 1242 necessarii
3091 1182 3167 1241 ad
3192 1180 3362 1241 hunc

1798 1286 2028 1340 actum.
2061 1279 2266 1339 Tertio
2295 1277 2664 1355 intelligitur
2691 1276 2997 1356 quomodo
3026 1276 3132 1335 illa
3160 1275 3361 1352 passio

1801 1373 2063 1434 miserioe
2091 1375 2157 1434 in
2188 1373 2364 1434 nobis
2404 1373 2734 1434 reducatur
2769 1370 2845 1431 ad
2878 1370 3360 1429 mediocritatem

1801 1484 1911 1547 per
1931 1468 2092 1529 hane
2115 1468 2438 1544 virtutem3
2467 1466 2696 1526 etenim
2721 1462 3138 1524 misericordia
3161 1480 3270 1541 per
3297 1478 3362 1521 se

1798 1562 2002 1640 primo
2025 1560 2285 1621 inclinat
2305 1560 2378 1622 ad
2402 1559 2573 1620 illam
2603 1558 2983 1619 voluntatem
3011 1554 3359 1626 honestam,

1801 1672 1986 1733 quam
2023 1654 2332 1728 diximus;
2366 1670 2444 1712 cx
2471 1650 2864 1731 consequenti
2897 1666 3044 1708 vero
3085 1644 3362 1706 modera-

1798 1752 1902 1807 tur
1933 1747 2106 1809 illam
2143 1746 2512 1826 passionem,
2545 1744 2866 1816 nimirum,
2897 1747 2968 1800 ut
2995 1744 3168 1799 tanta
3194 1739 3274 1799 sit
3301 1744 3364 1797 et

1798 1839 1962 1912 talis,
2001 1846 2234 1919 quanta
2271 1844 2333 1899 et
2381 1838 2580 1917 qualis
2621 1834 2966 1897 necessaria
2993 1838 3086 1893 est
3121 1836 3184 1891 et
3219 1846 3362 1891 con·

1799 1932 2054 1993 veniens
2079 1931 2159 1993 ad
2189 1938 2472 2012 prompte
2503 1936 2568 1991 et
2604 1926 3043 1990 delectabiliter
3067 1941 3326 1989 exercen
3347 1957 3360 1965 ·

1798 2026 1943 2087 dam
1965 2023 2346 2086 voluntatem
2366 2024 2537 2085 illam
2563 2023 2908 2084 honestam.

2425 2226 2638 2278 SECTlo
2671 2228 2731 2280 11.

1799 2396 1963 2470 Quid
1995 2398 2082 2460 sit
2113 2395 2399 2475 objectum
2427 2394 2684 2467 formale
2703 2395 2993 2457 motivum
3019 2393 3362 2457 misericor-

1876 2490 2015 2569 dias,
2046 2494 2104 2552 et
2131 2508 2210 2551 an
2237 2488 2319 2552 sit
2343 2488 2544 2551 virtus
2570 2505 2610 2551 a
2636 2487 2934 2552 charitato
2959 2488 3270 2551 distincta.

1879 2683 1935 2741 1.
1985 2680 2140 2744 ,Tria
2179 2685 2617 2761 supponuntur.
2647 2712 2729 2727 -
2751 2680 2818 2740 ln
2857 2679 3224 2760 praecedenti
3267 2697 3359 2741 se-

1794 2773 2019 2847 ctione,
2073 2772 2515 2853 explicavimus
2562 2772 2871 2851 ohjectum
2933 2772 3252 2834 materiale
3297 2777 3361 2834 et

1794 2872 2001 2926 actum
2053 2866 2508 2939 misericordiae,
2551 2872 2804 2946 propter
2839 2884 3052 2927 eorum
3097 2865 3358 2944 conjun-

1794 2958 2102 3033 ctionem3
2134 2957 2235 3018 hic
2271 2974 2648 3037 exponemus
2685 2958 2869 3019 simul
2897 2958 3206 3035 obJectum
3233 2958 3358 3019 for·

1793 3051 1954 3113 male
1983 3059 2046 3113 et
2074 3052 2381 3127 habitum,
2421 3054 2570 3131 quia
2603 3054 2937 3132 conjuncta
2968 3058 3152 3128 sunt3
3188 3053 3358 3131 prius

1793 3163 1940 3205 vero
1968 3143 2268 3205 nonnulla
2296 3146 2698 3225 supponenda
2719 3151 2864 3205 sunt
2893 3162 2906 3204 t
2937 3146 3208 3224 primum
3238 3152 3352 3218 est,

1791 3236 2104 3317 objectum
2149 3238 2406 3298 formale
2450 3237 2636 3317 hujus
2666 3238 2910 3297 virtutis
2949 3256 3077 3298 esse
3119 3238 3352 3317 aliquid

1793 3331 2119 3391 honestum
2139 3354 2156 3407 ;
2190 3339 2336 3392 sunt
2371 3332 2540 3391 enim
2579 3338 2752 3391 actus
2795 3330 3254 3405 misericordiae,
3295 3338 3358 3391 et

1792 3424 1925 3503 ejus
1965 3426 2246 3500 materia,
2279 3424 2507 3486 rationi
2539 3430 2969 3499 consentanea,
3000 3442 3072 3485 ac
3111 3424 3225 3483 suh
3247 3422 3357 3485 ho-

1790 3524 1966 3579 nesta
2000 3519 2238 3579 ratione
2277 3520 2480 3598 appeti
2523 3525 2802 3598 possunt.
2847 3518 3194 3580 Secundum
3238 3523 3352 3591 est,

1791 3610 1911 3671 illis
1952 3612 2191 3672 actibus
2230 3612 2516 3689 generari
2562 3612 2845 3673 habitum
2885 3612 2990 3690 qui
3031 3614 3112 3670 sit
3157 3610 3353 3671 virtus

1791 3724 1961 3781 vera,
1992 3698 2348 3784 quia'actus
2390 3704 2486 3765 illi
2524 3711 2667 3765 sunt
2692 3704 2974 3766 difficiles
3015 3722 3086 3764 ac
3115 3703 3356 3764 honesti

1790 3817 1901 3880 per
1930 3818 1994 3859 se
2022 3798 2224 3878 primo
2257 3805 2416 3859 etex
2445 3798 2702 3876 obiecto.
2736 3800 3011 3860 Tertium
3042 3804 3155 3872 est,
3193 3797 3358 3858 hanc

1790 3892 2084 3952 virtutem
2133 3890 2439 3970 praecipue
2475 3908 2605 3951 esse
2645 3892 2712 3951 in
2749 3890 3086 3965 voluntate,
3128 3892 3352 3970 primo,

1792 3984 1941 4063 quia
1969 3984 2046 4045 de
2086 3984 2256 4044 omni
2283 3984 2513 4044 virtute
2550 3983 2639 4043 ita
2679 3983 3028 4044 censuimus
3059 3986 3116 4044 1.
3147 3986 3226 4057 23
3261 4002 3358 4045 se-

1793 4077 2019 4151 cundo,
2069 4080 2216 4158 quia
2265 4078 2569 4157 praecipue
2625 4077 2888 4138 refertur
2933 4076 3012 4137 ad
3053 4077 3316 4137 alterum
3332 4093 3354 4155 ς

1792 4172 1978 4232 tertio
2032 4172 2178 4251 quia
2205 4171 2488 4232 voluutas
2515 4188 2638 4231 non
2665 4176 2758 4230 est
2774 4170 2920 4231 satis
2948 4188 3248 4250 propensa
3277 4170 3356 4230 ad

1794 4264 2278 4326 succurrendum
2297 4264 2561 4325 aliorum
2577 4263 2861 4324 miseriis,
2885 4264 3020 4323 Non
3042 4269 3356 4324 esttamen

1792 4358 2149 4437 negandum
2178 4357 2456 4435 generari
2479 4357 2546 4417 in
2575 4355 2751 4417 nobis
2771 4356 2837 4415 in
2864 4356 3141 4436 appetitu
3167 4356 3358 4418 seusi-

1789 4452 1918 4512 tivo
1946 4452 2214 4530 aliquem
2236 4448 2540 4524 habitum,
2569 4467 2692 4528 quo
2721 4448 3088 4528 disponatur
3115 4450 3192 4509 ad
3217 4465 3359 4509 coo-

1790 4544 2135 4623 perandum
2176 4542 2505 4617 voluntati,
2537 4549 2720 4621 atque
2750 4540 2904 4602 adeo
2943 4542 3018 4602 ad
3063 4542 3358 4602 miseren-

1793 4636 1941 4697 dum
1969 4660 1984 4709 3
2011 4642 2194 4714 atque
2216 4635 2278 4694 id
2304 4640 2542 4695 constat
2569 4653 2646 4695 ex
2671 4634 2948 4712 generali
2977 4634 3252 4695 doctrina
3280 4633 3357 4695 de

1788 4728 2154 4805 Virtutibus,
2181 4729 2247 4787 in
2280 4733 2338 4790 1.
2369 4730 2439 4803 23
2470 4734 2603 4788 tum
2633 4729 2818 4788 etiam
2847 4729 2992 4805 quia
3021 4728 3120 4787 hic
3151 4746 3358 4806 proce-

1789 4822 1946 4881 dunt
1991 4822 2262 4882 rationes
2292 4821 2467 4881 factae
2509 4821 2585 4880 de
2625 4820 2984 4897 volunlate3
3030 4822 3226 4879 solum
3269 4826 3360 4881 est

1788 4912 2158 4985 differentia,
2189 4913 2351 4991 quod
2381 4914 2448 4972 in
2475 4912 2794 4972 voluntate
2822 4912 3074 4991 insuper
3099 4914 3359 4991 reperiri

1791 5004 1982 5083 possit
2010 5005 2427 5066 misericordia
2457 5004 2684 5065 infusa.
2955 4992 2966 5003 ⁰

1874 5100 1934 5159 2.
1987 5098 2333 5161 Coinoidere
2359 5098 2831 5161 misericordiam
2869 5116 3001 5162 oum
3031 5099 3360 5177 charitato,

1795 5191 2080 5274 arquitur
2099 5190 2542 5272 multipliciter.
2575 5224 2652 5235 -·-
2683 5192 2792 5251 His
2817 5192 3048 5270 positis,
3081 5200 3361 5272 superest

1791 5285 1921 5362 jam
1969 5301 2352 5362 exponamus
2395 5284 2562 5363 quod
2615 5286 2694 5345 sit
2747 5285 3058 5364 obJ'ectum
3101 5285 3361 5345 formale

1793 5374 1980 5454 hujus
2009 5376 2252 5437 virtutis
2272 5422 2293 5452 ,
2340 5384 2524 5457 atque
2554 5376 2707 5438 adeo
2735 5396 2874 5457 quae
2901 5378 2981 5437 sit
3008 5377 3138 5438 haee
3167 5377 3361 5438 virtus

1794 5470 1863 5529 in
1889 5468 2113 5549 specie,
2147 5470 2314 5548 quod
2341 5472 2573 5549 optime
2603 5470 2991 5550 praestabitur
3019 5470 3084 5531 in
3111 5487 3360 5549 compa-

1796 5561 2034 5624 ratione
2065 5561 2142 5622 ad
2171 5563 2560 5636 charitatem,
2608 5564 2836 5624 etenim
2871 5562 3117 5623 videtur
3144 5561 3224 5623 ab
3252 5563 3364 5625 illa
