3900 6217
866 362 1035 415 SECT.
1072 364 1177 417 Vll.
1212 363 1355 428 Quls
1388 364 1486 417 SIT
1518 363 1777 417 oestrus
1810 363 2018 417 HODUS
2051 364 2316 417 censum
2353 365 2624 417 BELLUM.
3231 366 3350 425 755

96 479 201 521 na
234 458 607 521 nocentibus
628 458 821 534 illata,
856 478 982 523 non
1012 468 1265 540 possunt
1288 462 1451 540 juste
1496 460 1571 521 ad
1604 461 1699 523 in-

94 560 425 615 nocentes
478 553 750 615 extendi.
807 554 935 615 Hoc
976 574 1085 633 per
1138 573 1205 615 se
1256 562 1473 617 notum
1503 560 1700 615 estex

94 648 334 721 dictis,
384 647 529 725 quia
549 664 675 707 non
702 654 897 725 potest
926 648 1127 727 major
1155 648 1489 709 satisfactio
1512 666 1699 727 quam

86 740 297 817 justa
324 741 512 819 exigi.
550 740 762 802 Solum
788 747 990 819 posset
1034 742 1257 819 quaeri,
1293 749 1504 802 utrum
1541 742 1701 802 mili-

96 838 213 892 tes
244 836 513 894 victores
560 838 887 895 teneantur
940 852 1183 914 semper
1211 834 1377 897 hunc
1416 834 1702 897 ordinem

96 943 382 987 servare
402 970 427 1001 ,
480 933 549 985 ut
604 926 809 1004 potius
858 924 935 987 de
984 927 1351 989 nocentibus
1406 934 1469 990 et
1523 927 1702 989 honis

94 1037 351 1081 eorum
382 1019 719 1087 vindictam
760 1028 1035 1095 sumant,
1064 1040 1251 1100 quam
1294 1022 1371 1081 de
1410 1022 1701 1083 innocen-

98 1112 325 1173 tibus.
368 1114 796 1192 Respondctur
842 1114 1131 1191 breviter,
1164 1116 1399 1177 caeteris
1424 1114 1697 1193 paribuS,

99 1211 179 1265 et
218 1206 291 1265 in
322 1206 538 1269 eodem
590 1224 815 1283 genere
847 1207 1175 1283 bonorum,
1210 1208 1427 1269 teneri.
1455 1207 1609 1269 Nam
1640 1207 1701 1267 id

100 1300 463 1361 manifeste
513 1300 781 1379 postulat
830 1303 989 1363 ratio
1032 1301 1359 1380 aequitatis,
1415 1302 1579 1379 quod
1626 1319 1706 1362 ex

102 1392 534 1470 sequentibus
564 1392 760 1471 magis
787 1392 1109 1453 constabit.
1194 1422 1211 1439 .

212 1487 319 1547 12.
368 1486 597 1559 Quinta
640 1484 937 1549 conclusio
964 1486 1209 1566 ejusque
1246 1486 1431 1549 ratio.
1462 1518 1543 1532 -
1566 1488 1704 1549 Ex-

98 1581 388 1656 ponitur
436 1578 663 1641 dictum
714 1577 1042 1658 Sylva-stri.
1070 1580 1313 1639 —Dico
1343 1580 1598 1658 quintos
1651 1580 1703 1639 si

106 1672 553 1733 necessarium
589 1673 669 1731 sit
698 1672 773 1733 ad
806 1672 1053 1751 plenam
1092 1672 1594 1747 satisfactionem,
1632 1672 1702 1733 li-

108 1771 229 1825 cet
262 1764 511 1843 privare
540 1764 895 1827 innocentes
924 1766 1052 1825 suis
1074 1762 1275 1836 bonis,
1304 1765 1489 1825 etiam
1518 1764 1705 1825 liber-

108 1864 286 1919 tate.
328 1859 504 1919 Ratio
532 1864 647 1931 est,
682 1860 827 1936 quia
858 1857 949 1918 illi
978 1869 1125 1919 sunt
1153 1864 1353 1937 partes
1374 1858 1559 1919 nnius
1586 1858 1702 1919 rei-

112 1950 405 2029 publicae
450 1951 679 2031 iniquae
695 1967 717 2028 3
748 1958 997 2031 propter
1038 1951 1331 2012 delictum
1360 1957 1567 2013 autem
1614 1960 1703 2011 to-

110 2044 261 2103 tius
294 2051 491 2122 potest
540 2062 681 2123 pars
724 2044 955 2123 puniri,
994 2062 1133 2123 quoe
1164 2063 1272 2123 per
1313 2062 1377 2103 se
1406 2062 1531 2105 non
1561 2063 1705 2104 con-

114 2138 339 2197 currit
384 2136 460 2197 ad
490 2136 803 2197 delictum.
837 2136 1251 2198 Confirmatur
1284 2137 1507 2214 primo,
1558 2155 1703 2197 uam

114 2228 257 2289 hoc
281 2229 464 2289 titulo
495 2229 845 2291 efficiuntur
888 2230 1051 2291 servi
1098 2248 1135 2289 a
1166 2231 1539 2291 ‘Christianis
1567 2249 1705 2310 par·

118 2322 273 2383 vuli
302 2324 795 2383 Sari-acenorum.
845 2322 1149 2399 Secundo,
1198 2323 1343 2401 quia
1392 2322 1701 2383 interdum

121 2417 401 2495 punitur
441 2415 605 2479 filius
652 2423 898 2495 propter
939 2416 1231 2477 delictum
1282 2417 1495 2495 patris,
1539 2423 1607 2476 ut
1640 2417 1705 2476 in

120 2516 380 2571 tractat.
414 2509 489 2569 de
518 2508 688 2584 Fide,
720 2509 877 2588 disp.
904 2512 1008 2583 22,
1038 2515 1187 2569 sect.
1225 2510 1281 2581 ὃ,
1319 2517 1380 2569 et
1408 2510 1564 2588 disp.
1601 2510 1701 2583 et,

124 2610 291 2665 sect.
326 2607 386 2677 3,
416 2622 454 2663 a
482 2622 659 2667 num.
690 2606 753 2677 3,
795 2604 1025 2665 dictum
1064 2610 1153 2665 est
1186 2604 1263 2663 de
1284 2604 1523 2665 haercsi.
1562 2606 1706 2664 Pro·

124 2706 349 2776 pterea
377 2698 441 2757 in
468 2696 680 2775 regula
708 2699 811 2768 23,
836 2698 911 2759 de
932 2697 1179 2775 ‚Regulis
1201 2698 1384 2775 Ι10015,
1412 2698 1475 2757 10
1502 2705 1697 2773 sexte,

126 2792 386 2865 dicitur,
432 2792 721 2855 neminem
764 2792 985 2871 puniri
1035 2790 1161 2853 nisi
1212 2792 1305 2853 vel
1350 2793 1415 2855 ob
1460 2810 1705 2855 oausam

112 2884 397 2963 justam,
419 2884 595 2946 veleb
628 2884 885 2961 culpam.
921 2884 1162 2967 Ex-quo
1192 2884 1560 2961 intelligitur
1590 2884 1709 2944 fal-

130 2994 283 3037 sum
329 2995 455 3037 csse
500 2976 663 3055 quod
704 2977 1037 3057 Sylvester,
1074 2977 1263 3039 verbo
1284 2976 1551 3049 Bellum,
1584 2978 1709 3057 pri-

133 3088 271 3143 me,
294 3069 627 3149 quaestione
673 3069 934 3142 decima,
982 3071 1193 3143 sentit,
1224 3077 1401 3149 parta
1428 3071 1703 3142 victoria,

133 3162 521 3223 restituenda
548 3180 675 3223 esse
704 3161 868 3223 bona
890 3162 1360 3235 innocentibu53
1384 3164 1503 3226 nisi
1528 3162 1709 3223 iutel-

132 3256 317 3335 ligat,
350 3254 599 3335 quando
642 3254 753 3315 illa
796 3254 1088 3318 videntur
1134 3256 1427 3319 excedere
1463 3256 1707 3334 quanti-

134 3356 335 3411 tatem
368 3348 591 3409 debitae·
632 3347 1083 3413 satisfactionis,
1118 3348 1272 3409 Nam
1315 3353 1487 3424 tunc,
1518 3348 1574 3408 si
1600 3348 1707 3409 ali-

136 3460 269 3521 qua
294 3447 441 3507 sunt
462 3441 866 3515 restituenda,
894 3442 1051 3501 ratio
1081 3441 1372 3519 postulat,
1408 3448 1473 3501 ut
1500 3460 1709 3509 suma-

136 3542 249 3594 tur
272 3534 517 3595 initium
546 3530 627 3593 ab
650 3533 1083 3597 innocentibus
1094 3549 1113 3610 ;
1140 3534 1193 3593 si
1216 3552 1362 3593 vero
1381 3552 1508 3593 non
1527 3552 1671 3594 exce
1686 3570 1701 3576 -

139 3627 299 3687 dant
330 3628 556 3688 dictam
608 3629 1045 3707 quantitatem,
1098 3627 1258 3687 sicut
1307 3626 1550 3688 auferre
1604 3626 1708 3685 illa

138 3720 341 3795 licuit,
375 3721 463 3781 ita
490 3721 673 3782 etiam
722 3720 1011 3796 retinere,
1045 3725 1115 3779 ut
1148 3719 1388 3779 notavit
1412 3720 1703 3780 Victoria.

232 3814 327 3873 13.
374 3812 719 3877 observatio
747 3811 980 3895 prima.
1012 3842 1093 3857 -
1118 3812 1293 3884 Circa
1331 3812 1710 3886 1100100100,

143 3908 312 3969 iuter
355 3906 729 3967 Christianos
756 3904 1136 3966 advertenda
1190 3910 1335 3965 sunt
1384 3904 1707 3965 nonnulla.

148 4000 379 4074 Prima,
419 3999 559 4079 jure
588 3999 871 4079 gentium
922 3998 1085 4059 inter
1132 3996 1269 4059 illos
1296 3998 1717 4059 introductum

147 4110 302 4167 esse,
334 4098 404 4152 ut
431 4092 597 4171 capti
636 4090 799 4153 bello
828 4108 955 4151 non
992 4090 1336 4155 efficiantur
1382 4092 1715 4170 maucipia,

147 4186 431 4267 quamvis
464 4187 704 4269 possint
744 4187 907 4266 juste
952 4186 1215 4247 detineri
1243 4187 1438 4249 donec
1456 4187 1721 4265 punian-

148 4289 277 4355 tur,
301 4280 395 4339 vel
432 4280 603 4359 justo
632 4280 829 4359 pretio
850 4279 1259 4355 redimantur,
1292 4280 1455 4359 quod
1500 4278 1719 4339 confir-

147 4378 353 4431 matur
379 4373 515 4451 lege
534 4373 759 4451 Regia,
800 4374 861 4448 1,
885 4372 1067 4433 titulo
1093 4374 1197 4447 29,
1224 4380 1394 4451 parte
1423 4372 1713 4433 secunda.

151 4463 307 4537 Quia
336 4482 481 4525 vero
506 4464 621 4525 hoc
648 4465 1049 4543 privilegium
1092 4465 1517 4527 introductum
1542 4465 1719 4525 estin

148 4557 423 4619 favorem
458 4556 763 4631 fidelium,
800 4576 926 4617 non
962 4576 1203 4637 semper
1246 4557 1600 4619 extenditur
1639 4556 1717 4617 ad

152 4655 478 4729 apostatas
510 4652 706 4724 Quare
734 4652 786 4710 si
812 4650 1047 4711 bellum
1076 4656 1329 4729 geratur
1370 4655 1592 4711 contra
1615 4666 1717 4709 cos

150 4743 507 4821 baptizatos,
550 4744 657 4821 qui
686 4761 932 4822 prorsus
950 4748 1381 4823 apostatarunt
1402 4762 1439 4803 a
1465 4742 1606 4817 fide,
1648 4747 1718 4802 ιιι

152 4841 301 4897 sunt
316 4835 382 4895 111
402 4835 505 4915 qui
526 4835 603 4895 ad
632 4836 1067 4915 paganismum
1093 4842 1435 4909 transeunt,
1462 4841 1719 4917 possunt

152 4928 290 4989 fleri
317 4929 646 5007 mancipia,
699 4935 761 4989 et
790 4928 878 4987 ita
906 4928 1093 4989 habet
1119 4929 1527 4989 consuetudo:
1575 4929 1720 5008 quia

150 5039 297 5082 cum
341 5021 459 5101 ipsi
504 5022 763 5083 omnino
817 5030 1050 5100 negent
1090 5021 1426 5096 Christum,
1470 5028 1720 5082 nonest

151 5114 321 5193 quod
366 5115 657 5177 fruantur
706 5114 1027 5194 privilegio
1072 5114 1559 5176 Christianorum
1576 5131 1597 5191 3
1653 5114 1719 5173 iu

152 5209 461 5269 haereticis
488 5226 637 5269 vero
665 5226 809 5269 usus
856 5208 1125 5271 obtinuit
1156 5214 1225 5268 ιιι
1268 5207 1579 5285 gaudeant
1611 5207 1717 5268 illo

150 5301 501 5379 privilegio,
519 5301 667 5379 quia
696 5302 913 5365 saltem
942 5301 1151 5380 aliquo
1181 5302 1365 5361 modo
1408 5300 1719 5361 Christum

152 5394 447 5455 fatentur.
486 5394 641 5456 Nam
672 5412 814 5455 cum
838 5394 1261 5457 introductum
1288 5393 1369 5453 sit
1395 5400 1721 5454 consuetu-

154 5486 325 5563 dine,
381 5486 595 5548 cadem
648 5488 1089 5551 consuetudine
1127 5486 1488 5566 explicatur.
1548 5487 1719 5559 Quod

1777 478 1925 521 vero
1973 460 2245 532 covarr„
2299 460 2516 539 regula
2545 462 2894 535 Peccatum,
2917 462 2954 544 ᾖ
2975 466 3036 537 9,
3075 484 3246 527 num.
3285 471 3343 541 4,

1778 572 1857 613 ex
1900 554 2258 615 Innocentio
2285 561 2348 615 et
2387 555 2524 618 aliis
2575 554 2784 630 habet,
2829 557 3076 635 quando
3117 558 3347 621 bellum

1780 652 1875 707 est
1922 653 2136 709 contra
2173 647 2449 710 subditos
2482 654 2808 727 apostatas,
2845 666 2966 709 nou
3000 668 3174 729 posse
3215 653 3348 713 illos

1782 740 1915 803 fieri
1965 741 2295 819 mancipia,
2329 740 2473 821 quia
2522 760 2640 803 non
2677 748 2768 804 est
2819 742 3068 821 (inquit)
3107 748 3351 824 proprie

1782 834 2024 908 bellum,
2055 836 2162 897 sed
2185 836 2363 914 quasi
2391 836 2654 900 executio
2695 837 3020 899 ordinariae
3050 838 3353 917 ‚im-ixdie-

1784 925 1994 1001 tz'om’s,
2039 946 2162 990 non
2186 928 2428 990 videtur
2460 944 2698 1003 verum,
2725 933 2787 988 et
2814 928 2878 990 in
2907 928 3067 989 bello
3117 931 3352 993 Graua-

1784 1020 2254 1086 tensi·videmus
2279 1022 2656 1083 contrarium
2702 1020 2933 1081 factum
2973 1021 3187 1099 101550,
3217 1044 3350 1085 om-

1782 1112 1968 1173 nibus
1995 1113 2142 1173 viris
2169 1111 2562 1187 doctissimiS,
2589 1118 2652 1173 et
2679 1113 2980 1175 timoratis
3004 1118 3350 1196 approban-

1783 1204 1949 1265 tibus
1959 1219 1980 1281 3
2003 1206 2296 1283 docetque
2315 1204 2538 1283 Ayala,
2561 1204 2671 1265 lib.
2695 1210 2754 1280 1,
2785 1223 2915 1285 cap.
2947 1210 3010 1283 2,
3039 1228 3214 1271 num.
3250 1216 3346 1273 15.

1784 1298 1966 1363 Ratio
2004 1304 2118 1373 est,
2146 1300 2291 1377 quia
2338 1297 2431 1360 1111
2453 1305 2604 1359 50οι
2625 1299 2888 1377 subditi,
2925 1320 3072 1380 ergo
3103 1312 3351 1381 possunt

1777 1391 1944 1469 juste
1979 1391 2206 1469 puniri.
2256 1392 2433 1465 Item,
2493 1392 2542 1450 si
2585 1391 2728 1453 licet
2759 1401 2974 1457 contra
3003 1405 3346 1473 extraneOS,

1782 1484 1849 1547 iu
1880 1500 2034 1561 quos
2063 1490 2153 1545 est
2183 1484 2387 1543 minor
2414 1484 2781 1563 jurisdictio,
2813 1506 2923 1547 cur
2953 1507 3078 1561 non
3107 1490 3171 1550 in
3205 1493 3349 1553 sub-

1782 1576 1982 1637 ditos?
2025 1576 2294 1654 Denique
2313 1576 2466 1637 falso
2491 1578 2718 1639 dicitur
2739 1580 2890 1641 illud
2919 1600 3048 1651 non
3067 1603 3196 1647 esse
3221 1586 3350 1645 bel·

1782 1670 1938 1743 lum,
1971 1670 2117 1746 quia
2158 1669 2407 1747 quando
2430 1669 2654 1729 subditi
2687 1680 2832 1733 sunt
2863 1674 3141 1752 rebelles),
3181 1680 3351 1739 ordi-

1784 1762 2030 1821 narium
2080 1762 2354 1823 medium
2389 1769 2482 1823 est
2519 1762 2683 1825 hello
2724 1765 2862 1827 11105
2883 1766 3110 1831 iterum
3140 1771 3352 1850 subju-

1784 1873 1958 1933 gare.

1871 1949 1968 2008 14.
2019 1946 2366 2013 Obesi-vatio
2419 1951 2702 2013 secunda.
2745 1982 2827 1997 -
2863 1950 3351 2020 Additamentcm

1791 2040 2064 2119 Sylvest.
2101 2059 2400 2120 quousque
2438 2061 2664 2105 verum.
2701 2074 2778 2089 -
2815 2045 3096 2107 Secundo
3123 2056 3214 2109 est
3246 2050 3356 2109 ad·

1785 2135 2178 2209 vertendum,
2208 2136 2369 2197 inter
2406 2136 2780 2197 Christianos
2809 2140 2995 2201 etiam
3029 2142 3350 2205 introduc-

1786 2236 1923 2288 tum
1956 2246 2107 2302 esse,
2139 2236 2210 2289 ut
2237 2228 2400 2299 bona
2419 2229 2822 2295 ecclesiastica
2849 2246 2910 2293 et
2941 2252 3213 2311 personae
3237 2238 3355 2297 im-

1788 2339 2012 2384 munes
2057 2323 2204 2397 sint,
2250 2329 2385 2391 tum
2441 2321 2520 2383 ob
2569 2325 2998 2400 reverentiam,
3037 2334 3168 2386 tum
3205 2329 3354 2407 quia

1787 2413 1893 2474 illa
1940 2414 2188 2474 videtur
2243 2415 2416 2492 quasi
2467 2414 2809 2493 respublica
2841 2418 3178 2496 spiritualis
3225 2422 3354 2481 dis-

1788 2512 1982 2567 tincta
2031 2525 2068 2567 a
2102 2507 2446 2585 temporali,
2507 2525 2645 2585 quoe
2677 2516 2963 2588 exempta
2993 2517 3084 2571 est
3109 2531 3146 2573 a
3173 2512 3354 2592 juris-

1788 2599 2056 2659 dictione
2095 2599 2444 2677 temporali.
2478 2600 2666 2661 Addit
2698 2608 2992 2681 praeterea
3020 2604 3350 2684 Sylvester,

1784 2691 1976 2753 verbo
2019 2691 2286 2766 Bellum,
2317 2691 2386 2752 10
2419 2694 2566 2769 fine,
2593 2696 2804 2767 omnia
2837 2695 3023 2769 bona,
3053 2715 3349 2777 quornm-

1786 2802 2048 2863 cumque
2075 2786 2222 2860 sint,
2253 2786 2302 2847 si
2351 2786 2418 2845 in
2449 2786 2710 2847 Ecclesia
2752 2796 3158 2867 reponantur,
3197 2810 3350 2869 gau-

1788 2878 1932 2937 dcre
1963 2877 2079 2937 hoc
2110 2878 2456 2957 privilegiO,
2505 2879 2650 2957 quia
2686 2879 2820 2941 loca
2849 2900 3020 2943 sacra
3045 2902 3172 2945 non
3215 2904 3354 2964 pos-

1789 2978 1933 3031 sunt
1961 2972 2323 3049 expugnari.
2359 2974 2472 3033 Sed
2507 2973 2624 3033 hoc
2665 2974 2960 3045 ‚ultimum
3004 2995 3222 3039 verum
3263 2986 3356 3040 cst

1788 3082 1899 3143 per
1926 3082 1994 3123 se
2013 3063 2341 3143 loquendo.
2375 3065 2550 3137 Unde
2579 3066 2630 3126 si
2660 3067 2724 3125 in
2755 3066 2876 3126 11115
2901 3067 3050 3129 10015
3070 3069 3354 3131 11οω1005

1788 3175 1852 3217 50
1903 3155 2230 3236 recipiant,
2273 3156 2472 3219 solum
2516 3163 2585 3217 ut
2629 3177 2694 3219 se
2723 3167 3036 3237 tueantur,
3081 3164 3352 3241 gaudere

1786 3249 2016 3309 debent
2037 3250 2432 3328 immunitate
2453 3251 2886 3330 ecclesiastica,
2905 3255 2955 3313 si
2978 3260 3184 3317 tamen
3213 3256 3352 3317 hos-

1788 3347 1879 3403 tes
1911 3348 2235 3411 utercutur
2257 3343 2544 3418 Ecclesia,
2575 3353 2874 3424 tanquam
2897 3366 3063 3424 arce,
3095 3349 3188 3409 vel
3217 3368 3353 3410 cas-

1792 3442 1887 3495 tro
1915 3434 1998 3495 >ad
2029 3434 2473 3511 defensionem,
2503 3447 2704 3516 posset
2719 3442 3070 3519 ‚expugnari
3105 3450 3168 3503 et
3189 3460 3357 3505 com·-

1789 3526 1954 3600 buri,
2001 3529 2282 3607 quamvis
2321 3537 2657 3607 sequantur
2693 3532 2898 3611 aliqua
2941 3534 3350 3609 incommoda,

1792 3622 1937 3700 quia
1966 3622 2096 3681 haec
2145 3628 2294 3683 sunt
2339 3624 2786 3701 per'accidenS.
2839 3628 2922 3687 De
2968 3628 3103 3689 aliis
3145 3638 3355 3691 autem

1788 3714 1970 3775 bonis
1997 3716 2439 3794 temporalibus
2467 3717 2625 3778 nihil
2651 3725 2742 3779 est
2766 3720 2938 3795 certi,
2975 3720 3083 3783 sed
3109 3738 3358 3784 servan·

1794 3807 1873 3867 (la
1894 3817 1980 3869 est
2011 3808 2076 3867 in
2107 3810 2220 3867 hos·
2251 3812 2649 3870 consuetude.
3363 3806 3366 3809 ⁴

1880 3902 1978 3961 15.
2034 3900 2232 3969 Socra
2265 3902 2568 3967 conclusio
2605 3904 2921 3985 bipartita.
2949 3939 3028 3953 --
3049 3909 3190 3969 Dico
3224 3929 3359 3971 sex-

1799 3998 1863 4053 to
1894 4014 1909 4053 :
1964 3996 2324 4055 innocentes
2351 3997 2521 4057 nulla
2559 4000 2800 4059 ratione
2844 4006 3098 4078 possunt
3145 4020 3255 4081 per
3294 4022 3358 4064 se

1798 4086 2016 4159 occidi,
2077 4087 2319 4150 etiamsi
2376 4088 2530 4149 alias
2595 4090 2952 4169 reipublicae.
2999 4112 3183 4171 poeua
3233 4114 3360 4155 non

1800 4186 2149 4241 censeretur
2210 4180 2518 4263 condigna
2557 4198 2576 4258 ;
2644 4202 2753 4263 per
2803 4186 3082 4247 accidens
3147 4194 3357 4249 antem

1800 4280 2062 4353 possunt
2083 4320 2102 4347 ,
2153 4273 2401 4354 quando
2447 4278 2862 4340 necessarium
2917 4285 3006 4341 est
3052 4280 3131 4341 ad
3170 4264 3357 4341 {ricto-

1799 4367 1960 4427 riam
1989 4368 2506 4445 consequendam.
2534 4369 2711 4431 Ratio
2736 4370 2922 4449 hans
2949 4372 3358 4433 conclusionis

1800 4466 1913 4535 est,
1946 4461 2094 4539 quia
2132 4461 2407 4522 occidere
2450 4462 2844 4525 innocentem
2891 4471 2984 4525 cst
3022 4466 3357 4541 intrinsece

1800 4552 2061 4615 malum.
2095 4554 2266 4615 Dices
2292 4555 2352 4613 id
2400 4573 2531 4615 esse
2559 4574 2776 4617 verum
2818 4560 3181 4619 auctoritate
3233 4562 3359 4638 pri-

1802 4652 1971 4723 vata,
2003 4653 2066 4707 et
2098 4648 2230 4707 sine
2251 4647 2424 4726 justa
2450 4666 2656 4722 causa,
2688 4649 2787 4709 hic
2819 4658 3034 4712 autem
3073 4670 3204 4712 esse
3249 4671 3360 4731 pu·

1800 4738 2026 4801 blicam
2055 4747 2122 4808 ‚et
2149 4759 2394 4807 causam
2419 4741 2689 4819 justam:
2721 4745 3078 4821 negandum
3125 4751 3354 4821 tamen,

1799 4833 2049 4913 quando
2080 4834 2140 4893 id
2171 4852 2294 4898 non
2323 4840 2416 4895 est
2445 4834 2856 4895 necessarium
2901 4837 2980 4897 ad
3009 4838 3358 4907 victoriam,

1802 4931 1871 4985 ut
1916 4925 2255 5005 loquimur,
2289 4946 2358 4989 ac
2407 4926 2671 4989 discerni
2702 4936 2938 5007 queunt
2975 4930 3355 4992 innocentes».

1802 5019 2214 5081 Confirmatur
2276 5020 2590 5080 conclusio
2648 5038 2722 5081 ex
2785 5020 3136 5085 differentia
3195 5025 3364 5085 inter

1802 5114 1995 5172 vitam
2038 5119 2100 5172 et
2127 5113 2251 5173 alia
2284 5113 2446 5173 bona
2470 5129 2490 5189 ;
2524 5132 2671 5174 nam
2700 5115 2820 5175 alia
2845 5117 3072 5177 cudunt
3103 5118 3216 5179 sub
3247 5120 3358 5179 hu-

1802 5222 2061 5267 manum
2090 5206 2462 5281 dominium,
2499 5212 2562 5265 et
2590 5208 2654 5266 in
2680 5207 2804 5267 ‚illis
2828 5210 3012 5269 habet
3043 5212 3242 5291 majus
3258 5214 3362 5290 jus

1796 5299 2144 5380 respublica
2171 5306 2320 5374 tota,
2357 5316 2544 5377 quam
2577 5300 2838 5377 singulae
2867 5321 3169 5381 persuum,
3201 5306 3366 5365 idco·

1800 5411 1921 5473 qne
1950 5392 2074 5453 illis
2101 5392 2282 5453 bonis
2302 5400 2558 5471 possunt
2577 5392 2806 5471 privari
2831 5404 3082 5475 propter
3120 5401 3366 5479 culpam

1805 5488 2013 5547 totius.
2052 5489 2130 5547 At
2157 5486 2284 5547 vita
2307 5504 2433 5546 non
2453 5486 2619 5559 cadit
2643 5488 2759 5550 sub
2785 5487 3132 5561 humanum
3169 5495 3369 5567 domi-
