3900 6217
621 412 792 465 sssc'r.
826 412 906 464 w.
942 411 1024 462 AN
1059 410 1200 463 COGI
1233 410 1485 463 Posslm·
1517 410 1837 464 INFIDELES
1870 410 1954 464 AD
1988 410 2387 467 DEPONENDOS
2421 414 2717 479 ERRORES,
2754 416 2891 469 E'rc.

210 520 370 583 ralem
409 522 464 578 et
511 512 901 584 naturalem,
953 512 1086 574 sine
1134 530 1281 573 vera
1310 513 1608 592 religione
1653 519 1716 574 et

209 614 344 675 cultu
367 612 532 670 unius
565 606 703 681 Dei3
733 622 880 683 ergo
915 612 1179 685 potestas
1213 606 1510 667 naturalis
1535 612 1594 667 et
1619 607 1717 685 ju-

207 704 437 767 risdictio
480 699 828 779 reipublicae
877 698 1031 759 hum
1045 718 1170 759 111ae
1217 700 1405 759 etiam
1438 699 1518 759 ad
1550 700 1716 759 hunc

209 800 361 859 finem
399 793 762 855 extenditur.

271 891 322 951 8.
362 888 629 951 Primum
657 884 1042 947 corollarium
1072 884 1464 966 proeccdcntis
1495 884 1718 948 doctri-

204 980 706 1049 m-Secundum
736 975 1500 1043 corollarium—Tertium
1529 978 1717 1041 corol-

201 1072 580 1141 larium—Ex
612 1090 736 1151 quo
779 1071 974 1133 infero
1003 1072 1226 1150 prim0,
1268 1062 1455 1132 etia'm
1504 1088 1714 1148 regem

201 1169 498 1242 ethnicum,
543 1164 608 1225 id
641 1173 752 1240 est,
787 1183 912 1224 non
955 1164 1382 1239 christianum,
1417 1164 1467 1224 si
1497 1163 1724 1223 habeat

200 1260 571 1341 cognitionem
615 1258 800 1317 unius
822 1256 954 1333 Dei,
995 1275 1170 1337 posse
1197 1275 1414 1335 cogere
1443 1258 1720 1319 subditos

201 1356 262 1417 ad
285 1355 432 1415 idem
464 1349 877 1425 credendum,
921 1351 1015 1411 vel
1072 1369 1183 1430 per
1223 1351 1544 1431 proprium
1595 1350 1719 1411 dis·

199 1463 431 1519 cursum,
481 1443 535 1503 si
583 1443 747 1504 docti
795 1444 943 1520 sint,
1000 1443 1099 1505 vel
1147 1444 1333 1505 fidem
1374 1443 1718 1505 humanam

200 1536 512 1601 adhibendo
557 1536 1066 1617 sapientioribus,
1117 1536 1172 1598 si
1209 1536 1414 1597 idiotae
1455 1538 1612 1612 sint,
1657 1542 1720 1597 et

199 1637 604 1711 consequenter
648 1649 823 1711 posse
856 1630 994 1691 illos
1034 1648 1254 1710 cogere
1282 1631 1361 1692 ad
1407 1629 1720 1691 abstinen-

201 1728 318 1787 dum
356 1724 430 1785 ab
462 1722 679 1799 idolis,
725 1730 790 1787 et
842 1723 1145 1784 similibus
1187 1723 1722 1803 superstitionibus

197 1817 385 1881 rationi
421 1816 692 1878 naturali
729 1816 1073 1878 contrariis
1113 1815 1436 1891 Probatur,
1475 1816 1624 1894 quia
1654 1816 1722 1875 in

197 1911 282 1971 tali
309 1928 442 1988 rege
469 1914 559 1969 est
589 1916 720 1970 tota
747 1916 1039 1990 potestaS,
1067 1926 1204 1989 quae
1246 1908 1585 1971 secundum
1627 1926 1725 1968 ra·

199 2005 395 2065 tionem
437 1998 790 2064 naturalem
836 2002 1128 2065 humanas
1177 2001 1536 2083 reipublicae
1580 2018 1722 2062 con·

197 2098 353 2158 venit.
378 2096 684 2171 Secundo,
711 2096 991 2176 sequitur
1015 2114 1142 2157 non
1170 2093 1370 2156 solum
1395 2113 1591 2176 posse,
1615 2094 1721 2155 sed

196 2190 348 2252 etiam
397 2190 598 2251 teneri
657 2189 1012 2267 hujusmodi
1069 2188 1373 2269 principes
1425 2188 1503 2248 ad
1553 2187 1722 2249 huuc

197 2300 342 2342 usum
365 2282 546 2361 hujus
577 2282 921 2363 potestatis,
949 2282 1273 2357 Probatur,
1305 2281 1452 2361 quia
1483 2282 1722 2341 ratione

197 2376 268 2437 sui
286 2376 542 2437 muneris
571 2382 870 2436 tenentur
893 2374 1048 2437 bene
1076 2374 1422 2454 gubernare
1445 2373 1722 2435 subditos

199 2468 247 2528 in
271 2469 469 2529 ordine
513 2467 598 2528 ad
648 2468 836 2529 finem
877 2486 1003 2529 suae
1041 2467 1392 2549 potestatis3
1425 2466 1587 2528 bona
1613 2484 1722 2527 au-

199 2568 291 2621 tem
318 2561 687 2640 gubernatio
717 2559 884 2622 hunc
930 2578 1111 2621 usum
1158 2559 1448 2640 postulat,
1485 2565 1554 2619 ut
1587 2576 1725 2639 pro-

196 2652 370 2714 batum
395 2664 503 2715 est.
542 2652 731 2715 Unde
763 2654 836 2715 fit
862 2654 1026 2715 hanc
1053 2653 1498 2731 obligationem
1531 2653 1725 2730 majo-

199 2764 302 2807 rem
323 2764 438 2809 esse
469 2747 536 2807 in
575 2746 962 2827 principibus
991 2747 1366 2821 christianiS,
1415 2747 1562 2826 quia
1591 2762 1725 2806 ma-

198 2842 353 2917 jorem
380 2840 618 2901 habent
655 2842 932 2901 veritatis
977 2841 1419 2919 cognitionem,
1447 2846 1509 2900 et
1537 2841 1602 2899 in
1633 2858 1726 2900 re·

209 2935 310 3011 gnis
340 2933 692 2995 christianis
724 2934 920 3013 magis
952 2932 1296 2995 necessaria
1335 2939 1427 2994 est
1470 2930 1602 2993 haec
1627 2948 1726 2992 co-

210 3028 328 3086 actio
351 3034 598 3107 propter
627 3027 864 3088 bonum
893 3029 1079 3089 etiam
1116 3029 1386 3106 ipsorum
1417 3024 1718 3086 fidelium.

203 3118 264 3177 Et
303 3119 432 3181 hinc
473 3126 569 3181 est
633 3123 822 3183 etiam
869 3128 940 3181 ut
985 3126 1317 3181 teneantur
1366 3118 1722 3198 hujusmodi

197 3214 458 3293 principes
484 3214 666 3293 leges
710 3213 871 3275 ferre
919 3212 1318 3293 prohibentes
1367 3210 1725 3291 hujusmodi

195 3305 400 3382 delicta,
427 3308 575 3389 quia
627 3324 760 3369 non
802 3310 1048 3386 possent
1077 3304 1471 3366 convenienti
1504 3304 1724 3364 ordine

193 3398 276 3459 illa
300 3402 530 3479 punire,
558 3401 693 3462 nisi
717 3401 886 3481 prius
911 3398 1128 3461 eadem
1157 3398 1287 3457 suis
1315 3396 1556 3475 legibus
1585 3414 1722 3476 pro·

195 3488 455 3555 biberent.
505 3494 750 3568 Terti0,
793 3492 1073 3572 sequitur
1117 3490 1278 3551 hanc
1317 3496 1718 3569 potestatem,

194 3600 294 3644 csse
317 3586 659 3664 publicam,
696 3591 758 3646 et
785 3603 912 3646 non
941 3585 1272 3663 privatam,
1303 3583 1562 3662 ideoque
1594 3600 1722 3643 non

195 3693 296 3737 esse
342 3678 575 3740 licitum
639 3681 889 3759 privato
949 3676 1068 3739 civi
1117 3676 1451 3738 christiano
1502 3693 1720 3756 cogere

193 3770 348 3832 atium
381 3774 580 3835 civem
617 3772 938 3834 infidelem
976 3771 1054 3832 ad
1088 3770 1360 3831 tollenda
1399 3769 1584 3843 idola,
1615 3788 1724 3830 ne-

195 3880 288 3941 que
311 3867 488 3928 etiam
533 3886 720 3947 posse
764 3886 873 3927 sua
921 3866 1161 3945 privata
1205 3864 1570 3925 auctoritate
1619 3862 1725 3923 illa

193 3956 488 4039 destruere,
517 3968 594 4023 ut
623 3960 938 4023 indicatur
960 3961 1028 4021 in
1050 3958 1187 4038 lege
1225 3958 1428 4033 Sicut,
1474 3965 1537 4019 et
1580 3958 1646 4018 in
1675 3956 1716 4019 l.

201 4048 564 4132 clav-istium,
596 4074 658 4116 c.
705 4054 782 4114 de
806 4051 1094 4132 Paganis‚
1138 4051 1314 4111 etita
1364 4050 1725 4129 intelligen-

195 4141 283 4205 dus
305 4154 388 4207 est
407 4165 638 4210 canon.
671 4147 754 4209 60
775 4145 1034 4207 Concilii
1055 4142 1366 4220 Eliberit„
1392 4142 1502 4205 ubi
1523 4144 1726 4208 Chris·

195 4237 361 4300 tnnus
408 4241 714 4321 frangens
769 4238 932 4301 idola
1000 4240 1253 4319 propria
1316 4238 1680 4300 auctoritate
1702 4283 1724 4313 ,

196 4329 396 4394 etiamsi
425 4342 764 4415 propterea
801 4333 1135 4407 occidatur,
1183 4338 1424 4413 martyr
1461 4350 1590 4394 non
1629 4351 1725 4393 re-

193 4428 440 4499 putatum
483 4429 638 4509 quia
695 4428 1022 4489 indiscrete
1060 4432 1124 4487 et
1163 4427 1415 4507 propria
1463 4425 1729 4487 auctori-

195 4520 292 4577 tate
315 4536 372 4582 se
399 4522 689 4601 ingessit,
727 4528 799 4581 ut
824 4521 916 4581 ibi
946 4519 1071 4581 late
1107 4518 1377 4580 declarat
1404 4518 1720 4594 Meudosa,

195 4606 278 4671 lib.
299 4612 333 4672 3
355 4614 760 4693 expositionis
787 4612 954 4674 illius
985 4612 1267 4688 Concilii,
1294 4629 1430 4691 cap.
1461 4614 1561 4672 45.

257 4704 306 4766 9.
357 4705 582 4770 Utrum
628 4703 931 4769 tolerandi
979 4708 1110 4767 sint
1167 4704 1332 4767 ritus
1374 4704 1726 4780 infidelium

199 4792 247 4855 in
261 4800 450 4878 requi-r
485 4800 794 4877 fidelium.
819 4830 900 4845 -
923 4798 1154 4881 Ultimo
1195 4803 1408 4858 manet
1443 4796 1728 4875 expedita

195 4895 414 4967 quaestio
450 4910 529 4955 ex
573 4893 779 4971 dictis,
811 4910 998 4973 quam
1042 4893 1114 4953 D.
1166 4892 1434 4952 Thomas
1479 4889 1726 4967 tractat,

197 4981 556 5065 2.2‚quaest.
613 4988 716 5063 10,
752 4994 870 5047 art.
917 4988 1016 5060 11,
1047 5002 1128 5045 an
1175 4985 1332 5044 ritus
1381 4982 1726 5045 infidelium

195 5072 298 5135 sint
329 5079 632 5141 tolerandi
682 5078 748 5139 in
795 5078 1001 5157 regnis
1047 5076 1349 5138 fidelium.
1407 5076 1494 5137 Ex
1546 5076 1728 5137 dictis

197 5169 336 5228 enim
357 5171 601 5232 videtur
631 5172 808 5251 sequi
851 5170 1204 5231 tolerandos
1229 5186 1356 5229 non
1386 5186 1538 5243 esse,
1582 5167 1730 5247 quia

200 5268 317 5321 sunt
343 5265 772 5344 superstitiosi,
804 5271 868 5326 et
891 5263 1176 5341 injuriosi
1213 5264 1356 5339 Deo,
1402 5262 1580 5341 cujus
1627 5278 1726 5323 ve·

204 5370 317 5414 rum
358 5358 593 5418 cultum
647 5358 747 5417 isti
789 5357 1100 5437 principes
1138 5370 1466 5436 procurare
1515 5352 1729 5415 tenen-

205 5448 305 5508 tur.
327 5448 502 5511 Recte
541 5468 690 5512 vero
737 5449 915 5510 divus
949 5450 1217 5510 Thomas
1241 5450 1568 5527 distinguit
1613 5448 1726 5509 du-

206 5538 360 5615 plices
383 5541 568 5620 ritus;
593 5543 848 5623 quidam
873 5550 1016 5603 sunt
1045 5550 1256 5602 contra
1283 5543 1586 5603 rationem
1616 5560 1726 5602 na-

3235 418 3349 479 451

1795 510 2083 588 turalem,
2111 520 2171 574 et
2198 522 2411 576 contra
2433 518 2653 592 Deum,
2686 524 2753 579 ut
2782 518 3097 597 cognitum
3120 521 3357 586 lumine

1796 612 2059 681 naturas,
2090 612 2161 667 ut
2203 608 2570 684 idololatria,
2592 617 2707 672 etc.
2739 611 2859 672 Alii
2897 620 3040 673 sunt
3071 618 3358 693 supersti-

1795 700 1939 759 tiosi
1969 699 2221 777 quidem
2255 720 2362 780 per
2397 705 2923 782 comparationem
2969 707 3047 766 ad
3078 708 3357 770 christia-

1797 811 1943 852 nam
1972 791 2157 853 fidem
2212 800 2274 855 ct
2324 803 2627 874 praecepta
2659 798 2813 874 ejus,
2858 816 2987 857 non
3014 818 3161 860 vero
3213 804 3359 879 quia

1797 904 1907 964 per
1939 904 2002 945 se
2046 885 2171 946 sint
2209 886 2538 949 intrinsece
2584 890 2733 949 mali
2782 890 2882 951 vel
2936 894 3228 954 contrarii
3266 915 3361 957 ra-

1799 978 1966 1038 tioni
2021 980 2315 1057 naturali,
2362 988 2431 1042 ut
2484 990 2630 1043 sunt
2675 984 2829 1044 ritus
2870 984 3251 1063 Judaeorum,
3300 996 3363 1050 et

1795 1071 2049 1133 fortasse
2070 1074 2252 1134 multi
2280 1075 2467 1135 etiam
2490 1077 2646 1136 ritus
2668 1076 3169 1153 Sarracenorum,
3193 1088 3254 1141 et
3282 1082 3362 1141 si-

1806 1165 2052 1226 milium
2080 1165 2451 1244 infidelium,
2484 1169 2591 1249 qui
2616 1187 2813 1231 unum
2854 1176 3099 1233 tantum
3142 1191 3361 1237 verum

1801 1259 1997 1320 Deum
2024 1260 2307 1321 adorant.
2344 1262 2425 1323 De
2454 1262 2764 1341 prioribus
2805 1282 2952 1343 ergo
2992 1264 3214 1327 ritibus
3256 1266 3363 1327 bo-

1799 1369 1882 1411 na
1905 1359 2062 1413 esset
2086 1352 2316 1429 illati03
2347 1354 2483 1415 illos
2512 1356 2678 1415 enim
2714 1374 2843 1417 non
2882 1357 3071 1421 debet
3094 1358 3363 1421 Ecclesia

1799 1443 2061 1506 tolerare
2094 1446 2160 1507 in
2199 1447 2327 1507 suis
2372 1446 2636 1507 subditis
2678 1446 3055 1524 infidelibus„
3102 1458 3175 1510 ut
3222 1470 3365 1529 pro-

1800 1535 1952 1598 bant
1982 1538 2193 1599 omnia
2236 1554 2376 1619 quae
2409 1538 2812 1617 adduximus,
2854 1548 2917 1603 et
2957 1542 3105 1621 quia
3142 1544 3207 1604 in
3245 1544 3363 1606 hac

1800 1628 2126 1691 tolerantia
2164 1649 2271 1693 seu
2323 1633 2731 1711 permissione
2781 1632 2954 1695 nulla
2999 1642 3091 1697 est
3130 1635 3365 1699 utilitas

1803 1721 1902 1783 vel
1941 1723 2213 1803 ipsorum
2241 1722 2619 1800 infidelium,
2650 1727 2747 1788 vel
2791 1728 3147 1808 reipublicae
3176 1730 3367 1792 chris-

1803 1816 2015 1879 tianae.
2048 1816 2178 1879 Hoc
2219 1825 2428 1880 autem
2475 1820 2847 1900 intelligitur
2882 1840 2992 1902 per
3018 1840 3082 1884 se
3109 1823 3369 1904 loquen-

1803 1909 1908 1987 do,
1958 1929 2107 1971 nam
2136 1928 2299 1992 soepe
2336 1912 2646 1993 contingit
2676 1932 2803 1975 non
2838 1932 3014 1994 posse
3056 1933 3267 1997 regem
3293 1916 3369 1980 fl-

1805 2002 2007 2065 delem
2052 2002 2411 2084 hujusmodi
2459 2006 2617 2068 ritus
2674 2006 2933 2069 omnino
2976 2006 3190 2071 tollere
3234 2011 3368 2072 siue

1805 2112 2036 2175 magno
2075 2096 2423 2178 dispendio,
2456 2096 2555 2159 vel
2583 2098 2678 2159 sui
2709 2100 2887 2177 regui
2903 2144 2924 2175 ,
2956 2099 3056 2162 vel
3103 2101 3367 2165 aliorum

1802 2189 2113 2266 fidelium3
2155 2199 2217 2251 et
2244 2196 2393 2251 tunc
2434 2190 2825 2254 dissimulare
2872 2200 3073 2272 potest
3123 2203 3185 2257 et
3230 2204 3370 2276 per-

1803 2284 2051 2345 mittere
2096 2283 2230 2345 sine
2268 2292 2559 2364 peccat03
2591 2286 2755 2365 quod
2793 2285 2981 2347 habet
3006 2286 3370 2351 fundamen-

1805 2381 1935 2436 tum
1962 2376 2029 2437 in
2056 2376 2259 2439 verbis
2275 2378 2523 2452 Christi,
2548 2378 2770 2441 Matth.
2800 2379 2898 2455 13,
2918 2380 3032 2440 ubi
3056 2382 3248 2443 servis
3276 2383 3369 2445 in-

1805 2470 2262 2549 terrogantibus
2310 2491 2348 2533 a
2398 2472 2871 2553 patrefamilias,
2916 2491 3001 2533 an
3055 2474 3245 2537 vellet
3296 2480 3370 2536 ut

1805 2562 2191 2625 eradicarent
2243 2564 2501 2641 zizania,
2544 2563 2651 2625 ille
2690 2565 3009 2645 respondit
3054 2584 3067 2625 ε
3099 2566 3269 2643 Non,
3298 2584 3371 2631 ne

1802 2659 1958 2729 forte
2012 2658 2385 2720 eradicantes
2433 2658 2691 2731 zizania,
2739 2656 3055 2722 eradicetis
3081 2658 3264 2721 simul
3312 2664 3370 2723 et

1807 2749 2110 2811 triticum.
2142 2751 2217 2811 Et
2256 2748 2373 2810 hac
2415 2750 2656 2810 ratione
2690 2766 2848 2829 saepe
2890 2750 2958 2811 iu
2999 2751 3147 2830 ipsis
3178 2754 3367 2813 etiam

1807 2838 2091 2901 fidelibus
2132 2842 2354 2903 tolerat
2401 2840 2668 2903 Ecclesia
2727 2839 2941 2921 gravia
2982 2849 3254 2921 peccata,
3290 2860 3368 2905 ne

1807 2933 2045 3011 maj0ra
2074 2940 2411 3013 sequantur
2440 2933 2790 3009 schismata,
2817 2941 2888 2995 ut
2918 2933 3096 2995 docet
3119 2937 3368 3014 Augus-

1805 3027 1997 3101 tinuS,
2037 3027 2146 3088 lib.
2201 3030 2238 3089 3
2276 3033 2489 3090 contra
2529 3029 2953 3104 Parmenian.,
2985 3030 3169 3109 capit.
3203 3032 3267 3107 2,
3308 3038 3370 3091 et

1803 3118 2069 3180 habetur
2095 3120 2161 3180 in
2188 3138 2319 3200 cap.
2345 3120 2497 3185 Cum
2529 3120 2796 3201 quisquc,
2828 3121 2929 3195 23,
2955 3128 3167 3203 quoest.
3191 3125 3251 3184 4.
3293 3124 3370 3187 Et

1806 3212 1967 3271 ratio
2001 3218 2093 3274 est
2121 3211 2311 3289 clara,
2344 3214 2489 3293 quia
2523 3221 2585 3273 et
2614 3212 2941 3294 prudentia
2968 3215 3146 3276 doc'et
3170 3220 3261 3290 ut,
3292 3234 3369 3276 ex

1804 3306 2018 3366 multis
2052 3304 2256 3382 malis,
2290 3305 2454 3385 quod
2494 3306 2701 3368 minus
2740 3312 2832 3369 est
2865 3306 3150 3387 eligatur,
3183 3314 3246 3370 et
3271 3315 3370 3368 or-

1803 3396 1883 3457 do
1907 3398 2225 3459 charitatis
2254 3398 2535 3479 postulat·
2558 3406 2627 3460 ut
2668 3402 2800 3461 sine
2846 3398 3049 3461 fructu
3092 3418 3220 3461 non
3261 3400 3371 3463 fiat

1805 3490 2145 3566 correctio;
2179 3509 2327 3571 ergo
2356 3491 2553 3554 multo
2585 3493 2791 3555 minus
2826 3491 2963 3554 fieri
2991 3490 3176 3555 debet
3198 3510 3370 3555 coac-

1803 3583 1890 3643 tio
1919 3602 2064 3644 cum
2096 3585 2316 3663 majori
2346 3591 2743 3647 nocumento.

1887 3680 1983 3739 10.
2030 3678 2177 3745 Non
2202 3685 2348 3743 sunt
2372 3677 2612 3758 coycndi
2638 3678 2904 3763 infideles
2945 3680 3128 3747 eciam
3166 3684 3367 3747 subdi-

1803 3772 1880 3845 ti,
1915 3772 2000 3834 ad
2022 3772 2365 3835 deserendos
2392 3772 2559 3836 ritus
2592 3776 2701 3854 qui
2725 3775 2871 3851 fidei
2917 3778 3153 3839 tantum
3194 3794 3370 3860 oppo-

1803 3863 2298 3929 nunturoe-C‘ur
2322 3866 2557 3929 Judoeis
2594 3868 2991 3948 permittatur
3028 3886 3167 3933 suos
3202 3874 3369 3935 ritus

1806 3976 2075 4021 exercerc
2101 3958 2271 4023 incra
2300 3958 2663 4023 Ecclesiam.
2691 3960 2867 4023 —De
2900 3960 3038 4023 aliis
3066 3980 3211 4025 vero
3239 3964 3369 4025 riti-

1807 4052 1923 4112 bus
1962 4050 2332 4128 infidelium,
2354 4052 2461 4132 qui
2488 4052 2689 4113 solum
2718 4052 2863 4115 fidei
2902 4060 2963 4115 et
2986 4072 3111 4117 non
3137 4056 3369 4117 rationi

1808 4144 2081 4205 naturali
2126 4151 2497 4225 repugnant,
2542 4150 2708 4206 certa
2756 4165 2857 4207 res
2901 4155 3012 4225 est,
3063 4167 3187 4211 non
3234 4168 3368 4213 esse

1810 4238 2115 4317 cogendos
2172 4237 2476 4315 infideles,
2527 4240 2717 4301 etiam
2760 4240 3061 4318 subditOS,
3109 4248 3178 4303 ut
3230 4242 3368 4304 illos

1806 4331 2208 4411 relinquant,
2251 4333 2355 4393 sed
2404 4330 2483 4392 ab
2532 4332 2801 4394 Ecclesia
2828 4334 3096 4399 tolerari.
3144 4334 3233 4398 Ita
3260 4336 3368 4397 do-

1807 4429 1905 4484 cet
1940 4422 2287 4502 specialiter
2316 4424 2392 4485 de
2420 4423 2653 4485 Judoeis
2676 4426 2745 4485 D.
2776 4425 3125 4506 Gregorius,
3158 4429 3265 4490 lib.
3302 4433 3363 4503 1,

1807 4516 2045 4595 epistol.
2097 4518 2194 4591 34,
2244 4515 2353 4576 ubi
2384 4516 2670 4596 prohibet
2707 4537 2786 4580 ne
2817 4524 3143 4601 priventur
3170 4522 3367 4601 Syna-

1807 4610 1983 4687 gogis
2016 4608 2165 4685 suis,
2199 4615 2261 4670 et
2290 4615 2359 4670 ut
2386 4611 2451 4669 in
2481 4609 2603 4669 illis
2630 4614 3027 4674 caeremouias
3054 4629 3193 4674 suas
3223 4634 3366 4693 age·

1808 4719 1874 4761 re
1909 4702 2380 4781 permittantur3
2411 4707 2472 4763 et
2511 4701 2620 4763 lih.
2651 4704 2753 4779 11,
2786 4704 3024 4785 epistol.
3064 4708 3161 4783 15,
3194 4707 3363 4767 simi-

1807 4792 1950 4854 liter
1968 4796 2130 4856 'dicit
2156 4794 2602 4875 permittendos
2624 4814 2755 4858 esse
2778 4817 2921 4859 suas
2948 4798 3367 4861 solemnitates

1809 4887 2138 4949 celebrare.
2172 4888 2349 4949 Ratio
2386 4895 2593 4949 autem
2625 4896 2741 4964 est,
2771 4892 2918 4969 quia
2948 4891 3014 4952 hi
3050 4892 3207 4953 ritus
3236 4912 3365 4954 non

1806 4986 1952 5041 sunt
1978 4980 2309 5041 intrinsece
2338 4981 2483 5041 mali
2520 5000 2597 5042 ex
2624 4982 2685 5043 vi
2720 4982 2875 5061 legis
2903 4984 3201 5046 naturalis
3211 5000 3232 5063 3
3264 5003 3367 5047 er-

1807 5092 1888 5154 go
1914 5082 2185 5155 potestas
2222 5075 2578 5153 temporalis
2618 5076 2916 5156 principis
2957 5095 3068 5157 per
3119 5096 3183 5139 se
3238 5097 3367 5139 non

1808 5168 2163 5230 extenditur
2216 5165 2295 5227 ad
2344 5167 2826 5247 prohibitionem
2873 5167 3163 5245 illorum3
3220 5172 3368 5251 quia

1809 5260 1984 5321 nulla
2014 5260 2171 5321 ratio
2200 5259 2635 5340 prohibitionis
2666 5260 2797 5322 dari
2829 5268 3049 5341 potest,
3082 5262 3201 5321 nisi
3226 5281 3367 5323 con-

1811 5354 2092 5413 trarietas
2135 5353 2213 5412 ad
2256 5350 2481 5426 fidem;
2533 5352 2670 5413 haec
2723 5361 2931 5413 autem
2964 5372 3091 5414 non
3146 5355 3371 5415 sufficit

1807 5453 2087 5527 respectu
2122 5445 2369 5506 illorum
2404 5449 2513 5526 qui
2543 5466 2669 5508 non
2714 5453 2860 5507 sunt
2903 5448 3161 5525 subJecti
3190 5449 3369 5529 spiri·

1805 5540 1960 5601 tuali
2016 5539 2298 5619 potestati
2341 5538 2645 5601 Ecclesiae.
2708 5540 2878 5602 Unde
2925 5539 3365 5616 confirmatur,
