3900 6217
485 426 563 484 14

975 689 1432 755 DISPUTATIO
1483 691 1558 755 11.

549 893 629 941 DE
669 892 938 955 otmaro,
981 894 1090 943 sliu
1133 894 1412 941 summm
1438 894 1768 943 numu
1805 893 1989 941 mm.

564 1092 722 1157 Pria
743 1094 814 1157 in
839 1092 1058 1175 objecto
1079 1094 1227 1174 fidei
1253 1090 1567 1159 distincta.
1596 1094 1833 1156 —Non
1851 1098 2053 1155 tracto

481 1187 912 1266 questionem,
955 1206 1093 1268 quae
1146 1188 1214 1249 in
1255 1188 1536 1268 qualibet
1578 1187 1837 1249 scientia
1897 1204 2054 1267 proe-

481 1280 642 1342 mitti
671 1281 852 1355 solet,
891 1281 974 1343 de
1013 1282 1278 1344 materia
1325 1282 1485 1362 ejus,
1518 1300 1598 1343 an
1629 1281 1742 1355 sit;
1773 1299 1925 1343 nam
1977 1280 2053 1343 fi-

482 1372 630 1435 dem
679 1390 820 1436 esse
875 1392 1161 1455 suppono
1201 1388 1278 1437 ex
1323 1374 1502 1437 dictis
1554 1376 1620 1436 in
1657 1376 1922 1437 materia
1968 1374 2050 1437 de

482 1466 706 1547 gratia,
767 1474 832 1529 et
879 1486 957 1530 ex
1011 1466 1290 1530 dicendis
1343 1466 1505 1529 infra
1551 1467 1629 1529 de
1674 1468 2049 1531 necessitate

479 1558 625 1620 fldei
657 1566 722 1621 et
745 1558 826 1621 de
854 1560 1072 1623 habitu
1097 1562 1234 1641 ejus
1257 1580 1272 1635 ;
1307 1566 1724 1641 praeterquam
1751 1562 1921 1641 quod
1971 1580 2049 1624 ex

478 1652 853 1715 testimoniis
909 1670 1102 1715 sacrae
1150 1654 1484 1734 Scripturae
1533 1654 1736 1716 allatis
1755 1701 1770 1730 ,
1834 1654 2051 1736 dispu-

481 1745 716 1808 tatione
775 1746 1173 1826 praecedenti‚
1221 1748 1375 1809 satis
1437 1748 1765 1811 manifeste
1807 1758 2053 1813 constat

479 1838 618 1900 dari
659 1840 726 1899 in
753 1840 936 1901 nobis
963 1840 1154 1901 fidem
1203 1840 1713 1917 intellectualem,
1747 1862 2053 1923 superna-

477 1932 750 1994 turalem
801 1938 868 1994 et
919 1933 1214 1995 infusam.
1267 1934 1588 1996 Praemissa
1654 1936 1845 2015 igitur
1881 1954 2052 2017 quae-

480 2025 703 2099 stione,
734 2043 817 2087 an
845 2024 925 2087 sit
963 2026 1139 2101 fides,
1187 2026 1524 2106 incipimus
1553 2022 1705 2107 quid
1731 2028 1811 2090 sit
1839 2029 2053 2092 inves-

477 2118 718 2199 tigare3
751 2124 816 2181 et
841 2118 987 2180 ideo
1013 2118 1263 2180 initium
1311 2120 1618 2181 sumimus
1657 2120 1738 2181 ab
1780 2122 2051 2202 objecto,

479 2212 630 2293 quia
683 2211 764 2273 ad
791 2212 945 2273 illud
991 2216 1122 2275 tota
1171 2213 1366 2274 virtus
1407 2213 1753 2275 ordinatur.
1813 2216 1883 2277 In
1933 2217 2055 2281 hoc

480 2310 691 2369 autem
739 2306 984 2387 objecto
1019 2307 1140 2367 tria
1170 2305 1495 2387 distinguit
1530 2307 1721 2369 Divus
1749 2308 2046 2385 Thomas,

479 2399 756 2462 secunda
799 2398 1117 2472 secundm,
1159 2400 1503 2478 quaestione
1533 2400 1757 2480 prima,
1787 2402 2049 2464 articulo

478 2492 707 2573 primo,
755 2492 1013 2565 scilicet,
1079 2491 1398 2571 objectum
1447 2493 1798 2568 materiale,
1861 2495 1929 2557 id
1958 2502 2052 2557 est

477 2587 808 2648 materiam
857 2586 1020 2647 circa
1085 2602 1275 2664 quam
1341 2592 1632 2648 versatur
1683 2588 1878 2650 virtus
1905 2635 1920 2663 ,
1990 2596 2051 2651 et

477 2678 796 2759 objectum
821 2677 1108 2755 formale,
1155 2678 1221 2740 id
1251 2684 1346 2741 est
1384 2681 1544 2741 ratio
1601 2681 1720 2742 sub
1747 2700 1873 2761 qua
1914 2702 2050 2745 ver·

477 2778 673 2845 sanir,
707 2790 820 2833 seu
847 2771 1148 2832 motivum
1177 2776 1436 2852 propter
1453 2772 1623 2852 quod
1641 2772 1801 2836 fides
1821 2775 2042 2838 credit.

475 2865 754 2927 Tertium
779 2871 963 2927 vocat
987 2863 1175 2925 Divus
1220 2864 1494 2927 Thomas
1543 2866 1952 2945 accidentale,
1988 2874 2050 2930 et

477 2959 544 3020 in
585 2958 998 3021 solutionibus
1033 2964 1542 3039 argumentorem
1609 2959 1877 3040 explicat
1930 2962 2049 3023 sub

475 3052 600 3114 hoc
621 3053 906 3115 membro
946 3050 1267 3114 includere
1298 3053 1510 3115 omnia
1539 3053 1786 3134 obJ‘ecta
1810 3062 2045 3129 creata,

477 3159 618 3225 quoe
650 3145 1022 3207 secundario
1076 3150 1140 3207 et
1172 3146 1349 3223 quasi
1395 3152 1855 3226 consequenter
1901 3146 2052 3210 dicit

475 3238 794 3319 pertinere
849 3237 931 3300 ad
973 3236 1187 3299 fidem.
1234 3239 1366 3318 Ego
1413 3256 1592 3313 vero,
1655 3240 1866 3303 omnia
1915 3240 2045 3317 illa,

475 3348 618 3411 quae
665 3331 1014 3395 creduntur
1053 3348 1132 3393 ex
1165 3330 1524 3394 testimonio
1587 3330 1822 3408 divino,
1875 3350 2050 3395 com-

474 3424 810 3507 prehendo·
841 3424 962 3485 sub
1013 3424 1260 3505 objecto
1306 3425 1616 3487 materiali
1657 3425 1828 3501 fidei,
1857 3432 1929 3488 ut
1988 3426 2051 3487 in

475 3518 752 3581 secunda
807 3518 1084 3581 sectione
1129 3517 1498 3597 explicabo;
1558 3525 1620 3581 et
1675 3518 1818 3582 ideo
1872 3519 2054 3582 aliter

475 3628 658 3673 sumo
693 3610 852 3673 illud
889 3611 1144 3673 tertium
1183 3612 1581 3687 membrum3
1629 3630 1784 3674 nam
1818 3618 2053 3694 praeter

475 3704 792 3784 objectum
817 3703 1146 3767 materiale
1173 3710 1235 3767 et
1271 3704 1554 3778 formale,
1601 3706 1939 3786 requiritur
1966 3706 2049 3769 ad

475 3798 860 3862 credendum
901 3800 1216 3861 sufficiens
1245 3800 1586 3879 propositio
1633 3800 1931 3863 doctrinae
1978 3802 2049 3863 fi-

477 3892 604 3969 dei,
633 3893 815 3973 juxta
843 3893 1034 3955 illud:
1071 3890 1368 3967 Quomodo
1395 3892 1643 3958 audient
1667 3893 1801 3957 sine
1823 3896 2050 3976 proedi-

474 3988 690 4051 cante?
717 4002 869 4047 nam
895 3987 1042 4065 qnia
1069 4003 1188 4047 nec
1216 3986 1383 4047 Deus
1405 3984 1769 4062 testificans,
1795 4004 1914 4049 nec
1939 4006 2043 4051 res

471 4078 820 4141 testificatae
839 4080 1161 4156 videntur,
1191 4078 1337 4140 ideo
1377 4096 1639 4142 necesse
1683 4087 1799 4155 est,
1829 4086 1900 4143 ut
1915 4099 2045 4160 per

471 4172 757 4235 auditum
785 4172 1166 4235 sufficienter
1195 4176 1652 4253 proponantur,
1701 4192 1853 4236 nam
1897 4175 2043 4237 ideo

473 4266 700 4329 dieitur
727 4284 867 4329 esse
893 4264 1054 4328 tides
1105 4282 1182 4328 ex
1243 4264 1482 4328 auditu.
1543 4268 1691 4329 Haec
1739 4284 1890 4349 ergo
1923 4268 2045 4330 tria

475 4361 701 4424 eodem
723 4359 944 4422 ordine
960 4366 1107 4422 sunt
1129 4378 1168 4421 a
1193 4360 1376 4422 nobis
1396 4359 1787 4440 explicanda,
1819 4369 1883 4424 et
1895 4354 2048 4425 inci'·

471 4456 680 4533 pimus
705 4454 1068 4516 amatariali
1092 4454 1358 4533 objecto,
1382 4460 1685 4534 tanquam
1709 4473 1746 4515 a
1771 4454 2040 4518 clariori.

471 4550 542 4611 In
567 4566 692 4629 quo
731 4548 995 4611 ulterius
1025 4547 1320 4630 distingui
1349 4554 1556 4629 potest
1583 4549 1936 4633 subjectum
1964 4550 2045 4612 ab

471 4641 758 4721 object03
818 4660 991 4717 nam,
1045 4642 1191 4703 licet
1243 4642 1307 4703 hi
1359 4643 1612 4705 termini
1651 4642 2042 4723 frequentius

472 4734 957 4808 confundantur,
1009 4740 1072 4795 et
1105 4736 1170 4795 in
1199 4736 1368 4817 bono
1401 4753 1590 4797 sensu
1614 4736 2043 4801 indifferenter

471 4826 590 4888 illis
647 4830 923 4903 utamur,
975 4844 1144 4889 nunc
1202 4833 1438 4901 autem,
1489 4828 1784 4891 claritatis
1815 4832 2036 4910 gratia,

471 4920 609 4982 illos
647 4918 1094 5001 distinguimus
1147 4940 1291 4982 cum
1345 4922 1664 4997 Durando,
1695 4922 1760 4983 in
1808 4924 2037 5002 primo,

469 5016 818 5094 quaestione
857 5015 1077 5094 quinta
1122 5014 1391 5095 prologi,
1445 5020 1510 5077 et
1559 5014 1627 5076 in
1661 5016 1867 5091 tertio,
1917 5014 2045 5077 dis·

467 5106 768 5169 tinctione
793 5106 1098 5187 vigesima
1144 5114 1391 5187 quarta,
1423 5108 1768 5188 quaestione
1793 5108 1995 5187 prima
2020 5126 2037 5182 3

470 5204 532 5261 et
544 5200 854 5279 Capreolo
875 5201 1218 5281 quaestione
1239 5206 1461 5281 quarta
1487 5200 1756 5283 Prologi,
1775 5200 2038 5263 articulo

467 5292 768 5354 secundo.
803 5293 1170 5374 subjectum
1202 5294 1594 5375 appellamus
1623 5312 1759 5356 rem
1803 5294 2037 5375 simpli-

467 5403 632 5460 cem,
670 5402 784 5447 seu
809 5385 1264 5467 incomplexam
1293 5387 1374 5449 de
1401 5406 1526 5467 qua
1565 5386 1804 5467 aliquid
1841 5386 2037 5449 credi-

467 5486 592 5555 tur,
633 5481 780 5561 quia
819 5486 913 5542 est
963 5482 1318 5561 subjectum
1368 5480 1532 5543 illius
1567 5480 2029 5561 propositionis,

469 5592 609 5653 quoe
638 5574 902 5636 creditur
931 5594 946 5648 ;
991 5576 1126 5656 ipsa
1153 5592 1301 5635 vero
1335 5574 1673 5655 propositio
1711 5572 2037 5653 complexa

1180 432 1418 486 DISPUT.
1453 433 1515 485 11.
1549 432 1633 485 DE
1663 430 1927 485 omm‘ro
1960 430 2077 484 SEU
2108 430 2411 485 summm
2444 430 2785 485 nnuman
2816 430 3001 485 num.

2128 533 2193 590 et
2208 530 2745 606 credita,·vocatur
2774 529 3113 609 objectum,
3142 528 3291 608 quia
3317 534 3412 590 est
3436 528 3501 590 id
3528 526 3702 610 quod

2127 620 2284 685 fides
2330 621 2689 687 immediate
2736 621 2977 697 credit,
3037 626 3101 684 et
3156 621 3257 686 cui
3318 622 3693 697 assentitur3

2127 722 2465 797 utrumque
2494 735 2646 798 ergo
2677 716 2989 798 sigillatim
3017 712 3458 798 explicandum
3484 723 3599 778 est.

2772 934 2923 987 SECT
2926 933 2988 987 10
3021 935 3060 987 1.

2130 1090 2234 1157 An
2273 1094 2437 1158 Deus
2476 1092 2587 1157 sub
2624 1092 2859 1157 ratione
2900 1090 3169 1157 Deitatis
3229 1092 3319 1157 eit
3370 1092 3699 1175 subjectum

2641 1185 2979 1271 principale
3011 1186 3193 1267 fidei?

2213 1380 2243 1438 1
2258 1418 2272 1435 .
2305 1374 2528 1439 Prima
2553 1374 2811 1439 assertio
2838 1375 2907 1439 de
2926 1376 3067 1456 fide.
3089 1406 3171 1423 --
3190 1374 3445 1438 Omissis
3466 1374 3700 1455 opinio-

2105 1468 2316 1531 -nibus
2344 1486 2484 1551 quae
2505 1468 2708 1531 obiter
2732 1473 2949 1551 postea
2970 1468 3377 1548 attingentur,
3400 1468 3549 1549 quia
3569 1487 3698 1530 non

2131 1568 2278 1625 sunt
2328 1562 2543 1643 magni
2593 1564 2919 1641 momenti,
2964 1562 3303 1624 dicendum
3360 1566 3455 1623 est
3497 1562 3697 1643 primo

2130 1656 2331 1718 Deum
2377 1656 2910 1735 essesubjectum
2937 1654 3084 1718 fidei
3135 1654 3528 1717 Christianae:
3578 1654 3699 1717 hoc

2134 1755 2228 1811 est
2253 1767 2369 1829 per
2418 1768 2485 1811 se
2528 1754 2751 1811 notum
2777 1796 2800 1828 ,
2846 1749 3016 1812 etde
3066 1749 3193 1812 fide
3234 1755 3499 1824 certum,
3554 1750 3701 1828 quia

2130 1842 2303 1923 fides,
2327 1849 2549 1905 nostra.
2568 1842 2652 1905 ad
2678 1842 2881 1907 Deum
2936 1842 3157 1918 tendit,
3189 1848 3251 1904 et
3298 1842 3465 1905 circa
3502 1844 3701 1905 Deum

2130 1942 2441 2012 versatur,
2472 1943 2537 1999 et
2562 1936 2706 1999 ideo
2748 1954 2871 1997 una
2898 1942 2993 1997 est
3034 1934 3115 1998 de
3144 1935 3475 1997 virtutibus
3500 1936 3697 1997 Theo-

2130 2031 2370 2113 logicis,
2423 2030 2625 2112 prima
2675 2031 2756 2092 ad
2782 2024 2789 2032 ’
2816 2029 3167 2093 Corinthios
3195 2074 3211 2105 ,
3265 2048 3403 2111 cap.
3453 2029 3695 2091 decimo

2132 2126 2340 2200 tertio,
2376 2131 2440 2187 et
2456 2124 2624 2198 ideo,
2656 2122 2849 2185 Marci
2881 2122 3237 2199 undecim0,
3264 2122 3355 2184 ait
3378 2122 3691 2184 Christus:

2132 2218 2368 2283 Habete
2384 2218 2565 2300 fidem
2582 2216 2700 2280 Dei
2715 2242 2743 2291 ,·
2769 2222 2831 2278 et
2858 2216 3109 2289 Paulus,
3142 2219 3168 2276 1
3208 2214 3288 2277 ad
3310 2214 3591 2279 Thessal.
3616 2220 3649 2276 1
3681 2233 3695 2273 ε

2133 2310 2319 2377 Fides
2345 2328 2479 2395 qua»
2508 2311 2592 2375 ad
2634 2310 2830 2374 Deum
2862 2308 2993 2383 est,
3044 2314 3163 2371 etc.
3206 2307 3386 2372 Unde
3438 2307 3701 2388 cyrillus

2132 2404 2755 2485 Hierosolymitanus,
2788 2402 3039 2464 Catech.
3084 2402 3123 2463 5
3158 2400 3663 2465 luminatorem
3677 2426 3702 2461 .-

2130 2498 2313 2562 Fides
2332 2495 2581 2578 (iuquit)
2599 2496 2792 2561 Dewm
2808 2494 3182 2577 speculatur,
3196 2495 3391 2559 Dewm
3401 2492 3697 2557 intuetur.

2128 2592 2308 2654 Ratio
2331 2608 2481 2653 vero
2526 2594 2641 2665 est,
2681 2589 2828 2671 quia
2852 2588 2932 2651 de
2983 2588 3114 2650 Deo
3138 2587 3335 2649 multa
3362 2585 3698 2661 credimus,

2130 2685 2385 2759 scilicet,
2416 2701 2581 2759 esse,
2631 2689 2693 2745 et
2732 2700 2869 2745 esse
2902 2699 3102 2743 unum
3152 2686 3215 2743 et
3259 2681 3541 2755 Trinum,
3577 2683 3697 2741 etc.

2126 2778 2291 2858 Ergo
2318 2782 2414 2839 est
2441 2776 2793 2857 subiectum
2816 2774 2991 2849 fidei,
3021 2774 3200 2854 juxta
3223 2772 3703 2855 explicationem

2129 2871 2363 2933 datam.

2206 2966 2268 3026 2.
2316 2962 2600 3029 Secunda
2621 2960 2878 3051 aeneo-tio
2905 2959 3268 3027 certissima.
3290 2957 3700 3032 —Secundo,

2131 3058 2471 3121 dicendum
2514 3063 2609 3119 est
2658 3058 2853 3120 Deum
2903 3074 3042 3118 esse
3070 3053 3413 3135 principale
3456 3052 3705 3133 subjec-

2128 3158 2263 3213 tum
2290 3150 2463 3225 fidei,
2506 3149 2679 3230 quod
2706 3148 2865 3211 solet
2901 3148 3111 3211 vocari
3141 3148 3495 3228 subjectum
3527 3144 3701 3208 attri-

2128 3244 2403 3307 butionis
2424 3244 2687 3323 alicujus
2714 3242 2978 3315 virtutis,
3008 3258 3123 3303 seu
3141 3240 3435 3316 habitus3
3470 3239 3537 3299 in
3576 3240 3699 3299 hoc

2132 3338 2322 3399 etiam
2362 3336 2743 3399 conveniunt
2766 3334 3066 3415 Theologi
3112 3334 3321 3395 statim
3350 3330 3603 3405 citandi,
3634 3334 3703 3391 et

2134 3436 2229 3493 est
2281 3429 2414 3492 fere
2468 3446 2645 3509 teque
2706 3434 2971 3491 certum.
3052 3427 3260 3489 Primo
3292 3470 3308 3501 ,
3368 3442 3448 3514 ex
3509 3422 3700 3485 modo

2130 3522 2431 3604 loquendi
2452 3522 2815 3603 Scriptum,
2860 3521 2942 3583 ad
2986 3520 3179 3583 Hebr.
3226 3522 3337 3582 n:
3402 3516 3557 3583 Sine
3582 3516 3703 3597 fide

2128 3615 2495 3699 impossibile
2529 3620 2620 3679 est
2656 3614 2899 3696 placere
2921 3614 3043 3676 Deo
3058 3638 3083 3687 ,·
3112 3617 3177 3675 et
3204 3608 3416 3673 subdit
3444 3609 3649 3672 statim
3678 3626 3693 3668 :

2136 3708 2296 3784 Quia
2320 3708 2686 3773 accedentem
2714 3708 2797 3770 ad
2812 3706 3026 3779 Deum,
3053 3709 3285 3786 oportet
3310 3706 3542 3771 eredere
3552 3704 3702 3786 quia

2128 3807 2220 3865 eet
2234 3826 2261 3876 ,·
2280 3800 2575 3881 proponit
2604 3816 2754 3880 ergo
2775 3800 2977 3860 Deum
2996 3804 3301 3877 tanquam
3328 3798 3698 3878 primarium

2126 3894 2467 3957 terminum
2515 3893 2580 3954 in
2624 3908 2815 3971 quem
2872 3891 3072 3953 tendit
3124 3890 3306 3966 fldeS,
3355 3893 3417 3953 et
3446 3889 3588 3953 ideo
3616 3888 3703 3949 ad

2126 3988 2353 4069 Ephes.
2396 3992 2621 4067 quarto
2678 3983 2935 4047 dicitur:
2988 3984 3164 4050 Unus
3210 3984 3531 4057 Dominus,
3571 3998 3705 4046 una

2121 4082 2275 4161 fides
2293 4106 2321 4156 ,·
2344 4088 2407 4143 et
2426 4081 2507 4142 ad
2530 4080 2765 4143 Coloss.
2800 4078 3111 4141 secundo:
3138 4078 3222 4141 In
3242 4077 3702 4159 acquisitionem

2120 4174 2407 4255 mysterii
2432 4174 2574 4249 Dei,
2602 4170 2961 4255 significans
2990 4177 3185 4233 totam
3211 4170 3404 4232 fidem
3434 4168 3698 4231 tendere

2122 4268 2547 4349 principaliter
2595 4266 2678 4331 ad
2724 4266 3235 4349 cognoscendum
3274 4266 3492 4338 Deum,
3524 4262 3701 4343 quod

2128 4362 2320 4441 etiam
2350 4362 2540 4425 habet
2566 4360 2647 4425 ad
2688 4360 2922 4424 Coloss.
2974 4361 3180 4435 tertio,
3222 4364 3283 4422 et
3319 4358 3401 4420 ad
3428 4357 3695 4439 Philipp.

2125 4456 2350 4536 primo,
2396 4461 2460 4517 et
2502 4456 2644 4517 ideo
2671 4454 2822 4517 dicit
2855 4454 3156 4529 Christus,
3182 4452 3365 4515 Joan.
3402 4453 3517 4513 14:
3554 4449 3703 4514 Cre-

2126 4548 2275 4613 ditis
2289 4547 2361 4611 in
2401 4550 2610 4623 Deum,
2644 4554 2701 4611 et
2730 4548 2797 4610 in
2828 4566 2921 4611 me
2948 4546 3187 4620 credite,
3220 4544 3367 4625 quia
3396 4544 3552 4605 illud
3600 4548 3700 4605 est

2124 4641 2514 4720 primarium,
2556 4642 2676 4703 hoc
2703 4657 3133 4720 consequens;
3182 4638 3353 4699 unde
3402 4638 3698 4715 Augusti-

2121 4752 2263 4809 nus,
2296 4738 2337 4797 4
2362 4735 2441 4796 de
2470 4735 2671 4811 civit„
2696 4752 2835 4816 cap.
2862 4735 2964 4809 20,
2994 4732 3197 4812 inquit
3232 4750 3247 4792 ε
3282 4728 3461 4795 Fidei
3480 4748 3695 4805 unum,

2122 4833 2181 4892 et
2212 4828 2509 4910 primum,
2550 4844 2624 4891 ac
2660 4828 2997 4891 maoeimwm
3044 4824 3313 4902 officium
3356 4828 3471 4899 est,
3512 4827 3583 4887 ut
3626 4822 3700 4885 in

2118 4938 2311 4985 unm
2330 4922 2615 4986 credatur
2640 4920 2834 4985 Deum
2848 4944 2875 4993 ;
2905 4922 2969 4981 et
3002 4918 3110 4980 lib.
3144 4921 3245 4993 ss,
3278 4936 3416 4999 cap.
3445 4919 3509 4992 2,
3546 4915 3701 4978 dicit

2122 5012 2317 5079 finem
2346 5016 2534 5078 totius
2559 5014 2731 5089 fidei,
2770 5020 2832 5075 et
2856 5013 3049 5093 ipsius
3070 5012 3259 5073 etiam
3283 5011 3529 5086 Christi,
3552 5028 3697 5073 esse

2122 5114 2192 5170 ut
2236 5107 2318 5172 ad
2366 5109 2568 5170 Deum
2609 5107 3034 5189 perveniatur.
3096 5106 3171 5168 Et
3202 5106 3338 5167 hoec
3392 5110 3489 5166 est
3528 5104 3696 5165 ratio

2120 5202 2485 5263 assertionis
2512 5248 2532 5279 ‚
2578 5218 2729 5263 nam
2780 5200 3131 5279 subjectum
3184 5196 3545 5280 principale*
3576 5214 3701 5258 seu

2120 5295 2537 5358 attributionis
2588 5300 2683 5357 est
2724 5293 2806 5354 ad
2864 5292 3035 5373 quod
3063 5292 3273 5354 omnia
3306 5290 3693 5363 referuntur,

2116 5405 2257 5468 quae
2304 5388 2423 5449 sub
2468 5387 2676 5467 aliqua
2718 5385 2946 5448 virtute
2995 5402 3109 5447 seu
3150 5384 3366 5445 habitu
3419 5383 3693 5458 cadunt;

2116 5478 2229 5545 sed
2248 5482 2459 5543 omnia
2491 5500 2629 5561 quae
2658 5497 2774 5561 per
2813 5478 3008 5541 fidem
3035 5478 3418 5551 revelantur,
3444 5495 3519 5539 eo
3548 5483 3703 5537 ten-

2116 5572 2275 5637 dunt
2288 5578 2358 5637 ut
2368 5574 2595 5636 melius
2612 5577 3029 5656 cognoscatur
3042 5578 3105 5635 et
3116 5572 3458 5633 honoretur
3476 5568 3565 5632 De
3572 5588 3649 5631 us
3672 5589 3689 5645 ;
