3900 6217
602 386 773 442 SECT.
809 389 869 441 V.
903 387 1048 451 QUAE
1079 389 1244 442 BONA
1276 389 1584 443 HAERETlcl
1615 389 1734 441 SUB
1765 389 2247 444 cont-'lscu'lonss
2278 391 2916 444 COMPREHENDANTUR.

212 489 552 556 distinctione
593 489 862 567 quadam
911 491 1214 552 utendum
1262 509 1481 554 censeo
1509 507 1533 568 3
1573 507 1722 551 nam

210 589 271 650 de
307 581 684 665 pensionibus
731 583 903 665 loqui
946 603 1273 664 possumus
1295 631 1309 658 ‚
1361 584 1462 646 vel
1516 583 1721 664 quoad

207 683 406 744 {ructus
450 677 730 737 decursos
784 678 885 739 vel
939 678 1223 740 obtentos
1271 685 1416 740 ante
1475 685 1720 739 seuten-

209 776 352 844 tiam,
380 769 470 830 vel
503 769 704 848 quoad
739 770 1105 834 obtinendos
1143 777 1279 851 post
1316 771 1708 832 sententiam.

207 871 274 928 De
301 861 588 946 prioribus
623 862 958 926 dicendum
1013 871 1108 926 est
1163 863 1522 939 confiscari,
1573 865 1719 944 quia

203 963 308 1040 jam
335 962 466 1016 sunt
488 953 652 1015 bona
676 957 928 1035 propria
965 957 1158 1037 ipsius
1190 957 1485 1030 haeretici,
1511 957 1628 1031 vel,
1665 957 1718 1016 si

203 1055 289 1115 illa
317 1048 582 1112 nondum
619 1047 916 1124 obtinuit,
960 1051 1095 1129 jam
1143 1051 1462 1130 proprium
1504 1051 1606 1130 jus
1650 1051 1718 1110 in

203 1146 290 1206 illa
324 1140 633 1222 acquisivit
647 1164 666 1217 ;
708 1143 866 1203 sicut
901 1143 1092 1204 etiam
1119 1143 1360 1204 fructus
1395 1142 1721 1205 beneficio·

201 1255 318 1299 rum
335 1237 462 1314 jam
488 1235 769 1312 acquisiti
800 1235 1230 1310 confiscantur,
1263 1243 1336 1296 ut
1363 1253 1550 1315 supra
1593 1237 1721 1296 dic·

201 1339 310 1390 tum
335 1334 440 1400 est,
464 1331 523 1386 et
545 1325 768 1388 docent
795 1346 1026 1390 omnes,
1053 1329 1132 1389 At
1158 1346 1306 1390 vero
1331 1328 1534 1408 quoad
1557 1328 1720 1388 fruc-

199 1434 281 1484 tus
304 1420 696 1500 acquirendos
733 1431 872 1500 post
908 1423 1277 1484 sententiam
1297 1466 1316 1496 ,
1349 1439 1476 1482 non
1505 1421 1720 1483 confis-

201 1523 344 1576 catur
365 1512 592 1592 pensio,
625 1531 830 1592 neque
871 1515 1060 1575 etiam
1099 1514 1336 1575 fructus
1383 1514 1608 1574 cedunt
1655 1515 1718 1576 in

199 1607 490 1670 utilitatem
547 1605 844 1680 haeretici,
892 1607 1172 1686 quandiu
1221 1607 1378 1668 vivit
1404 1653 1424 1682 ,
1481 1607 1722 1668 etiamsi

198 1700 474 1763 absolutus
514 1699 598 1760 sit
621 1743 638 1774 ,
685 1701 794 1763 sed
845 1701 1060 1781 pensio
1112 1701 1246 1780 ipsa
1294 1701 1718 1779 extinguitur3

197 1813 318 1856 nam
342 1794 476 1854 licet
503 1794 753 1873 proprie
786 1800 848 1856 et
875 1797 942 1854 in
970 1795 1176 1872 rigore
1202 1793 1572 1856 beneficium
1594 1811 1724 1855 non

195 1891 278 1962 sit,
303 1889 365 1948 in
390 1887 502 1948 hoc
530 1888 960 1967 aequiparatur
988 1888 1311 1961 beneficio,
1353 1894 1415 1949 et
1453 1887 1569 1948 sub
1617 1888 1724 1948 illo

193 1982 412 2043 nomine
441 1979 988 2060 comprehenditur
1031 1982 1100 2041 in
1143 1981 1420 2043 favorem
1450 1980 1624 2056 fidei,
1652 1987 1726 2042 ut

193 2075 350 2136 latius
369 2073 638 2134 ostendit
664 2073 871 2153 Gigas,
903 2073 980 2136 de
1008 2075 1324 2148 Peneion„
1344 2093 1406 2154 q.
1439 2075 1540 2148 52,
1562 2092 1627 2134 n.
1655 2076 1718 2146 4,

199 2175 248 2230 et
271 2188 323 2247 q.
355 2169 450 2241 94,
483 2185 666 2228 num.
701 2172 762 2228 7.

259 2263 308 2320 7.
335 2259 635 2337 Assertio,
664 2260 1146 2340 confiscationem
1167 2280 1286 2324 non
1309 2263 1449 2339 fieri
1473 2262 1542 2324 iot
1559 2262 1723 2324 dam·

195 2371 319 2416 num
341 2352 522 2418 tertii.
541 2385 630 2399 —
662 2354 894 2418 Ultimo
937 2373 1016 2418 ex
1057 2355 1238 2416 dictis
1287 2355 1490 2416 notari
1525 2356 1724 2433 potest

194 2445 293 2507 alia
338 2446 552 2526 regula
597 2448 902 2527 generalis
960 2449 1027 2510 in
1082 2449 1199 2510 hac
1227 2447 1488 2509 materia
1518 2447 1722 2508 obser·

193 2540 386 2618 vande,
419 2545 480 2601 et
517 2541 603 2604 ad
649 2541 1032 2603 deliniendos
1058 2542 1268 2624 plures
1329 2559 1502 2602 casus
1527 2539 1725 2619 appli-

193 2633 382 2692 canda:
416 2633 680 2711 seilicet,
724 2634 1216 2697 confiscationem
1245 2633 1551 2695 honorum
1601 2632 1724 2692 hae-

191 2725 335 2786 retici
360 2727 446 2788 ita
470 2745 608 2788 esse
633 2727 1002 2802 faciendam,
1034 2732 1106 2788 ut
1148 2727 1216 2788 in
1243 2727 1542 2788 damnum
1569 2724 1725 2787 alte-

191 2819 294 2878 rius
317 2819 478 2880 tertii
500 2821 852 2884 innocentis
875 2839 986 2901 per
1017 2839 1077 2883 so
1100 2839 1228 2881 non
1247 2820 1446 2881 cedat.
1491 2817 1586 2882 Ita
1616 2818 1725 2881 do-

195 2918 307 2972 cent
348 2920 638 2976 auctores
697 2914 980 2993 allegati,
1022 2913 1367 2995 praesertim
1424 2911 1718 2988 Simena,

200 3001 330 3065 dicto
370 3007 464 3067 tit.
520 3008 588 3081 9,
619 3025 793 3069 num.
847 3008 953 3082 64,
985 3013 1050 3093 et
1085 3006 1270 3068 latius
1295 3006 1624 3083 Matienco,
1657 3006 1724 3065 in

193 3095 276 3156 lib.
317 3101 352 3160 5
397 3101 590 3164 Novae
630 3101 1040 3183 recompilat„
1063 3102 1164 3164 tit.
1207 3103 1270 3176 9,
1321 3101 1459 3178 lege
1503 3103 1602 3160 10.
1647 3102 1725 3160 Et

189 3191 320 3252 ratio
343 3194 618 3256 sumitur
641 3213 720 3256 ex
759 3195 896 3274 lege
927 3193 1280 3268 Sancimm,
1311 3194 1454 3256 Cod.
1489 3194 1564 3254 de
1593 3194 1723 3254 Poe·

190 3285 287 3358 nis,
309 3286 448 3366 quia
463 3288 693 3351 delicta
715 3306 855 3352 suos
885 3293 1081 3353 tenent
1108 3293 1167 3353 et
1187 3289 1388 3371 liycmt
1413 3293 1720 3360 auctores,-

189 3394 282 3437 nec
336 3381 492 3440 ratio
539 3383 782 3461 patitur
835 3388 904 3442 ut
956 3388 1223 3444 noceant
1266 3380 1718 3452 innocentibus,

187 3469 302 3530 illos
339 3473 463 3535 suis
504 3474 690 3536 bonis
727 3474 1048 3554 privando.
1095 3475 1174 3535 Et
1220 3473 1368 3534 hinc
1411 3479 1504 3534 est
1549 3478 1642 3550 ut,
1672 3473 1724 3534 si

187 3561 326 3626 bona
350 3567 686 3630 confiscata
702 3569 974 3630 habeant
991 3568 1158 3629 reale
1185 3585 1340 3628 onus
1368 3566 1446 3628 ad
1481 3566 1722 3628 solven-

187 3657 308 3718 dam
345 3661 522 3723 alteri
552 3663 941 3742 pensionem,
985 3679 1128 3722 cum
1157 3661 1264 3722 illo
1316 3679 1504 3722 onere
1557 3667 1725 3721 tran-

186 3759 333 3814 seant
357 3754 435 3814 ad
465 3754 715 3832 fiscum,
745 3755 836 3816 ita
886 3762 956 3815 ut
987 3754 1116 3834 ipse
1154 3753 1328 3815 illam
1359 3753 1594 3816 solvere
1635 3759 1722 3815 tc·

185 3852 403 3922 neatur,
429 3850 596 3910 utin
627 3848 1045 3928 superioribus
1073 3855 1309 3912 tactum
1337 3857 1452 3922 est,
1495 3854 1558 3909 et
1589 3865 1721 3926 spe-

186 3936 396 4002 cialiter
449 3941 774 4004 declarant
825 3943 1099 4004 Simanc.
1154 3959 1363 4021 supra,
1415 3958 1588 4002 num.
1644 3940 1719 4015 83

185 4027 526 4112 intelligitur
571 4041 784 4096 autem
815 4035 946 4096 haec
981 4035 1255 4110 assertio,
1297 4041 1370 4094 ut
1404 4037 1473 4094 in
1515 4051 1588 4094 ea
1628 4033 1724 4093 in-

183 4125 422 4206 sinuavi,
450 4151 568 4212 per
599 4150 664 4193 se
700 4131 1034 4212 loquendo,
1057 4139 1120 4194 et
1137 4138 1209 4192 ut
1237 4133 1325 4193 ita
1347 4131 1572 4206 dicam,
1609 4130 1723 4190 im-

78 4271 80 4278 .
186 4222 458 4302 mediate;
488 4243 644 4286 nam
671 4231 932 4302 remote,
963 4232 1026 4288 et
1051 4225 1228 4305 quasi
1268 4242 1378 4304 per
1419 4223 1721 4298 accidens,

78 4339 81 4400 =3
184 4329 289 4376 non
317 4323 405 4378 est
430 4319 884 4380 inconveniens
924 4317 1090 4398 quod
1141 4316 1493 4378 confiscatio
1534 4315 1726 4377 bono-

79 4403 81 4412 ²
183 4423 304 4468 rum
325 4411 508 4472 unius
532 4413 954 4492 delinquentis
977 4411 1152 4474 cedat
1169 4411 1236 4471 in
1260 4409 1725 4471 incommodum

181 4498 452 4579 aliorum,
481 4506 598 4585 qui
639 4523 770 4567 non
815 4510 1250 4585 peccaverunt,
1277 4511 1347 4565 ut
1373 4501 1726 4565 confiscatio

183 4589 465 4658 bonorum
517 4600 716 4676 patris
765 4599 926 4660 cedit
960 4598 1027 4658 in
1064 4597 1526 4660 incommodum
1566 4595 1728 4656 filio—

183 4703 304 4748 rum
320 4705 339 4768 3
371 4697 590 4753 tamen
616 4693 765 4772 quia
796 4691 890 4752 illi
931 4709 1057 4752 non
1097 4697 1274 4752 erant
1319 4688 1580 4764 domini,
1611 4707 1728 4750 nee

183 4777 474 4848 habehant
507 4786 950 4848 immediatum
970 4785 1100 4864 jus„
1135 4785 1242 4846 sed
1265 4789 1599 4859 remotum,
1629 4783 1727 4845 vel

182 4876 364 4951 potius
387 4880 732 4959 quamdam
761 4897 934 4959 spem
974 4878 1192 4940 talium
1223 4877 1554 4950 bonorum,
1589 4875 1726 4937 ideo

180 4965 316 5029 illud
352 4989 482 5033 non
503 4977 834 5052 reputatur
862 4971 1302 5033 inconveniens
1315 4992 1334 5046 3
1367 4987 1514 5032 nam
1543 4987 1725 5049 prop·

183 5063 264 5120 ter
285 5063 515 5126 multas
553 5067 710 5126 alias
751 5064 1326 5145 causasgcontingit
1351 5069 1422 5124 ut
1462 5061 1576 5122 filii
1621 5079 1726 5122 ve·

182 5153 343 5216 uiant
373 5157 442 5218 in
467 5165 810 5237 egestatem
839 5165 1092 5238 propter
1119 5158 1367 5237 culpam
1417 5161 1479 5216 et
1533 5154 1729 5234 negli-

181 5249 439 5324 gentiam
475 5258 831 5332 parentum.
883 5251 954 5312 Et
1001 5251 1139 5314 aliis
1179 5249 1477 5330 exemplis
1518 5249 1729 5309 statim

181 5339 570 5420 subjiciendis
593 5344 657 5406 id
684 5344 984 5406 declarari
1018 5351 1237 5425 potest.

249 5435 306 5495 8.
356 5437 524 5512 Quid
536 5439 602 5500 ai
625 5439 840 5502 tertius
863 5439 948 5501 sit
969 5438 1211 5518 conjux.
1237 5468 1317 5483 -
1347 5437 1433 5497 Ex
1460 5435 1557 5496 his
1582 5451 1732 5514 ergo

184 5530 562 5602 generalibus
597 5530 914 5612 principiis
953 5529 1318 5594 definiendas
1345 5535 1490 5591 sunt
1517 5545 1734 5590 omnes

3246 385 3365 448 573

1803 491 2099 569 speciales
2136 493 2528 571 quaestiones,
2556 509 2694 571 quse
2721 511 2760 552 a
2797 492 2979 552 dictis
3012 491 3365 554 auctoribus

1799 587 2167 660 tractantur,
2198 603 2462 664 quarum
2503 603 2697 664 pauca
2725 591 2787 645 et
2809 585 3117 664 praecipua
3159 601 3365 647 exem-

1801 677 1904 758 pla
1947 677 2220 738 breviter
2259 683 2321 738 et
2352 678 2528 756 quasi
2566 678 2885 739 remissive
2936 679 3263 756 attingam,
3296 685 3367 738 ut

1799 771 1944 832 inde
1988 771 2175 849 possit
2212 771 2630 849 unusquisque
2658 771 2738 831 ad
2762 770 2913 832 alias
2942 771 3171 832 similes
3198 789 3369 851 quae-

1799 862 2027 922 stiones
2088 860 2254 922 dicta
2312 862 2615 942 principia
2681 862 3010 942 applicare.
3086 865 3364 926 Primum

1799 956 2156 1034 exemplum
2177 955 2255 1016 sit
2281 957 2357 1018 de
2378 957 2557 1018 bonis
2584 959 2795 1018 mariti
2820 963 2885 1018 et
2913 959 3155 1018 uxoris:
3191 977 3363 1036 nam,

1797 1047 1942 1108 licet
1968 1048 2135 1110 inter
2154 1066 2257 1110 eos
2284 1049 2699 1111 communiter
2731 1050 3179 1130 possideantur,
3202 1050 3366 1111 nihi-

1799 1140 2073 1202 lominus
2123 1142 2383 1221 quisque
2425 1141 2611 1202 habet
2640 1160 2752 1202 sua
2780 1146 3024 1222 propria
3062 1142 3226 1204 bona
3244 1167 3262 1220 3
3306 1151 3367 1204 et

1799 1233 1938 1295 ideo
1964 1234 2016 1293 si
2042 1250 2200 1294 uxor
2224 1235 2305 1293 sit
2325 1234 2636 1309 haeretica,
2662 1233 3077 1297 confiscantur
3100 1237 3233 1315 ejus
3262 1236 3369 1297 bo·

1799 1344 1904 1403 na,
1944 1345 2071 1387 non
2102 1327 2332 1403 mariti,
2374 1333 2435 1388 et
2476 1346 2510 1388 e
2533 1330 2865 1403 contrari0,
2901 1337 3146 1410 propter
3190 1349 3369 1410 regu-

1799 1420 1926 1482 lam
1954 1421 2237 1500 positam.
2262 1423 2337 1482 Et
2355 1421 2423 1482 in
2450 1422 2567 1483 hoc
2590 1425 2968 1484 conveniunt
2987 1442 3223 1485 omnes.
3246 1423 3368 1484 Ex·
3416 1445 3427 1470 ·

1799 1513 2030 1592 plicare
2071 1521 2281 1574 autem
2323 1531 2461 1594 quae
2490 1515 2614 1576 sint
2644 1515 2808 1576 bona
2844 1517 3094 1595 propria
3131 1519 3365 1591 uxoris,

1802 1624 2017 1686 quaeve
2046 1607 2281 1682 mariti,
2312 1625 2438 1667 non
2468 1613 2562 1668 est
2586 1607 2777 1686 hujus
2814 1608 2956 1684 loci,
2994 1609 3100 1670 sed
3128 1609 3207 1670 ad
3238 1629 3370 1670 ma-

1805 1699 2027 1760 teriam
2055 1700 2131 1761 de
2164 1699 2564 1760 matrimonio
2608 1701 2891 1780 pertinet,
2922 1702 2989 1760 in
3019 1719 3142 1781 qua
3169 1701 3365 1764 videri

1801 1799 2061 1870 possunt
2110 1793 2389 1866 Saucius,
2436 1800 2498 1853 et
2540 1794 2769 1854 Anton.
2802 1793 3052 1870 Gomez,
3096 1797 3163 1856 in
3209 1796 3249 1856 l.
3291 1797 3367 1858 77

1803 1885 2018 1961 Tauri,
2039 1897 2102 1948 et
2132 1886 2483 1946 Summistae
2506 1903 2746 1962 omneS,
2773 1892 2835 1948 et
2863 1888 2969 1949 alii
2995 1889 3365 1968 jurisperiti,

1803 1980 1909 2058 qui
1938 1997 1977 2040 a
2005 1979 2185 2040 dictis
2214 1979 2583 2056 allegantur.
2618 1980 2773 2054 Quia
2792 1999 2940 2042 vero
2971 1983 3137 2044 inter
3166 1982 3367 2044 virum

1804 2077 1866 2133 et
1903 2089 2163 2133 uxorem
2193 2078 2447 2152 possunt
2468 2073 2830 2134 donationes
2853 2074 3011 2149 fieri,
3048 2076 3367 2137 sciendum

1804 2170 1920 2238 est,
1949 2165 2001 2224 si
2032 2165 2291 2244 conjux,
2319 2165 2418 2225 cui
2456 2165 2620 2226 faeta
2650 2172 2743 2226 est
2764 2167 2843 2227 ab
2870 2168 3063 2229 altero
3091 2168 3366 2245 donatio,

1801 2257 1870 2318 in
1891 2258 2179 2320 haeresim
2206 2259 2463 2335 incidat,
2497 2261 2857 2340 priusquam
2884 2262 3121 2323 donans
3148 2263 3369 2325 moria-

1803 2357 1930 2428 tur,
1964 2352 2071 2414 illa
2094 2352 2259 2413 bona
2276 2353 2505 2414 donata
2532 2371 2659 2414 non
2693 2355 3036 2433 confiscari,
3065 2357 3244 2436 juxta·
3269 2375 3371 2418 su-

1803 2446 2012 2524 perius
2050 2447 2234 2518 dicta,
2266 2447 2413 2525 quia
2448 2446 2556 2508 illa
2584 2447 2837 2508 donatio
2881 2466 3008 2509 non
3037 2455 3131 2511 est
3159 2449 3366 2526 firma,

1802 2555 2005 2618 neque
2035 2539 2222 2601 habet
2249 2539 2536 2601 effectum
2580 2559 2774 2620 usque
2820 2542 2899 2602 ad
2953 2548 3221 2605 mortem
3262 2545 3369 2606 do-

1803 2634 2035 2709 nantis,
2087 2651 2219 2712 cap.
2277 2633 2510 2706 ultim.,
2557 2634 2635 2694 de
2682 2636 2898 2696 Donat.
2944 2637 3105 2699 inter
3130 2638 3249 2699 vir.
3307 2645 3369 2700 et

1802 2743 2005 2800 uxor„
2040 2732 2104 2788 et
2138 2725 2179 2786 1.
2212 2724 2361 2789 Cum
2403 2727 2503 2788 hic
2537 2731 2762 2803 status,
2800 2727 2841 2808 ἓ
2872 2727 2953 2794 Si
2989 2729 3264 2807 donator,
3295 2731 3363 2794 ff.

1803 2820 2019 2882 eodem
2051 2820 2148 2880 tit.
2185 2821 2263 2881 Et
2298 2820 2515 2882 eadem
2546 2821 2808 2896 ratione,
2837 2824 2889 2882 si
2924 2823 3188 2886 donator
3212 2825 3366 2885 inci·

1803 2912 1910 2972 dat
1962 2911 2027 2973 in
2070 2912 2379 2988 haeresim,
2438 2912 2580 2973 licet
2624 2921 2832 2994 postea
2882 2917 3183 2979 moriatur
3225 2925 3369 2980 ante

1804 3005 2409 3081 condemnationem,
2440 3005 2694 3067 donatio
2726 3025 2852 3068 non
2891 3014 3081 3084 tenet,
3111 3016 3172 3071 et
3204 3011 3370 3072 bona

1803 3097 2236 3171 confiscantur,
2282 3098 2430 3177 quia
2472 3109 2612 3178 post
2652 3099 2949 3162 delictum
2994 3119 3123 3162 non
3168 3109 3370 3183 potest

1801 3191 2127 3252 haereticus
2158 3190 2558 3252 donationem
2582 3193 2971 3270 confirmare,
2993 3195 3175 3274 juxta
3204 3196 3247 3257 l.
3284 3195 3367 3260 Si

1801 3286 2067 3348 maritus
2106 3282 2340 3357 mois,
2391 3285 2458 3345 ff.
2510 3287 2587 3346 de
2625 3287 2843 3348 Donat.
2878 3289 3042 3352 inter
3069 3290 3276 3351 virum
3306 3299 3367 3352 et

1805 3397 2087 3440 uxorem.

1885 3473 1944 3534 9.
1998 3471 2160 3546 Quid
2177 3473 2235 3534 si
2258 3473 2452 3547 fuerit
2476 3473 2651 3550 filius
2680 3479 2787 3538 aut
2804 3481 3099 3556 pater.·—
3124 3476 3281 3552 Quid
3301 3481 3369 3541 de

1807 3563 1973 3628 bonis
1999 3565 2380 3644 profectitiis.
2412 3599 2493 3612 —-
2520 3567 2869 3630 Secundum
2908 3572 3259 3652 exemplum
3290 3573 3369 3633 sit

1802 3659 1878 3721 de
1925 3659 2104 3720 bonis
2143 3658 2417 3720 filiorum
2466 3661 2863 3724 existentium
2904 3665 3019 3725 sub
3068 3671 3369 3746 potestate

1802 3753 2032 3833 patris3
2080 3751 2316 3814 habent
2354 3753 2521 3814 enim
2563 3755 2849 3834 quaedam
2888 3756 3052 3818 bona
3094 3761 3367 3840 propria,

1803 3864 1942 3925 quae
1965 3851 2263 3907 vocantur
2281 3847 2633 3922 castrensia,
2658 3860 2719 3908 et
2735 3852 2912 3927 quasi
2935 3854 3289 3928 castrensia,
3308 3859 3369 3914 et

1803 3939 2165 4008 adventitia,
2202 3939 2428 4019 quibus
2462 3939 2608 4000 addi
2636 3939 2835 4003 solent
2864 3943 3243 4025 profectitia3
3276 3948 3369 4007 in-

1805 4038 1900 4094 ter
1937 4051 2077 4112 quae
2122 4031 2252 4094 hoec
2292 4038 2385 4094 est
2420 4031 2789 4110 differentia,
2828 4036 2997 4115 quod
3037 4037 3201 4100 bona
3241 4057 3370 4100 cas-

1803 4128 2035 4188 trensia
2081 4131 2143 4188 et
2178 4127 2355 4206 quasi
2398 4126 2733 4188 castrensia
2776 4135 2921 4190 sunt
2966 4133 3215 4212 propria
3254 4131 3370 4193 filii

1806 4220 2011 4302 quoad
2038 4219 2388 4281 dominium
2430 4227 2493 4282 et
2532 4239 2715 4282 usum
2758 4223 3097 4301 fructuum,
3126 4231 3188 4287 et
3231 4227 3371 4288 ideo

1805 4313 1956 4374 talia
1992 4313 2159 4375 bona
2199 4332 2327 4374 non
2355 4313 2771 4376 confiscantur
2806 4324 3057 4398 propter
3083 4319 3367 4380 haeresim

1805 4406 2034 4488 patris,
2079 4407 2493 4468 confiscantur
2538 4413 2748 4469 autem
2796 4419 3046 4491 propter
3090 4411 3371 4474 haeresim

1805 4500 1941 4562 filii.
1984 4503 2053 4561 In
2090 4501 2269 4562 bonis
2308 4509 2517 4563 autem
2558 4502 2932 4580 adventitiis,
2976 4503 3165 4568 habet
3206 4505 3373 4568 filius

1807 4595 2181 4670 dominium,
2223 4600 2286 4656 et
2326 4600 2501 4673 pater
2534 4596 3098 4676 usumjfructuum,
3132 4605 3193 4661 et
3233 4601 3373 4663 ideo

1807 4688 1860 4749 si
1893 4694 2070 4769 pater
2110 4689 2188 4748 sit
2226 4685 2572 4759 haereticuS,
2617 4689 2848 4750 amittit
2892 4691 3141 4770 quidem
3190 4711 3372 4754 usum

1805 4782 2145 4856 fructuum,
2172 4781 2279 4842 sed
2309 4779 2417 4842 ille
2444 4798 2571 4841 non
2598 4781 2984 4858 confiscatur,
3017 4785 3122 4846 sed
3161 4803 3374 4847 conso·

1806 4875 2037 4937 lidatur
2063 4892 2207 4934 enm
2245 4873 2521 4936 dominio
2549 4874 2687 4950 filii,
2716 4877 2863 4955 quia
2900 4883 3076 4957 pater
3112 4899 3223 4959 per
3247 4879 3375 4942 hae-

1803 4969 1993 5030 resim
2040 4967 2245 5028 amisit
2283 4969 2385 5047 jus
2430 4969 2645 5047 patriae
2693 4973 3009 5048 potestatis
3028 5019 3049 5049 ,
3095 4973 3260 5053 quod
3306 4976 3376 5035 in

1806 5061 2008 5122 filium
2031 5060 2321 5136 habehat,
2349 5067 2410 5122 et
2432 5063 2670 5123 ratione
2697 5063 2873 5142 cujus
2895 5064 3164 5127 habehat
3190 5083 3377 5127 usum

1807 5153 2122 5214 fructuum
2137 5169 2158 5231 3
2186 5154 2350 5215 unde
2378 5155 2525 5233 quia
2551 5153 2707 5215 illud
2736 5157 2840 5235 jus
2880 5176 3009 5218 non
3045 5159 3269 5220 transit
3308 5160 3376 5220 in

1809 5245 2053 5322 fiscum,
2093 5246 2233 5307 ideo
2280 5265 2481 5327 neque
2528 5247 2635 5309 ille
2673 5267 2821 5310 usus
2867 5250 3186 5312 fructuum
3230 5253 3376 5314 fisco

1810 5340 2219 5420 adjudicatur.
2244 5343 2320 5402 Et
2346 5339 2560 5402 eadem
2592 5343 2854 5418 ratione,
2878 5344 2932 5405 si
2958 5341 3124 5405 filius
3151 5346 3230 5406 sit
3252 5345 3377 5406 hae-

1809 5435 2035 5496 reticus
2055 5479 2076 5510 ‚
2115 5434 2225 5495 illa
2265 5434 2429 5497 bona
2478 5435 2889 5498 confiscantur
2928 5439 3130 5517 quoad
3177 5439 3375 5500 domi·

1811 5527 1990 5589 nium
2013 5573 2031 5601 ,
2079 5527 2227 5607 quia
2266 5535 2399 5590 erat
2446 5527 2860 5608 delinquentis
2880 5575 2901 5606 ,
2952 5535 3140 5611 atque
3188 5531 3375 5594 etiam
