3900 6217
395 438 398 441 ,
470 372 592 433 258

472 484 714 539 tantum
747 480 1022 555 excepta,
1058 474 1124 536 id
1164 474 1332 555 quod
1371 472 1687 539 Guillelm.
1731 478 1800 539 in
1849 476 2039 539 ratio-

471 570 622 646 nali,
659 568 815 630 libro
841 574 1039 644 sexto,
1075 568 1276 649 capite
1302 568 1406 643 72,
1446 569 1536 631 ita
1574 570 1818 632 videtur
1851 589 2039 651 expo·

473 682 644 738 nere,
677 669 740 725 et
780 664 847 723 in
886 662 1050 723 hanc
1089 663 1464 725 sententiam
1501 664 1689 727 refert
1735 665 2039 745 Hierony-

1661 376 1898 431 msrur.
1933 376 2020 429 tx.
2056 376 2137 428 ΒΕ
2166 376 2476 433 EchEstA.

2118 496 2265 541 nem
2292 480 2634 555 continent,
2656 486 2843 563 atque
2861 481 2951 545 ita
2977 482 3468 565 interpretantur
3496 468 3677 564 ὡς·

2118 579 2445 647 sostomus‚
2474 573 2948 655 Theophylact„
2972 574 3161 653 Beda,
3191 582 3257 637 et
3281 576 3681 654 Ambrosius3

2123 665 2213 725 ibi
2258 666 2666 746 Augustinus,
2701 675 2882 731 tract.
2914 670 2997 731 92
3036 670 3107 731 in
3130 670 3390 748 Joann.,
3420 672 3582 733 etin
3616 671 3674 732 id

475 774 674 827 mum,
711 756 1104 834 Gregorium,
1149 755 1475 834 Isidorum,
1508 756 1876 819 Anselmum
1908 803 1924 833 ,
1972 763 2039 820 et
2118 759 2341 821 Psalm.
2397 762 2513 822 448
2542 781 2556 821 :
2590 761 2694 827 Ne
2726 767 2973 841 auferas
3014 764 3083 827 do
3122 780 3224 826 oro
3268 780 3395 827 mo
3440 765 3673 828 corbum

471 850 650 926 aliOS,
685 866 756 911 ac
787 848 1031 911 videtur
1064 848 1272 911 favere
1299 849 1687 929 Augustinus
1716 896 1736 926 ,
1767 856 2035 912 tractatu

471 932 808 1005 contesimo
833 943 1018 1003 tertio
1059 942 1128 1003 in
1155 942 1484 1019 Joannem,
1519 949 1584 1005 et
1621 944 1688 1005 in
1721 944 2035 1007 Psalmum

474 1039 590 1099 438
619 1060 636 1113 3
669 1044 730 1098 et
763 1034 1116 1112 Abulensis,
1161 1036 1230 1098 in
1273 1036 1532 1117 prologo
1562 1038 1806 1113 Matth„
1835 1056 2037 1119 quaes—

467 1132 638 1192 tione
693 1130 935 1190 decima
993 1128 1200 1205 tertia,
1233 1134 1296 1190 et
1344 1130 1646 1209 vigesima
1692 1138 1936 1211 quarta,
1970 1136 2035 1192 ct

467 1223 688 1289 Matth.
724 1222 965 1287 decimo
993 1267 1012 1297 ‚
1043 1222 1388 1302 quaestione
1429 1240 1617 1299 nona,
1648 1229 1712 1284 et
1753 1223 2033 1285 Matthaei

468 1317 708 1379 decimo
737 1322 930 1390 sexto,
961 1315 1305 1394 quaestione
1331 1316 1718 1394 sexagesima
1742 1316 2028 1396 septima,

467 1417 530 1471 et
577 1410 644 1471 iu
687 1406 1036 1471 Paradoxis.
1070 1408 1222 1469 Hoec
1275 1426 1423 1469 vero
1466 1410 1774 1469 sententia
1813 1408 2033 1488 impri-

465 1503 580 1564 mis
613 1506 632 1581 (
660 1501 952 1583 quicquid
1000 1499 1080 1561 sit
1125 1499 1204 1563 de
1243 1500 1584 1581 Apostolis)
1631 1508 1724 1563 est
1770 1501 2032 1562 omnino

457 1595 887 1677 improbabilis
905 1610 924 1672 ;
957 1610 1104 1654 nam
1135 1593 1550 1655 certissimum
1581 1601 1674 1656 est
1712 1612 1926 1657 veram
1960 1593 2035 1655 fi-

464 1691 604 1752 dcm
630 1734 651 1764 ,
699 1696 883 1767 atque
928 1687 1084 1749 adeo
1129 1686 1460 1749 Ecclesiam
1491 1733 1512 1763 ,
1548 1706 1674 1749 non
1737 1687 2030 1751 defecisse

464 1792 614 1846 tunc
658 1784 726 1844 in
766 1782 1056 1844 omnibus
1091 1780 1322 1843 Judaeis
1353 1825 1370 1854 ,
1419 1783 1528 1862 qui
1575 1782 1808 1862 ubique
1848 1788 2029 1843 erant

464 1886 638 1941 extra
667 1878 1035 1952 Jerusalem,
1067 1876 1359 1957 idemque
1411 1884 1504 1938 est
1545 1878 1943 1939 sentiendum
1972 1875 2025 1937 si

461 1975 573 2054 qui
609 1973 769 2034 forte
795 1973 960 2032 inter
991 1976 1208 2049 gentes
1237 1970 1546 2033 dabantur
1571 1971 1743 2050 justi.
1789 1970 2025 2032 Deinde

459 2068 526 2129 in
553 2068 688 2146 ipsa
723 2065 1064 2127 Jerusalem
1115 2063 1295 2125 multi
1321 2070 1767 2125 conservarunt
1803 2063 2017 2139 fidem,

464 2165 527 2221 et
567 2157 931 2219 charitatem
983 2156 1207 2220 Christi
1234 2172 1254 2235 ;
1289 2162 1459 2237 patet
1502 2156 1579 2219 de
1631 2156 2019 2236 Magdalena,

460 2270 599 2332 quae
649 2252 944 2315 charitate
987 2250 1312 2331 flagrabat,
1342 2249 1509 2333 quod
1541 2250 1826 2313 similiter
1855 2250 2025 2313 credi

463 2351 664 2425 potest
709 2344 784 2407 de
830 2345 1022 2407 Maria
1079 2343 1346 2423 Cleophe
1395 2350 1459 2406 et
1517 2344 1764 2407 Salome
1799 2366 1819 2420 3
1857 2344 2027 2406 idem

459 2444 764 2519 praeterea
789 2444 1030 2498 constat
1059 2436 1136 2498 de
1165 2437 1562 2516 Evangelista
1609 2438 1870 2513 Joanne,
1923 2438 2028 2499 cui

459 2530 734 2591 Christus
757 2536 1024 2591 matrem
1053 2520 1510 2591 sanctissimam
1541 2530 2023 2605 commendavit,

461 2634 525 2685 et
551 2623 768 2687 Matth.
799 2626 878 2685 27
901 2629 1112 2702 aperte
1138 2623 1256 2685 hoc
1286 2624 1494 2703 ipsum
1539 2624 1924 2703 significatur
1947 2625 2027 2687 dc

457 2718 722 2799 Josepho
743 2718 824 2779 ab
855 2717 1235 2779 Arimathaea
1261 2724 1324 2779 et
1350 2718 1715 2780 Nicodemo:
1745 2720 2025 2780 centurio

457 2816 647 2876 etiam
690 2812 1000 2873 confessus
1027 2818 1160 2872 est:
1211 2812 1356 2879 Vere
1378 2812 1554 2890 filius
1584 2812 1702 2876 Dei
1724 2820 1854 2877 crac
1879 2812 2018 2877 isto.

463 2908 676 2967 Petrus
719 2905 1010 2986 denique,
1061 2904 1356 2984 quicquid
1394 2913 1576 2967 antea
1623 2908 1977 2987 peccaverit
2001 2951 2022 2983 ,

459 3006 624 3061 certe
667 3005 812 3061 ante
851 2998 1075 3059 Christi
1119 3004 1386 3060 mortem
1427 2998 1600 3061 ssevit
1640 3018 1874 3075 amare,
1911 3019 2023 3061 ne-

458 3112 581 3174 que
621 3098 834 3174 postea
861 3110 898 3153 a
939 3092 1065 3154 fide
1107 3091 1369 3168 defecit3
1402 3109 1550 3153 nam
1583 3092 1728 3154 Luc.
1759 3096 1839 3155 24
1860 3139 1882 3171 ,
1913 3112 2022 3155 au-

456 3186 586 3247 dito
617 3186 849 3248 nuncio
892 3186 1253 3261 mulierum,
1293 3185 1505 3247 statim
1533 3185 1614 3247 ad
1649 3204 2024 3248 monumen-

459 3290 594 3343 tum
629 3280 904 3357 accessit,
945 3298 1059 3342 nec
1091 3279 1186 3341 illi
1228 3284 1338 3342 aut
1372 3278 1600 3341 Joanni
1647 3282 1852 3341 visum
1901 3280 2025 3342 fuit

459 3375 940 3437 deliramentum
966 3385 986 3451 3
1043 3392 1186 3435 cum
1237 3374 1408 3435 enim
1483 3372 1884 3452 Evangelista
1935 3374 2025 3435 ita

458 3468 662 3530 visum
690 3468 875 3529 fuisse
902 3466 1160 3548 reliquis
1188 3467 1464 3542 dixisset,
1495 3484 1569 3529 ac
1606 3468 1865 3529 minime
1893 3486 2025 3529 cre-

461 3562 711 3628 didisse.
742 3561 916 3641 quasi
955 3561 1268 3642 excipiens
1301 3564 1556 3623 Petrum
1588 3567 1650 3624 et
1689 3560 2018 3637 Joannem,

460 3656 672 3717 addit:
706 3656 935 3721 Petrus
962 3661 1163 3719 autem
1193 3672 1474 3763 mgr-ens,
1502 3660 1618 3717 etc.

507 3750 602 3857 8.
624 3749 881 3815 Petrum
907 3766 1216 3831 nunquam
1231 3746 1508 3812 amisisse
1521 3750 1700 3828 fidem
1719 3746 1908 3813 multo
1930 3768 2025 3814 ce-

459 3860 616 3907 nm.
645 3874 728 3891 --
748 3844 838 3907 De
877 3842 1026 3905 aliis
1078 3839 1393 3923 Apostolis
1423 3841 1580 3906 idem
1623 3842 2021 3923 probabilius.

464 3936 678 3999 -Sed
710 3942 1006 4017 praeterea
1043 3936 1305 3997 dicimus
1351 3954 1478 3998 non
1522 3954 1652 3999 esse
1707 3936 2025 4017 probabile

466 4027 785 4109 Apostolos
811 4046 1048 4103 omnes,
1078 4035 1144 4091 et
1164 4029 1476 4110 praecipue
1505 4031 1778 4103 Petrum,
1809 4047 2027 4093 veram

461 4120 648 4184 fidem
693 4122 1050 4203 perdidisse.
1085 4123 1313 4185 Defecit
1348 4122 1456 4185 ille
1481 4123 1736 4203 quidem
1769 4125 1836 4185 in
1878 4123 2028 4187 fidei

461 4215 864 4291 confessione,
896 4221 962 4277 et
996 4214 1294 4289 fidelitate
1337 4234 1526 4296 quam
1567 4217 1892 4280 CHRISTO
1917 4218 2027 4279 de·-

463 4310 646 4371 bebat
663 4353 679 4382 ‚
727 4326 855 4369 non
903 4313 1116 4369 tamen
1156 4307 1254 4370 vel
1301 4308 1538 4387 aliquid
1588 4308 1735 4371 fidei
1781 4317 2023 4373 contra-

462 4404 628 4465 rium
655 4400 938 4476 credidit,
969 4402 1068 4463 vel
1079 4400 1174 4463 de
1200 4418 1349 4463 vera
1395 4401 1622 4463 Christi
1672 4402 2019 4479 divinitate,

460 4514 650 4577 quam
675 4513 786 4575 per
815 4495 1013 4556 Patris
1042 4493 1487 4557 revelationem
1513 4502 1875 4577 agnoverat,
1911 4496 2037 4569 du<

464 4590 728 4666 bitavit3
772 4588 938 4669 quod
985 4588 1240 4669 quidem
1261 4583 1493 4668 ‘colligi
1535 4597 1736 4671 potest
1781 4608 1862 4654 ex
1913 4589 2047 4653 illo.

811 4680 952 4761 Ego
990 4680 1202 4762 rogavi
1241 4700 1358 4765 pro
1401 4688 1458 4746 te
1484 4728 1506 4760 ,
1543 4684 1874 4760 Petro,-ut
1908 4700 2045 4750 non.

461 4685 608 4745 Luc.
644 4684 762 4743 22:

461 4776 734 4855 deficeret
761 4774 916 4855 fides
947 4782 1074 4837 tua.
1109 4776 1438 4856 Exponunt
1475 4794 1623 4838 vero
1651 4776 1928 4856 quidam,
1962 4775 2027 4837 id

464 4877 556 4930 cst
591 4874 660 4931 ut
691 4886 818 4931 non
867 4867 1114 4930 deficiat
1161 4886 1350 4951 usque
1385 4871 1450 4933 in
1488 4871 1717 4949 finem;
1745 4869 1854 4932 sed
1905 4868 2027 4930 hoc

464 4982 593 5027 non
623 4974 782 5025 esset
823 4962 1130 5046 peculiare
1183 4964 1577 5044 privilegium
1608 4972 1891 5044 respectu
1917 4965 2027 5026 Pe-

465 5060 579 5133 tri3
615 5076 760 5119 nam
799 5056 1089 5138 apostolis
1127 5063 1188 5119 et
1227 5058 1516 5119 omuibus
1543 5056 1925 5119 confirmatis
1958 5058 2027 5119 in

463 5151 664 5230 gratia
711 5150 926 5211 datum
967 5156 1060 5212 est
1098 5168 1178 5213 ne
1223 5168 1262 5210 a
1307 5148 1430 5211 fide
1485 5151 1822 5213 defecerint
1872 5149 2027 5212 fina-

461 5246 626 5306 liter.
659 5243 782 5305 Alii
822 5244 1196 5324 respondent
1228 5244 1315 5304 ibi
1345 5243 1612 5323 intelligi
1649 5254 1788 5325 post
1823 5261 2029 5306 resur-

463 5339 802 5400 rectionem
836 5338 1083 5411 Christi,
1127 5343 1529 5419 accepturum
1557 5337 1747 5400 fuisse
1779 5340 2029 5400 Petrum

468 5433 619 5493 illud
667 5432 1063 5512 privilegium
1088 5447 1110 5508 ;
1161 5432 1363 5493 obstat
1429 5450 1596 5507 vern,
1643 5431 1790 5512 quia
1841 5430 2033 5493 verba

467 5545 588 5586 non
647 5526 1120 5606 promissionem
1167 5526 1272 5586 sed
1339 5531 1704 5605 pioesentem
1750 5524 2031 5604 largitio-

2115 850 2391 916 vm'tatis
2414 877 2439 926 ,·
2478 852 2820 935 eademque
2848 862 2943 917 est
2978 856 3327 918 communis
3374 858 3675 919 sententia

2116 944 2636 1009 scholasticorum
2683 966 2827 1009 cum
2876 949 3171 1028 Magistro
3199 993 3221 1025 ,
3260 950 3333 1011 in
3366 951 3432 1027 3,
3460 950 3524 1011 d.
3556 952 3663 1023 ΞΜ

2117 1038 2287 1113 Cani,
2317 1038 2427 1101 lib.
2458 1042 2523 1117 4,
2549 1059 2682 1121 cap.
2722 1044 2783 1115 5,
2810 1046 2873 1103 et
2895 1040 3006 1103 lib.
3038 1042 3101 1117 6,
3130 1060 3269 1122 cap.
3300 1044 3375 1119 83
3418 1060 3505 1105 an
3536 1060 3669 1104 vero

2112 1130 2307 1212 aliqui
2362 1150 2441 1195 ex
2498 1134 2805 1213 Apostolis
2864 1133 3038 1197 illam
3100 1135 3499 1215 perdiderint
3524 1180 3542 1208 ,
3580 1153 3671 1197 res

2113 1221 2305 1286 dubia
2332 1232 2448 1288 est.
2499 1226 2673 1289 Certe
2706 1227 2785 1289 de
2817 1228 3059 1289 Joanne
3096 1228 3259 1291 mihi
3304 1235 3548 1291 certum
3586 1236 3673 1291 est

2111 1336 2243 1380 non
2295 1320 2635 1401 perdidisse
2663 1365 2685 1397 ,
2732 1328 2805 1381 ut
2858 1331 3031 1401 patet
3074 1340 3155 1383 ex
3205 1322 3457 1383 ratione
3494 1340 3671 1403 supra

2112 1412 2295 1473 facta.
2345 1413 2517 1477 Idem
2556 1414 2739 1475 credo
2784 1414 2862 1477 de
2896 1415 3148 1489 sanabo,
3194 1415 3273 1478 de
3318 1434 3451 1495 quo
3494 1417 3677 1477 refert

2114 1506 2550 1586 Hieronymus,
2604 1507 2683 1568 de
2730 1508 2893 1571 Viris
2934 1507 3305 1585 illustribus,
3347 1526 3551 1589 usque
3600 1508 3677 1567 ad

2112 1598 2337 1661 Christi
2360 1600 2873 1662 resurrectionem
2894 1602 3233 1681 jejunasse,
3282 1601 3555 1682 ideoque
3576 1619 3675 1681 pe-

2110 1692 2435 1782 culiariter
2476 1692 2571 1755 illi
2617 1694 2978 1774 apparuisse
3020 1695 3203 1757 docet
3250 1694 3489 1757 Paulus
3522 1697 3549 1755 4
3602 1694 3678 1754 ad

2106 1789 2243 1849 Cor.
2294 1790 2391 1851 ⁴5.
2438 1789 2521 1851 De
2586 1788 2724 1851 aliis
2770 1788 3081 1869 Apostolis
3121 1790 3291 1851 idem
3340 1789 3635 1851 existimo
3658 1835 3673 1863 ,

2102 1884 2251 1962 quia
2276 1881 2453 1943 nulla
2488 1887 2580 1944 est
2623 1882 2786 1943 ratio
2835 1880 2916 1943 ob
2966 1901 3157 1963 quam
3213 1881 3473 1944 sinistre
3524 1882 3679 1961 judi-

2102 1992 2315 2035 cemus
2342 2019 2357 2049 ,
2419 1992 2567 2036 nam
2621 1974 2825 2037 solum
2882 1974 3151 2055 legimus
3206 1974 3535 2037 dubitasse
3602 1975 3674 2037 de

2106 2066 2329 2129 Christi
2372 2069 2848 2145 resurrectione,
2880 2068 3047 2148 quod
3074 2086 3204 2139 non
3255 2069 3410 2129 satis
3444 2068 3573 2131 ruit
3605 2069 3677 2131 ad

2105 2158 2483 2240 perdendam
2522 2160 2735 2237 fidem,
2790 2162 2939 2241 quia
2979 2180 3107 2223 non
3152 2161 3300 2222 satis
3348 2160 3677 2223 intellexe-

2105 2258 2249 2315 rant
2286 2258 2531 2343 tempus
2576 2260 2640 2315 et
2666 2254 2926 2316 modum
2968 2255 3461 2329 resurrectionis,
3492 2261 3569 2315 ut
3594 2254 3681 2315 di·

2106 2346 2264 2407 citur
2300 2345 2446 2407 Luc.
2482 2348 2579 2409 48.
2614 2346 2792 2409 Unde
2818 2347 3116 2409 AbulenS.
3150 2366 3341 2427 supra
3368 2365 3505 2409 non
3536 2347 3679 2409 dicit

2106 2438 2297 2516 fidem
2343 2439 2715 2521 simpliciter
2756 2443 3055 2501 mansisse
3095 2440 3164 2500 in
3212 2439 3349 2501 sola
3395 2440 3677 2519 Virgine,

2106 2531 2215 2594 sed
2252 2532 2441 2594 fidem
2478 2533 2985 2612 resurrectionis;
3016 2532 3237 2593 merito
3265 2533 3464 2612 igitur
3498 2550 3679 2595 excu-

2105 2634 2325 2689 santur
2350 2626 2629 2707 Apostoli
2656 2627 2736 2687 ab
2764 2626 3131 2689 infidelitate
3164 2633 3227 2687 et
3248 2625 3503 2703 haeresi,
3532 2627 3679 2707 quia

2106 2738 2234 2781 non
2278 2739 2357 2783 ex
2392 2719 2807 2799 contumacia,
2842 2718 2950 2781 sed
3000 2738 3079 2782 ex
3120 2718 3485 2799 ignorantia
3532 2738 3679 2799 qua-

2104 2813 2249 2875 dam
2298 2814 2672 2877 dubitabant
2698 2858 2715 2887 ‚
2777 2831 2904 2874 non
2946 2812 3203 2893 quidem
3259 2828 3343 2873 an
3396 2812 3681 2873 Christus

2103 2912 2249 2967 vere
2292 2907 2584 2983 dixisset,
2620 2906 2729 2968 sed
2766 2925 2849 2967 an
2914 2907 3161 2986 proprie
3216 2904 3317 2967 vel
3372 2906 3679 2985 aenigma-

2102 2999 2221 3060 tice
2268 2999 2484 3061 fuisset
2530 2998 2792 3061 locutus.
2841 2997 3017 3061 Unde
3045 3044 3067 3075 ,
3101 2999 3283 3059 Joan.
3312 2999 3426 3072 20,
3462 3000 3679 3061 Petrus

2102 3102 2163 3157 et
2188 3095 2459 3156 Joannes
2506 3095 2905 3156 crediderunt
2946 3092 3171 3155 Christi
3208 3111 3431 3174 corpus
3490 3094 3671 3155 fuisse

2102 3188 2417 3251 sublatum
2468 3207 2507 3249 a
2559 3194 2967 3250 monumento
2998 3232 3015 3261 ,
3075 3187 3234 3247 sicut
3300 3188 3675 3267 magdalena

2102 3288 2464 3343 narraverat
2482 3328 2496 3356 ,
2542 3284 2691 3364 quia
2734 3282 2997 3345 nondum
3038 3280 3061 3359 (
3091 3280 3295 3361 inquit
3352 3280 3671 3360 Joannes)

2104 3378 2371 3441 sciebant
2420 3375 2810 3459 Scripturas.

2183 3476 2243 3534 9.
2294 3470 2553 3551 objectio
2600 3468 2803 3533 tertia.
2838 3502 2918 3515 —-
2942 3467 3300 3552 Responsio.
3332 3500 3417 3515 -
3466 3470 3677 3529 Tertia

2104 3563 2433 3625 difficultas
2454 3581 2585 3625 esse
2612 3568 2811 3643 potest
2844 3566 2889 3639 ¹,
2922 3563 3071 3643 quia
3092 3568 3233 3643 post
3249 3562 3679 3623 ascensionem

2108 3657 2331 3719 Christi
2378 3657 2621 3718 videtur
2660 3655 2847 3717 fuisse
2889 3654 3075 3717 modo
3134 3654 3347 3735 aliquo
3398 3656 3683 3717 extincta

2106 3750 2397 3827 Ecclesia,
2441 3749 2543 3813 vel
2579 3755 2743 3811 certe
2772 3766 2947 3829 posse
2993 3748 3245 3809 tandem
3272 3748 3569 3827 extingui
3610 3764 3681 3807 ea

2106 3843 2325 3905 saltem
2362 3860 2503 3924 quae
2524 3842 2785 3905 visibilis
2804 3848 2922 3918 est,
2944 3848 3017 3903 ut
3046 3840 3383 3904 Lutherani
3410 3839 3680 3919 loquun-

2106 3942 2231 3999 tur.
2275 3937 2435 4002 Nam
2484 3942 2771 4017 tempore
2817 3934 3207 3998 Constantini
3252 3934 3675 4015 Imperatoris,

2106 4032 2357 4111 quando
2402 4030 2654 4091 haeresis
2683 4029 2817 4092 Arii
2852 4028 3198 4109 plurimum
3238 4031 3529 4106 grassata
3562 4034 3677 4098 est,

2108 4124 2365 4185 omnino
2391 4122 2623 4185 latebat
2648 4141 2799 4186 vera
2815 4120 3108 4198 Ecclesia,
3132 4121 3287 4181 adeo
3312 4126 3386 4181 ut
3404 4119 3681 4180 Hilarius

2108 4224 2322 4277 contra
2362 4218 2630 4279 Maxent.
2676 4214 2906 4291 scribat
2934 4215 3041 4277 vix
3064 4214 3259 4275 fuisse
3284 4218 3443 4275 tunc
3475 4212 3545 4273 in
3574 4230 3683 4291 po-

2106 4309 2269 4390 pulis
2294 4310 2403 4371 Dei
2424 4308 2729 4371 cultorem
2737 4324 2761 4388 3
2790 4314 3070 4389 tempore
3090 4307 3281 4371 etiam
3308 4302 3687 4373 Antichristi

2106 4404 2486 4467 defecturam
2536 4404 2793 4467 omnino
2838 4402 3199 4480 Ecclesiam,
3234 4400 3563 4479 colligitur
3608 4416 3689 4459 ex

2104 4496 2278 4562 Matt.
2307 4500 2409 4575 24,
2445 4499 2590 4560 Luc.
2624 4500 2725 4575 18,
2763 4497 3001 4560 Daniel.
3031 4499 3096 4569 9,
3120 4498 3161 4557 2
3187 4494 3267 4557 ad
3296 4492 3581 4557 Thessal.
3608 4492 3681 4552 2:

2106 4592 2263 4659 Nisi
2305 4593 2537 4657 venerit
2576 4592 2859 4656 discessio
2892 4591 3189 4671 primum,
3246 4588 3313 4650 id
3332 4594 3455 4665 est,
3502 4586 3689 4648 Anti-

2108 4686 2371 4747 christus
2388 4686 2497 4766 qui
2514 4685 2819 4766 discerpat
2850 4682 3207 4745 Ecclesiam.
3254 4680 3437 4743 Unde
3462 4680 3545 4741 de
3576 4679 3687 4741 ino

2106 4785 2385 4858 tempore
2410 4778 2686 4841 Christus
2708 4776 3119 4859 pronunciat:
3150 4774 3301 4839 Cum
3327 4772 3547 4837 Fatus
3580 4774 3691 4836 ko-

2106 4872 2295 4936 minis
2317 4872 2567 4949 vemrit,
2587 4877 2847 4953 putasne
2874 4870 3135 4934 inveniet
3159 4869 3343 4947 fidem
3370 4869 3443 4931 in
3460 4868 3687 4931 terra?

2109 4964 2466 5046 Respondeo
2492 4966 2790 5027 fluctuare
2819 4982 2995 5044 posse
3018 4964 3335 5026 interdum
3363 4963 3531 5023 Petri
3574 4980 3691 5023 na-

2108 5059 2402 5135 viculam,
2432 5077 2561 5121 non
2588 5066 2801 5121 tamen
2830 5060 3055 5139 perire,
3086 5056 3309 5119 Matth.
3356 5058 3457 5118 18.
3500 5057 3691 5117 Unde

2110 5168 2437 5231 nunquam
2486 5151 2693 5232 periit,
2746 5170 2861 5213 nec
2904 5150 3155 5231 peribit,
3210 5168 3327 5211 nec
3372 5150 3459 5210 ita
3486 5148 3691 5209 latuit

2110 5244 2265 5324 quin
2287 5244 2367 5305 ab
2404 5244 2775 5306 habentibus
2800 5244 2989 5305 fidem
3030 5250 3197 5305 certo
3218 5243 3505 5323 cognosci
3546 5260 3687 5322 pos-

2113 5344 2243 5416 set3
2274 5356 2464 5418 quare
2486 5345 2549 5400 et
2573 5344 2849 5419 tempore
2876 5337 3009 5399 Arii
3052 5336 3237 5397 multi
3270 5334 3585 5399 Catholici
3614 5354 3687 5397 ac

2198 5528 2213 5563 ¹
2262 5525 2345 5585 Dc
2368 5543 2492 5605 qna
2522 5526 2585 5591 in
2610 5524 2971 5586 Desa-tisicus
3000 5524 3169 5600 fidei,
3190 5524 3231 5585 l.
3272 5528 3287 5583 l
3304 5570 3325 5599 ‚
3345 5542 3448 5585 ac.
3478 5525 3551 5584 3.
