3900 6217
563 321 684 382 338

559 433 760 508 potest
795 443 870 489 ex
903 427 1387 506 aequiparatione
1427 427 1590 488 inter
1624 427 1786 487 hanc
1825 427 2015 489 fidem
2056 433 2119 488 et

559 522 962 602 baptismum.
995 522 1152 582 Nam
1181 522 1502 600 utriusque
1549 521 1880 581 necessitas
1919 527 2013 581 est
2041 537 2119 580 ex

559 614 949 675 institutione
975 629 996 690 3
1025 632 1174 692 ergo
1197 614 1354 674 sicut
1383 615 1449 674 in
1485 614 1791 694 baptismo
1821 613 2121 690 intelligi-

558 710 756 768 turin
787 727 854 769 re
881 708 977 768 vel
1005 708 1070 766 in
1102 711 1261 781 voto,
1287 707 1376 768 ita
1413 707 1602 768 etiam
1647 708 1712 767 in
1759 707 1886 768 fide
1925 707 2121 788 expli·

558 801 680 860 cita
709 801 892 862 debet
909 799 1194 879 intelligi.
1231 800 1404 862 Unde
1450 801 1640 862 etiam
1683 801 1914 881 optime
1970 817 2121 862 con-

558 894 848 954 firmatur
891 895 1146 954 assertio
1195 910 1212 955 t
1261 911 1410 954 nam
1457 893 1586 954 haec
1629 893 1781 954 fides
1833 894 2123 974 explicita

559 993 650 1047 est
673 987 987 1067 dispositio
1017 1005 1126 1068 per
1149 1004 1212 1048 se
1239 988 1580 1048 necessaria
1605 987 1686 1048 ad
1705 989 2119 1068 receptionem

559 1075 874 1158 baptismi,
907 1087 977 1141 ut
1003 1086 1242 1141 constat
1271 1099 1344 1140 ex
1373 1099 1492 1140 usu
1520 1081 1822 1154 Ecclesiae,
1873 1088 1936 1142 et
1966 1083 2124 1142 Con·-

557 1173 700 1232 cilio
722 1174 1008 1235 Brachar.
1041 1175 1114 1247 ll,
1144 1180 1206 1234 et
1231 1191 1304 1234 ex
1336 1173 1542 1234 multis
1571 1173 1830 1235 decretis
1864 1174 1943 1234 de
1980 1192 2125 1234 eon-

557 1265 920 1342 secratione,
943 1267 1086 1328 dist.
1126 1271 1188 1342 4,
1239 1285 1374 1346 cap.
1423 1266 1581 1330 Ante
1626 1267 2007 1349 baptismum,
2060 1271 2123 1329 et

557 1365 833 1437 sequent.
893 1361 1078 1440 Erga,
1123 1361 1281 1420 sicut
1328 1361 1670 1440 baptismus
1713 1369 1810 1422 est
1845 1379 2123 1422 necessa-

555 1451 714 1528 rius,
759 1453 972 1514 saltem
1023 1454 1092 1514 in
1139 1459 1308 1530 vot0,
1365 1455 1454 1514 ita
1509 1455 1696 1515 etiam
1752 1454 1888 1514 haec
1941 1453 2115 1516 fides.

490 1585 498 1590 -
557 1545 634 1606 Et
653 1552 850 1625 potest
871 1547 1128 1608 tandem
1169 1547 1302 1608 haec
1329 1547 1732 1627 aequiparatio
1765 1547 2121 1608 confirmari

561 1659 638 1701 ex
665 1641 898 1702 difficili
929 1641 1062 1702 loco
1093 1641 1448 1720 Augustini,
1483 1641 1644 1701 libro
1674 1645 1704 1700 1
1745 1639 1825 1701 ad
1867 1639 2123 1720 Simpli-

559 1735 830 1807 cianum,
862 1743 1078 1815 quoest.
1109 1737 1172 1810 2,
1225 1735 1387 1796 circa
1435 1734 1837 1814 principium,
1883 1733 1993 1794 ubi
2032 1734 2122 1795 sic

559 1829 648 1888 ait
678 1851 692 1888 ε
723 1831 807 1891 In
831 1830 1182 1911 quibusdam
1206 1833 1381 1893 tanta
1395 1835 1486 1891 cst
1505 1829 1716 1911 qratia
1737 1828 1902 1905 fidei,
1927 1845 2124 1908 quau-

563 1926 630 1984 ta
669 1939 788 1984 non
833 1925 1062 2002 sufficit
1117 1925 1200 1988 ad
1230 1923 1604 1986 obtinendum
1647 1939 1896 2004 requam
1956 1922 2125 1985 σωζο-

559 2033 724 2090 rum,
768 2019 928 2080 sicut
971 2020 1040 2080 in
1079 2018 1510 2090 catechumeno,
1541 2017 1701 2080 si'cut
1733 2017 1802 2078 ira
1849 2014 2123 2079 Cornelio

563 2115 880 2191 antequam
908 2118 1416 2176 sacramentorum
1433 2109 1902 2190 participatione
1926 2109 2121 2171 incor-

555 2208 884 2282 poraretur
902 2204 1200 2267 Ecclesiae
1221 2227 1247 2274 ‚·
1269 2205 1338 2264 in
1365 2203 1716 2282 quibusdam
1755 2207 1955 2264 autem
1984 2206 2119 2264 tan-

567 2297 632 2357 ta
655 2302 766 2368 est,
809 2303 880 2360 ut
901 2299 1040 2374 jam
1085 2297 1322 2376 corpori
1355 2294 1608 2367 Christi,
1648 2301 1708 2358 et
1747 2299 1955 2357 sancto
2004 2293 2123 2355 Dei

567 2391 783 2472 templo
817 2393 1172 2468 deputent-ur
1184 2415 1210 2463 ;
1239 2401 1302 2450 et
1345 2389 1509 2448 infra
1539 2407 1554 2448 :
1580 2389 1730 2453 Non
1757 2387 1955 2450 solum
1994 2403 2125 2448 cow-

567 2484 715 2564 cipi,
753 2486 860 2546 sed
885 2484 1064 2547 etiam
1082 2485 1256 2546 nasci
1281 2499 1430 2564 opus
1449 2484 1561 2553 cst,
1587 2487 1658 2542 ut
1679 2483 1762 2544 ati
1781 2482 1973 2542 vitam
1992 2496 2126 2558 per-

563 2577 844 2638 teniatwr
871 2583 1174 2640 (eternam.
1206 2577 1294 2635 Ex
1323 2593 1446 2654 quo
1494 2574 1629 2634 loco
1667 2573 1858 2652 aliqui
1908 2571 2128 2632 confir·-

565 2687 742 2730 mare
787 2670 1118 2730 voluerunt
1170 2667 1540 2729 sententiam
1591 2666 1776 2740 Cani,
1833 2666 1942 2726 sed
1992 2683 2124 2726 nou

565 2769 753 2836 recte,
801 2781 946 2822 cum
968 2761 1345 2840 Augustinus
1385 2767 1448 2822 et
1479 2761 1556 2821 de
1573 2759 2041 2834 catechumene,
2064 2764 2127 2820 et

568 2853 646 2914 de
683 2854 990 2934 baptismo
1037 2854 1347 2933 loquatur.
1407 2853 1639 2914 Auctor
1682 2869 1828 2912 vero
1863 2850 2007 2912 libri
2046 2850 2126 2912 de

568 2947 1005 3008 Ecclesiasticis
1031 2945 1448 3025 dogmatibus,
1485 2963 1539 3006 c.
1572 2946 1674 3019 74,
1703 2961 1784 3006 ex
1835 2943 1944 3005 illo
1989 2944 2127 3005 loco

567 3040 902 3118 Augustini
931 3041 1194 3101 assernit
1221 3037 1754 3112 catechumenum,
1796 3045 2129 3116 quantum·-

567 3133 664 3192 vis
695 3132 876 3193 bonis
903 3133 1182 3194 moribus
1209 3131 1564 3212 praeditum,
1595 3130 1650 3190 si
1671 3130 1973 3190 moriatur
1994 3129 2131 3190 abs-

569 3243 690 3304 que
717 3225 1026 3306 baptismo
1048 3226 1111 3285 in
1155 3243 1224 3286 re
1249 3231 1552 3304 suscepto,
1594 3240 1724 3284 non
1771 3229 2131 3282 consecutu-

569 3337 710 3380 rum
753 3323 948 3380 vitam
997 3329 1316 3380 veternam.
1396 3320 1504 3379 Est
1563 3323 1776 3378 tamen
1825 3315 2130 3376 sententia

571 3413 830 3473 omnino
859 3413 1030 3488 falsa,
1061 3420 1124 3474 et
1169 3419 1384 3474 contra
1423 3429 1673 3472 sensum
1711 3410 2017 3486 Ecclesiae,
2068 3415 2133 3470 et

570 3506 918 3583 Augustino
937 3525 1064 3567 non
1105 3505 1504 3584 imponenda.
1531 3505 1656 3565 Alii
1687 3504 1765 3565 de
1803 3503 1926 3564 fide
1968 3521 2135 3564 mor-

566 3605 680 3658 tua
697 3598 903 3658 locum
929 3598 1109 3659 illum
1142 3599 1649 3676 interpretantur,
1665 3597 1913 3658 sednon
1939 3600 2129 3671 recte,

570 3698 712 3752 'tum
749 3693 898 3771 quia
944 3691 1424 3754 catechumenus
1478 3691 1710 3753 habere
1757 3697 1959 3770 potest
2008 3707 2135 3750 non

573 3790 820 3845 tantum
871 3785 1060 3846 fidem
1116 3795 1452 3860 mortuam,
1505 3784 1612 3845 sed
1665 3785 1854 3845 etiam
1899 3782 2128 3858 vivam,

571 3885 644 3938 ut
681 3879 843 3940 clare
887 3879 1076 3939 sentit
1103 3879 1446 3940 Concilium
1473 3877 1933 3951 Tridentinum,
1981 3893 2129 3937 sess.

561 3973 640 4046 Β,
677 3989 730 4030 c.
765 3973 802 4032 7
819 3987 838 4049 3
869 3977 1007 4032 tum
1039 3972 1226 4032 etiam
1255 3971 1405 4051 qnia
1425 3971 1568 4032 lieet
1594 3971 1672 4031 de
1701 3970 1983 4032 Cornelio
2016 3970 2136 4031 du—

573 4065 762 4125 bitari
791 4066 1000 4144 possit,
1025 4071 1235 4126 utrum
1267 4063 1556 4126 habuerit
1581 4063 1768 4124 fidem
1793 4064 2001 4124 vivam
2024 4081 2135 4124 au-

569 4169 823 4238 tequam
875 4158 1120 4219 audiret
1159 4157 1658 4236 praedicationem
1716 4158 1903 4230 Petri,
1956 4155 2135 4216 dubi-

573 4252 692 4312 tari
731 4251 1136 4312 nihilominus
1183 4269 1308 4312 non
1346 4255 1546 4330 potest
1583 4250 1736 4330 quin
1795 4249 1968 4310 illam
2024 4249 2133 4309 ha-

571 4344 773 4404 buerit
797 4350 942 4405 ante
973 4345 1388 4423 receptionem
1415 4343 1738 4422 baptismi3
1775 4360 1922 4404 nam
1949 4347 2135 4402 antea

569 4438 890 4498 descendit
909 4437 1232 4498 visibiliter
1247 4437 1514 4516 Spiritus
1531 4437 1792 4497 Sanctus
1811 4436 1881 4494 in
1901 4435 2129 4514 ipsum,

573 4531 869 4592 Actorum
900 4535 1008 4607 113
1039 4531 1166 4590 imo
1201 4531 1388 4590 etiam
1417 4531 1551 4607 jam
1587 4535 1738 4589 tunc
1769 4527 2031 4589 habebat
2062 4526 2135 4587 fi-

571 4625 714 4684 dem
743 4624 1116 4704 explicitam.
1165 4624 1308 4684 Dico
1341 4641 1488 4702 crgo
1517 4623 1938 4700 Augustinum
1963 4619 2132 4700 loqui

565 4717 650 4777 de
675 4735 1064 4796 quacumque
1089 4716 1212 4777 fide
1241 4716 1384 4778 viva
1425 4715 1677 4776 obtenta
1717 4721 1864 4776 ante
1901 4713 2132 4794 baptis-

573 4827 776 4885 mum,
801 4810 949 4870 dicit
979 4817 1186 4870 tamen
1209 4826 1348 4869 eam
1381 4827 1508 4868 non
1533 4808 1814 4870 sufficere
1835 4807 1913 4867 ad
1937 4807 2128 4868 vitam

575 4911 894 4979 aeternam,
912 4909 1160 4982 propter
1176 4901 1602 4963 necessitatem
1621 4901 1934 4982 baptismi.
1958 4899 2130 4961 Unde

569 4997 1010 5074 intelligendus
1045 5001 1138 5056 est
1161 5013 1273 5075 per
1303 5015 1391 5070 se,
1423 5002 1486 5055 et
1513 4995 1762 5074 quando
1788 4994 2133 5074 baptismus

573 5091 840 5152 obtineri
891 5094 1088 5168 potest
1113 5105 1131 5151 z
1161 5089 1326 5151 idem
1361 5105 1526 5168 πει-30
1573 5087 1882 5168 judicium
1920 5092 2017 5148 est
2054 5086 2133 5147 de

571 5183 696 5244 fide
715 5183 1024 5262 explicita.

651 5278 754 5337 21.
785 5274 898 5338 Fit
925 5276 1082 5338 satis
1112 5277 1522 5354 fundamentis
1543 5276 1762 5357 positis
1781 5275 1850 5336 in
1869 5292 2040 5338 amn.
2063 5275 2124 5336 6.

567 5401 652 5416 -
675 5369 767 5429 Ex
808 5368 906 5428 his
931 5367 1112 5429 facile
1148 5369 1228 5430 ad
1273 5368 1681 5431 fundamenta
1706 5369 1972 5428 aliarum
1998 5367 2131 5448 opi·

562 5463 857 5537 nionum,
911 5467 1220 5540 quatenus
1269 5470 1496 5524 nostras
1539 5461 1788 5524 obstare
1827 5467 2125 5542 possunt,

976 325 1212 380 DISPUT.
1247 327 1353 380 ΧΠ.
1392 325 1472 378 DE
1504 325 1921 379 NECESSITATE
1956 326 2119 380 Ftnm
2150 327 2477 389 nummus
2510 326 2625 379 Est·
2656 327 2895 381 uantum
2928 329 3011 382 An
3042 327 3345 381 SALUTEM.
3464 369 3469 372 .

2196 427 2703 508 respondebitur;
2760 429 3119 490 testimonia
3177 430 3351 491 enim
3402 428 3729 510 Scripturas,

2198 539 2335 600 quoe
2350 521 2601 582 adducit
2626 520 2829 600 prima
2846 520 3179 596 sententia,
3203 521 3469 602 probant
3484 529 3733 588 nostram

2198 614 2447 674 tertiam
2490 613 2911 676 assertionem.
2944 615 3027 676 Ut
3062 621 3275 677 autem
3304 615 3502 692 magis
3524 623 3735 680 constet

2200 725 2331 770 non
2374 706 2618 768 obstare
2666 708 2884 787 primae
2910 708 3315 783 conclusioni,
3364 708 3507 768 addi
3555 717 3735 788 potest

2200 801 2486 881 quaedam
2506 818 2587 861 ex
2613 799 2737 860 iuis
2766 801 3139 864 testimoniis
3176 819 3313 862 esse
3366 799 3727 879 affirmativa,

2202 893 2434 954 scilicet
2462 909 2479 953 :
2504 895 2631 956 Per
2652 893 2833 974 fidem
2860 893 3093 958 Christi
3130 892 3431 958 credimus
3482 895 3701 958 salvari
3715 943 3735 972 ,

2201 985 2355 1050 Fide
2370 984 2711 1068 purificans
2736 988 2919 1050 corda
2942 1003 3169 1060 comm,
3216 993 3283 1048 et
3328 986 3568 1049 similia.
3616 989 3737 1052 Alia

2203 1087 2349 1142 sunt
2375 1081 2689 1160 negativa,
2714 1087 2823 1141 ut:
2854 1081 2995 1145 Non
3009 1087 3105 1144 cst
3130 1082 3309 1144 aliud
3328 1099 3539 1143 nomen
3554 1083 3736 1146 mm

2203 1175 2539 1238 hominibus
2556 1221 2575 1250 ‚
2618 1174 2735 1249 Qui
2760 1193 2879 1237 uon
2898 1176 3239 1252 crediderit,
3264 1182 3385 1237 etc.
3405 1174 3625 1252 Hiera,
3646 1197 3738 1257 per

2201 1287 2265 1330 se
2288 1287 2359 1330 ac
2384 1269 2636 1348 praecise
2660 1273 2933 1348 sumpta,
2964 1287 3090 1330 non
3138 1268 3411 1348 probant
3436 1271 3735 1330 necessita-

2200 1367 2347 1434 tem,
2368 1363 2473 1422 sed
2492 1362 2785 1422 virtutem
2806 1368 2871 1422 et
2894 1361 3234 1423 efficaciam
3256 1362 3437 1434 fidei3
3466 1369 3737 1441 quatenus

2201 1472 2350 1514 vero
2370 1471 2609 1534 semper
2630 1455 2709 1516 ad
2734 1455 2905 1516 hunc
2928 1455 3213 1516 effectum
3234 1455 3573 1534 requiritur
3584 1454 3735 1531 fides,

2202 1549 2349 1608 satis
2376 1548 2691 1609 indicatur
2708 1549 2843 1628 ejus
2874 1548 3229 1609 necessitas.
3263 1548 3375 1610 Illa
3398 1553 3603 1610 tamen
3626 1567 3733 1610 non

2200 1657 2443 1720 semper
2490 1640 2786 1701 tribuitur
2836 1640 3022 1702 modo
3074 1640 3221 1702 fidei
3278 1641 3599 1720 explicitae,
3646 1642 3737 1702 sed

2202 1733 2565 1812 simpliciter
2590 1733 2735 1804 fidei
2760 1733 3005 1796 Christi.
3036 1734 3235 1814 Magis
3249 1752 3405 1812 ergo
3430 1733 3593 1794 illam
3616 1753 3737 1796 sna-

2202 1827 2351 1888 dent
2377 1827 2501 1889 alia
2540 1827 2919 1902 testimonia,
2950 1845 3089 1908 quoe
3128 1827 3465 1888 includunt
3488 1829 3737 1905 negatio·

2202 1937 2347 1982 nem
2360 1936 2381 1998 3
2404 1926 2679 1982 attamen
2700 1921 2806 1982 illa
2822 1921 3011 1983 etiam
3026 1920 3579 1999 subdistinguenda
3592 1930 3733 1984 sunt.

2203 2015 2360 2076 Nam
2398 2015 2683 2094 quaedam
2736 2015 3079 2095 loquuntur
3122 2016 3445 2096 supposita
3480 2017 3739 2094 proedica-

2204 2108 2371 2168 tione
2396 2107 2569 2182 fidei,
2598 2113 2876 2188 respectu
2914 2108 3166 2168 illorum
3216 2108 3335 2187 qui
3380 2126 3517 2169 eam
3560 2107 3739 2168 audie·

2200 2210 2371 2274 runt,
2398 2205 2470 2260 ut
2494 2218 2635 2261 cum
2658 2201 2934 2262 Christus
2952 2201 3151 2263 dixit:
3184 2201 3531 2265 Proedicate
3554 2203 3739 2264 Evau-

2200 2291 2445 2374 9clium,
2474 2298 2618 2368 etc.,
2646 2300 2708 2354 et
2740 2301 2951 2372 postea
2994 2293 3203 2355 subdit
3222 2311 3243 2354 ι
3282 2293 3403 2366 Qui
3428 2311 3543 2356 m
3576 2293 3738 2357 credi·

2204 2387 2382 2459 derit,
2426 2395 2633 2465 aperte
2676 2386 2951 2465 loquitur
2997 2387 3074 2448 de
3108 2405 3241 2448 non
3296 2385 3581 2448 credente
3627 2393 3739 2465 post

2204 2481 2489 2541 auditum
2508 2479 2951 2559 &angelium
2980 2499 3055 2541 ac
3076 2479 3341 2560 proinde
3356 2497 3481 2540 non
3502 2480 3739 2560 loquitur

2204 2573 2283 2634 de
2332 2575 2609 2634 carentia
2635 2573 2781 2635 fidei
2822 2572 3127 2652 explicitas
3156 2591 3331 2634 mere
3360 2574 3637 2652 negativa
3662 2574 3738 2650 (nt

2203 2667 2291 2726 sic
2310 2666 2565 2746 dicam),
2589 2666 2695 2728 sed
2718 2665 3049 2746 privativa,
3074 2671 3140 2727 et
3164 2665 3488 2745 culpabili,
3515 2673 3734 2746 propter

2206 2777 2419 2838 quam,
2462 2761 2571 2839 qui
2626 2759 2799 2822 illam
2847 2759 3059 2836 hahet,
3104 2777 3357 2840 semper
3412 2759 3734 2834 damnatur,

2208 2854 2365 2914 sicut
2384 2854 2543 2915 dixit
2582 2855 2881 2929 Christus,
2907 2855 3089 2916 Joan.
3130 2857 3169 2918 3
3193 2875 3211 2916 :
3232 2854 3373 2930 aaz·
3424 2855 3737 2918 incredulus

2206 2952 2299 3010 cst
2313 2947 2469 3028 filio,
2498 2965 2619 3010 non
2636 2948 2857 3011 videbit
2882 2947 3093 3022 citam,
3116 2951 3226 3013 sed
3265 2951 3369 3012 ira
3404 2949 3521 3012 Dei
3566 2954 3737 3011 manet

2207 3057 2392 3121 super
2415 3041 2617 3120 ipsum
2636 3066 2661 3102 .·
2682 3047 2745 3102 et
2768 3040 2855 3102 ita
2878 3041 3011 3102 haec
3032 3042 3397 3103 testimonia
3424 3041 3613 3104 solum
3626 3057 3739 3121 pro·

2208 3132 2361 3194 bant
2384 3132 2572 3194 fidem
2600 3133 2951 3214 explicitam
2976 3134 3199 3196 Christi
3234 3153 3373 3197 esse
3404 3135 3473 3198 in
3524 3153 3587 3196 re
3628 3134 3737 3213 ipsa

2212 3226 2620 3286 necessariam
2648 3225 2746 3286 his
2770 3227 2881 3306 qui
2906 3227 3265 3289 babuerunt
3292 3228 3573 3290 auditum
3604 3227 3733 3306 ejus.
3829 3299 3830 3302 Ἴ

2208 3317 2349 3378 Alia
2376 3335 2525 3378 vero
2562 3319 2940 3395 testimonia,
2980 3321 3171 3382 etiam
3196 3321 3514 3399 negativa,
3542 3317 3739 3398 simpli·
3829 3377 3830 3380 ,

2210 3411 2366 3471 citer
2390 3409 2735 3491 loquuntur
2763 3411 2840 3473 de
2890 3412 3205 3489 omnibus,
3240 3421 3309 3476 et
3360 3431 3441 3476 ex
3484 3413 3577 3474 his
3602 3429 3737 3491 quae·

2210 3503 2355 3565 dam
2386 3503 2728 3584 loquuntur
2753 3504 2829 3566 de
2881 3505 3143 3585 ipsomet
3188 3506 3459 3580 Christe,
3484 3505 3737 3586 probant·
3829 3515 3830 3572 ξ

2212 3615 2335 3677 que
2382 3598 2811 3660 necessitatem
2866 3605 2931 3660 et
2984 3599 3285 3660 virtutem
3336 3599 3738 3678 redemptionis
3829 3667 3830 3670 Ἴ

2214 3693 2348 3772 ejus
2380 3695 2659 3771 respectu
2690 3691 2999 3765 omnium,
3040 3699 3115 3752 ut
3144 3699 3237 3754 est
3270 3693 3427 3754 illud
3458 3692 3633 3758 :Non
3666 3695 3738 3754 est
3829 3685 3830 3690 ’

2214 3785 2389 3848 aliud
2414 3803 2624 3848 nomen
2661 3786 2873 3848 datram
2894 3785 3257 3860 hominibus,
3282 3793 3403 3848 etc.
3448 3785 3577 3848 Alia
3616 3801 3737 3845 vero

2212 3877 2556 3958 loquuntur
2614 3877 2695 3938 de
2726 3877 3086 3940 necessitate
3130 3877 3385 3939 unionis
3450 3877 3527 3940 ad
3564 3877 3734 3958 ipsum

2216 3989 2327 4051 per
2374 3969 2586 4045 fidem,
2618 3976 2681 4032 et
2732 3969 2891 4046 haee,
2920 3970 3124 4050 quoad
3164 3970 3569 4033 substantiam
3596 3969 3733 4041 fidei,

2206 4062 2479 4145 'probant
2500 4064 2844 4125 absolutam
2872 4063 3328 4139 necessitatem,
3340 4070 3401 4126 et
3424 4064 3489 4124 in
3514 4081 3577 4124 re
3604 4063 3731 4141 ipsa3

2216 4157 2420 4237 quoad
2446 4157 2701 4218 modum
2728 4163 2939 4218 autem
2972 4155 3279 4235 explicitas
3316 4157 3483 4232 fidei,
3509 4155 3736 4236 probant
3829 4213 3830 4218 ,

2214 4251 2641 4312 necessitatem
2668 4269 2782 4330 per
2807 4269 2896 4326 se,
2952 4267 3025 4311 ac
3052 4250 3315 4330 proinde
3336 4251 3405 4311 in
3456 4267 3523 4311 re
3566 4249 3649 4309 vel
3680 4249 3735 4308 in

2214 4350 2381 4406 voto.
2893 4353 2901 4360 “

2294 4440 2393 4500 22.
2440 4437 2541 4501 Aa
2560 4437 2689 4500 alia
2710 4439 3103 4510 fundamus
3133 4436 3202 4498 in
3220 4435 3411 4501 'mm
3438 4433 3737 4514 7.-—Sym-

2214 4532 2409 4594 bolwm
2460 4530 2795 4594 Athanasii
2839 4532 3123 4612 quomodo
3178 4526 3739 4594 &edendnm—Ad

2210 4624 2478 4688 rationes
2525 4623 2591 4686 in
2643 4641 2705 4686 n.
2748 4625 3083 4685 8.-E1tra
3122 4624 3455 4685 Ecclesiam
3508 4639 3623 4681 non
3661 4623 3735 4678 est

2212 4717 2399 4789 salus,
2656 4717 2729 4780 do
2784 4717 3268 4798 intelliqendum.
3296 4749 3379 4764 —
3400 4717 3487 4778 Ad
3556 4711 3733 4774 Conci-

2212 4809 2366 4871 lium
2421 4736 2857 4871 iii-identinum
2900 4815 3028 4871 cert
3038 4828 3143 4872 um
3180 4816 3274 4872 oet
3320 4810 3389 4870 in
3432 4808 3535 4870 illo
3559 4823 3676 4884 cap.
3704 4804 3733 4860 'I

2210 4904 2553 4967 describere
2572 4921 2967 4966 communem
2996 4911 3060 4968 et
3088 4905 3474 4966 ordinarium
3510 4900 3729 4963 modum

2210 4995 2689 5077 justificationis,
2742 5015 2871 5059 non
2936 5005 3147 5059 tamen
3204 4996 3507 5078 postulare
3552 4991 3731 5054 omnia

2214 5109 2353 5170 quie
2418 5091 2587 5164 dicit,
2640 5097 2939 5170 tanquam
2986 5091 3349 5171 simpliciter
3396 5083 3723 5152 necessaria,

2215 5185 2553 5265 praesertim
2584 5185 2649 5246 in
2678 5201 2746 5245 re
2774 5185 2905 5264 ipsa
2933 5231 2953 5260 ,
2985 5201 3125 5264 quae
3172 5191 3270 5245 est
3312 5180 3637 5246 communis
3679 5181 3727 5234 et

2208 5277 2483 5354 vulgaris
2508 5277 2956 5356 interpretatio.
3010 5278 3213 5338 Minus
3261 5283 3465 5338 autem
3500 5270 3726 5352 probant

2206 5370 2397 5431 verba
2432 5369 2697 5431 adducta
2743 5387 2817 5430 ex
2870 5369 3155 5449 symbolo
3206 5367 3555 5443 Atliauasii3
3604 5377 3724 5422 nam

2208 5463 2343 5524 sine
2366 5462 2557 5524 dubio
2586 5462 2782 5524 multo
2828 5463 3027 5544 magis
3076 5463 3364 5544 explicite
3404 5455 3725 5542 proponitur
