3900 6217
527 418 648 478 542

527 522 735 584 vando
759 521 1007 602 culpam
1025 523 1512 604 independenter
1529 544 1567 588 a
1593 545 1871 601 censura,
1896 528 1984 588 ita
2014 531 2087 588 ut

527 617 809 694 quamvis
841 616 1192 678 obtineatur
1235 618 1542 681 absolutio
1581 639 1619 681 a
1664 637 1943 696 censura,
1991 621 2088 681 ni-

526 708 868 771 hilominus
917 711 1249 771 reservatio
1304 712 1498 791 culpoe
1551 713 1754 788 duret,
1803 714 1967 794 quod
2020 714 2086 775 in

527 802 1194 881 papalireservatione
1220 821 1346 864 non
1388 805 1480 866 ita
1527 814 1640 883 est,
1681 813 1754 866 ut
1803 813 2086 868 auctores

529 895 700 957 citati
725 914 942 957 omnes
967 897 1210 958 docent.
1247 897 1378 958 lmo
1414 899 1612 960 solent
1639 900 1832 979 aliqui
1857 903 2088 980 episco-

528 989 592 1068 pi
623 990 812 1051 etiam
857 989 1138 1052 haeresim
1179 991 1514 1053 mentalem
1540 1011 1876 1068 reservare,
1919 993 2084 1072 quod

527 1083 779 1162 quidem
809 1085 874 1145 in
905 1101 1150 1146 summo
1179 1085 1558 1164 rigorejuris
1579 1086 1784 1148 facere
1804 1093 2083 1167 possunt,

523 1176 672 1255 quia
693 1177 1028 1242 reservatio
1051 1196 1180 1239 non
1207 1185 1298 1239 est
1323 1197 1472 1240 usus
1506 1179 1956 1259 jurisdictionis
1984 1197 2087 1241 ex⁷

525 1268 690 1330 terni
729 1269 873 1344 fori,
911 1269 1016 1331 scd
1071 1276 1162 1332 est
1215 1270 1444 1332 ablatio
1474 1271 1922 1351 jurisdictionis
1974 1289 2087 1352 pro

525 1360 660 1422 foro
681 1363 1134 1440 sacramentali,
1166 1383 1354 1444 quam
1388 1365 1720 1445 Episcopus
1753 1365 1911 1427 sicut
1937 1365 2087 1428 dare

528 1459 753 1532 potest,
785 1455 876 1517 ita
911 1457 1098 1518 etiam
1129 1457 1391 1520 auferre.
1424 1459 1842 1520 Nihilominus
1871 1465 2085 1521 tamen

533 1554 810 1610 auctores
865 1551 1280 1612 communiter
1325 1569 1454 1612 nou
1501 1553 1852 1628 consulunt,
1883 1570 2085 1632 neque

533 1638 791 1704 laudant
835 1642 1019 1703 talem
1063 1645 1538 1706 reservationem
1567 1650 1814 1726 propter
1844 1647 2085 1706 anima-

525 1751 667 1796 rum
714 1734 1057 1815 perieulum
1073 1751 1092 1812 3
1146 1755 1294 1797 nam
1347 1745 1520 1799 actus
1565 1740 1909 1816 interiores,
1965 1738 2085 1800 sre-

525 1834 778 1906 quentes
803 1839 866 1890 et
891 1829 1138 1891 molesti
1168 1839 1336 1909 sunt,
1361 1838 1426 1893 et
1443 1831 1687 1894 difficile
1705 1849 2086 1911 cognoscun-

525 1927 648 1983 tur.
709 1923 785 1983 Et
833 1922 923 1983 ita
965 1925 1154 1984 etiam
1189 1943 1307 2003 ego
1357 1926 1537 1986 credo
1567 1925 1934 2006 regulariter
1959 1943 2086 1986 non

525 2015 832 2094 expedire.
884 2015 948 2077 Si
989 2021 1198 2077 autem
1237 2017 1464 2078 alicubi
1499 2017 1628 2092 fiat,
1657 2037 1784 2080 non
1830 2018 2081 2094 damno,

527 2110 675 2187 quia
703 2115 957 2188 possunt
995 2109 1394 2189 particulares
1422 2127 1622 2172 causae
1658 2111 1736 2172 ad
1789 2111 1851 2172 id
1901 2111 2088 2172 indu-

529 2218 690 2262 cere.

605 2297 662 2358 3.
708 2295 1272 2359 Eoeoommunicatio
1333 2295 1399 2359 ob
1465 2285 1742 2362 mrem
1808 2315 1969 2362 nuno
2019 2298 2088 2359 in

521 2387 716 2450 Bulla
767 2387 960 2452 Gaenoe
998 2396 1346 2452 roseo-natm·
1369 2439 1390 2463 ,
1425 2391 1568 2453 olim
1607 2392 1803 2453 solum
1830 2409 2085 2455 commo-

522 2483 624 2543 m‘o
645 2481 1068 2546 Encelado-istim
1107 2483 1436 2546 vetabatur.
1465 2513 1547 2529 -
1569 2485 1650 2545 At
1681 2503 1828 2546 vero
1863 2486 1940 2547 de
1978 2503 2085 2547 ex·

525 2576 1084 2638 communicatione
1129 2576 1207 2638 ob
1259 2576 1549 2636 hoeresim
1579 2583 1920 2654 externam,
1954 2595 2086 2639 cer-

523 2677 660 2727 tum
687 2675 778 2728 est
799 2686 926 2730 esse
949 2669 1206 2730 Summo
1226 2668 1508 2730 Pontifici
1536 2677 1935 2745 reservatam,
1957 2689 2084 2732 non

527 2761 776 2838 quidem
805 2762 1063 2841 antiquo
1089 2779 1197 2822 seu
1253 2762 1569 2822 communi
1602 2761 1768 2840 jure,
1800 2764 1965 2842 quod
2012 2764 2077 2824 in

523 2869 779 2934 corpore
820 2854 980 2932 juris
1031 2855 1312 2916 canonici
1364 2855 1756 2930 inveniatur,
1815 2857 1920 2916 sed
1969 2874 2079 2936 per

521 2945 762 3007 Bullam
795 2947 998 3007 Coenae
1049 2948 1316 3008 Domini.
1361 2947 1533 3008 Unde
1571 2947 1733 3008 circa
1773 2948 1878 3026 jus
1917 2949 2081 3009 anti-

524 3059 742 3120 quum,
801 3041 1123 3102 advertere
1182 3047 1427 3120 oportet
1476 3039 1624 3100 olim
1669 3046 1923 3120 propter
1963 3043 2079 3102 hoc

523 3132 816 3194 delictum
864 3133 1216 3212 impositam
1249 3133 1436 3194 fuisse
1484 3133 1668 3213 lapsis
1717 3139 2080 3213 perpetuam

523 3225 980 3286 communionis
1003 3227 1438 3305 privationem,
1471 3228 1556 3287 ita
1575 3233 1648 3287 ut
1667 3227 1858 3288 etiam
1884 3225 1952 3285 in
1980 3243 2081 3287 ar-

525 3318 715 3380 ticulo
747 3321 964 3380 mortis
997 3319 1086 3380 eis
1117 3337 1244 3380 non
1275 3319 1549 3396 daretur,
1588 3319 1874 3400 quamvis
1929 3321 2081 3380 resi-

521 3413 851 3492 piscerent,
909 3420 980 3473 ut
1023 3418 1258 3473 constat
1291 3429 1368 3473 ex
1401 3411 1670 3473 Concilio
1709 3411 2076 3488 Arelatensi,

525 3524 580 3568 c.
611 3505 712 3582 23,
735 3513 798 3567 et
821 3505 1093 3567 Concilio
1121 3505 1484 3581 Elibertina,
1526 3523 1663 3566 can.
1701 3507 1728 3564 1
1782 3511 1844 3567 et
1877 3506 1938 3579 3,
1973 3503 2081 3566 ubi

523 3599 897 3660 Ferdinand.
924 3600 1241 3662 Mendoaea
1267 3598 1467 3659 multa
1499 3597 1578 3658 de
1615 3597 1731 3658 hac
1758 3603 2083 3659 consuetu-

521 3692 670 3754 dine
697 3693 992 3772 congerit.
1029 3693 1138 3754 Illa
1167 3711 1314 3754 vero
1340 3691 1791 3752 communionis
1817 3691 2081 3770 privatio

523 3804 650 3846 non
709 3793 844 3848 erat
899 3803 1050 3848 vera
1111 3784 1708 3859 excommunicati03
1757 3801 2082 3863 nunquam

525 3881 695 3940 enim
753 3879 1020 3941 Ecclesia
1059 3878 1339 3960 permisit
1395 3876 1643 3937 fidelem
1675 3877 2080 3956 poenitentem

523 3973 814 4034 decedere
835 3973 1460 4048 excommunicatum,
1483 3971 1535 4032 si
1557 3972 1739 4032 detur
1765 3972 1941 4050 copia
1966 3973 2081 4032 mi·-

523 4067 704 4126 nistri
751 4067 862 4146 qui
897 4068 1088 4147 possit
1117 4067 1435 4128 hominem
1473 4065 1841 4125 morientem
1869 4081 2077 4124 recon-

524 4161 771 4238 ciliare3
801 4160 910 4222 sed
949 4167 1082 4222 erat
1107 4160 1374 4240 privatio
1401 4157 1592 4219 solius
1620 4157 2080 4218 sacramentalis

523 4254 1003 4329 communionis,
1035 4260 1104 4315 ut
1131 4253 1333 4314 dictus
1365 4257 1578 4312 auctor
1604 4250 1762 4312 bene
1788 4249 2077 4329 explicat,

526 4353 590 4407 et
643 4352 852 4425 aperte
903 4346 1213 4424 colligitur
1265 4363 1341 4407 ex
1371 4361 1506 4405 cau.
1554 4347 1615 4418 3,
1650 4343 1749 4417 18,
1783 4345 1862 4402 47
1895 4349 1959 4403 et
2002 4344 2083 4404 48

526 4438 803 4518 ejusdem
831 4438 1086 4499 Concilii
1120 4437 1464 4499 Elibertini.
1497 4437 1573 4496 Et
1594 4436 1711 4497 hoc
1733 4436 1921 4496 etiam
1951 4453 2086 4497 mo-

524 4532 606 4592 do
635 4537 768 4592 erat
811 4547 944 4592 mos
975 4531 1082 4594 ille
1109 4533 1256 4593 satis
1283 4532 1614 4610 rigorosus,
1645 4527 1787 4588 licet
1829 4527 2084 4588 fortasse

526 4622 648 4684 illis
675 4623 1060 4704 temporibus
1103 4622 1494 4697 conveniens,
1535 4628 1598 4682 et
1637 4619 1778 4681 ideo
1803 4620 2083 4680 discursu

524 4719 818 4796 temporis
853 4717 1202 4778 moderatus
1244 4716 1342 4777 vel
1377 4714 1619 4777 ablatus
1649 4719 1762 4790 est,
1801 4719 1876 4774 ut
1929 4713 2086 4772 dixit

527 4811 920 4873 Innocentius
940 4811 991 4888 I,
1021 4812 1088 4873 in
1117 4813 1296 4892 epist.
1329 4811 1368 4871 3
1389 4810 1467 4871 ad
1498 4808 1900 4888 Exuperium,
1932 4825 1987 4867 c.
2022 4809 2078 4867 1.

528 4905 704 4967 Unde
745 4905 996 4967 Sil-icius
1035 4907 1220 4985 Papa,
1248 4905 1314 4966 in
1351 4904 1528 4983 epist.
1563 4907 1623 4978 1,
1649 4901 1929 4981 permisit
1949 4899 2085 4961 dari

527 4998 1030 5060 communionem
1058 4995 1554 5077 resipiscentibus
1590 4994 1670 5056 ab
1695 4992 1938 5068 haeresi,
1966 4992 2085 5053 sal-

526 5096 656 5151 tem
697 5091 764 5152 in
791 5091 1048 5154 articulo
1086 5092 1301 5151 mortis
1312 5105 1334 5167 3
1365 5095 1427 5150 et
1461 5089 1696 5149 dictum
1741 5086 2081 5147 Concilium

529 5181 879 5259 Elibertin.,
909 5201 1046 5245 can.
1087 5185 1191 5259 22,
1227 5184 1288 5243 id
1346 5180 1627 5242 concedit
1666 5185 1802 5258 post
1863 5177 2084 5238 decen-

529 5275 708 5335 nium
727 5293 766 5336 a
787 5284 1036 5354 paracta
1059 5275 1440 5355 poenitentia.
1470 5274 1684 5333 Postea
1711 5289 1856 5332 vero
1884 5277 2085 5330 totum

529 5367 646 5428 hoc
674 5370 990 5448 negotium
1027 5368 1341 5448 Episcopis
1383 5367 1780 5427 commissum
1814 5363 2081 5438 videtur,

530 5465 832 5539 tanquam
859 5461 1187 5521 ordinariis
1205 5459 1514 5539 judici-bus
1532 5459 1719 5537 hujus
1753 5457 1985 5530 delicti,
2016 5461 2089 5516 ut

536 5554 813 5614 sentiunt
837 5553 1176 5629 CarreriuS,
1211 5555 1277 5614 in
1309 5559 1484 5616 tract.
1519 5553 1596 5615 de
1624 5552 1876 5628 Haeret.,
1902 5568 2081 5612 num.

1251 423 1487 481 msth‘r.
1521 427 1649 481 XXI.
1685 430 1766 482 DE
1799 429 2003 481 1>OEle
2034 429 2497 484 SPIRITUALIBUS
2527 427 2996 482 nAERETiconuu.

2167 529 2247 589 70
2274 535 2335 589 et
2371 534 2679 608 sequent.)
2720 531 2783 589 et
2814 527 3110 602 Simanc„
3148 527 3244 588 tit.
3287 529 3349 602 3,
3396 535 3456 590 et
3480 529 3683 607 Cajeta·

2167 639 2309 696 nus,
2340 623 2405 683 in
2426 624 2625 698 Sum„
2656 619 2847 680 verbo
2874 619 3459 697 Bet-communicatio,
3488 639 3605 702 cap.
3632 626 3683 697 1,

2167 723 2228 778 et
2278 716 2545 776 sumitur
2588 732 2666 775 ex
2712 713 2897 792 capit.
2954 712 3372 792 Presbyteros,
3419 711 3546 774 dist.
3600 717 3683 790 50,

2166 808 2331 888 quod
2359 808 2427 869 in
2456 808 2587 868 foro
2600 806 2878 886 judiciali
2901 811 2963 866 et
2985 811 3237 867 externo
3260 805 3430 886 loqui
3451 805 3682 871 videtur.

2166 901 2499 981 Loquendo
2530 905 2741 961 autem
2788 899 2866 960 de
2908 899 3045 959 foro
3096 899 3500 971 conscientias,
3542 901 3689 962 nulla

2168 995 2417 1075 propria
2449 993 2783 1055 reservatio
2808 993 2913 1071 huj
2922 1011 2995 1052 us
3048 1009 3327 1053 censurae
3368 993 3434 1052 in
3470 1011 3689 1072 corpore

2163 1085 2321 1165 juris
2350 1085 2691 1161 invenitur,
2718 1091 2790 1144 ut
2812 1090 2985 1164 patet
3034 1101 3113 1146 ex
3158 1101 3291 1164 cap.
3322 1085 3688 1160 Dameam,

2171 1182 2201 1240 1
2235 1183 2299 1239 et
2324 1181 2365 1239 2
2392 1178 2469 1240 de
2497 1179 2747 1248 Haeret„
2780 1185 2843 1239 et
2880 1195 2957 1239 ex
2986 1195 3119 1258 cap.
3170 1177 3253 1242 m
3288 1176 3564 1254 officium,
3607 1197 3693 1240 eo-

2168 1272 2311 1332 dem
2342 1273 2469 1346 tit.,
2504 1273 2573 1332 in
2600 1271 2661 1334 6.
2692 1269 3109 1333 Nihilominus
3134 1277 3350 1331 tamen
3394 1272 3691 1332 reservatio

2168 1381 2305 1444 quse
2346 1362 2416 1424 flt
2441 1366 2506 1424 in
2541 1363 2717 1425 Bulla
2742 1363 2968 1440 Coenae,
2994 1364 3128 1443 jam
3156 1367 3249 1424 est
3274 1363 3423 1423 satis
3444 1362 3689 1443 antiqua,

2166 1465 2229 1519 et
2265 1459 2393 1517 vim
2420 1456 2610 1520 habet
2630 1458 2791 1536 juris
2812 1457 3178 1531 communis,
3214 1459 3280 1516 et
3320 1455 3569 1516 omnino
3588 1473 3692 1516 ser·

2164 1550 2371 1612 vanda
2422 1557 2535 1627 est,
2592 1551 2748 1611 sicut
2792 1550 3063 1630 rigorose
3100 1555 3402 1610 servatur.
3436 1547 3599 1608 Unde
3634 1546 3693 1608 tit

2162 1649 2234 1704 ut
2271 1643 2481 1704 nullus
2516 1649 2737 1722 praeter
2790 1643 3137 1704 Romanum
3186 1639 3565 1714 Pontificem,
3613 1643 3693 1702 cui

2164 1737 2297 1797 haec
2318 1735 2650 1796 reservatio
2674 1735 2767 1810 fit,
2792 1737 2979 1813 possit
3003 1734 3081 1794 ab
3107 1734 3223 1794 hac
3242 1751 3503 1794 censura
3526 1733 3691 1793 absol-

2163 1847 2331 1906 vere,
2352 1848 2429 1892 ex
2452 1830 2695 1891 defectu
2713 1817 3177 1909 jurisdictionis,
3200 1834 3263 1888 et
3284 1835 3695 1906 consequenter

2166 1943 2366 2004 neque
2416 1942 2455 1984 a
2482 1923 2683 2002 culpa,
2723 1924 2901 2001 juxta
2952 1921 3115 1982 dicta
3140 1923 3206 1981 in
3246 1921 3441 2001 priori
3472 1928 3690 2000 puncto,

2166 2018 2331 2099 quod
2360 2018 2727 2096 intelligitur
2774 2017 2853 2077 de
2908 2015 3087 2094 culpa
3126 2013 3383 2075 haeresis
3420 2021 3692 2094 externae3

2168 2129 2317 2172 nam
2356 2129 2467 2190 per
2491 2110 2825 2172 mentalem
2852 2125 2980 2169 non
3006 2107 3357 2168 incurritur
3380 2123 3697 2168 excommu-

2167 2206 2421 2292 nicatio,
2453 2211 2524 2265 ut
2559 2203 2855 2278 diximus,
2884 2207 2947 2262 et
2986 2201 3127 2262 ideo
3164 2199 3283 2260 sub
3315 2199 3423 2262 1118
3460 2217 3696 2262 reserva-

2168 2299 2337 2360 tione
2365 2315 2489 2358 non
2526 2293 3093 2376 comprehenditur.

2247 2394 2307 2452 4.
2340 2391 2948 2471 Primmpwnccum,
2982 2389 3051 2451 de
3072 2387 3513 2470 Episcopise-
3526 2387 3699 2446 Potest

2165 2491 2374 2546 autem
2416 2483 2698 2546 Pontifex
2752 2481 2890 2543 aliis
2942 2483 3331 2542 committere
3366 2485 3697 2560 potestatem

2164 2577 2523 2639 absolvendi
2564 2577 2644 2638 ab
2681 2577 2799 2636 hac
2838 2591 3119 2649 censura,
3168 2579 3229 2634 et
3272 2574 3384 2653 qni
3420 2569 3582 2632 iilam
3609 2569 3697 2631 ha-

2164 2669 2392 2746 buerit,
2439 2673 2884 2748 consequenter
2928 2665 3247 2728 absolvere
3304 2665 3548 2746 poterit.
3600 2665 3698 2724 Nec

2160 2765 2236 2825 de
2288 2768 2585 2844 potestate
2644 2767 2738 2824 est
2776 2760 3130 2822 difficultas
3185 2759 3459 2820 Dubium
3515 2761 3695 2817 autem

2162 2863 2255 2918 est
2280 2858 2347 2918 in
2374 2855 2595 2936 quibus
2615 2853 2855 2916 casibus
2874 2853 2973 2914 vel
2998 2853 3224 2934 quibus
3246 2852 3525 2933 personis
3546 2851 3699 2910 detur

2159 2951 2293 3011 haec
2341 2949 2599 3011 facultas
2654 2947 3013 3009 absolvendi
3067 2947 3147 3007 ab
3190 2947 3447 3024 haeresi3
3502 2945 3564 3005 in
3592 2961 3693 3023 quo

2161 3049 2427 3123 quatuor
2440 3047 2670 3122 puncta
2692 3041 2965 3102 breviter
2988 3039 3355 3120 explicanda
3373 3050 3690 3099 occurrunt.

2162 3135 2438 3196 Primum
2470 3140 2560 3195 est
2586 3133 2662 3194 de
2688 3131 2983 3194 facultate
3010 3151 3150 3213 quae
3196 3133 3384 3193 datur
3416 3129 3695 3210 Episcopis

2160 3228 2229 3288 in
2276 3227 2546 3289 Concilio
2609 3226 2990 3301 TridentinO,
3024 3241 3170 3286 sess.
3222 3225 3332 3301 24,
3382 3243 3511 3304 cap.
3556 3223 3594 3283 6
3633 3223 3694 3282 de

2161 3320 2524 3395 Reformat„
2554 3325 2625 3380 ut
2648 3319 2882 3398 possint
2915 3317 3227 3379 absolvere
3270 3317 3353 3377 ab
3388 3316 3553 3376 omni
3580 3331 3695 3375 cen-

2160 3431 2303 3474 sura
2324 3412 2603 3473 occulta:
2651 3413 2735 3474 In
2761 3416 2895 3492 soro
2943 3414 3183 3474 tantum
3213 3409 3584 3474 conscientie
3600 3425 3696 3487 per

2161 3523 2245 3580 se,
2295 3505 2389 3568 vel
2426 3521 2541 3586 per
2592 3503 2923 3579 vicarium,
2955 3519 3130 3565 suum
3159 3503 3243 3566 ad
3298 3503 3370 3564 id
3389 3499 3697 3581 specialita-

2163 3599 2559 3677 deputandum
2576 3619 2603 3668 ‚·
2626 3602 2691 3656 et
2721 3595 3001 3656 additur:
3031 3594 3252 3657 Etiam
3288 3595 3363 3656 ab
3396 3592 3599 3655 hoeresi
3622 3608 3698 3652 oc-

2164 3692 2332 3755 culta
2368 3687 2482 3771 pbr
2528 3706 2595 3752 eo
2644 3693 2908 3763 tantum,
2954 3693 3013 3752 et
3060 3705 3181 3750 non
3220 3705 3337 3769 per
3393 3685 3689 3753 Viam-ium.

2162 3784 2337 3858 Quod
2386 3785 2700 3845 decretum
2741 3783 2985 3860 integre
3033 3787 3095 3842 et
3132 3783 3309 3842 docte
3360 3779 3611 3860 explicat
3640 3779 3693 3836 in

2161 3877 2278 3938 hac
2291 3877 2551 3938 materia
2578 3877 2786 3949 Sanc„
2805 3875 2969 3935 dicto
2993 3873 3039 3936 l.
3069 3876 3132 3949 2,
3156 3889 3293 3954 cap.
3321 3876 3420 3934 11.
3444 3871 3555 3932 Sed
3574 3867 3695 3948 quia

2161 3971 2425 4031 materia
2450 3969 2585 4049 ejus
2613 3967 2957 4030 communis
3006 3973 3099 4028 est
3124 3967 3205 4027 ad
3234 3967 3361 4026 alia
3408 3963 3616 4024 delicta
3644 3965 3693 4020 et

2158 4079 2473 4137 censuras,
2506 4061 2727 4122 omitto
2762 4059 2871 4121 illa
2906 4077 3046 4138 quae
3082 4057 3402 4137 generalia
3422 4061 3583 4129 sunt,
3630 4052 3691 4111 de

2158 4156 2383 4235 quibus
2408 4155 2538 4216 dixi
2556 4155 2623 4214 in
2645 4159 2801 4215 tom.
2830 4153 2893 4225 4,
2920 4151 3075 4232 disp.
3106 4153 3209 4227 30,
3235 4153 3457 4223 sect.2,
3486 4155 3542 4211 et
3562 4153 3685 4206 tom.

2160 4251 2221 4324 5,
2266 4249 2421 4328 disp.
2446 4251 2549 4324 41,
2578 4252 2724 4308 sect.
2754 4248 2819 4306 2.
2846 4245 2961 4305 Hic
2988 4251 3198 4306 autem
3224 4245 3375 4320 tria,
3406 4259 3537 4322 quae
3572 4242 3691 4300 sunt

2165 4341 2363 4419 magis
2391 4341 2663 4420 propria,
2695 4337 3037 4400 declarabo.

2245 4437 2303 4495 5.
2348 4433 2663 4514 Episcopi,
2707 4449 2781 4495 0oe
2812 4431 2877 4495 vi
2907 4427 3277 4504 lli-identiozi,
3340 4445 3458 4492 non
3494 4425 3690 4490 astrin-

2161 4531 2394 4610 ffimtm·
2420 4528 2503 4588 ad
2520 4525 2841 4588 tollendam
2864 4525 3019 4587 hano
3042 4539 3361 4587 censuram
3396 4522 3475 4586 ad
3517 4531 3689 4581 saera·

2164 4624 2429 4684 mentum
2443 4618 2833 4700 penitentiae.
2864 4649 2947 4664 --
2966 4617 3172 4677 Primo
3198 4617 3396 4694 igitur
3416 4612 3689 4692 explican-

2164 4712 2313 4773 dum
2365 4719 2458 4773 est
2498 4709 2655 4771 illud
2699 4708 2985 4785 verbum,
3024 4711 3094 4772 in
3141 4713 3273 4786 foro
3328 4701 3683 4772 couscientia,

2165 4805 2352 4886 quod,
2380 4804 2525 4867 licet
2554 4806 2634 4864 sit
2666 4819 2997 4864 commune
3042 4801 3182 4862 aliis
3204 4801 3463 4873 delictis,
3490 4799 3555 4856 in
3594 4793 3689 4852 hoc

2162 4898 2505 4977 specialiter
2535 4904 2628 4958 est
2664 4896 3198 4958 considerandum.
3228 4895 3386 4955 Nam
3419 4907 3525 4972 per
3556 4881 3689 4947 illud

2162 5009 2291 5052 non
2314 4990 2709 5069 restringitur
2738 4989 2847 5050 illa
2868 4988 3151 5064 facultas,
3178 4993 3251 5048 ut
3287 4981 3559 5065 Episcopi
3580 4993 3689 5037 non

2164 5085 2395 5165 possint
2440 5083 2549 5144 illa
2594 5084 2711 5158 uti,
2760 5083 2884 5143 nisi
2914 5083 2982 5142 in
3011 5077 3437 5142 sacramentali
3470 5075 3609 5145 foro,
3638 5071 3689 5129 et

2166 5179 2481 5258 proemissa
2514 5175 2931 5252 contessione3
2982 5175 3133 5254 quia
3184 5170 3487 5253 imprimis
3524 5161 3691 5225 verba

2166 5273 2233 5330 in
2264 5271 2467 5349 rigore
2491 5268 2609 5330 hoc
2636 5285 2763 5328 non
2790 5265 3167 5346 significant,
3194 5274 3259 5327 et
3276 5280 3399 5326 non
3418 5264 3553 5323 sunt
3573 5256 3687 5316 sine

2168 5381 2347 5424 causa
2375 5361 2825 5441 restringenda.
2859 5360 3092 5421 Deinde
3112 5359 3260 5438 quia
3290 5351 3577 5418 absolutio
3618 5344 3685 5405 ab

2168 5455 2275 5518 illa
2302 5473 2559 5517 censura
2586 5459 2787 5534 potest
2810 5452 2948 5514 dari
2964 5451 3098 5512 sine
3120 5450 3329 5511 absolu
3338 5448 3492 5509 tione
3522 5459 3555 5500 a
3577 5435 3685 5498 cul-

2166 5567 2281 5630 pa3
2308 5566 2459 5628 ergo
2498 5565 2624 5608 non
2654 5553 2747 5608 est
2786 5563 2899 5606 cur
2939 5544 3242 5606 limitetur
3266 5542 3344 5604 ad
3376 5547 3687 5600 sacramen·
