3900 6217
746 365 914 418 SECT.
952 366 1056 419 vn.
1094 366 1173 418 DE
1206 364 1369 418 ACTU
1402 363 1671 418 vomunt
1704 363 2008 426 CREDERE,
2039 363 2118 416 ET
2153 363 2234 416 DE
2265 363 2407 418 Esus
2441 364 2808 428 noaALmUS,
2843 365 2978 419 E‘rc,

236 469 343 524 tus
382 469 679 526 externus
722 463 797 524 ad
856 465 1173 526 internum
1192 509 1213 539 ‚
1270 471 1333 526 et
1388 465 1529 527 ideo
1569 463 1649 526 ab
1705 463 1813 526 illa

237 557 541 638 pradicto
565 557 751 619 modo
782 556 1242 620 denominatur.

330 651 427 712 lo.
473 649 809 715 Dubium
846 669 931 714 aa
964 657 1141 716 actus
1182 652 1456 716 credendi
1474 652 1681 735 possit
1718 653 1813 714 iu·

238 745 484 807 hone-m
508 743 1085 826 fieri.-Cajetaaus
1112 749 1171 809 et
1210 743 1323 808 atii
1350 747 1689 826 affirmant,
1718 761 1813 808 eo-

236 855 497 920 rumque
520 839 951 901 ratim—Hinc
974 837 1177 899 oritur
1202 837 1489 910 dubium,
1518 838 1685 918 quod
1712 837 1815 898 hic

238 934 499 993 tractari
546 931 735 1007 solet,
788 949 871 992 an
922 937 1103 993 actus
1154 930 1449 992 credendi
1498 931 1812 992 interdum

238 1026 437 1106 possit
472 1043 605 1088 esse
651 1025 1118 1104 peccaminosns
1164 1031 1229 1086 et
1273 1024 1495 1100 malus,
1528 1024 1695 1104 quod
1722 1029 1815 1084 at-

242 1119 499 1198 tingens
516 1119 865 1199 Cajetanns,
884 1121 946 1180 2.
970 1121 1033 1195 2,
1058 1137 1121 1199 q.
1150 1121 1213 1192 5,
1230 1135 1291 1180 a.
1308 1121 1371 1196 2,
1390 1121 1524 1180 etl.
1544 1121 1687 1199 2,q.
1706 1121 1810 1195 55,

238 1217 363 1272 art.
392 1214 455 1283 4,
476 1211 749 1274 affirmat
772 1231 947 1292 posse
966 1223 1175 1274 actum
1196 1211 1343 1272 fidei
1370 1213 1643 1274 exercen'
1668 1229 1813 1272 cum

236 1311 521 1382 peceato,
546 1305 713 1384 qnod
742 1305 923 1366 multi
950 1323 1030 1367 ex
1056 1305 1417 1368 Ductoribus
1442 1317 1810 1386 sequuntur,

234 1396 305 1456 in
334 1397 573 1476 quibus
604 1405 699 1460 est
732 1397 981 1460 Medina
1012 1400 1070 1458 1.
1100 1399 1163 1470 2,
1204 1417 1267 1478 q.
1302 1399 1403 1473 56,
1434 1399 1611 1458 artic.
1642 1399 1706 1472 3,
1732 1396 1813 1457 ad

230 1487 349 1550 fin.
378 1491 565 1552 Ratio
592 1497 801 1552 autem
828 1497 943 1566 est,
970 1491 1120 1570 quia
1148 1489 1359 1552 nullus
1386 1495 1481 1550 est
1508 1495 1685 1550 actus
1710 1507 1815 1550 ex·

232 1589 460 1646 termis
486 1586 579 1644 ita
606 1583 683 1646 de
710 1601 775 1646 se
812 1583 1035 1659 bonus,
1062 1584 1220 1663 quin
1260 1585 1451 1663 possit
1490 1583 1652 1644 male
1680 1580 1815 1644 {ieri

232 1679 285 1738 si
330 1695 465 1738 non
496 1678 707 1740 debito
744 1677 899 1752 fine,
938 1683 1001 1740 et
1038 1694 1183 1739 cum
1218 1677 1529 1756 requisitis
1552 1677 1815 1738 eircum-

234 1773 489 1833 stantiis
528 1773 673 1850 flat3
702 1771 807 1834 sed
840 1778 1014 1832 actus
1054 1771 1349 1832 credendi
1394 1787 1521 1830 non
1546 1776 1640 1831 est
1681 1768 1811 1831 for·

232 1865 489 1928 maliter
534 1865 753 1940 bonus,
790 1865 911 1926 nisi
946 1871 1246 1946 tanquam
1286 1865 1561 1926 exterior
1606 1870 1809 1941 actus3

200 2009 213 2017 .
234 1975 391 2037 ergo
416 1963 623 2039 potest
650 1959 813 2020 male
838 1958 997 2033 fleri,
1019 1965 1112 2033 ut,
1144 1957 1320 2020 verbi
1348 1957 1571 2036 gratia,
1596 1956 1649 2016 si
1672 1956 1811 2036 quis

235 2051 395 2114 velit
443 2051 527 2112 ad
572 2051 761 2114 fidem
816 2052 1093 2112 converti
1146 2057 1396 2130 propter
1448 2048 1812 2129 temporalia

235 2145 593 2220 commoda,
636 2146 701 2205 in
750 2145 841 2206 eis
888 2145 1077 2206 finem
1126 2144 1595 2216 constituend03
1644 2141 1810 2222 quod

234 2239 559 2300 interdum
587 2239 775 2300 etiam
804 2237 945 2301 fleri
980 2238 1210 2300 sentire
1250 2236 1495 2299 videtur
1524 2236 1808 2314 Angusti-

234 2349 379 2403 nus,
406 2331 553 2393 libr.
574 2331 655 2393 de
680 2331 829 2393 Fide
856 2337 921 2393 et
940 2329 1260 2411 symbolo,
1284 2349 1357 2392 cx
1380 2347 1507 2410 quo
1534 2328 1811 2390 inferunt

234 2425 431 2505 aliqui
478 2427 671 2486 etiam
716 2425 1101 2488 voluntatem
1140 2424 1434 2486 credendi
1470 2440 1645 2504 posse
1678 2439 1811 2485 csse

234 2519 499 2594 malam,
528 2519 678 2598 quia
705 2524 907 2598 potest
932 2535 1065 2578 esse
1092 2535 1169 2579 ex
1200 2534 1393 2597 pravo
1422 2520 1657 2580 motivo
1702 2532 1811 2577 scu

204 2612 389 2688 fine,
416 2620 491 2673 ut
518 2613 585 2673 in
610 2611 897 2693 exa-plo
918 2613 1119 2692 posito
1147 2616 1405 2672 constat.

318 2709 423 2766 Η.
468 2703 685 2786 Neque
717 2705 1003 2769 voluntat
1028 2701 1304 2770 orodonas·
1342 2703 1675 2766 christiano
1710 2721 1813 2783 po·

240 2804 361 2862 test
382 2799 699 2862 inhoneste
720 2797 1277 2862 elici—Probatur
1296 2797 1535 2860 rationo
1553 2813 1671 2877 pro
1697 2814 1817 2878 qua

241 2891 377 2952 vide
412 2893 673 2954 tractat.
716 2893 789 2954 de
814 2891 1026 2955 Bonit.
1068 2895 1129 2954 et
1150 2890 1377 2964 malit„
1414 2889 1818 2970 disputatione

222 2987 469 3059 κιαι,
494 2983 755 3048 maone
772 2983 1245 3066 primm—Mihi
1266 2987 1477 3044 autem
1502 2981 1813 3062 imprimis

242 3077 488 3138 videtur
510 3077 689 3138 illam
722 3078 1133 3151 voluntatem,
1164 3093 1355 3156 qnam
1380 3075 1655 3136 diximus
1680 3091 1811 3136 esse

234 3171 653 3232 necessariam
680 3171 761 3231 ad
778 3169 1233 3249 subjiciendum
1260 3167 1643 3230 intellectum
1662 3168 1811 3231 fidei

234 3263 638 3341 Christianae,-
660 3279 791 3326 non
818 3279 993 3343 posse
1020 3279 1151 3324 esse
1186 3260 1415 3322 malam
1446 3261 1808 3322 moraliter:

234 3355 562 3436 probatur,
582 3357 731 3436 quia
750 3361 1033 3418 astasius
1050 3354 1347 3416 honestus
1369 3353 1777 3416 essentialiter
1784 3370 1805 3432 ;

234 3467 387 3528 ergo
412 3467 543 3510 non
572 3455 775 3528 petest
798 3465 929 3512 esse
954 3446 1179 3524 malus,
1203 3447 1397 3508 etiam
1422 3445 1809 3508 accidentali-

237 3549 359 3604 ter.
390 3541 918 3622 Consequentiam
948 3558 1229 3621 suppono
1266 3557 1346 3602 ex
1382 3539 1809 3621 probabiliori·

238 3634 357 3696 bus
394 3635 740 3716 principiis.
782 3653 925 3716 quae
954 3635 1021 3697 in
1051 3639 1111 3696 1.
1151 3637 1215 3710 2,
1244 3633 1381 3696 loco
1408 3633 1619 3710 citato,
1646 3634 1808 3696 tradi

238 3729 469 3804 solent,
500 3728 806 3806 videlicet,
850 3747 979 3790 non
1007 3746 1183 3809 posse
1222 3745 1355 3790 esse
1380 3726 1671 3790 eumdem
1708 3745 1807 3788 ac·

240 3829 381 3882 tum
406 3823 746 3884 voluntatis
770 3823 959 3884 simul
995 3822 1228 3884 bonum
1270 3828 1335 3882 et
1358 3821 1691 3882 honestum
1720 3839 1807 3882 es·

240 3915 611 3990 senlialiter,
642 3921 705 3976 et
746 3933 1009 3995 pravum
1048 3913 1537 3990 accidentaliter,
1561 3915 1715 3993 quia
1758 3914 1809 3974 si

238 4018 333 4072 est
362 4018 543 4074 aetas
570 4013 981 4075 essentialiter
1002 4011 1319 4087 honestus,
1360 4019 1453 4074 est
1486 4018 1657 4074 actus
1684 4013 1810 4072 vir·

238 4107 425 4182 tutis3
466 4112 645 4167 actus
692 4113 903 4168 antem
952 4107 1201 4169 virtutis
1241 4123 1369 4168 non
1420 4112 1616 4186 potest
1646 4105 1811 4166 male

238 4199 406 4277 fieri,
428 4208 569 4261 tum
596 4201 745 4280 qaia
770 4201 1015 4263 virtutis
1040 4208 1156 4273 est,
1183 4217 1303 4284 qua
1324 4217 1491 4264 nmio
1512 4200 1671 4264 male
1690 4202 1811 4262 uti·

238 4298 387 4364 tmu-
410 4299 553 4356 tum
586 4295 773 4358 etiam
818 4294 991 4375 quia,
1034 4300 1189 4356 teste
1235 4292 1585 4370 Aristotele,
1616 4293 1813 4354 virtus

238 4405 373 4449 non
416 4395 717 4468 operatur
759 4388 879 4450 nisi
922 4387 1081 4450 duce
1123 4387 1478 4469 prudentia,
1518 4403 1658 4466 que
1684 4403 1813 4451 non

239 4481 521 4562 imperat
562 4482 683 4542 nisi
732 4481 1119 4544 observando
1162 4497 1379 4544 omnes
1414 4479 1655 4542 debitas
1696 4480 1813 4542 cir-

201 4575 651 4636 .eumstantias
660 4589 683 4652 3
712 4580 849 4636 tum
894 4573 1165 4654 denique
1194 4575 1343 4654 quia
1386 4579 1559 4634 aetus
1596 4570 1814 4634 volun-

236 4667 385 4728 tatis
420 4685 549 4729 non
588 4675 683 4728 est
721 4665 1131 4730 essentialiter
1163 4666 1488 4740 honestus,
1518 4665 1637 4726 nisi
1672 4681 1815 4744 pro-

234 4761 409 4822 xime
454 4767 520 4822 et
570 4761 905 4823 intrinsece
948 4761 1059 4822 liat
1096 4764 1350 4840 propter
1393 4758 1807 4832 honestatem3

234 4853 533 4916 honestas
578 4861 787 4916 autem
832 4853 1155 4932 consurgit
1196 4869 1275 4914 ex
1314 4851 1555 4930 objecto
1586 4849 1811 4912 debitis

234 4949 727 5010 cimnmstantiis
767 4945 1009 5022 affecto,
1040 4951 1103 5008 et
1134 4944 1275 5007 ideo
1312 4941 1691 5023 impossibile
1720 4949 1811 5004 est

236 5042 407 5120 quod
450 5041 599 5102 talis
634 5047 827 5117 actus,
872 5044 1077 5100 stante
1106 5037 1218 5100 tali
1250 5038 1511 5114 motivo,
1553 5037 1664 5097 fiat
1710 5035 1809 5098 vel

234 5141 494 5216 propter
540 5151 807 5214 pravum
854 5132 1041 5194 finem
1057 5176 1079 5208 ,
1124 5130 1225 5194 vel
1271 5130 1551 5192 indebito
1598 5129 1805 5192 modo.

236 5227 378 5288 Jam
416 5245 571 5308 ergo
606 5227 905 5308 probatur
930 5225 1321 5301 antecedens,
1348 5223 1497 5305 quia
1524 5222 1810 5286 voluntas

234 5321 531 5382 credendi
555 5320 895 5384 necessaria
922 5319 1001 5380 ad
1046 5317 1235 5380 fidem
1262 5317 1673 5380 Christianam
1718 5320 1811 5378 cst

236 5421 415 5476 actus
440 5417 509 5477 in
532 5415 879 5477 substantia
906 5411 1413 5493 supernaturalis,
1434 5416 1506 5473 ut
1529 5409 1771 5472 ostendi
1784 5422 1806 5486 ς

234 5527 389 5590 ergo
431 5515 525 5570 est
548 5525 627 5570 ex
670 5508 905 5570 motivo
932 5505 1217 5586 proximo
1258 5511 1321 5566 ει
1348 5503 1683 5566 intrinseco
1708 5519 1808 5564 su·

3337 361 3457 423 ¹89

1894 464 2306 544 pernatareli3
2349 481 2500 544 ergo
2545 471 2640 525 est
2683 481 2762 526 ex
2807 465 3040 526 motivo
3083 465 3366 544 honesto,
3395 476 3460 530 et

1892 563 2306 620 consentaneo
2334 565 2516 620 recto
2545 558 2770 620 rationi
2801 561 3280 638 supernaturali,
3309 562 3458 642 quia

1892 647 1964 710 in
2007 649 2118 711 illo
2145 650 2388 730 objecto
2422 653 2667 714 nullum
2702 650 2870 712 alind
2912 654 3216 714 motivum
3251 671 3458 733 supcr-
3515 669 3524 679 ·

1892 744 2176 805 naturale
2203 744 2557 822 invenitur3
2583 761 2734 822 ergo
2762 745 2902 804 talis
2931 745 3218 807 voluntas
3243 753 3337 808 est
3361 766 3458 810 es·

1892 835 2234 898 sentialiter
2263 837 2550 913 honesta3
2589 855 2738 914 ergo
2767 837 2906 898 fieri
2939 839 3156 919 nequit
3185 845 3257 900 ut
3295 840 3458 902 male

1892 929 2026 1004 fiat,
2055 930 2238 1009 juxta
2273 932 2486 994 omnia
2529 932 2836 1011 principia
2865 933 3082 1012 posita.
3118 935 3192 994 Et
3235 935 3458 996 confir-

1894 1028 2126 1098 matur,
2164 1025 2312 1102 quia
2339 1042 2468 1085 non
2497 1025 2704 1086 minus
2751 1031 3062 1106 repugnat
3109 1034 3316 1088 actum
3351 1045 3457 1090 vo·

1894 1115 2154 1176 luntatis
2181 1117 2592 1179 essentialiter
2618 1118 3148 1196 supernaturalem
3177 1138 3308 1182 esse
3329 1137 3458 1182 ma-

1894 1209 2050 1284 lum,
2085 1226 2270 1289 quam
2309 1217 2514 1272 actum
2545 1209 2896 1272 intellectus
2921 1213 3332 1274 essentialiter
3357 1231 3457 1276 su·

1892 1302 2355 1382 pernaturalem
2403 1321 2534 1364 esse
2577 1303 2800 1364 falsum
2827 1319 2849 1382 3
2882 1305 2991 1366 sed
3038 1306 3156 1367 hoc
3199 1307 3457 1368 omnino

1892 1402 2235 1475 repugnat3
2261 1413 2410 1475 ergo
2431 1404 2496 1458 et
2522 1397 2700 1459 illud.
2729 1397 3004 1478 Denique
3030 1399 3454 1477 confirmatur,

1892 1488 2041 1568 quia
2073 1489 2176 1550 ille
2203 1497 2378 1551 actus
2417 1489 2754 1552 voluntatis
2785 1509 2912 1552 non
2939 1498 3139 1571 potest
3165 1494 3458 1572 imperari

1892 1581 1976 1646 ab
2017 1583 2142 1644 alio
2187 1589 2328 1644 actu
2371 1583 2712 1646 voluntatis
2759 1601 2980 1665 prav0;
3007 1603 3158 1665 ergo
3204 1604 3332 1648 non
3367 1593 3460 1648 est

1896 1675 2064 1736 unde
2091 1677 2278 1756 possit
2311 1677 2618 1740 malitiam
2662 1678 2919 1741 induere
2947 1679 3130 1740 simul
3163 1697 3304 1740 cnm
3345 1697 3457 1742 sua

1894 1767 2220 1832 bonitate:
2257 1775 2695 1850 consequentia
2743 1771 2996 1834 evidens
3043 1779 3163 1846 est3
3217 1779 3458 1835 antece·

1892 1861 2046 1924 deus
2085 1868 2274 1942 patet,
2305 1863 2454 1942 quia
2493 1863 2636 1925 talis
2663 1871 2836 1924 actus
2874 1864 3076 1926 malus
3101 1883 3231 1928 non
3257 1873 3458 1928 trans·

1892 1956 2182 2016 cenderet
2209 1956 2493 2018 ordinem
2515 1957 2862 2019 naturalem
2880 1973 2902 2036 3
2921 1977 3072 2038 ergo
3099 1977 3226 2020 non
3257 1965 3459 2040 posset

1892 2049 2200 2128 imperare
2225 2067 2334 2110 seu
2365 2066 2614 2111 movere
2647 2049 2727 2110 ad
2773 2051 3326 2130 supernaturaliter
3351 2071 3457 2113 vo-

1870 2141 2170 2215 lendum,
2201 2148 2265 2204 et
2291 2158 2369 2204 ex
2399 2141 2672 2205 naturali
2701 2144 2958 2206 motivo.

1975 2238 2074 2296 12.
2118 2235 2326 2316 Neque
2361 2238 2506 2299 icem
2533 2235 2663 2316 ipse
2689 2243 2866 2302 actus
2909 2239 3206 2303 credendi.
3251 2273 3320 2288 -
3361 2240 3464 2304 Aa

1890 2330 2188 2393 rationem
2219 2328 2520 2409 Cajetanss
2545 2331 2614 2392 ia
2639 2347 2806 2394 nm.
2839 2332 3186 2394 20.—Hiuc
3213 2333 3458 2395 conclu-

1890 2423 1995 2498 do,
2031 2420 2199 2502 quod
2227 2421 2337 2482 lib.
2365 2423 2406 2484 2
2431 2421 2508 2484 de
2539 2422 2737 2500 Grat.,
2767 2441 2904 2504 cap.
2941 2427 3004 2500 3,
3033 2443 3209 2488 num.
3251 2429 3351 2503 u,
3377 2427 3459 2488 si·

1892 2515 2128 2576 militer
2171 2515 2374 2594 attigi,
2402 2515 2590 2576 etiam
2635 2522 2840 2578 actum
2875 2517 3186 2596 credendi,
3217 2521 3325 2601 qui
3365 2527 3460 2584 est

1893 2607 1962 2668 in
1995 2607 2313 2669 intellectu
2341 2608 2686 2669 secundum
2711 2627 2890 2670 suam
2919 2612 3237 2691 propriam
3269 2614 3460 2693 speci·

1894 2699 2246 2762 ficationem
2259 2745 2280 2776 ‚
2323 2717 2454 2762 non
2495 2717 2672 2780 posse
2711 2702 2874 2764 male
2913 2701 3090 2779 fleri3
3135 2705 3456 2785 probatur,

1894 2794 2045 2860 auia
2085 2811 2212 2854 non
2241 2800 2445 2874 potest
2487 2793 2623 2856 fieri
2649 2794 2770 2856 nisi
2799 2813 2877 2858 ex
2919 2797 3216 2876 praedicta
3241 2799 3459 2862 volan·

1896 2893 2024 2948 tate
2049 2887 2508 2967 supernaturali
2547 2888 2857 2966 credendi,
2887 2896 2958 2950 ut
2983 2896 3298 2955 ostensum
3327 2900 3454 2970 est3

1896 2996 2049 3058 ergo
2075 2996 2203 3040 non
2243 2985 2444 3059 potest
2486 2980 2608 3042 nisi
2651 2981 2908 3044 honeste
2945 2982 3106 3060 fieri,
3153 2987 3304 3066 quia
3329 2969 3466 3050 non'

1892 3071 1982 3132 ita
2023 3071 2464 3134 denominatur
2501 3073 2620 3134 nisi
2657 3075 2998 3137 extrinsece
3038 3093 3078 3138 a
3116 3079 3454 3142 voluntate.

1892 3165 2068 3225 Unde
2109 3165 2162 3224 si
2189 3164 2330 3245 quis
2361 3171 2758 3228 convertatur
2785 3168 2864 3229 ad
2891 3167 3080 3230 iidem
3108 3187 3184 3232 ex
3211 3170 3342 3234 solo
3371 3172 3460 3234 af·

1890 3255 2058 3318 fectu
2083 3259 2438 3336 temporali,
2459 3276 2678 3320 revera
2701 3276 2832 3321 non
2853 3263 3156 3342 concipiet
3179 3263 3459 3326 divinam

1889 3357 1954 3410 et
1979 3349 2514 3430 supernaturalem
2542 3351 2752 3428 fidem,
2782 3359 2854 3414 nt
2879 3354 3193 3433 significat
3218 3356 3458 3438 Augus-

1888 3443 2082 3517 tinus,
2106 3441 2218 3504 lib.
2249 3442 2328 3503 de
2359 3442 2818 3506 Catechizandis
2843 3446 3128 3525 rudibus,
3161 3452 3346 3531 capit.
3389 3455 3451 3528 5,

1888 3535 2076 3616 paulo
2115 3535 2194 3596 ab
2237 3535 2456 3613 initio;
2481 3536 2590 3598 sed
2617 3537 2699 3598 ad
2745 3555 3060 3602 summum
3093 3544 3455 3622 acquisitam

1886 3629 2162 3708 aliquam
2191 3633 2254 3689 et
2283 3627 2648 3705 humanam,
2673 3631 2822 3710 quia
2846 3650 2990 3694 vera
3017 3633 3172 3696 fides
3193 3653 3319 3698 non
3345 3637 3456 3699 ha·

1891 3720 2074 3783 betur
2097 3722 2232 3782 sine
2261 3720 2582 3784 voluntate
2621 3725 3100 3804 supernaturali,
3135 3733 3200 3789 et
3226 3730 3330 3809 pia
3365 3731 3458 3792 af·

1889 3814 2154 3876 sectione
2187 3813 2415 3889 infusa,
2445 3831 2584 3894 qua
2609 3816 2676 3876 in
2709 3815 2817 3878 illo
2853 3816 3110 3880 homine
3131 3839 3258 3882 non
3284 3823 3458 3886 inve·

1888 3907 2086 3983 nitur,
2112 3924 2259 3968 cum
2303 3923 2382 3967 ex
2430 3907 2562 3968 solo
2611 3907 2888 3972 humano
2933 3913 3170 3974 motivo
3215 3917 3456 3978 moveri

1892 4007 2297 4081 supponatur.
2325 3998 2500 4062 Unde
2527 4001 2692 4062 illius
2717 4002 2872 4065 fides
2901 4023 3030 4066 non
3057 4008 3180 4068 erit
3198 4027 3458 4072 omnino

1891 4101 2094 4169 certa,
2145 4098 2206 4154 et
2253 4092 2394 4154 ideo
2406 4137 2428 4168 ,
2477 4095 2530 4156 si
2579 4096 2902 4176 contingat
2949 4101 3254 4164 motivum
3301 4103 3456 4166 illud

1892 4187 2146 4260 mutari,
2167 4185 2349 4248 facile
2365 4186 2558 4248 etiam
2580 4188 2924 4252 mutabitur
2939 4191 3117 4254 fides.
3145 4195 3276 4256 imo
3295 4213 3456 4278 σερε

1895 4281 2217 4359 continget
2252 4283 2326 4338 ut
2368 4279 2540 4340 nulla
2583 4279 2734 4342 fides
2763 4283 3024 4346 interius
3051 4288 3458 4368 concipiatur,

1892 4376 2000 4438 scd
2037 4373 2236 4436 solum
2282 4372 2644 4435 ostendatur
2689 4376 2980 4452 exterius,
3011 4379 3088 4456 si,
3115 4379 3198 4441 ad
3245 4399 3455 4446 conse·

1892 4466 2216 4547 quendum
2250 4466 2654 4546 temporalem
2695 4467 2888 4532 finem
2931 4471 3268 4551 intentum,
3299 4475 3455 4539 illud

1892 4558 2184 4620 sufficiat.

1972 4655 2075 4714 13.
2109 4650 2258 4716 Cum
2293 4659 2436 4718 actv
2471 4653 2748 4717 credendi
2759 4662 2960 4736 potest
2985 4656 3170 4724 simia
3193 4664 3458 4727 emese-i

1892 4747 2059 4810 alius
2081 4747 2553 4828 pram.-Ssd
2581 4747 2736 4828 quid
2757 4751 2915 4827 siis,
2941 4755 3050 4833 qui
3077 4757 3458 4818 convertitur

1888 4841 1970 4902 acl
1997 4839 2208 4918 fidem,
2241 4840 2430 4903 simul
2457 4839 2613 4902 duos
2645 4847 2820 4902 actus
2847 4845 3182 4909 voluntatis
3204 4847 3452 4926 haheat,

1890 4951 2090 4996 unum
2115 4933 2680 5014 supernaturalem,
2717 4934 2800 4995 oh
2828 4955 3037 5000 veram
3071 4939 3454 5006 honestatem

1890 5026 2068 5104 fidei3
2089 5026 2283 5088 alium
2311 5025 2688 5102 naturalem,
2713 5045 2840 5107 quo
2867 5030 3018 5094 velit
3043 5034 3232 5096 etiam
3265 5036 3456 5101 fidem

1888 5124 2142 5200 propter
2185 5119 2428 5181 lucrum
2469 5119 2833 5200 temporale,
2877 5124 2978 5186 vel
3023 5125 3216 5188 alium
3263 5129 3456 5192 finem

1890 5213 2185 5289 similem,
2209 5214 2396 5274 etiam
2417 5229 2714 5294 pravum3
2734 5211 2852 5276 hoc
2871 5217 3042 5278 enim
3063 5237 3190 5281 non
3211 5224 3458 5287 videtur

1889 5324 2264 5387 repugnare,
2299 5313 2362 5365 et
2400 5313 2551 5366 tunc
2591 5313 2766 5366 actus
2809 5307 2956 5370 fidei
3001 5311 3249 5376 videtur
3295 5317 3457 5380 male

1889 5399 2048 5472 fieri,
2080 5418 2152 5462 ac
2181 5397 2440 5480 proinde
2487 5396 2880 5463 denominari
2913 5401 3138 5481 malus,
3169 5425 3280 5470 sen
3319 5427 3456 5490 pec.

1891 5499 2137 5572 catum,
2193 5495 2340 5576 quia
2387 5489 2618 5554 malum
2665 5509 2738 5554 ec
2787 5509 3152 5580 quomque
3195 5503 3450 5582 defectu.
