3900 6217
990 632 1205 685 ssscrlo
1236 632 1321 685 IV.
1404 660 1409 668 ·

396 805 613 869 Utrum
634 810 941 869 teneamur
958 803 1283 883 aliquando
1296 808 1499 881 facere
1520 804 1948 883 elemosynam

465 916 539 961 ιω
585 896 943 961 necessariis
996 899 1081 959 ad
1130 902 1381 970 ciatrem,
1449 914 1567 959 non
1618 902 1817 961 tamen
1866 896 1951 959 ad

462 990 673 1054 vitam.
1284 988 1299 1003 ‘

471 1184 523 1244 l.
568 1178 851 1243 Aliorum
883 1180 1201 1245 sententia.
1231 1214 1305 1226 --
1343 1180 1567 1241 Primae
1629 1185 1690 1239 et
1744 1178 1943 1241 tertioe

384 1275 707 1335 sententiae
732 1281 1007 1335 auctores
1018 1274 1190 1334 citati
1210 1274 1273 1333 in
1292 1274 1658 1353 praecedenti
1678 1273 1944 1333 sectione

383 1368 677 1429 videntur
702 1368 960 1429 omnino
989 1384 1239 1444 negare,
1264 1366 1411 1446 quia
1441 1365 1771 1445 requirunt
1806 1364 1945 1424 illas

386 1459 539 1521 duas
568 1460 971 1533 conditioneS,
1004 1465 1074 1519 ut
1117 1458 1235 1519 hoc
1262 1465 1639 1538 praeceptum
1687 1456 1941 1536 obliget,

384 1552 638 1626 scilicet,
668 1552 897 1615 habere
924 1550 1240 1631 superflua
1270 1550 1653 1630 simpliciter,
1685 1557 1749 1611 et
1770 1559 1841 1610 ut
1866 1551 1945 1610 sit

384 1647 715 1709 necessitas
736 1652 1035 1717 extrema,
1072 1644 1168 1704 vel
1201 1643 1439 1721 gravis;
1466 1644 1690 1723 quibus
1720 1643 1945 1703 nonni-

382 1740 475 1801 hil
502 1740 666 1801 favet
688 1739 865 1801 divus
898 1739 1165 1800 Thomas
1186 1741 1247 1799 2.
1281 1741 1343 1811 2,
1361 1744 1572 1816 quaest.
1602 1739 1701 1812 32,
1730 1744 1847 1798 art.
1878 1738 1944 1814 63

385 1838 597 1893 tamen
633 1832 741 1891 alii
791 1843 1070 1893 auctores
1116 1832 1529 1891 communiter
1562 1830 1949 1891 contrarium

387 1930 625 2001 teuent,
654 1925 797 1987 licet
832 1942 959 1985 non
989 1942 1201 1984 omnes
1228 1926 1393 1984 inter
1434 1942 1497 1984 se
1536 1923 1943 1985 consentiant.

472 2020 533 2079 2.
582 2018 801 2079 Prima
828 2017 1236 2080 conclusio.-
1263 2016 1411 2077 Dico
1430 2016 1675 2095 primo:
1700 2016 1749 2075 si
1780 2032 1949 2075 com-

388 2128 580 2173 mune
608 2108 867 2183 bonum,
896 2128 1006 2171 seu
1032 2108 1375 2189 respublica
1418 2110 1499 2169 sit
1539 2109 1604 2168 in
1634 2109 1812 2187 gravi
1844 2126 1949 2168 ne-

390 2205 667 2265 cessitate
712 2202 899 2263 totius
948 2202 1095 2263 boni
1138 2202 1507 2276 communis,
1534 2209 1780 2262 tenetur
1828 2201 1949 2280 pri-

387 2303 533 2357 vata
558 2312 823 2375 persona
844 2294 937 2353 illi
980 2294 1307 2357 subvenire
1336 2294 1526 2355 etiam
1562 2313 1639 2356 ex
1668 2310 1948 2355 necessa·

388 2388 501 2448 riis
526 2388 606 2449 ad
642 2394 895 2449 statum.
926 2386 1246 2447 Conclusio
1274 2393 1363 2447 est
1403 2388 1817 2447 communiter
1868 2386 1949 2447 ab

390 2481 679 2543 omnibus
708 2485 973 2559 recepta.
1007 2481 1185 2541 Ratio
1225 2488 1434 2541 autem
1476 2486 1589 2555 est,
1621 2480 1790 2559 quia,
1832 2498 1949 2541 cae-

393 2577 541 2637 teris
568 2576 841 2655 paribus,
872 2592 1204 2635 commune
1232 2573 1463 2635 bonnm
1500 2580 1593 2635 est
1620 2574 1949 2655 praeferen-

391 2670 543 2731 dum
573 2672 821 2750 proprio
857 2670 925 2729 in
962 2667 1421 2747 temporalibus.
1469 2669 1625 2729 Item
1671 2668 1951 2729 ostende-

394 2782 533 2825 mus
550 2764 714 2825 infra
744 2762 967 2823 debere
1010 2761 1329 2821 hominem
1364 2762 1619 2840 perdere
1653 2764 1869 2837 vitam,
1894 2762 1948 2821 si

392 2874 638 2919 necesse
661 2856 761 2931 sit,
787 2873 894 2935 pro
918 2852 1153 2915 tuenda
1180 2854 1307 2913 vita
1328 2854 1683 2933 reipublicae
1701 2876 1719 2929 ;
1738 2871 1884 2931 ergo
1910 2870 1949 2913 a

390 2950 531 3030 pari
572 2956 817 3011 tenetur
858 2946 1067 3009 subire
1110 2963 1362 3025 gravem
1392 2948 1845 3022 necessitatem,
1880 2958 1949 3005 ut

392 3042 722 3103 subveniat
765 3042 939 3119 gravi
984 3039 1327 3101 necessitati
1354 3038 1731 3119 reipublicae.
1767 3040 1948 3099 Deni-

394 3153 515 3215 que
530 3134 885 3213 hujusmodi
908 3132 1115 3211 gravis
1130 3132 1455 3193 necessitas
1469 3130 1797 3210 republicae
1810 3148 1949 3191 raro

396 3229 517 3291 erit
542 3228 675 3289 sine
701 3234 979 3288 extrema
1008 3226 1368 3287 necessitate
1396 3224 1735 3285 multorum
1763 3226 1952 3303 parti·

394 3322 699 3383 cularium
715 3335 736 3397 3
752 3318 1146 3381 ostendemus
1159 3324 1369 3378 autem
1390 3317 1427 3377 d
1433 3317 1615 3379 ebere
1631 3317 1954 3379 hominem

393 3432 471 3476 ex
498 3414 595 3475 his
618 3414 797 3474 bonis
824 3412 1153 3473 subvenire
1176 3416 1468 3471 extremae
1494 3410 1841 3472 necessitati
1868 3410 1954 3471 al·

391 3509 585 3571 terius
594 3522 616 3585 ;
662 3526 832 3585 ergo,
867 3513 986 3567 etc.
1038 3504 1155 3565 Ubi
1210 3504 1661 3565 advertendum
1691 3509 1783 3565 est
1812 3522 1956 3583 gra-

394 3620 534 3662 vem
579 3601 1001 3661 necessitatem
1048 3616 1174 3658 non
1205 3598 1349 3675 dici,
1380 3598 1553 3659 illam
1596 3616 1737 3677 quae
1778 3598 1956 3677 quasi

395 3714 505 3776 per
536 3695 821 3755 accidens
874 3692 1133 3755 resultat
1179 3693 1246 3752 in
1281 3691 1594 3772 republica
1623 3709 1700 3753 ex
1742 3692 1955 3752 multis

397 3786 859 3849 necessitatibus
881 3784 1337 3857 communibus,
1360 3790 1431 3844 ut
1457 3784 1809 3847 dicebamus
1830 3803 1959 3846 sec-

396 3882 567 3942 tione
604 3878 1011 3960 praecedenti,
1056 3894 1233 3940 num.
1272 3882 1334 3952 8,
1376 3878 1478 3939 sed
1532 3895 1783 3957 gravem
1833 3876 1960 3938 dici

398 3992 535 4053 quae
563 3992 675 4053 per
700 3991 767 4035 se
806 3972 1065 4052 exponit
1100 3976 1291 4032 totam
1353 3970 1827 4049 rempublicam,
1858 3970 1960 4033 vel

398 4084 729 4129 commune
756 4066 993 4127 bonum
1018 4066 1173 4143 ejuS,
1207 4065 1382 4143 gravi
1412 4064 1711 4143 periculo.

480 4163 538 4222 3.
593 4158 873 4223 Seowada
925 4158 1347 4221 conclusio.-
1372 4158 1515 4218 Dico
1558 4157 1867 4219 secundo:
1908 4158 1962 4219 si

402 4254 723 4341 proximus
752 4251 1013 4331 quilibet
1038 4254 1119 4311 sit
1144 4251 1210 4311 in
1260 4258 1539 4313 extrema
1576 4252 1958 4328 necessitate,

400 4354 648 4411 tenetur
670 4346 934 4425 quilibet
960 4344 1147 4405 homo
1176 4344 1503 4405 subvenire
1526 4344 1639 4420 illi,
1672 4346 1857 4406 etiam
1886 4364 1964 4405 ex

400 4441 759 4504 necessariis
782 4439 863 4499 ad
914 4443 1165 4499 statum.
1197 4436 1498 4498 Probatur
1545 4439 1747 4517 primo
1761 4483 1782 4515 ,
1814 4438 1962 4517 quia

402 4536 470 4596 in
498 4535 715 4596 ordine
738 4531 1057 4593 charitatis
1084 4536 1333 4592 tenetur
1362 4530 1549 4591 homo
1579 4531 1778 4609 magis
1823 4530 1963 4591 dili-

403 4646 549 4709 gere
576 4629 771 4689 vitam
799 4624 1067 4706 proximi
1095 4640 1283 4702 quam
1309 4628 1539 4685 statum
1574 4641 1774 4684 suum.
1809 4624 1964 4685 item

403 4723 513 4801 qui
599 4726 875 4783 extreme
954 4718 1223 4795 indiget,
1287 4717 1473 4780 habet
1521 4718 1625 4796 jus
1679 4718 1963 4777 naturale

404 4814 623 4877 utendi
652 4815 829 4873 bonis
850 4811 1125 4875 alterius,
1159 4812 1345 4872 etiam
1375 4811 1729 4872 necessariis
1752 4810 1846 4870 illi
1884 4810 1964 4869 ad

404 4916 659 4981 statum,
704 4913 767 4967 et
816 4911 1015 4984 potest
1064 4903 1171 4964 illa
1218 4904 1516 4982 accipere,
1564 4922 1765 4983 neque
1808 4902 1968 4963 alter

405 5008 606 5083 potest
629 4998 955 5081 prohibere
982 4998 1117 5057 sine
1161 4997 1245 5075 inj
1256 4997 1427 5069 uria;
1471 5014 1619 5075 ergo
1650 4996 1966 5057 tenebitur

405 5098 539 5175 ipse
566 5097 756 5155 etiam
784 5093 931 5153 dare
956 5091 1071 5167 illi,
1100 5097 1163 5151 et
1188 5107 1435 5153 servare
1462 5090 1639 5151 alteri
1660 5090 1813 5151 illud
1838 5090 1962 5168 jus,

408 5188 718 5271 praecipue
742 5184 953 5247 habita
982 5184 1219 5243 ratione
1244 5182 1575 5243 charitatis,

489 5285 551 5344 4.
601 5277 857 5361 Objectio
896 5278 1127 5359 prima.
1153 5308 1235 5322 -—
1261 5278 1368 5339 Ad
1392 5278 1655 5355 primam
1692 5277 1968 5355 objoetio-

406 5394 563 5440 mm.
580 5406 657 5420 —
684 5372 787 5436 Aa
810 5372 1127 5435 secundam
1166 5370 1317 5450 quid
1360 5369 1508 5433 Vioc.
1536 5375 1594 5432 et
1638 5368 1803 5433 Nav.
1832 5388 1966 5432 res-

402 5470 723 5549 pondeant.
745 5498 828 5513 --
852 5464 996 5530 Non
1024 5464 1259 5525 omnino
1304 5460 1717 5541 satisfaciunt.
1736 5498 1816 5508 —-
1845 5464 1966 5524 Sed

414 5571 629 5623 contra
652 5561 880 5622 inferes
907 5582 921 5620 :
955 5576 1103 5637 ergo
1140 5558 1189 5617 si
1218 5558 1441 5635 aliquis
1477 5558 1747 5619 minetur
1776 5558 1965 5619 inter-

1318 424 1555 479 msru'r.
1590 424 1695 475 vn.
1732 422 1810 475 ot:
1842 421 2178 475 PRAECEPTO
2209 424 2648 481 ELEEMOSYNAE.

2025 524 2334 589 recturum
2361 529 2654 607 seipsum,
2687 528 2808 589 nisi
2855 528 2999 588 dem
3043 532 3288 588 centum
3332 544 3579 600 aureos,

2025 621 2284 683 tenebor
2301 622 2470 697 darc,
2489 630 2559 682 nt
2581 624 2772 683 vitam
2789 622 2922 700 ejus
2937 626 3138 682 tuear.
3159 620 3465 694 Secundo,
3487 638 3582 679 se-

2029 716 2244 794 quitur
2271 715 2465 775 teneri
2487 715 2743 776 divitem
2785 715 2932 775 dare
2957 732 3250 791 magnam
3299 712 3583 793 pecuniae

2027 808 2178 881 vim,
2227 808 2417 868 etiam
2471 808 2875 869 necessariam
2928 808 3005 868 ad
3055 814 3323 883 statum,
3369 807 3580 881 alicui,

2026 900 2197 961 verbi
2220 902 2440 980 gratia,
2467 921 2547 963 ne
2567 903 2799 963 occidat
2828 901 3148 961 inimicum
3177 918 3362 979 quem
3391 899 3584 960 habet

2025 994 2395 1075 subjectum,
2425 994 2589 1075 quod
2621 994 2864 1055 videtur
2893 1011 3244 1053 onerosum.
3271 994 3503 1067 Tertio,
3529 992 3582 1051 si

2025 1095 2180 1149 esset
2211 1088 2494 1149 infirmus
2521 1088 2704 1147 morti
2733 1087 3066 1166 proximus,
3099 1104 3215 1146 nec
3259 1093 3460 1165 posset
3487 1104 3586 1145 sa-

2024 1180 2161 1241 nari
2211 1182 2332 1241 nisi
2379 1181 2680 1260 exquisita
2713 1181 3020 1240 medicina
3063 1182 3274 1259 magni
3326 1177 3584 1252 valoris,

2024 1281 2341 1335 teneretur
2368 1274 2537 1335 dives
2563 1292 2639 1335 ex
2680 1275 3034 1335 necessariis
3075 1274 3153 1335 ad
3211 1278 3438 1334 statum
3488 1270 3586 1333 illi

2025 1367 2371 1447 providere,
2401 1375 2461 1427 et
2499 1366 2749 1427 similia.
2782 1367 2876 1427 Ad
2925 1368 3202 1447 primum
3235 1366 3592 1428 communis

2023 1460 2341 1539 responsio
2383 1465 2495 1535 est,
2519 1460 2696 1519 illum
2725 1478 2852 1519 non
2883 1478 3010 1520 esse
3046 1460 3111 1520 in
3155 1464 3430 1520 extrema
3475 1476 3588 1519 ne·

2025 1554 2326 1629 cessitate,
2349 1552 2452 1613 sed
2481 1554 2545 1611 in
2577 1558 2854 1613 extrema
2871 1552 3131 1613 malitia.
3154 1552 3328 1613 Addo
3347 1558 3586 1625 tamen,

2025 1648 2193 1727 quod
2226 1646 2356 1707 dixi
2383 1648 2449 1707 in
2479 1647 2681 1725 prima
2722 1652 2895 1718 sect„
2927 1664 3104 1707 num.
3137 1650 3200 1722 7,
3235 1647 3286 1707 si
3330 1646 3490 1707 forte
3523 1644 3587 1705 id

2029 1741 2295 1801 oriretur
2325 1759 2400 1801 ex
2427 1758 2656 1817 magna
2702 1740 3002 1821 passione,
3035 1745 3098 1799 et
3121 1740 3433 1819 quantitas
3455 1756 3588 1797 non

2030 1840 2186 1895 esset
2236 1852 2487 1913 magna,
2515 1841 2699 1913 atque
2743 1834 2896 1894 adeo
2945 1840 3147 1912 posset
3181 1832 3406 1911 aliquis
3451 1833 3594 1891 sine

2030 1928 2204 2007 gravi
2240 1928 2613 1988 detrimento
2643 1927 2705 1988 id
2741 1926 2964 2001 facere,
2995 1926 3307 1987 interdum
3341 1925 3544 1986 teneri
3567 1939 3588 1999 ;

2029 2027 2264 2095 tamen,
2320 2020 2637 2081 moraliter
2687 2026 2750 2080 et
2793 2020 3205 2080 communiter
3247 2016 3589 2097 loquend0,

2031 2133 2171 2175 raro
2216 2113 2478 2174 occurrit
2531 2114 2662 2173 haec
2714 2113 3031 2192 obligatiO.
3083 2112 3177 2173 Ad
3215 2112 3590 2186 secundum,

2029 2207 2326 2281 Victoria,
2357 2205 2710 2267 Relectione
2737 2206 2813 2266 de
2865 2204 3229 2276 Homicidi0‚
3261 2205 3489 2265 Navar.
3529 2208 3594 2264 et

2030 2299 2135 2360 alii
2172 2300 2388 2360 dicunt
2423 2298 2882 2360 conclusionem
2933 2316 3061 2359 esse
3115 2296 3590 2376 intelligendam

2029 2392 2106 2454 de
2161 2393 2488 2453 necesitate
2539 2410 2676 2471 quse
2705 2392 2988 2471 provenit
3041 2391 3217 2470 quasi
3249 2408 3324 2451 ex
3370 2390 3592 2450 ordine

2029 2485 2325 2559 naturali,
2357 2502 2485 2545 non
2527 2502 2674 2545 vero
2713 2500 2789 2545 ex
2834 2483 2944 2544 illa
2999 2502 3136 2563 quae
3177 2484 3465 2563 provenit
3513 2500 3594 2543 ex

2029 2579 2270 2640 malitia
2297 2577 2646 2637 hominum.
2686 2579 2840 2638 Nam
2869 2578 2999 2639 haec
3037 2582 3235 2656 potest
3269 2592 3594 2636 occurrere

2030 2671 2292 2733 infinitis
2323 2670 2545 2745 modiS,
2567 2677 2630 2733 et
2663 2688 2820 2750 saepe
2855 2670 3259 2750 iniquissimis
3271 2684 3292 2746 3
3328 2669 3496 2729 unde
3537 2667 3592 2728 si

2027 2767 2135 2827 illa
2162 2771 2318 2827 esset
2347 2765 2748 2839 attendenda,
2795 2770 2951 2825 esset
2989 2761 3374 2823 intolerabile
3403 2779 3590 2836 onus,

2030 2866 2092 2921 et
2137 2857 2516 2937 perturbatio
2564 2863 2778 2917 contra
2825 2855 3293 2936 rempublicam.
3333 2854 3450 2915 Sed
3497 2872 3595 2914 re-

2029 2970 2176 3014 vera
2215 2950 2356 3011 licet
2381 2951 2514 3011 haec
2553 2950 2903 3011 differentia
2933 2967 3056 3009 non
3087 2949 3367 3009 videatur
3394 2945 3594 3024 negli-

2032 3046 2258 3124 genda,
2317 3061 2445 3105 non
2498 3050 2708 3103 tamen
2759 3044 3014 3103 omnino
3061 3040 3354 3101 satisfacit
3371 3061 3390 3114 3
3439 3056 3596 3099 nam

2031 3156 2213 3198 causa
2247 3145 2500 3217 propter
2535 3154 2724 3215 quam
2753 3135 3035 3208 charitaS,
3069 3139 3133 3195 et
3173 3132 3598 3193 misericordia

2032 3230 2335 3309 obligant,
2367 3248 2494 3291 non
2533 3234 2624 3290 est
2677 3244 2866 3289 causa
2892 3226 3058 3287 unde
3087 3227 3285 3286 oritur
3333 3225 3596 3285 necessi-

2032 3330 2150 3399 taS,
2179 3325 2284 3383 sed
2311 3330 2402 3385 est
2447 3325 2580 3402 ipsa
2609 3322 2972 3397 necessita33
3007 3336 3156 3397 ergo
3198 3320 3248 3378 si
3285 3317 3417 3378 haec
3448 3334 3598 3377 vere

2035 3418 2231 3494 adest,
2272 3424 2334 3477 et
2359 3416 2611 3477 aliunde
2637 3422 2730 3476 est
2766 3415 2953 3475 etiam
2979 3412 3286 3473 sufficiens
3309 3410 3593 3484 facultaS,

2035 3512 2154 3573 erit
2180 3513 2368 3573 etiam
2412 3510 2730 3589 obligatio,
2757 3509 3170 3586 undecunque
3197 3512 3334 3567 orta
3377 3506 3457 3565 sit
3485 3523 3602 3565 ne·-

2035 3606 2304 3666 cessitas.
2371 3604 2570 3677 Quare
2627 3600 3024 3673 crediderim,
3065 3600 3118 3660 si
3157 3598 3426 3679 pretium
3481 3614 3598 3677 pro

2035 3699 2144 3758 tali
2163 3698 2296 3759 vita
2313 3697 2730 3759 necessarium
2759 3699 2922 3757 esset
2944 3693 3358 3766 moderatum,
3383 3698 3446 3752 et
3466 3708 3600 3751 non

2037 3792 2226 3852 nimis
2270 3791 2680 3852 necessarium
2727 3787 3002 3861 habenti,
3055 3802 3232 3865 posse
3281 3784 3602 3844 interdum

2038 3884 2235 3945 teneri
2281 3883 2358 3945 ad
2403 3882 2559 3943 illud
2601 3881 2904 3941 dandum.
2937 3878 3114 3940 Unde
3150 3876 3604 3939 advertendum

2040 3983 2130 4038 est
2156 3976 2288 4037 haec
2313 3975 2679 4056 temporalia
2721 3974 2907 4049 bona,
2955 3970 3238 4051 quamvis
3281 3971 3408 4030 sint
3443 3968 3607 4029 infe-

2039 4069 2223 4131 rioris
2242 4069 2498 4144 ordiniS,
2525 4086 2658 4129 esse
2683 4074 2895 4128 tamen
2943 4065 3356 4126 instrumenta
3379 4062 3606 4121 huma-

2040 4182 2140 4225 nae
2187 4163 2335 4223 vitae
2383 4169 2446 4223 et
2484 4158 2910 4223 humanarum
2935 4158 3272 4231 actionum,
3311 4161 3374 4215 et
3415 4155 3605 4215 inter-

2041 4257 2192 4318 dum
2223 4272 2394 4336 posse
2449 4270 2744 4333 magnam
2803 4251 3214 4331 quantitatem
3243 4248 3602 4309 divitiarum

2043 4348 2317 4429 praeferri
2345 4349 2490 4410 vitae
2515 4347 2781 4425 alicujus
2817 4343 3092 4421 vulgaris
3124 4340 3420 4413 hominis,
3453 4340 3605 4418 quia

2041 4446 2230 4506 etiam
2260 4448 2410 4503 sunt
2432 4440 2790 4503 necessariae
2815 4438 3135 4499 communi
3153 4436 3342 4509 bono,
3365 4439 3432 4494 et
3457 4448 3608 4493 con-

2042 4555 2286 4598 servare
2337 4537 2525 4597 etiam
2557 4533 2878 4613 proprium
2907 4536 3136 4591 statum
3165 4535 3258 4589 est
3285 4526 3610 4587 moraliter

2041 4630 2219 4693 ‘valde
2241 4630 2676 4702 necessarium,
2705 4631 2770 4686 et
2795 4624 2936 4685 ideo
2961 4640 3091 4683 non
3117 4627 3212 4683 est
3233 4619 3608 4699 obligandus

2043 4724 2220 4785 facile
2247 4724 2436 4785 homo
2463 4736 2534 4781 ut
2569 4721 2748 4781 cadat
2791 4738 2830 4781 a
2877 4723 3069 4789 statu3
3115 4720 3392 4775 attamen
3429 4718 3501 4771 ut
3530 4727 3606 4771 eo

2045 4821 2286 4877 retento
2315 4816 2590 4893 aliquam
2617 4814 2686 4874 in
2731 4830 2806 4874 eo
2835 4812 3107 4891 patiatur
3149 4808 3602 4877 necessitatem,

2047 4910 2310 4988 obligari
2357 4914 2576 4987 potest.
2627 4908 2706 4967 Et
2759 4905 2878 4966 hoc
2907 4902 3094 4964 modo
3128 4896 3457 4962 limitanda
3512 4902 3610 4957 est

2043 5002 2378 5077 conclusio,
2421 5000 2762 5081 praesertim
2816 4998 2882 5058 in
2928 4992 3413 5068 necessitatibus,
3463 5006 3612 5069 quae

2043 5114 2170 5157 non
2197 5113 2236 5154 a
2262 5100 2508 5170 natura,
2531 5092 2638 5153 sed
2665 5110 2742 5153 ex
2767 5089 3098 5151 hominum
3129 5086 3413 5147 libertate
3455 5100 3610 5163 pen·-

2045 5189 2235 5267 dent;
2259 5192 2320 5249 et
2365 5186 2582 5248 eodem
2631 5184 2815 5245 modo
2847 5180 3346 5261 respondendum
3385 5182 3480 5237 est
3527 5174 3610 5234 ad

2045 5286 2326 5357 tertium,
2367 5278 2651 5360 quamvis
2679 5295 2806 5338 non
2844 5274 3164 5355 displiceat
3205 5270 3370 5351 quod
3403 5269 3612 5329 Victo-

2043 5376 2139 5435 ria
2165 5392 2372 5453 supra,
2417 5380 2480 5433 et
2521 5373 2691 5447 Soto,
2734 5375 2775 5431 4
2820 5370 2900 5430 de
2937 5368 3212 5443 Justitia,
3269 5368 3484 5444 quaest.
3543 5364 3608 5434 7,

2018 5455 2023 5461 ’
2045 5473 2162 5527 art.
2194 5470 2221 5526 1
2237 5510 2254 5539 ,
2277 5467 2360 5526 ad
2383 5468 2443 5539 4,
2469 5465 2746 5525 tradunt.

2126 5560 2187 5621 5.
2235 5559 2446 5623 Tertia
2480 5555 2796 5620 conclusio.
2843 5590 2923 5601 —-
2957 5553 3108 5617 Dico
3154 5550 3378 5615 tertio:
3409 5550 3608 5609 inter-
