3900 6217
798 420 972 475 SECT.
1008 424 1091 478 m.
1125 424 1211 479 ΑΝ
1242 426 1402 479 BEOE
1434 424 1549 484 SIT.
1582 424 1708 478 NON
1740 426 1944 481 soum
1981 428 2064 483 m·
2095 426 2440 491 REVELANS,
2477 427 2612 481 mc.

3237 425 3308 487 51

188 535 291 595 sine
336 528 543 591 auxilio
590 494 799 607 gintioe
849 522 1123 603 speciali,
1170 522 1341 605 quod
1368 522 1669 585 auxilium
1751 528 2096 607 potentiam
2125 528 2206 591 ad
2237 544 2562 591 assensum
2587 525 2945 607 specificam
2973 527 3118 591 fidei
3159 530 3319 591 infu-

186 644 282 687 non
300 622 462 684 hebet
484 618 803 681 haereticus
824 617 893 675 in
914 632 1029 677 suo
1058 632 1339 678 assensu.

1752 636 1857 683 sae.
1904 622 2341 703 Respondetur
2393 622 2560 682 enim
2589 619 2688 683 vel
2737 628 3129 701 assumptum
3180 640 3320 687 esso

246 722 324 781 ¹5.
367 714 655 779 Suadam·
680 710 1063 775 auctoritate.
1090 742 1173 757 --
1196 710 1293 775 Et
1316 710 1567 776 ratione.
1588 743 1673 759 -
1750 710 1984 777 falsum
2011 760 2030 789 ,
2085 716 2183 777 vel
2238 732 2376 776 esse
2415 714 2970 793 aequivocationem
3015 714 3077 775 in
3125 716 3320 779 verbo

184 809 465 874 Dicendum
490 824 635 886 ergo
657 811 755 867 est
800 804 1159 865 haereticum
1190 821 1319 865 non
1358 806 1675 871 resolvere

187 922 325 967 suam
340 900 508 963 tidem
536 900 601 959 in
626 896 909 959 divinum
946 896 1398 972 testimonium,
1428 898 1540 961 sed
1566 916 1681 979 po-

192 1000 285 1060 tius
294 994 531 1057 divinum
550 988 975 1053 testimonium
996 989 1303 1070 subjicere
1320 992 1678 1055 testimonio

191 1094 421 1159 humano,
471 1102 583 1147 sen
616 1082 874 1163 proprio
908 1081 1143 1162 judicio
1183 1088 1247 1145 et
1287 1084 1587 1165 opinioni,
1618 1089 1683 1149 et

185 1184 295 1244 ideo
308 1198 411 1241 non
444 1178 677 1239 habere
700 1176 991 1240 eamdem
1014 1176 1325 1239 rationem
1346 1177 1677 1242 formalem

183 1270 437 1344 medendi,
474 1286 667 1349 quam
690 1270 887 1332 habet
912 1269 1283 1333 catholicus.
1317 1271 1392 1334 Et
1424 1271 1554 1333 haec
1582 1276 1681 1333 est

182 1366 467 1431 eommunis
510 1366 851 1430 Doctorum
881 1362 1341 1443 Theologomm
1370 1363 1675 1439 doctrina,

182 1464 233 1524 D.
276 1460 493 1526 Themis
528 1458 586 1521 2.
630 1458 697 1529 2,
730 1472 795 1535 q.
827 1458 890 1529 Β,
916 1462 1033 1519 art.
1078 1458 1139 1530 3,
1186 1447 1263 1517 'in
1292 1472 1576 1536 corpore,
1614 1462 1679 1521 et

186 1554 311 1628 adt,
350 1555 403 1613 et
448 1550 509 1611 in
536 1552 595 1624 3,
627 1548 775 1614 dist.
821 1549 922 1618 24,
954 1551 1070 1609 art.
1104 1552 1166 1622 1,
1195 1548 1559 1628 quaestiunc.
1594 1552 1625 1611 1
1654 1566 1671 1621 ;

190 1653 237 1709 et
259 1640 562 1711 Alexandm
581 1642 831 1715 Alexis„
880 1642 919 1703 3
958 1659 1049 1721 p„
1084 1658 1147 1720 q.
1195 1644 1295 1714 64,
1326 1642 1561 1707 memb.
1594 1644 1671 1716 23

190 1740 309 1801 idem
329 1738 767 1808 Bonaventura,
793 1734 861 1795 in
885 1735 943 1807 3,
1004 1732 1145 1797 dist.
1202 1736 1305 1808 ΞΩ,
1346 1740 1461 1795 art.
1516 1736 1577 1809 2,
1608 1752 1672 1814 q.

186 1834 238 1903 Ως
262 1836 309 1891 et
329 1827 637 1903 aichardo,
688 1834 805 1892 art.
838 1829 899 1900 ·1,
932 1844 993 1906 q.
1018 1828 1101 1900 Ως
1136 1832 1200 1892 et
1226 1828 1291 1888 in
1337 1828 1455 1891 hoc
1474 1828 1681 1909 magis.

182 1923 377 1985 inclinat
404 1923 614 1985 Scotus
660 1920 743 1981 ibi
782 1919 823 2001 g
860 1919 965 1983 Aa
986 1919 1391 2001 quaeceimtam,
1424 1924 1489 1983 et
1539 1920 1678 1984 loco

176 2034 321 2096 supra
341 2015 532 2090 citato,
558 2018 625 2075 et
658 2013 873 2095 quodi.
903 2014 1001 2087 u,
1036 2018 1151 2073 art.
1206 2016 1233 2073 1
1265 2032 1279 2087 ;
1324 2018 1387 2075 et
1412 2030 1683 2077 consen-

176 2114 299 2171 tiunt
314 2108 625 2187 cajetanus
648 2114 716 2170 et
744 2107 1014 2179 Bannes,
1042 2105 1273 2185 aliique
1294 2106 1681 2186 expositones

176 2204 229 2265 D.
250 2202 465 2265 Thomna
488 2202 625 2277 hic;
668 2206 739 2263 et
774 2200 923 2263 Soto
956 2200 999 2260 2
1029 2199 1112 2261 de
1139 2201 1353 2263 Natur.
1388 2206 1451 2265 et
1488 2204 1675 2281 grat..

176 2315 281 2377 esp.
306 2300 371 2367 7;
406 2294 696 2370 Bellum,
730 2292 777 2354 l.
812 2293 855 2355 6
880 2292 959 2355 de
986 2291 1184 2365 Grat„
1215 2310 1270 2354 c.
1305 2294 1372 2368 33
1404 2294 1677 2367 Valent„

176 2396 290 2451 tom.
314 2390 367 2463 3,
398 2387 547 2469 disp.
571 2390 633 2463 1,
662 2391 882 2468 punct.
914 2389 975 2461 1,
1010 2390 1073 2449 et
1096 2386 1292 2467 Vegu,
1316 2386 1359 2447 l.
1389 2388 1429 2449 9
1453 2386 1521 2447 in
1547 2386 1683 2450 Tri-

180 2482 330 2554 dent,
356 2500 405 2543 c.
440 2484 497 2557 3,
536 2479 643 2543 ubi
674 2480 831 2541 dicit
884 2496 981 2553 ea,
1027 2497 1167 2559 quoe
1199 2480 1539 2543 creduntur
1564 2478 1681 2542 sub

184 2574 355 2637 eadem
378 2574 605 2638 ratione
640 2572 922 2647 formali,
970 2572 1199 2639 eodem
1234 2572 1453 2635 habitu
1480 2571 1673 2635 credi.

180 2670 235 2729 Et
272 2668 533 2747 probatur
576 2666 834 2729 ratione
850 2710 869 2741 ,
930 2665 1079 2745 quia
1140 2664 1467 2727 haereticus
1498 2710 1517 2739 ,
1570 2665 1678 2745 qui

184 2765 291 2823 ante
312 2761 571 2822 hau-esim
594 2758 907 2837 credebat
932 2774 1155 2819 omnes
1192 2757 1482 2822 articulos
1500 2757 1673 2830 fidei,

184 2856 283 2915 fide
316 2854 487 2915 infusa
543 2858 609 2915 et
656 2852 992 2931 aequisita,
1040 2868 1187 2913 cum
1230 2859 1448 2931 postea
1478 2868 1677 2913 unum

192 2964 280 3026 per
309 2946 547 3009 heresim
604 2950 838 3025 negat,
888 2944 1115 3006 amittit
1170 2944 1362 3005 fidem
1407 2944 1679 3005 infusam

198 3040 322 3101 circa
361 3057 561 3113 omnes,
614 3037 997 3119 acquisitam
1042 3054 1191 3099 vero
1248 3036 1470 3100 amittit
1515 3037 1680 3098 circa

190 3132 323 3191 illum
361 3134 665 3198 articulum
728 3148 921 3210 quem
964 3137 1178 3213 negat,
1230 3135 1293 3192 et
1342 3149 1471 3192 non
1514 3130 1681 3200 eirca

184 3226 319 3299 alios,
363 3241 501 3305 quos
548 3226 827 3297 retinet;
860 3242 1011 3305 ergo
1038 3225 1285 3303 signum
1345 3228 1439 3285 est
1488 3223 1682 3285 ratio·

182 3334 295 3378 nem
338 3318 645 3384 formalem
712 3319 1041 3397 utriusque
1086 3316 1239 3383 fidei
1292 3333 1423 3379 non
1486 3314 1681 3379 fuisse

179 3410 431 3487 eamdem,
452 3412 744 3475 divinam
774 3411 1007 3473 scilicet
1032 3411 1465 3474 auctoritatem
1486 3429 1501 3484 ;
1532 3426 1683 3473 nam

180 3504 215 3563 si
258 3505 371 3565 haee
416 3513 575 3568 esset
616 3504 789 3567 ratio
829 3503 1108 3567 formalis
1139 3502 1287 3564 fidei
1337 3503 1679 3583 acquisitae,

179 3595 295 3657 sicut
330 3597 555 3673 infuse,
588 3596 875 3681 profecto
904 3596 1193 3662 eamdem
1232 3596 1685 3660 connexionem

177 3690 424 3753 haberent
460 3693 673 3755 omnia
716 3691 1033 3755 credenda
1082 3697 1373 3773 respectu
1400 3690 1553 3752 fidei.
1582 3708 1686 3751 ao-

174 3782 381 3862 qnisitoe,
410 3804 599 3867 quam
625 3784 869 3847 habent
897 3791 1187 3867 respectu
1228 3783 1485 3855 infusaez
1536 3802 1685 3847 nam

172 3876 249 3937 illa
272 3879 557 3941 connexio
582 3884 881 3963 respectu
902 3878 1049 3941 fidei
1076 3877 1299 3945 infusae
1325 3881 1457 3941 tota
1482 3878 1686 3938 nasci-

173 3976 247 4030 tur
266 3988 333 4031 ex
358 3970 583 4035 motivo
604 3971 882 4045 formali,
912 3970 1085 4051 quod
1106 3970 1273 4031 idem
1310 3974 1490 4033 estet
1514 3971 1686 4031 inva-

174 4061 365 4135 riabile,
410 4080 529 4125 nec
558 4070 774 4145 potest
818 4064 1056 4126 hahere
1112 4062 1545 4125 auctoritatem
1618 4062 1685 4123 in

177 4170 285 4227 uno,
318 4154 427 4218 nisi
458 4156 699 4219 habeat
733 4158 799 4217 in
828 4156 1154 4229 omnibus;
1196 4172 1379 4219 secus
1410 4172 1562 4235 ergo
1592 4160 1689 4216 est

179 4247 233 4307 de
253 4248 357 4311 fide
382 4252 689 4329 aequisita
702 4268 726 4329 3
760 4250 921 4313 illius
952 4250 1121 4313 enim
1148 4251 1450 4312 motivum
1483 4254 1688 4329 potest

181 4343 605 4423 essemnltiplex
634 4350 701 4407 et
724 4344 1047 4418 variabile,
1074 4350 1136 4405 et
1183 4345 1327 4405 inde
1374 4344 1683 4423 provenit,

176 4436 327 4513 utqui
354 4444 542 4517 negat
570 4456 773 4501 unum
802 4438 1156 4511 articulum,
1192 4428 1465 4499 retinere
1491 4437 1687 4517 possit

174 4523 321 4587 fidem
364 4530 735 4609 acquisitam
774 4530 939 4592 cirea
994 4530 1171 4603 alios,
1221 4529 1367 4609 quia
1394 4534 1686 4609 respectu

174 4618 299 4681 illius
320 4621 455 4685 fidei
480 4624 827 4703 acquisitae,
860 4624 962 4685 vel
988 4640 1117 4684 non
1140 4622 1438 4684 credebat
1463 4632 1685 4684 omnes

178 4728 233 4772 ex
258 4714 459 4777 eodem
488 4717 752 4788 motivo,
794 4716 907 4777 sed
934 4734 1013 4777 ex
1048 4714 1311 4777 diversis
1338 4715 1683 4779 rationibus

178 4812 255 4865 aut
270 4809 621 4871 testimoniis
640 4808 929 4871 humanis
949 4827 966 4882 ;
996 4808 1098 4870 vel
1118 4815 1287 4870 certe
1302 4807 1466 4869 circa
1484 4820 1685 4869 unum

180 4899 451 4963 articulum
490 4908 806 4989 mutatum
846 4908 943 4965 est
990 4902 1317 4976 motivum,
1378 4906 1440 4962 et
1503 4916 1681 4961 novas

179 4992 403 5055 rationes
444 4994 721 5057 inventae
785 4999 951 5069 sunt,
1006 5010 1147 5073 quae
1200 5010 1329 5055 non
1392 4999 1540 5058 sunt
1594 4992 1689 5053 in·

180 5090 335 5148 ventae
358 5087 513 5151 cirea
543 5088 774 5162 alium;
803 5088 992 5169 igitur
1028 5086 1187 5150 fides
1216 5092 1281 5149 et
1304 5087 1531 5155 modus
1552 5104 1690 5149 cre·-

180 5175 609 5243 dendihaeretici
635 5198 763 5241 non
784 5181 991 5243 obstat
1006 5181 1341 5260 quominus
1367 5179 1688 5259 proprium

180 5270 431 5333 motivum
450 5272 605 5335 fidei
642 5273 998 5353 specificam
1024 5273 1123 5335 sit.

245 5365 327 5423 16.
366 5364 461 5429 Aa
482 5368 988 5448 confirmationem
1026 5369 1095 5428 in
1134 5368 1256 5430 eod.
1289 5384 1353 5427 π.
1386 5369 1545 5429 4.-
1572 5367 1689 5428 Ne-

185 5472 278 5533 que
292 5458 461 5519 etiam
478 5458 1037 5527 contrahocobstat
1057 5459 1259 5538 prima
1276 5459 1687 5532 confirmatio,

1758 807 2221 882 (intermittendi,
2252 808 2400 888 quia
2431 826 2557 869 non
2597 804 2996 887 distinguitur
3024 807 3322 871 determi-

1756 900 1928 963 natio
1987 901 2197 981 quoad
2245 899 2802 981 specificationem‚
2859 919 2898 962 a
2943 900 3324 964 determina-

1758 993 1927 1055 tione
1975 993 2186 1073 quoad
2219 994 2606 1067 exercitium,
2638 992 2738 1055 vel
2769 992 2958 1055 etiam
3005 992 3151 1073 quia
3193 1013 3320 1057 non

1762 1085 2165 1165 distinguitur
2190 1086 2344 1166 quid
2369 1086 2728 1164 requiratur
2757 1104 2834 1147 ex
2861 1090 3040 1166 parte
3093 1087 3320 1167 objecti

1760 1178 1841 1241 ad
1870 1180 2402 1258 specificationem
2431 1184 2627 1253 actus,
2660 1179 2813 1259 quid
2834 1198 2984 1242 vero
3006 1179 3084 1241 sit
3099 1200 3322 1244 neces-

1760 1272 1994 1333 sarium
2022 1291 2102 1335 ex
2144 1278 2322 1353 parte
2353 1272 2666 1352 potentioe,
2691 1278 2760 1333 ut
2784 1272 2977 1352 possit
3007 1272 3178 1334 illum
3215 1276 3321 1337 eli-

1760 1383 1925 1428 cere.
1949 1366 2100 1431 Dico
2133 1384 2285 1445 ergo
2327 1365 2602 1427 divinam
2629 1364 3074 1429 revelationem
3107 1367 3321 1447 objec-

1758 1459 1975 1535 uvam,
2029 1476 2168 1521 esse
2221 1458 2300 1519 de
2341 1476 2410 1519 se
2468 1456 2903 1533 sufficientem,
2937 1466 3004 1519 ut
3051 1460 3102 1519 si
3131 1460 3321 1523 homo

1756 1552 1906 1615 velit
1926 1552 1994 1613 in
2021 1553 2128 1613 illa
2159 1552 2294 1625 niti,
2327 1550 2689 1632 specificum
2730 1556 2940 1612 actum
2972 1550 3118 1637 fidei
3157 1552 3324 1613 infu-

1756 1662 1842 1707 soe
1874 1645 2104 1719 eliciat,
2132 1646 2261 1707 imo
2286 1645 2410 1707 tale
2442 1662 2580 1707 esse
2613 1644 2763 1707 illud
2791 1645 3116 1718 motivum,
3148 1650 3218 1709 ut
3243 1662 3322 1707 ex

1758 1756 1827 1803 se
1856 1737 1945 1799 ad·
1967 1738 2169 1801 solum
2221 1738 2396 1799 illum
2445 1745 2651 1801 sctum
2706 1744 2973 1812 moveat,
3007 1744 3068 1799 et
3094 1738 3178 1799 illi
3205 1740 3321 1803 soli

1756 1832 1954 1912 possit
1997 1831 2150 1895 dare
2193 1830 2492 1911 speciem,
2521 1832 2598 1893 ita
2643 1834 2712 1891 ut
2746 1848 2874 1892 non
2920 1832 3116 1911 possit
3145 1832 3322 1894 intel·

1758 1924 1957 1987 lectus
1977 1942 2052 1985 ex
2073 1924 2178 1985 illo
2201 1924 2478 1997 credere,
2503 1922 2622 1984 nisi
2653 1942 2766 2003 per
2787 1924 2975 1987 talem
2991 1931 3234 1999 actum;
3259 1930 3324 1989 et

1759 2018 1879 2077 hoc
1903 2019 1999 2077 est
2025 2016 2327 2077 motivum
2355 2015 2507 2077 illud
2527 2032 2664 2077 esse
2693 2012 3076 2099 specificum,
3105 2024 3164 2080 et
3197 2018 3322 2081 suf-

1758 2109 2042 2171 ficienter
2074 2108 2495 2171 determinare
2523 2108 2868 2189 potentiam
2891 2109 3099 2187 quoad
3127 2112 3322 2191 speci-

1758 2202 2138 2265 ficationem.
2171 2202 2328 2279 Quia
2366 2218 2515 2266 vero
2541 2200 2692 2264 illud
2729 2201 3030 2263 motivum
3065 2220 3192 2265 non
3226 2208 3322 2265 est

1760 2296 2041 2369 evidens,
2089 2313 2220 2358 non
2269 2296 2601 2361 necessitat
2646 2296 2989 2375 potentiam
3016 2295 3097 2357 ad
3129 2296 3318 2357 talem

1763 2406 2119 2459 assensum,
2155 2392 2218 2451 et
2250 2388 2368 2448 hoc
2397 2394 2492 2451 est
2534 2405 2659 2457 non
2705 2386 3124 2452 determinare
3149 2388 3321 2451 illam

1760 2483 1971 2561 quoad
2013 2482 2398 2545 exercitium.
2443 2482 2516 2543 Et
2563 2480 2709 2543 inde
2738 2483 3026 2561 provenit
3067 2487 3158 2557 ut,
3189 2502 3323 2546 non

1759 2575 2046 2641 obstante
2067 2575 2178 2635 tali
2198 2575 2455 2648 motivo,
2475 2574 2670 2653 possit
2687 2573 3040 2638 intellectus
3068 2594 3196 2639 non
3216 2575 3323 2639 eli·

1758 2687 1901 2730 cere
1941 2676 2150 2730 actum
2183 2668 2331 2731 fidei
2369 2667 2626 2740 infusae,
2667 2668 2814 2746 quia
2843 2672 3050 2747 potest
3075 2686 3203 2731 non
3232 2670 3322 2731 uti

1756 2764 1861 2825 illo
1890 2765 2146 2836 motivo,
2179 2762 2290 2824 sed
2315 2762 2558 2837 ali03et
2576 2762 2720 2827 ideo
2747 2762 2898 2828 dixit
2919 2763 3318 2839 Athanasius,

1758 2863 1916 2919 orat.
1947 2856 2122 2931 Quod
2140 2874 2298 2924 ms
2320 2857 2406 2920 sit
2422 2848 2701 2936 Christus
2717 2883 2739 2917 .·
2757 2854 3060 2941 oportere,
3084 2857 3326 2928 omissis

1760 2951 2046 3016 manis
2075 2950 2434 3023 rationibus,
2463 2950 2536 3011 in
2555 2948 2808 3013 sublime
2841 2949 3190 3036 divinarum
3219 2970 3327 3015 ra·

1762 3044 1993 3109 tivum
2016 3048 2220 3124 potare
2249 3060 2323 3105 σω
2356 3042 2715 3106 revelatione
2751 3041 2978 3107 divina.
3005 3044 3082 3106 Et
3111 3043 3326 3105 simili·

1759 3142 1877 3209 ter,
1895 3142 2126 3215 praeter
2143 3135 2298 3197 illud
2325 3135 2647 3209 motivum,
2677 3136 3104 3197 necessarium
3127 3142 3222 3198 est
3249 3154 3328 3199 ex

1760 3232 1937 3309 parte
1989 3228 2280 3308 potentiae
2325 3228 2624 3289 auxilium
2659 3271 2674 3300 ,
2727 3234 2898 3309 quod
2942 3246 3072 3291 non
3123 3229 3329 3291 obstat

1761 3322 2100 3403 quominus
2139 3320 2296 3383 illud
2323 3321 2624 3385 motivum
2670 3320 2734 3380 in
2781 3338 3016 3401 genere
3062 3341 3174 3385 suo
3207 3320 3330 3385 suf·

1762 3415 1979 3481 ficiens
2007 3414 2106 3477 sit.

1844 3512 1943 3571 17.
1976 3506 2178 3571 -Aa
2211 3510 2250 3569 Ξ
2275 3507 2784 3589 comio-mationem
2810 3504 2953 3571 ibid.
2977 3506 3178 3570 -Ad
3193 3507 3330 3589 pri-

1762 3620 1929 3667 mum
1955 3601 2311 3681 exemplum.
2343 3630 2424 3645 -·
2447 3598 2550 3663 Aa
2581 3596 2926 3661 secundum.
2957 3630 3040 3645 —-
3070 3600 3173 3665 Ad
3211 3606 3324 3663 ter·

1765 3696 1943 3759 tium.
1974 3724 2056 3739 -
2092 3691 2195 3756 Aa
2211 3696 2519 3774 quartum.
2549 3724 2632 3737 ——
2651 3692 2722 3754 In
2752 3690 2964 3752 ultima
2997 3690 3331 3753 confirma-

1764 3788 1935 3849 tione
1964 3786 2195 3866 petitur
2235 3804 2316 3845 an
2358 3785 2554 3865 possit
2593 3784 2760 3845 idem
2809 3783 3023 3849 lumen
3069 3802 3182 3845 seu
3227 3802 3330 3845 ea·

1764 3878 1911 3941 dem
1955 3879 2223 3958 qualitas
2265 3877 2617 3939 illuminare
2665 3877 2980 3957 objectum
3003 3922 3018 3951 ,
3053 3882 3116 3939 et
3144 3876 3330 3939 simul

1766 3990 1903 4035 esse
1957 3971 2332 4051 principium
2386 3989 2464 4033 ex
2514 3977 2690 4051 parte
2743 3970 3078 4049 potentiae3
3139 3970 3329 4049 aliqui

1766 4066 1934 4127 enim
1961 4066 2241 4127 sentiunt
2273 4082 2400 4124 non
2431 4080 2808 4143 repugnare,
2845 4068 3103 4143 propter
3126 4080 3335 4124 exem·

1764 4157 1869 4241 pla
1896 4159 1982 4221 ibi
2005 4158 2302 4229 adducta,
2337 4160 2401 4222 et
2429 4157 2832 4219 nihilominus
2856 4154 3236 4236 respondent
3263 4154 3330 4219 id

1766 4270 1895 4313 non
1950 4251 2288 4313 convenire
2339 4250 2576 4313 habitui
2619 4248 2787 4323 fidei,
2835 4249 2984 4329 quia
3033 4248 3112 4311 de
3166 4248 3330 4312 fact'o

1766 4345 1921 4405 nihil
1950 4345 2193 4406 confert
2239 4345 2508 4423 objecto,
2549 4340 2662 4404 sed
2709 4342 2826 4403 soli
2855 4342 3165 4421 potentiue.
3209 4344 3332 4404 Ve-

1765 4443 2147 4511 rumtamen,
2178 4453 2304 4498 non
2331 4435 2708 4517 disputando
2757 4452 2928 4499 nunc
2973 4452 3054 4495 an
3105 4434 3188 4497 de
3221 4450 3332 4515 po-

1763 4530 1960 4594 tentia
2005 4530 2292 4591 absoluta
2349 4530 2428 4591 sit
2478 4526 2789 4608 possibilis
2829 4527 2970 4589 talis
3025 4518 3292 4607 qualitas
3311 4572 3330 4603 ,

1764 4622 1935 4703 quod
1955 4624 2018 4683 in
2039 4622 2301 4684 materia
2331 4622 2410 4683 de
2435 4621 2672 4683 lumine
2697 4620 2910 4701 gloriae
2952 4620 3199 4681 tractari
3231 4638 3334 4682 so-

1763 4717 1870 4790 let,
1897 4721 1960 4777 et
1987 4714 2304 4794 loquendo
2327 4715 2406 4777 de
2437 4714 2710 4776 naturali
2737 4712 2928 4775 modo
2951 4730 3332 4793 cognoscen-

1764 4807 1851 4885 di,
1882 4812 1948 4871 et
1978 4808 2056 4869 de
2090 4806 2410 4869 habitibus
2453 4826 2528 4869 ac
2565 4806 2888 4887 principiis
2923 4823 3064 4886 quae
3094 4806 3332 4887 experi-

1762 4919 1928 4976 mur,
1961 4919 2190 4963 censeo
2219 4902 2455 4961 nnllam
2489 4918 2630 4969 esse
2673 4900 3030 4980 hujusmodi
3073 4900 3334 4980 qualita-

1766 5002 1919 5071 tem,
1992 5010 2200 5075 neqne
2235 5012 2374 5055 esse
2415 5010 2624 5074 posse,
2679 4994 2730 5053 si
2787 4993 3020 5054 haheat
3073 4992 3333 5055 modum

1769 5086 2271 5167 specificationis,
2303 5104 2494 5167 quem
2539 5086 2788 5147 habitus
2836 5086 3070 5147 habere
3107 5084 3328 5147 solent.

1772 5182 1903 5243 Hoc
1932 5168 2102 5243 enim
2130 5180 2398 5260 probant
2419 5180 2695 5241 rationes
2721 5196 2910 5257 supra
2955 5176 3155 5251 factoe,
3188 5176 3335 5259 quia

1766 5292 1901 5335 non
1951 5280 2160 5353 potest
2207 5274 2456 5336 habitus
2512 5272 2888 5335 constituere
2929 5272 3240 5349 objectum
3297 5286 3336 5331 a

1772 5384 1899 5447 quo
1923 5368 2112 5429 sumit
2137 5368 2434 5448 speciem,
2473 5384 2680 5446 neque
2705 5382 2844 5426 esse
2871 5364 3063 5444 prior,
3097 5368 3160 5425 et
3189 5382 3336 5443 pos—

1770 5461 1964 5523 terior
1987 5462 2092 5523 illo
2111 5463 2178 5523 in
2201 5462 2424 5524 eodem
2454 5478 2710 5542 genere,
2743 5465 2804 5522 et
2831 5458 3084 5521 similes.
3117 5458 3334 5538 Neque

188 5548 401 5625 seilicet,
452 5552 627 5633 quod
661 5552 777 5614 hoc
810 5552 1111 5614 motivum
1163 5568 1291 5613 non
1321 5552 1695 5615 determinat
1774 5548 2068 5636 exempla
2097 5554 2366 5618 adducta
2393 5554 2734 5639 quidquam
2769 5558 3054 5629 movent3
3091 5568 3238 5615 nam
3267 5550 3332 5617 in
