3900 6217
542 406 662 472 628

546 523 711 578 recte
738 532 880 575 cum
905 514 1194 585 veritate3
1240 512 1373 573 haec
1409 531 1536 572 non
1580 513 1673 573 ita
1702 514 1933 572 directe
1966 527 2107 571 cum

545 606 994 689 omnipotentia
1060 606 1158 666 vel
1222 605 1639 665 misericordia
1662 650 1680 680 ,
1760 606 1907 684 quia
1979 623 2106 664 non

544 702 841 763 fundatur
890 704 957 761 in
988 700 1227 761 defectu
1273 698 1737 779 omnipotentiae
1776 697 1876 759 vel
1925 699 2107 759 misc-

542 796 821 857 ricordiae
854 795 981 865 Dei,
1009 794 1111 857 sed
1134 795 1385 856 fortasse
1420 794 1616 854 oritur
1654 812 1731 854 ex
1781 794 1977 853 nimia
1999 812 2105 871 ap·

540 888 946 969 prehensione
974 888 1205 968 proprii
1236 888 1542 964 defectus3
1578 893 1639 947 et
1690 886 1742 947 si
1793 886 2104 947 interdum

543 982 742 1042 oritur
769 1000 846 1042 ex
896 982 1060 1042 mala
1089 982 1543 1042 existimatione
1576 981 1650 1039 de
1700 980 1843 1046 Deo,
1882 997 2107 1058 suppo-

540 1078 634 1137 nit
661 1078 959 1156 Judicium
1008 1094 1362 1151 erroneum,
1392 1082 1453 1137 et
1481 1075 1626 1135 inde
1659 1074 1884 1153 accipit
1923 1090 2106 1133 suam

542 1172 881 1231 maximam
921 1172 1311 1250 gravitatem.
1352 1170 1427 1231 Et
1483 1168 1605 1229 huc
1656 1170 1843 1229 etiam
1874 1166 2110 1228 faciunt

542 1281 683 1345 quae
708 1283 895 1343 supra
912 1264 1181 1324 diximus
1208 1264 1286 1323 de
1312 1261 1615 1339 gravitate
1638 1260 2022 1323 infidelitatis
2044 1264 2101 1319 ¹:

541 1358 789 1438 quando
837 1364 1045 1418 autem
1078 1358 1143 1423 D.
1176 1356 1445 1417 Thomas
1474 1356 1705 1433 excipit
1737 1354 1949 1414 odium
1973 1353 2104 1426 Dei,

540 1450 748 1510 dicens
792 1450 946 1510 illud
985 1468 1116 1511 esse
1160 1450 1407 1528 gravius
1454 1447 1844 1522 infidelitate,
1883 1446 2110 1507 intelli-

539 1544 775 1622 gendus
829 1548 920 1603 est
970 1542 1045 1603 de
1110 1543 1285 1603 omni
1329 1541 1499 1615 odi0,
1556 1541 1746 1602 etiam
1799 1539 2108 1601 contrario

542 1638 738 1696 amori
778 1636 1306 1715 concupiscentias.

620 1729 681 1790 6.
730 1729 995 1792 Dubium
1026 1731 1283 1791 a:⁷terum
1306 1730 1663 1810 ecpenditur
1686 1729 1753 1789 in
1778 1745 1922 1790 casu
1944 1744 2108 1789 reve-

548 1825 693 1886 latoe
727 1824 1168 1904 reprotationis
1189 1825 1479 1903 propo-ier.
1509 1854 1589 1868 -—
1614 1821 1913 1903 Neqanda
1944 1836 2108 1900 prce-

544 1917 691 1980 dicti
725 1932 903 1978 casus
924 1914 1303 1997 possibilitas
1342 1914 1411 1976 de
1442 1919 1738 1995 potestate
1768 1914 2100 1976 ordinaria.

537 2040 619 2057 --
642 2010 890 2085 Ultimo,
924 2008 1196 2069 dubitari
1239 2014 1438 2086 potest
1482 2026 1564 2067 an
1593 2008 1725 2068 haec
1762 2008 2108 2086 desperatio

540 2102 620 2162 sit
662 2103 751 2162 ita
791 2102 1121 2162 intrinsece
1162 2100 1328 2161 mala
1352 2147 1372 2176 ,
1420 2106 1492 2161 ut
1544 2118 1870 2179 nunquam
1915 2100 2104 2179 possit

536 2195 741 2255 licere.
770 2196 949 2256 Ratio
964 2194 1291 2254 dubitandi
1322 2196 1521 2255 oritur
1550 2212 1626 2253 ex
1656 2193 1897 2271 vulgari
1927 2210 2098 2268 casu,

539 2288 592 2349 si
644 2290 799 2349 Deus
854 2288 1040 2348 alicui
1096 2286 1401 2348 revelaret
1464 2290 1666 2366 ipsum
1723 2304 1850 2347 esse
1890 2302 2102 2364 repro-

534 2380 730 2459 hum3
766 2383 871 2443 ille
898 2384 1067 2443 enim
1108 2388 1311 2462 posset
1352 2387 1503 2441 tunc
1542 2380 1709 2441 licite
1750 2380 2096 2459 desperare.

538 2474 799 2549 Quidam
826 2483 1056 2554 negant
1084 2492 1295 2536 casum
1336 2492 1467 2535 esse
1498 2472 1873 2552 possibilem,
1912 2473 2102 2533 etiam

535 2570 611 2629 de
640 2570 917 2647 potentia
954 2568 1257 2643 absoluta,
1302 2567 1363 2627 id
1396 2576 1511 2639 est,
1544 2567 1733 2627 alicui
1781 2566 1975 2626 talem
2007 2582 2106 2625 re-

538 2662 910 2722 velationem
952 2662 1299 2721 absolutam
1348 2659 1481 2721 fieri
1522 2681 1539 2733 ;
1586 2664 1674 2719 ita
1712 2660 2104 2719 Bonaventu-

537 2772 628 2829 ra,
661 2755 729 2815 in
760 2758 981 2833 primo,
1005 2754 1148 2814 dist.
1174 2755 1276 2827 48,
1300 2753 1461 2813 circa
1489 2753 1759 2812 litteram
1783 2767 1803 2828 3
1838 2751 2100 2810 inclinat

530 2849 617 2909 ibi
642 2847 996 2925 Gregorius,
1032 2854 1249 2927 quaest.
1290 2846 1533 2920 ultima,
1565 2847 1749 2925 paulo
1797 2852 1941 2905 ante
1982 2842 2094 2905 fin.

540 2941 618 3003 Et
643 2940 717 3024 D,
744 2926 1033 3014 Thomas,
1060 2941 1312 3015 ibidem,
1344 2948 1461 2999 art.
1500 2941 1541 2999 4
1559 2985 1581 3015 ,
1624 2938 1702 2998 ad
1730 2938 2096 3012 secundum,

530 3033 680 3094 dicit
727 3034 900 3094 illam
938 3032 1307 3114 positionem
1346 3050 1479 3093 esse
1531 3031 1709 3111 quasi
1750 3029 2099 3110 impossibi-

537 3126 683 3187 lem.
720 3126 891 3188 Idem
921 3126 1112 3187 habet
1142 3126 1319 3187 Dion.
1352 3124 1684 3198 Richelius,
1728 3122 1978 3202 dialogo
2022 3122 2100 3183 de

534 3219 775 3281 Judicio
818 3220 1047 3280 animae
1072 3262 1093 3293 ,
1124 3224 1243 3280 art.
1277 3222 1315 3279 5
1332 3262 1355 3295 ,
1400 3218 1505 3297 qui
1550 3216 1743 3277 refert
1776 3215 1983 3276 Alens.
2038 3220 2104 3277 et

534 3312 847 3375 Guillelm.
886 3311 1471 3373 Antisiodorensem.
1524 3310 1703 3371 Ratio
1734 3316 1827 3371 est
1855 3355 1875 3385 ,
1925 3310 2098 3389 qnia,

536 3409 649 3467 etsi
678 3406 1123 3467 considerando
1150 3406 1386 3466 nudam
1415 3405 1761 3484 potentiam
1793 3404 1924 3478 Dei,
1971 3420 2098 3463 non

534 3498 811 3561 involvat
847 3498 1417 3573 contradictionem,
1448 3498 1651 3558 facere
1694 3496 1885 3557 talem
1927 3514 2099 3557 reve·

531 3591 850 3668 lationem,
895 3597 1128 3668 tamen,
1158 3590 1543 3653 considerata
1570 3588 1757 3651 simul
1786 3589 1897 3649 Dei
1922 3588 2099 3647 boni-

538 3691 663 3746 tate
688 3692 750 3745 et
776 3686 1101 3765 sapientia,
1132 3684 1229 3745 his
1254 3683 1569 3745 attributis
1596 3688 1924 3761 repugnat.
1969 3681 2100 3741 Pri-

538 3796 665 3855 m0,
694 3780 840 3857 quia
878 3778 1023 3839 talis
1062 3778 1361 3839 revelatio
1402 3776 1481 3839 ad
1512 3775 1677 3836 nihil
1716 3775 1865 3835 boni
1900 3779 2103 3853 potest

535 3890 664 3934 esse
700 3871 869 3933 utilis
888 3916 909 3947 ,
956 3890 1029 3933 ac
1072 3879 1272 3952 potest
1316 3887 1446 3933 esse
1490 3868 1723 3931 occasio
1761 3868 2102 3929 multorum

538 3965 871 4038 malorum,
890 3966 1199 4044 praecipue
1214 3964 1283 4025 in
1306 3964 1559 4025 homine
1584 3967 1847 4023 viatore.
1871 3962 2100 4023 Secun-

538 4057 641 4131 do,
686 4058 1055 4119 constituere
1090 4058 1394 4118 viatorem
1437 4057 1503 4116 in
1550 4073 1622 4117 eo
1650 4060 1819 4115 statu
1858 4059 1931 4114 ut
1972 4070 2100 4113 non

536 4150 729 4231 possit
758 4151 965 4212 conari
996 4151 1077 4211 ad
1118 4168 1303 4211 suum
1328 4150 1519 4212 finem
1562 4149 1853 4209 ultimum
1891 4164 2104 4207 conse·

537 4226 858 4323 quendum
879 4289 900 4319 ,
948 4244 1192 4305 videtur
1237 4262 1382 4305 esse
1406 4249 1631 4323 praeter
1674 4242 1960 4303 ordinem
2003 4256 2102 4301 sa·

538 4338 789 4416 pientiae
817 4344 879 4399 et
907 4338 1311 4417 providentiae
1338 4339 1446 4399 Dei
1473 4360 1489 4411 ;
1520 4343 1587 4397 at
1620 4354 1731 4415 per
1762 4352 1901 4396 eam
1928 4352 2104 4394 reve-

435 4458 441 4469 ·
538 4432 834 4492 lationem
884 4432 1363 4493 constitueretur
1396 4432 1583 4491 homo
1630 4432 1699 4490 in
1742 4427 2102 4507 hujusmodi

537 4530 725 4586 statu.
766 4525 996 4600 Terti0,
1025 4532 1369 4604 sequuntur
1410 4523 1703 4603 quaedam
1749 4521 1943 4582 veluti
1987 4522 2100 4580 im-

538 4616 867 4699 plicantia3
914 4636 1063 4677 nam
1096 4618 1201 4679 ille
1258 4624 1463 4698 posset
1506 4616 1677 4676 licite
1726 4615 1882 4675 velle
1922 4631 2100 4675 suam

546 4710 1055 4788 damnationem3
1086 4712 1156 4771 in
1203 4712 1319 4772 hoc
1362 4710 1535 4775 enim
1574 4728 1641 4771 se
1690 4708 2102 4769 conformaret

542 4803 853 4864 voluntati
881 4804 1012 4879 Dei,
1042 4811 1105 4864 et
1128 4804 1281 4865 alias
1316 4822 1445 4865 non
1476 4810 1677 4883 posset
1703 4803 1867 4863 licite
1887 4848 1908 4877 ,
1956 4801 2104 4879 quia

543 4896 663 4958 hoc
684 4902 843 4959 esset
868 4897 1027 4958 velle
1054 4898 1265 4959 omnia
1292 4904 1565 4978 peccata.
1597 4898 1741 4971 Quoe
1770 4912 2103 4973 argumen-

544 4996 608 5050 ta
654 4990 871 5051 saltem
922 4991 1188 5070 probant
1234 4990 1592 5069 hujusmodi
1633 4988 2095 5063 revelationem,

544 5083 601 5143 si
644 5084 958 5145 ordinario
1000 5084 1185 5145 modo
1224 5082 1423 5158 fieret,
1452 5081 1920 5160 intelligendam
1967 5098 2100 5143 esse

542 5194 671 5239 non
710 5178 777 5237 in
804 5194 987 5238 sensu
1026 5177 1306 5237 absoluto
1329 5223 1348 5252 ,
1386 5178 1493 5237 sed
1538 5176 2010 5237 comminatorio
2039 5179 2102 5235 et

542 5269 983 5330 conditionate.
1010 5270 1100 5331 Ita
1126 5270 1306 5331 divus
1328 5270 1620 5347 ThomaS,
1651 5278 1872 5351 quaest.
1902 5270 1983 5330 23
2022 5268 2102 5328 de

536 5363 835 5441 veritate,
864 5363 1125 5425 articulo
1156 5364 1219 5441 8,
1242 5362 1323 5426 ad
1365 5364 1701 5426 secundum
1732 5384 1750 5437 3
1783 5362 2002 5440 Major,
2031 5362 2100 5422 in

624 5556 641 5587 ¹
684 5551 849 5630 Disp.
884 5556 984 5632 16,
1032 5562 1177 5617 sect.
1211 5555 1271 5617 2.

1215 404 1452 464 DISPUT.
1489 414 1549 464 ll.
1585 408 1852 465 moesus
1886 410 1966 464 DE
1999 404 2112 461 SPE
2145 406 2488 463 CONTINENS
2521 407 2855 463 SECTIONES
2886 409 3058 461 TRES.

2188 510 2402 586 tertie,
2443 510 2832 571 distinctione
2878 512 2958 571 ⁶26
2979 558 2995 583 ,
3045 511 3368 588 quaestione
3406 514 3597 593 tertia,
3639 526 3689 579 et

2187 604 2315 665 alii.
2345 604 2524 666 Ratio
2554 611 2670 680 est,
2708 604 2855 683 quia
2881 604 3014 663 haec
3041 603 3330 664 revelatio
3352 607 3594 669 admittit
3613 616 3690 672 ta·

2187 696 2309 757 lem
2352 716 2624 772 sensum,
2657 704 2720 757 et
2761 698 2828 756 in
2869 714 3043 757 sacra
3073 696 3377 775 Scriptura
3413 700 3692 763 revelatio-

2185 810 2294 851 nes
2336 791 2694 871 hujusmodi
2739 790 3173 869 intelliguntur
3215 792 3556 869 regulariter
3595 796 3690 858 isto

2187 885 2394 959 mode,
2427 892 2488 945 et
2525 886 2725 963 magis
2760 890 2852 945 est
2891 890 3364 945 consentaneum
3413 890 3694 967 providen-

2189 978 2294 1037 tiae
2332 978 2437 1037 Dei
2467 982 2528 1037 et
2559 978 2902 1057 sapientiae,
2936 984 3008 1037 ut
3035 980 3121 1036 ita
3157 978 3382 1039 revelet
3407 998 3574 1057 quam
3599 983 3696 1043 alio

2187 1072 2391 1133 modo.
2422 1072 2502 1131 At
2523 1088 2693 1148 νει-ο,
2724 1071 3083 1151 simpliciter
3115 1076 3175 1131 et
3203 1071 3278 1131 de
3321 1070 3578 1133 absoluta
3613 1094 3700 1153 po-

2189 1167 2386 1228 tentia
2410 1167 2739 1247 loquend0,
2775 1167 3130 1244 negandum
3159 1184 3286 1226 non
3315 1174 3401 1227 est
3427 1168 3564 1245 quin
3590 1188 3699 1249 pos-

2191 1266 2283 1321 set
2325 1260 2484 1320 Deus
2511 1260 2575 1320 id
2605 1262 2803 1321 dicere
2829 1260 3128 1335 absolute,
3161 1264 3223 1320 et
3260 1259 3570 1337 affirmare,
3597 1264 3698 1326 imo

2190 1352 2508 1414 evidenter
2544 1354 2724 1414 alicui
2756 1354 3074 1414 ostendere
3103 1371 3166 1413 se
3199 1353 3264 1413 id
3287 1354 3544 1413 absolute
3567 1356 3699 1416 affir-

2189 1464 2382 1507 mare.
2418 1448 2508 1507 lta
2552 1447 2622 1507 D.
2655 1446 2948 1521 Thomas»,
2980 1452 3043 1507 et
3081 1446 3280 1524 Major
3313 1464 3508 1525 supra,
3535 1456 3590 1507 et
3607 1450 3701 1510 Ga-

2189 1540 2368 1611 briel‚
2401 1539 2767 1600 lectionibus
2805 1540 3188 1619 sexagesima
3217 1546 3432 1599 octava
3475 1552 3532 1599 et
3564 1560 3700 1603 sexa·

2189 1634 2424 1710 gesima
2473 1650 2641 1693 nona
2696 1634 2762 1693 in
2815 1634 3150 1695 canonem.
3203 1632 3380 1693 Ratio
3423 1638 3544 1707 est,
3583 1636 3700 1715 qnia

2188 1726 2302 1786 hoc
2339 1744 2540 1806 neque
2564 1726 2824 1809 includit
2861 1732 3136 1804 apertam
3177 1726 3695 1803 contradictionem,

2187 1836 2302 1879 nec
2337 1821 2660 1880 malitiam.
2693 1821 2951 1894 Deinde,
2985 1820 3142 1879 Deus
3169 1819 3300 1897 jam
3330 1820 3393 1877 in
3433 1822 3704 1882 communi

2187 1912 2510 1974 revelavit.
2545 1914 2995 1974 Antichristum
3033 1930 3165 1973 esse
3195 1911 3554 1990 reprobum3
3589 1914 3702 1972 dicit

2187 2008 2357 2068 enim
2395 2026 2569 2067 sacra
2617 2008 2932 2086 Scriptura
2969 2022 3096 2069 esse
3123 2006 3326 2085 filium
3362 2006 3701 2087 perditionis,

2187 2106 2248 2161 et
2281 2107 2560 2179 tempore
2613 2100 2971 2161 Antichristi
3011 2105 3216 2178 posset
3263 2099 3443 2159 alit-ui
3484 2099 3701 2159 revelari

2181 2194 2362 2254 illum
2392 2212 2523 2255 esse
2555 2194 3004 2255 Antichristum
3030 2213 3045 2265 ;
3075 2210 3228 2271 ergo
3265 2192 3476 2253 eadem
3505 2193 3703 2255 ratione

2183 2294 2385 2366 posset
2413 2288 2613 2349 eidem
2642 2286 3019 2347 Antichristo
3042 2288 3104 2346 id
3133 2285 3432 2357 revelari;
3461 2286 3595 2358 imo,
3620 2285 3705 2363 qni

2181 2380 2370 2441 talem
2399 2382 2841 2441 revelationem
2877 2381 3163 2461 suscepit,
3187 2384 3393 2459 posset
3415 2396 3545 2438 eam
3570 2378 3704 2438 suffi-

2185 2476 2416 2535 cienter
2447 2492 2810 2553 proponere,
2843 2474 2894 2534 si
2925 2476 3082 2534 Deus
3108 2474 3319 2534 vellet.

2263 2570 2322 2629 7.
2369 2570 2453 2630 In
2504 2584 2652 2629 casu
2687 2569 2827 2647 jam
2871 2568 3154 2640 admisso,
3187 2564 3392 2649 opinio
3435 2566 3623 2647 prim-a
3653 2567 3710 2626 in

2184 2663 2356 2725 dubio
2381 2660 3003 2742 proposita—Citari
3038 2660 3189 2723 solet
3233 2660 3500 2725 Victoria
3524 2676 3588 2719 ee·
3609 2676 3708 2719 ma-

2177 2754 2535 2835 nuscriptis.
2551 2786 2633 2800 -
2657 2756 3076 2834 Impuqnoelur
3097 2755 3324 2833 primo.
3349 2782 3429 2797 —-
3457 2750 3708 2815 Secundo.

2176 2880 2259 2894 -
2290 2848 2517 2911 Tertia.
2549 2882 2632 2892 —-—
2659 2848 2862 2907 Posito
2912 2865 3060 2925 ergo
3115 2864 3288 2919 casu,
3326 2844 3566 2923 quidam
3609 2843 3714 2921 opi-

2177 2948 2415 3002 uantur
2439 2941 2638 3002 teneri
2665 2958 2809 3001 eum
2832 2940 3150 3001 hominem
3177 2938 3382 2999 adhuc
3404 2936 3480 2998 ad
3503 2954 3714 3015 speran-

2180 3032 2354 3108 dum,
2388 3032 2534 3113 quia
2581 3038 2764 3094 antea
2807 3033 3158 3107 tenebatur,
3191 3038 3263 3092 et
3292 3029 3573 3091 revelatio
3611 3044 3714 3087 non

2180 3126 2436 3187 abstulit
2460 3132 2864 3205 praeceptum,
2893 3130 2956 3185 et
2983 3131 3290 3204 praeterea
3317 3128 3512 3203 potest
3537 3121 3716 3200 imple-

2179 3236 2280 3297 re3
2313 3236 2458 3281 nam
2488 3219 2566 3280 ad
2607 3218 2984 3299 sperandum
3011 3218 3158 3278 satis
3191 3224 3286 3279 est
3327 3217 3616 3295 objectum
3639 3230 3716 3274 se·

2181 3312 2456 3373 cundum
2484 3330 2550 3374 se
2581 3328 2712 3373 esse
2751 3310 3065 3392 possibile,
3093 3317 3158 3371 et
3199 3312 3292 3371 ita
3325 3309 3596 3389 Judicari.
3623 3308 3714 3365 Ve-

2179 3422 2321 3465 rum
2346 3451 2361 3479 ‚
2407 3406 2460 3465 si
2505 3405 2834 3485 loquamur
2879 3404 2957 3466 de
3000 3422 3151 3465 vera
3203 3420 3313 3483 spe
3361 3400 3714 3465 beatitudinis

2179 3506 2427 3560 aeternae
2447 3542 2463 3571 ‚
2511 3515 2639 3558 non
2695 3498 2878 3559 credo
2927 3514 3141 3558 veram
3196 3514 3328 3557 esse
3375 3496 3710 3576 opinionem,

2179 3593 2327 3672 quia
2357 3591 2469 3653 tali
2497 3592 2737 3652 homini
2779 3598 2935 3653 esset
2967 3590 3354 3670 impossibile
3379 3606 3626 3669 sperare,
3648 3588 3714 3646 si-

2183 3692 2292 3745 cut
2318 3684 2640 3747 intendere
2667 3684 3000 3746 efficaciter
3031 3684 3525 3745 consecutionem
3551 3679 3714 3741 beati-

2179 3777 2435 3839 tudinis.
2471 3778 2624 3838 Nam
2667 3778 2952 3839 voluntas
2993 3776 3277 3855 sequitur
3315 3777 3600 3855 judicium
3634 3790 3714 3832 ra-

2181 3871 2402 3949 tionis;
2454 3890 2604 3950 ergo
2653 3888 2780 3932 non
2824 3876 3022 3950 potest
3073 3870 3364 3931 absoluto
3413 3876 3473 3929 et
3515 3866 3712 3930 efficaci

2180 3970 2323 4025 actu
2365 3964 2618 4027 tendere
2667 3966 2734 4025 in
2767 3965 2852 4033 id,
2893 3963 3056 4044 quod
3103 3963 3461 4043 simpliciter
3507 3960 3710 4039 judicat

2181 4074 2305 4117 non
2336 4076 2464 4119 esse
2491 4057 2792 4118 futurum.
2831 4056 3004 4118 Adde
3031 4058 3180 4136 quia
3209 4056 3314 4117 hic
3341 4062 3404 4117 et
3427 4072 3599 4127 nunc,
3621 4068 3706 4131 po·

2181 4150 2312 4212 sitis
2347 4152 2474 4212 illis
2513 4150 2990 4225 conditionibuS,
3016 4149 3337 4229 judicatur
3379 4144 3706 4229 impossibile

2183 4260 2461 4323 sperare3
2492 4244 2780 4305 voluntas
2821 4258 3053 4318 autem,
3087 4244 3203 4305 etsi
3238 4262 3349 4323 per
3377 4242 3702 4303 velleitatem

2182 4340 2416 4399 feratur
2445 4339 2510 4397 in
2551 4338 2861 4416 objectum
2903 4337 3244 4397 secundum
3289 4354 3376 4411 se,
3407 4342 3596 4396 tamen
3631 4348 3705 4391 sc-

2181 4432 2451 4492 cundum
2480 4438 2690 4491 aetum
2723 4428 3030 4491 efficacem
3057 4429 3261 4490 tendit
3303 4430 3370 4489 in
3412 4428 3700 4506 obJectum,

2181 4532 2252 4586 ut
2290 4525 2394 4586 hic
2421 4530 2485 4585 et
2523 4540 2695 4584 nunc
2741 4522 3024 4603 possibile
3064 4522 3368 4583 futurum.
3403 4521 3612 4593 Tertio,
3635 4519 3706 4576 ita

2181 4636 2244 4680 se
2282 4618 2537 4679 haberet
2580 4618 2768 4677 homo
2815 4617 2922 4677 ille
2951 4616 3029 4677 ad
3076 4634 3255 4679 suam
3303 4613 3704 4676 beatitudinem

2180 4712 2339 4773 sicut
2369 4730 2482 4773 nos
2525 4728 2696 4772 nunc
2729 4710 2810 4771 ad
2857 4709 3150 4790 reprobos
3193 4712 3263 4769 in
3315 4708 3579 4777 confuso3
3619 4702 3704 4763 scd

2183 4822 2294 4867 nos
2329 4824 2454 4866 non
2484 4822 2804 4885 possumus
2835 4818 3082 4883 sperare
3108 4803 3206 4865 vel
3235 4804 3554 4865 efficaciter
3577 4796 3704 4857 desi·

2183 4900 2398 4960 derare
2429 4898 2875 4959 beatitudinem
2909 4896 3210 4976 reprobis.
3246 4896 3420 4957 Unde
3453 4888 3704 4971 Augusti-

2180 5010 2320 5066 nus,
2353 4994 2424 5053 21
2461 4992 2540 5053 de
2579 4992 2861 5066 Civitate,
2893 5010 2948 5051 c.
2981 4992 3080 5065 15,
3109 4993 3219 5065 ait,
3266 4990 3319 5049 si
3359 4994 3521 5049 certo
3553 4986 3704 5044 scire-

2179 5105 2318 5146 mus
2350 5086 2459 5165 qui
2486 5090 2689 5147 esseut
2717 5083 2986 5164 reprobi,
3020 5096 3146 5145 non
3175 5098 3347 5163 posse
3369 5098 3480 5142 nos
3505 5096 3604 5159 pro
3627 5090 3708 5135 sa-

2178 5177 2308 5239 lute
2356 5184 2590 5239 aeterna
2629 5194 2846 5237 eorum
2891 5194 3092 5238 orare.
3151 5178 3226 5237 Et
3269 5180 3336 5235 Η
3380 5174 3582 5237 Genes.
3637 5164 3702 5225 ad

2179 5272 2472 5345 litteram,
2501 5288 2634 5349 cap.
2672 5272 2744 5331 17
2789 5277 2854 5331 et
2877 5270 2980 5345 18,
3011 5268 3099 5330 ait
3129 5272 3401 5351 primum
3433 5260 3704 5342 Angelum

2179 5382 2307 5425 non
2338 5364 2708 5444 proescivisse
2735 5380 2918 5423 suum
2947 5378 3182 5438 casum,
3208 5364 3358 5441 quia
3381 5376 3502 5419 non
3533 5355 3704 5435 posset

2178 5458 2698 5537 perseverantiam
2741 5469 2988 5535 sperare
3003 5471 3026 5532 3·
3059 5462 3122 5517 et
3153 5454 3315 5515 idem
3343 5452 3504 5525 dicit,
3533 5448 3702 5525 capite

2179 5557 2418 5627 octavo,
2449 5552 2526 5612 de
2569 5550 2772 5631 primo
2811 5550 3090 5626 homine,
3120 5556 3180 5611 ct
3218 5548 3375 5609 libre
3405 5546 3480 5607 de
3517 5544 3700 5602 Corre-
