3900 6217
596 402 761 457 sssc'r.
795 403 860 455 11.
895 403 981 455 AN
1013 402 1308 455 Bchsssla
1337 402 1538 457 REGTE
1571 402 1918 457 PROHIBEAT
1950 404 2409 459 RAERETlcoRUM
2438 404 2673 468 LIBROS,
2708 406 2845 461 mc.
3204 404 3324 467 505

193 516 365 581 andire
391 524 504 569 non
529 509 617 567 est
645 504 852 583 lamro.
890 502 1086 578 Dices,
1125 504 1408 581 quamvis
1438 522 1566 564 non
1605 502 1684 563 sit

193 614 354 687 legere
401 618 504 681 per
545 598 830 677 seipsum,
891 595 1108 657 saltem
1161 603 1256 657 est
1312 596 1520 674 legere
1572 613 1684 676 per

191 705 364 765 alium.
393 694 500 755 Sed
525 696 754 765 contra,
781 690 929 769 quia
955 689 1073 750 hoc
1097 707 1226 749 non
1257 689 1502 765 sufficit,
1531 708 1682 770 quo-

189 797 322 857 niam
344 806 456 851 non
483 783 838 864 exprimitur
862 784 929 843 in
959 780 1396 861 prohibitione.
1428 783 1676 857 Quoties

188 894 354 949 autem
387 882 480 941 lex
517 875 796 957 prohibet
831 876 1184 951 actionem,
1232 882 1298 936 et
1337 894 1463 937 non
1503 875 1678 937 addit

187 975 546 1043 extensionem
572 970 648 1031 ad
676 967 1002 1031 facientem
1032 987 1142 1048 per
1179 968 1398 1043 alium,
1425 969 1676 1031 restrin-

1765 508 2029 582 gantur;
2059 510 2123 565 et
2156 504 2635 566 fundamentum
2667 505 2911 566 videtur
2936 504 3145 583 fuisse,
3176 509 3327 587 quia

1765 598 1827 656 in
1853 596 2143 658 omnibus
2166 603 2229 657 et
2246 597 2505 675 singulis
2528 604 2621 659 est
2639 599 3005 678 periculum,
3031 600 3195 680 quod
3222 602 3324 662 lex

1761 690 1957 751 vitare
1984 690 2275 751 intendit.
2306 691 2623 753 Contraria
2650 710 2795 753 vero
2822 694 3125 753 sententia
3156 712 3326 755 com-

1761 784 2013 847 munior
2031 790 2143 860 est,
2161 802 2349 864 quam
2374 790 2545 845 tenet
2562 784 2742 861 Amr,
2761 786 2919 847 Sair.
2946 792 3009 847 et
3025 788 3235 864 Sanc„
3261 795 3325 849 et

1757 876 2025 939 sumitur
2076 895 2153 938 ex
2208 878 2429 952 Castr.,
2486 874 2595 939 lib.
2656 880 2695 939 2
2750 877 2825 939 de
2878 880 3039 941 Just.
3096 880 3317 943 haeret.

1758 970 1991 1049 punit„
2018 988 2150 1049 cap.
2192 973 2286 1033 17.
2320 972 2397 1033 Et
2420 971 2487 1033 iu
2521 972 2727 1049 rigore
2754 971 3001 1033 videtur
3029 971 3321 1051 probabi-

187 1071 346 1153 genda
383 1071 466 1128 est
493 1064 570 1125 ad
595 1061 920 1123 facientem
953 1081 1062 1141 per
1098 1063 1366 1142 seipsum
1381 1078 1403 1140 3
1433 1068 1496 1123 et
1536 1061 1674 1123 ideo
1753 1063 1896 1139 lior,
1957 1064 2104 1143 quia
2170 1062 2388 1143 regula
2448 1064 2753 1144 generalis
2820 1070 2935 1139 est,
2998 1071 3323 1145 peccatum

186 1182 282 1227 non
301 1161 476 1222 solent
501 1156 848 1236 hujusmodi
881 1156 1048 1232 leges
1075 1156 1326 1217 extendi
1349 1155 1430 1218 ad
1459 1174 1680 1217 consu-

185 1260 357 1325 lentes,
372 1252 718 1313 mandantes
737 1254 801 1310 et
817 1249 1072 1319 similes,
1091 1244 1210 1311 nisi
1227 1251 1674 1329 exprimantur.

185 1346 538 1413 Nihilominus
581 1342 966 1405 contrarium
1019 1360 1238 1405 censeo
1289 1342 1562 1404 securius
1618 1347 1680 1404 et

185 1460 380 1513 rerum,
404 1437 558 1518 quod
577 1442 796 1499 tenent
809 1435 1016 1511 Azor„
1045 1437 1275 1511 Sairus,
1295 1436 1580 1515 Graphis,
1617 1440 1682 1497 et

185 1537 296 1597 alii:
323 1550 554 1594 moveor
598 1536 809 1593 autem
853 1550 936 1593 ex
973 1530 1211 1593 ratione
1253 1531 1584 1610 praecipue,
1619 1534 1682 1591 et

182 1628 472 1689 intentione
509 1625 700 1702 legis3
751 1642 898 1685 nam
939 1624 1198 1685 omnino
1234 1622 1401 1685 idem
1443 1622 1682 1703 pericu-

185 1724 278 1782 lum
315 1726 372 1779 et
415 1718 850 1780 detrimentum
897 1718 1173 1796 sequitur
1217 1734 1294 1777 ex
1329 1715 1447 1777 hoc
1497 1716 1682 1777 modo

179 1812 400 1892 legendi,
437 1811 596 1891 quod
641 1828 718 1873 ex
758 1810 1020 1873 lectione
1060 1828 1172 1888 per
1211 1810 1502 1888 seipsum,
1554 1809 1684 1870 imo

179 1903 576 1985 quodammodo
601 1904 828 1981 maius,
873 1902 1020 1982 quia
1050 1902 1156 1963 ille
1189 1902 1408 1963 modus
1434 1900 1684 1980 legendi

177 1998 366 2061 facilior
400 2002 506 2071 est,
557 2002 622 2057 et
667 1995 756 2057 ita
803 1995 854 2057 si
905 1995 1008 2057 ille
1056 2012 1186 2056 non
1227 1993 1682 2074 prohiberetur,

177 2092 316 2170 quasi
337 2091 676 2154 frustranea
703 2096 862 2153 esset
887 2089 990 2151 lex
1008 2089 1145 2151 ista.
1179 2088 1408 2149 Deinde
1440 2086 1685 2149 auditus

179 2204 274 2245 non
306 2184 492 2245 miuus
525 2188 618 2243 est
649 2201 864 2244 sensus
897 2181 1235 2261 disciplinoe
1261 2197 1451 2261 quam
1477 2182 1645 2241 visus
1660 2195 1682 2258 3

177 2279 217 2339 si
242 2295 364 2355 ergo
402 2276 760 2355 prohibetur
789 2276 972 2337 lectio
997 2292 1106 2353 per
1131 2274 1332 2337 solum
1363 2274 1585 2349 visum,
1615 2278 1689 2333 ut

177 2378 413 2431 caveatur
434 2369 573 2430 talis
585 2369 890 2443 doctriua,
918 2387 1026 2431 seu
1049 2368 1390 2446 disciplina,
1416 2386 1526 2427 cur
1557 2385 1686 2428 non

177 2465 322 2523 etiam
377 2480 482 2539 per
538 2462 828 2523 auditum
848 2464 876 2521 ‘l
930 2461 1164 2535 Tertio,
1220 2460 1404 2521 lectio
1457 2461 1683 2538 partim

177 2560 368 2615 constat
396 2572 468 2615 ex
507 2554 879 2633 prolatione,
919 2555 1144 2634 partim
1183 2571 1260 2615 ex
1293 2554 1686 2633 perceptione

177 2666 346 2709 sonim
379 2666 512 2727 quse
539 2649 770 2729 scripta
796 2654 966 2721 sunt,
1007 2652 1070 2708 et
1108 2663 1322 2707 revera
1352 2645 1493 2707 talis
1527 2646 1685 2707 actio

177 2747 607 2801 comsummatur
645 2741 716 2801 in
744 2739 1174 2820 perceptione3
1203 2738 1312 2799 ille
1339 2744 1548 2799 autem
1579 2738 1686 2815 qui

177 2833 312 2893 audit
351 2834 653 2911 legentem
704 2833 936 2898 librum
987 2832 1368 2908 haereticum,
1425 2832 1686 2912 percipit

181 2945 280 3005 quae
309 2927 610 3006 leguntur,
652 2931 717 2989 et
747 2927 837 2988 ita
875 2927 1053 3005 quasi
1084 2932 1470 2987 consummat
1509 2925 1682 2986 illam

179 3022 446 3082 achonem.
477 3021 658 3083 Unde
703 3039 832 3081 non
873 3026 1114 3081 tantum
1144 3018 1296 3099 legit
1323 3037 1432 3099 per
1460 3017 1679 3094 alium,

173 3112 254 3172 sed
275 3115 440 3174 etiam
477 3130 588 3191 per
613 3114 888 3192 seipsum
913 3113 1400 3174 consummando
1427 3118 1636 3173 actum
1658 3126 1680 3189 ;

169 3222 288 3283 ergo
315 3212 512 3283 peccat
553 3213 770 3268 contra
809 3207 1038 3267 dictam
1082 3205 1585 3284 prohibitionem,
1620 3211 1685 3266 et

170 3298 236 3357 ita
281 3298 440 3359 facile
501 3298 766 3360 solvitur
825 3298 1304 3360 fundamentum
1357 3299 1683 3359 contrariae

167 3392 473 3452 sententiat..
499 3392 716 3470 Neque
743 3392 932 3453 etiam
961 3390 1117 3453 mibi
1147 3390 1346 3470 placet
1372 3388 1683 3451 distinctio

168 3500 250 3543 seu
291 3484 561 3547 limitatio
611 3485 978 3561 dicentium,
1023 3485 1076 3545 si
1123 3484 1380 3545 audiens
1429 3483 1686 3545 inducat

167 3576 326 3637 alium
349 3584 416 3638 ut
447 3578 566 3640 sibi
597 3578 792 3657 legat,
832 3584 982 3639 tunc
1006 3576 1312 3639 audiendo
1340 3577 1682 3652 incurrere,

167 3686 270 3727 non
291 3676 482 3732 autem
515 3671 592 3747 si,
619 3672 776 3733 dum
816 3670 973 3733 alter
1008 3688 1120 3733 sua
1151 3669 1469 3731 voluntate
1507 3667 1680 3747 legit,

169 3762 228 3821 ad
259 3764 618 3827 audiendum
669 3764 958 3839 accedat3
1005 3782 1152 3826 nam
1181 3763 1298 3825 hoc
1343 3762 1685 3823 secundum

146 3855 322 3915 'etiam
349 3874 560 3919 censeo
603 3856 854 3933 falsum,
893 3857 1046 3937 quia
1089 3856 1489 3933 transgressio
1529 3872 1687 3933 proe-

169 3948 297 4025 cepti
319 3967 438 4011 nou
465 3949 750 4012 consistit
781 3950 1028 4029 proprie
1055 3950 1124 4009 in
1152 3949 1507 4010 inductione
1533 3948 1686 4009 alte-

169 4040 292 4115 rius,
317 4041 416 4103 sed
457 4044 526 4104 in·
569 4043 1040 4123 participatione
1067 4041 1346 4103 lectionis
1377 4059 1485 4121 per
1511 4041 1688 4103 audi-

167 4138 298 4208 tum,
343 4142 401 4196 et
455 4138 544 4197 ita
587 4138 662 4197 in
715 4153 792 4197 eo
841 4154 988 4197 casu
1032 4134 1374 4215 procedunt
1417 4134 1686 4195 rationes

169 4224 330 4287 facta.
351 4228 642 4302 Quocirca
660 4229 728 4289 in
749 4228 856 4289 illo
877 4246 1045 4305 casu,
1067 4236 1198 4289 tam
1219 4227 1478 4289 audiens
1496 4244 1685 4307 quam

167 4315 342 4395 legens
388 4328 640 4399 peccat3
691 4322 970 4397 audiens,
1029 4339 1156 4382 uno
1211 4310 1454 4381 tantum
1503 4321 1686 4381 modo

163 4410 270 4486 jam
289 4415 614 4493 explicat03
641 4415 854 4495 legens
874 4434 1019 4477 vero
1043 4413 1396 4493 dupliciter,
1426 4413 1684 4486 scilicet,

167 4512 216 4563 et
259 4506 526 4585 legendo,
575 4517 641 4572 et
681 4509 1065 4589 cooperando
1107 4508 1356 4569 lectioni
1391 4506 1684 4584 alterius3

167 4598 208 4655 si
231 4607 417 4663 tamen
447 4604 515 4665 id
538 4603 754 4682 legens
781 4622 908 4665 non
941 4601 1344 4680 intelligeret,
1370 4616 1684 4661 excusare-

169 4696 250 4751 tur
271 4712 306 4753 a
329 4697 568 4774 propria
591 4696 777 4775 milpa
809 4696 1068 4773 legentis
1083 4695 1267 4773 juxta
1289 4712 1358 4755 su
1366 4711 1476 4773 pra
1497 4692 1682 4773 dicta,

165 4800 268 4842 non
315 4794 512 4847 tamen
563 4794 957 4849 excusaretur
1004 4807 1046 4848 a
1083 4787 1264 4866 culpa
1307 4787 1688 4865 cooperantis

165 4874 360 4953 iniquae
379 4878 628 4943 lectioni
651 4880 929 4942 alterius.
1316 4934 1322 4941 .

227 4970 314 5030 20.
351 4974 575 5037 Deinde
595 4976 792 5055 quoad
813 4975 946 5053 ojus
966 4975 1362 5055 quantitatem
1389 4974 1686 5037 sententia

167 5062 330 5125 foleti
373 5073 426 5129 et
460 5068 782 5151 Huyolini.
809 5098 894 5115 --
921 5067 1092 5128 Circa
1140 5067 1550 5147 quantitatem
1599 5066 1684 5127 le-

163 5156 374 5233 ctionis,
401 5160 668 5221 dubitari
703 5160 860 5221 solet
895 5178 978 5219 an
1011 5160 1198 5238 possit
1225 5159 1350 5225 hoc,
1368 5165 1686 5237 peccatum

163 5264 194 5304 a
222 5252 441 5313 mortali
461 5261 529 5314 et
549 5270 812 5315 censura
835 5252 1114 5314 excusari
1136 5256 1385 5331 propter
1411 5252 1683 5313 materiae

165 5336 462 5405 levitatem.
505 5347 661 5408 Nam
710 5364 931 5424 graves
983 5346 1267 5407 Doctores
1311 5356 1564 5423 negant,
1615 5348 1688 5403 ut

165 5428 356 5511 Hugol.
410 5454 632 5517 supra,
687 5442 752 5499 ct
801 5437 1024 5513 Tolet„
1091 5437 1196 5499 lib.
1253 5439 1326 5513 1,
1377 5454 1512 5516 cap.
1564 5438 1683 5511 19,

165 5538 314 5586 num.
343 5532 404 5604 9,
445 5530 655 5593 dicens
701 5529 978 5593 sufficere
1018 5529 1072 5591 si
1111 5547 1324 5608 paucae
1365 5529 1550 5591 lineae
1596 5529 1687 5590 le-

1759 1157 2019 1217 mortale
2052 1156 2187 1217 fieri
2230 1157 2475 1219 veniale
2516 1175 2595 1219 ex
2633 1156 2885 1219 levitate
2922 1158 3223 1234 materiae,
3260 1165 3325 1221 et

1756 1248 1858 1310 hic
1883 1249 2055 1310 nulla
2080 1256 2169 1311 est
2196 1250 2357 1311 ratio
2384 1249 2653 1311 faciendi
2681 1250 3143 1329 exceptionem3
3174 1270 3325 1316 nam

1757 1360 1975 1405 revera
1994 1344 2061 1404 in
2082 1343 2295 1423 paucis
2320 1343 2499 1405 lineis
2520 1343 2797 1420 legendis
2820 1362 2949 1405 non
2972 1350 3171 1424 potest
3192 1363 3325 1407 esse

1759 1435 2021 1496 mortale
2049 1435 2431 1515 periculum3
2460 1441 2702 1517 oportet
2739 1441 2949 1498 tamen
2989 1437 3328 1516 prudenter

1759 1529 1876 1591 hoc
1911 1528 1991 1589 ad
2030 1530 2270 1609 praxim
2307 1529 2659 1609 applicare3
2688 1548 2836 1591 nam
2872 1531 3133 1593 Saucius
3176 1531 3327 1593 dicit

1761 1622 1967 1701 legere
2009 1622 2238 1702 integri
2271 1622 2403 1683 folii
2443 1623 2759 1701 paginam,
2800 1642 2925 1686 non
2968 1642 3099 1687 esse
3132 1632 3327 1687 mate-

1761 1717 1926 1779 riam
1954 1734 2235 1795 gravem,
2274 1716 2439 1796 quod
2478 1734 2596 1795 ego
2629 1718 2801 1778 nullo
2841 1718 3027 1779 modo
3064 1719 3327 1799 probare

1762 1827 2033 1889 possum,
2078 1809 2225 1888 quia
2270 1810 2336 1869 in
2374 1828 2449 1873 ea
2486 1809 2751 1873 lectione
2806 1811 3077 1873 multum
3126 1818 3329 1892 potest

1765 1920 1895 1965 esse
1918 1902 2215 1979 periculi:
2243 1908 2485 1983 oportet
2510 1922 2659 1983 ergo
2681 1909 2753 1964 ut
2772 1904 2961 1965 nimis
2986 1904 3193 1967 brevis
3214 1924 3329 1967 nec

1765 1995 2109 2057 multarum
2142 1996 2450 2059 linearum
2482 1998 2565 2059 sit
2596 1996 2800 2073 lectio,
2832 2005 2905 2059 ut
2940 1998 3105 2061 hanc
3141 2018 3327 2061 excu-

1765 2090 2068 2159 sationem
2090 2088 2401 2165 admittat,
2418 2095 2481 2151 et
2492 2089 2613 2153 hoc
2627 2091 2808 2153 modo
2828 2093 3034 2153 caeteri
3046 2097 3326 2155 auctores

1765 2180 2131 2259 loquuntur.

1847 2278 1918 2336 2¹
1933 2324 1948 2339 .
1992 2277 2085 2339 De
2117 2277 2381 2340 secunda
2412 2278 2642 2342 actione
2661 2322 2679 2351 ,
2720 2277 2979 2341 retinere
2994 2324 3014 2356 ,
3060 2280 3324 2357 scilicet,

1767 2369 1991 2433 librum
2022 2370 2481 2434 hoerotimm.—
2492 2371 2777 2435 Secunda
2803 2373 2965 2434 actio
2997 2374 3097 2437 vel
3124 2374 3327 2455 quasi·

1767 2461 1930 2522 actio
1960 2460 2269 2541 prohibita
2296 2469 2389 2525 est
2410 2466 2669 2528 retinere
2694 2464 2921 2528 librum
2950 2466 3322 2540 haereticum

1767 2572 1908 2633 quae
1925 2572 2034 2633 per
2046 2574 2111 2617 se
2128 2556 2352 2618 sufficit
2369 2556 2448 2617 ad
2468 2558 3021 2636 transgressionem
3043 2576 3323 2638 gravem,

1767 2652 1830 2708 et
1874 2646 1955 2707 ad
2004 2665 2349 2724 censuram,
2400 2650 2643 2711 etiamsi
2694 2668 2808 2713 nec
2852 2651 3097 2731 legatnr
3143 2652 3323 2729 liber,

1764 2758 1969 2819 neque
1984 2742 2197 2803 animo
2224 2742 2473 2821 legendi
2490 2743 2869 2823 retineatur3
2891 2745 3037 2824 quia
3060 2744 3325 2823 singulae

1763 2848 1843 2893 ex
1873 2833 1973 2895 his
2000 2834 2349 2897 actionibus
2384 2834 2820 2916 prohibentur,
2861 2854 3065 2917 neque
3090 2837 3191 2900 lex
3228 2856 3327 2899 re·-

1763 2926 1944 3005 spicit
1969 2944 2095 3006 qua
2117 2926 2463 2990 intentione
2492 2926 2626 3003 fiat,
2672 2929 2779 2989 sed
2806 2929 3087 2991 absolute
3118 2930 3327 3009 prohi-

1763 3019 1868 3081 bet
1889 3038 1971 3081 ne
1992 3020 2122 3081 fiat.
2156 3021 2310 3081 ltcm
2326 3020 2469 3083 finis
2495 3020 2651 3099 legis
2670 3022 2875 3101 quoad
2896 3023 3063 3085 hanc
3084 3029 3325 3103 partem

1763 3118 1878 3185 est,
1903 3130 1984 3174 ne
2010 3112 2166 3173 tales
2210 3112 2354 3174 libri
2380 3120 2847 3189 conserventur,
2872 3116 2978 3177 sed
3004 3115 3327 3178 destruan-

1763 3212 1900 3281 tur,
1956 3212 2019 3265 et
2072 3211 2288 3277 contra
2350 3205 2468 3267 hoc
2512 3206 2585 3267 fit
2634 3208 2874 3285 quoties
2936 3209 3321 3284 retinentur,

1763 3298 2007 3359 etiamsi
2064 3300 2144 3359 sit
2176 3300 2254 3359 ad
2304 3300 2693 3379 splendorem
2723 3301 2824 3361 vel
2880 3302 3321 3378 curiositatem,

1763 3398 1885 3453 etc..
1899 3394 1977 3453 Et
1992 3392 2141 3453 hinc
2161 3390 2255 3467 fit,
2277 3398 2347 3453 ut
2368 3392 2635 3455 sufficiat
2659 3395 2927 3455 retinere
2950 3394 3115 3473 apud
3142 3412 3207 3457 se
3227 3394 3326 3457 vel

1763 3485 1928 3565 apud
1984 3483 2207 3559 alium,
2235 3485 2385 3564 quia
2428 3492 2764 3566 utrumque
2809 3492 2903 3547 est
2946 3492 3159 3549 contra
3200 3488 3327 3549 for·-

1765 3595 1936 3639 mam
1968 3584 2047 3647 »et
2082 3578 2275 3639 finem
2318 3578 2495 3657 legis.
2552 3579 2729 3641 Unde
2782 3578 2973 3641 etiam
3018 3580 3325 3643 custodire

1764 3671 2127 3749 hujusmodi
2162 3671 2393 3733 librum
2438 3670 2711 3735 alienum
2757 3691 2868 3753 per
2914 3672 3077 3737 hanc
3121 3673 3325 3752 legem

1764 3764 2148 3844 prohibitum
2198 3772 2313 3839 est,
2362 3765 2511 3845 quia
2549 3766 2659 3847 qui
2702 3764 3004 3840 custodit,
3055 3784 3168 3845 pro
3216 3767 3325 3827 illo

1767 3863 2045 3936 tempore
2090 3857 2323 3919 librum
2368 3858 2533 3938 apud
2570 3877 2635 3919 se
2679 3860 2928 3920 retinet.
2974 3860 3127 3921 Item
3178 3860 3327 3939 quia

1766 3950 1912 4011 finis
1960 3955 2023 4009 et
2062 3950 2223 4011 ratio
2256 3950 2413 4028 legis
2460 3950 2549 4012 ibi
2603 3951 2807 4013 locum
2856 3950 3066 4013 habet.
3112 3953 3327 4032 Neque

1767 4042 2037 4103 obstabit
2063 4041 2229 4123 quod
2270 4044 2379 4123 qui
2412 4041 2648 4104 librum
2685 4044 2972 4120 custodit,
2998 4044 3176 4106 illum
3200 4062 3327 4107 non

1762 4135 2092 4214 intelligat,
2136 4136 2283 4215 quia
2325 4134 2447 4198 hoc
2497 4154 2625 4197 non
2662 4136 2924 4217 impedit
2956 4155 3171 4199 veram
3220 4138 3325 4199 de-

1765 4230 2133 4305 tentionem,
2180 4235 2246 4290 et
2296 4230 2445 4308 quia
2490 4230 2625 4291 sine
2674 4229 3087 4309 intelligentia
3126 4235 3329 4309 potest
3444 4232 3451 4237 '

1770 4321 1999 4384 librum
2057 4340 2441 4397 conservare,
2504 4321 2666 4401 quod
2722 4328 2815 4384 est
2866 4328 3081 4383 contra
3134 4322 3327 4385 finem

1765 4414 1939 4493 legis.
1961 4414 2235 4493 Denique
2254 4413 2496 4475 etiamsi
2521 4414 2615 4474 vir
2636 4414 2875 4488 doctuS,
2889 4414 3101 4476 auimo
3124 4416 3329 4495 impu-

1767 4507 2003 4587 gnandi
2036 4524 2271 4569 errores
2300 4512 2363 4567 et
2390 4523 2607 4567 eorum
2635 4505 3063 4581 fundamenta,
3097 4505 3325 4567 librum

1767 4602 1934 4680 apud
1962 4619 2025 4662 se
2049 4601 2334 4677 retineat,
2365 4604 2582 4659 contra
2615 4598 2818 4676 legem
2856 4598 3065 4674 faciet,
3097 4605 3161 4660 et
3185 4616 3325 4659 cen-

1767 4712 1974 4755 suram
2014 4695 2311 4766 incurret,
2364 4693 2533 4772 quia,
2586 4698 2657 4753 ut
2692 4691 2844 4765 dixi,
2885 4691 2987 4753 lex
3041 4690 3328 4770 prohibet

1765 4788 2018 4862 factum,
2051 4802 2442 4865 quacumque
2490 4784 2835 4846 intentione
2862 4785 2994 4857 fiat,
3023 4800 3135 4845 nec
3162 4784 3328 4847 bona

1764 4880 2029 4940 intentio
2057 4878 2284 4941 sufficit
2310 4878 2639 4939 honestare
2666 4883 2877 4939 actum
2906 4876 3321 4957 prohibitum;

1766 4972 1946 5032 debet
1974 4989 2121 5050 ergo
2152 4969 2286 5031 fieri
2330 4969 2537 5031 debito
2572 4977 2634 5031 et
2678 4970 2963 5032 ordinato
3018 4969 3219 5043 modo,
3262 4970 3325 5029 id

1765 5069 1878 5137 est,
1909 5082 2052 5125 cum
2076 5064 2211 5143 ejus
2237 5062 2529 5123 facultate
2554 5062 2665 5143 qui
2686 5059 2858 5123 illam
2887 5062 3035 5123 dare
3075 5068 3275 5143 potest
3302 5085 3321 5138 3

1765 5156 1918 5217 alias
1944 5156 2363 5237 unusquisque
2389 5161 2790 5236 praesumeret
2814 5154 3045 5215 librum
3070 5154 3237 5233 apud
3260 5173 3327 5217 se

1766 5250 2055 5325 retinere,
2114 5249 2374 5311 honesto
2415 5248 2617 5310 colore
2671 5248 2951 5328 quaesito,
2994 5254 3057 5309 et
3097 5249 3189 5309 ita
3222 5247 3325 5311 lex

1763 5340 2186 5406 frustraretur.
2418 5334 2423 5338 ’

1847 5436 1947 5497 22.
1992 5434 2095 5497 An
2122 5434 2407 5515 parvitas
2438 5434 2587 5499 libri
2612 5431 2830 5497 retenti
2851 5478 2867 5507 ,
2906 5434 2998 5497 vel
3037 5433 3323 5513 temporis

1765 5528 2118 5592 retentionis
2140 5532 2469 5591 memma
2499 5526 2771 5591 mortali.
2795 5524 3102 5588 —Solum
3125 5525 3324 5606 quaeri

3740 5960 3759 6166 ,ξ’-’ἓ
3744 5848 3758 5949 ..A-..mx
3746 5802 3758 5834 v..
3746 5752 3758 5782 ι-
3746 5699 3758 5735 :⁴-
