3900 6217
611 470 785 524 SECT.
821 471 860 523 1.
899 468 982 520 AN
1016 468 1100 519 An
1134 464 1415 519 CONClLlA
1448 461 1804 519 GENERAIJA
1835 460 2122 514 DEBEANT
2153 460 2289 515 sou
2322 459 2595 515 Erlscom
2627 460 2995 514 CONVENIRE'·

205 575 542 635 asserentes
569 570 841 635 Concilia
864 586 993 631 non
1031 584 1206 648 posse
1238 564 1602 643 congregari
1629 562 1764 623 abs-

206 684 322 745 que
373 664 773 729 sacularibus
827 659 1206 743 principibus
1229 704 1250 735 ,
1302 658 1490 736 idque
1547 661 1764 717 contra

203 776 464 819 canones
483 764 549 821 et
569 762 930 837 perpetuam
949 753 1227 816 Ecclesiae
1252 749 1760 813 consuetudinem

203 870 324 913 esse
373 851 625 913 dicitur.
689 849 854 911 Idem
905 852 1148 908 constat
1189 864 1266 907 ex
1308 842 1574 925 Synodis
1619 840 1760 903 aliis

203 963 388 1027 usque
435 945 514 1005 ad
561 942 1018 1006 Tridentinum.
1075 938 1364 1019 Ejusdem
1407 935 1760 999 traditionis

201 1043 380 1099 testes
421 1043 573 1098 sunt
613 1034 939 1097 Pontifices
971 1034 1252 1097 Clemens
1294 1032 1355 1108 1,
1399 1028 1658 1110 epistola
1692 1028 1754 1103 5,

197 1130 458 1195 habetur
482 1150 620 1211 cap.
649 1130 960 1205 Belum,
993 1130 1072 1191 35
1099 1127 1164 1189 d.
1195 1133 1297 1201 3et
1319 1123 1432 1186 lib.
1466 1126 1544 1187 10
1566 1123 1756 1184 Reco-

195 1225 378 1305 gnit.,
425 1224 692 1289 habetur
737 1224 1177 1285 documentum
1215 1220 1334 1281 hoc
1374 1216 1677 1281 Clementi
1717 1233 1758 1277 a

194 1324 406 1381 sancto
426 1319 608 1379 Petro
633 1334 766 1379 esse
787 1315 1098 1378 relictum.
1129 1312 1411 1377 Nicolaus
1431 1312 1481 1386 1,
1510 1311 1754 1390 Episco-

193 1429 306 1490 pus
333 1456 352 1483 ‚
391 1411 474 1474 ad
513 1408 874 1473 Michaelem
919 1409 1400 1489 imperatorem3
1449 1403 1748 1479 GelasiuS,

197 1504 456 1587 epistola
477 1507 557 1568 ad
577 1505 972 1567 Anastasium
995 1504 1258 1581 August.

268 1603 334 1663 9.
379 1602 542 1665 Item
563 1618 638 1664 em
661 1597 1244 1681 imperatoriben.·—
1260 1594 1506 1658 Tertio:
1537 1592 1752 1655 eadem

189 1693 572 1756 consuetudo
597 1711 706 1755 seu
735 1690 985 1753 traditio
1012 1689 1220 1769 colligi
1248 1695 1446 1769 potest
1474 1706 1551 1750 ex
1579 1686 1758 1749 dictis

187 1796 248 1851 et
289 1788 472 1851 factis
519 1788 965 1866 imperatorum
1011 1802 1084 1845 ac
1117 1782 1468 1863 principum
1505 1779 1756 1841 saecula-

187 1882 372 1944 rium.
429 1882 513 1941 De
559 1878 961 1941 Constantino
998 1878 1134 1955 ,iam
1179 1875 1448 1937 diximus
1485 1894 1502 1947 3
1555 1872 1758 1934 simile

185 1976 338 2055 quid
373 1975 594 2037 fecisse
631 1971 1046 2035 Theodosium
1089 1976 1330 2031 constat
1367 1986 1445 2030 ex
1478 1966 1756 2047 epistolis

185 2070 320 2149 eJus
346 2068 426 2129 ad
453 2066 796 2130 Concilium
825 2064 1078 2145 Ephes.,
1122 2082 1256 2143 cap.
1299 2060 1512 2133 Satis,
1551 2060 1614 2121 d.
1647 2061 1752 2136 96,

183 2174 244 2227 et
273 2164 446 2239 apud
486 2164 806 2225 Socratem
846 2168 908 2221 et
935 2158 1390 2221 Theodoretum
1435 2174 1642 2235 supra,
1686 2159 1749 2215 et

181 2258 546 2337 Evagrium,
582 2254 690 2318 lib.
726 2256 788 2330 1,
818 2272 954 2333 cap.
987 2255 1048 2313 4.
1081 2253 1166 2313 De
1193 2248 1627 2313 Valentiniano
1653 2265 1750 2309 re-

177 2352 298 2411 fert
335 2349 544 2411 simile
584 2347 904 2428 quippiam
933 2347 1203 2422 sozom„
1245 2344 1354 2407 lib.
1389 2344 1451 2419 6,
1491 2362 1623 2423 cap.
1658 2346 1695 2404 '1
1729 2365 1748 2417 3

173 2444 448 2504 Basilius
474 2442 834 2522 imperator,
876 2440 942 2501 in
981 2440 1021 2500 8
1057 2438 1332 2517 Synodo,
1375 2438 1616 2499 actione
1645 2440 1747 2511 10,

171 2544 366 2613 negat
395 2544 464 2597 et
491 2535 573 2597 ad
598 2554 662 2597 se
683 2580 704 2611 ,
749 2547 812 2596 et
837 2534 916 2595 ad
945 2532 1142 2593 ullum
1182 2531 1411 2593 laicum
1445 2532 1752 2611 pertinere

173 2630 592 2692 ecclesiastica
627 2629 881 2707 negotia
913 2632 1180 2687 tractare
1202 2670 1222 2701 ,
1257 2626 1504 2703 Evagr„
1539 2624 1650 2685 lib.
1684 2626 1746 2697 3,

169 2744 305 2803 cap.
341 2726 408 2795 4,
439 2729 508 2783 et
535 2722 880 2794 Liberatus,
911 2719 1021 2780 lib.
1057 2722 1096 2781 2
1123 2719 1446 2795 Breviarii,
1474 2737 1609 2797 cap.
1647 2719 1744 2780 16.

172 2818 238 2877 Ιιι
276 2822 510 2895 quarta
549 2815 738 2875 etiam
775 2816 1052 2875 Romana
1094 2812 1368 2890 synodo,
1405 2810 1523 2873 sub
1565 2812 1748 2892 Sym-

172 2910 416 2983 macho,
464 2907 731 2971 refertur
767 2907 984 2967 similis
1022 2903 1320 2991 confessio
1355 2904 1748 2978 Theudorici,

183 3003 342 3079 regis
361 3002 597 3063 ariani.
643 3002 717 3063 Et
756 3001 987 3075 Victor,
1023 2998 1132 3059 lib.
1169 3000 1209 3059 2
1241 3000 1542 3059 persecut.
1577 2998 1746 3059 Van-

181 3096 326 3170 dal„
355 3096 621 3159 adducit
664 3095 834 3157 aliud
868 3113 942 3156 ex
993 3093 1304 3155 Hunerico
1350 3110 1517 3169 rege.
1565 3094 1747 3153 Extat

171 3190 354 3253 etiam
379 3188 469 3267 de
491 3188 614 3249 hac
637 3208 706 3251 re
731 3188 968 3269 optima
991 3185 1246 3267 epistola
1268 3184 1599 3246 Pulc-herim
1625 3186 1744 3245 Au-

163 3290 362 3361 gustae
383 3285 560 3345 inter
588 3281 996 3361 proeambulas
1020 3280 1098 3343 ad
1127 3280 1470 3341 Concilium
1497 3278 1745 3340 Chalce-

159 3378 474 3439 dunense.
529 3377 806 3455 Denique
853 3376 884 3437 J
894 3375 1132 3436 ustinus
1183 3374 1543 3451 imperator,
1595 3374 1662 3433 in
1705 3374 1745 3434 8

159 3470 459 3551 synodo,
503 3471 572 3531 in
620 3470 818 3531 causis
861 3468 1006 3530 fidei
1049 3472 1111 3529 et
1157 3465 1512 3572 religionis,
1549 3466 1746 3545 impc-

159 3566 322 3627 riale
359 3564 760 3645 judicium
736 3562 1122 3625 sacerdotum
1175 3532 1410 3639 Judicio
1463 3559 1744 3621 submitti

157 3660 566 3738 pronuntiat.

241 3756 347 3815 10.
365 3754 540 3817 Item
563 3770 638 3815 σω
658 3751 974 3815 Patribus.
1001 3780 1084 3797 —
1103 3750 1334 3824 Quarto
1361 3748 1614 3811 tandem
1641 3766 1743 3809 ea-

161 3849 308 3909 dem
363 3848 627 3909 traditio
667 3849 905 3905 constat
957 3862 1033 3905 ex
1080 3843 1394 3905 Patribus:
1454 3842 1736 3921 ignatio,

165 3942 476 4021 Episcopo
501 3938 584 4000 ad
611 3938 926 3999 Smirnen.
956 3953 978 4016 3
1024 3936 1342 4017 Dionysio,
1376 3937 1555 4016 epist.
1590 3934 1631 3995 8
1657 3936 1738 3995 ad

77 4036 88 4050 '
164 4032 520 4113 Demophil.
545 4030 966 4094 Tertullianus
987 4030 1200 4105 etiam,
1227 4030 1304 4091 de
1325 4029 1736 4107 Praescriptio-

161 4148 264 4202 ne,
295 4128 424 4187 late
452 4125 672 4186 irridet
708 4122 1027 4185 haereticos
1047 4123 1155 4202 qui
1195 4122 1365 4183 laicis
1387 4122 1736 4183 attribuunt

161 4221 298 4283 haec
319 4216 736 4281 sacerdotalia
761 4234 1022 4279 munera
1043 4237 1062 4291 ;
1091 4215 1454 4277 Ambrosius
1475 4216 1735 4295 optime,

160 4314 428 4398 epistola
457 4314 540 4374 34
587 4318 804 4371 contra
841 4310 1114 4387 Maxen.;
1161 4308 1634 4388 Chrysostomus
1665 4309 1738 4369 li-

160 4407 276 4467 bro
321 4408 364 4467 3
411 4406 494 4465 de
521 4403 914 4477 sacerdotio,
959 4409 1023 4464 et
1055 4402 1272 4463 homil.
1320 4403 1362 4463 4
1412 4402 1488 4461 de
1519 4400 1738 4463 Verbis

158 4501 332 4577 lsai.;
363 4499 782 4577 Augustinus,
811 4497 1049 4576 epistol.
1083 4496 1185 4572 48,
1218 4503 1278 4556 et
1326 4496 1442 4557 166
1485 4502 1548 4556 et
1580 4496 1687 4555 167
1715 4512 1736 4573 ;

153 4592 465 4672 cyrillus,
489 4591 668 4671 epist.
697 4593 736 4651 4
759 4609 776 4662 ς
801 4590 1194 4665 AthanasiuS,
1219 4587 1472 4667 epistola
1497 4588 1576 4648 ad
1599 4588 1740 4649 soli-

153 4690 392 4747 tariam
443 4686 640 4745 vitam
681 4690 960 4763 agentes,
1001 4681 1111 4745 ubi
1162 4680 1352 4742 refert
1373 4680 1578 4749 ,verba
1615 4680 1742 4741 Osii

149 4778 444 4840 «Jordan.
477 4777 560 4837 ad
605 4776 921 4837 Constant.
964 4776 1401 4855 imperatorem
1435 4789 1452 4835 ε
1509 4774 1642 4837 Nec
1683 4780 1744 4837 te

145 4874 518 4937 inaniscens
557 4870 1002 4940 eodmoetiois.
1048 4869 1336 4933 mombis
1371 4870 1442 4930 in
1485 4871 1593 4933 hoc
1641 4888 1744 4951 90-

145 4986 302 5029 nere
334 4966 638 5047 pra-cipe,
689 4964 800 5027 eod
833 4980 874 5027 a
915 4962 1085 5026 nobie
1131 4963 1292 5025 disce
1309 4987 1336 5035 ,·
1371 4962 1740 5041 Cyprianus,

145 5060 270 5121 lib.
309 5063 380 5137 4,
409 5059 592 5139 epist.
624 5060 696 5133 93
727 5056 1008 5131 Basilius,
1043 5056 1110 5117 in
1151 5056 1370 5135 Regul.
1410 5062 1736 5133 contract.,

145 5157 220 5213 in
243 5156 378 5215 276
391 5168 418 5231 ;
449 5151 890 5224 Nazianzenus,
920 5150 1202 5211 oratione
1228 5150 1290 5225 6,
1315 5151 1393 5211 14
1422 5159 1484 5210 et
1503 5151 1606 5225 17,
1630 5150 1740 5211 ha-

145 5247 348 5307 betur
369 5264 512 5323 cap.
551 5242 962 5325 Smcepistie,
993 5243 1056 5305 d.
1101 5244 1196 5303 10.

236 5344 344 5400 11.
407 5338 726 5401 Probatur
773 5338 1016 5401 tandem
1058 5335 1316 5399 rationo.
1373 5368 1458 5383 -
1508 5336 1738 5397 Ultimo

147 5434 422 5495 tandem
471 5433 718 5495 ratione
783 5432 1088 5509 arguitur.
1151 5432 1303 5491 Nam
1347 5428 1739 5491 definitiones

147 5527 610 5601 conciliorum,
645 5533 780 5587 tum
809 5543 949 5604 quae
973 5524 1051 5585 ad
1081 5523 1294 5598 fidem,
1325 5529 1463 5584 tum
1491 5542 1629 5603 quae
1658 5524 1736 5586 ad

151 5638 364 5682 mores
409 5624 719 5700 spectant,
763 5618 839 5679 ad
879 5617 1217 5698 quamdam
1255 5622 1614 5697 potestatem
1643 5616 1740 5696 ju·

3291 454 3408 517 325

1843 562 2214 624 risdictionis
2254 562 2597 643 pertinent,
2642 562 2770 625 sive
2810 580 2948 623 eam
2986 561 3213 625 habeat
3247 566 3406 625 Con-

1841 656 2059 718 cilium
2100 674 2137 717 a
2184 656 2309 718 Deo
2362 656 2721 718 immediate
2774 674 3148 731 concessam,
3194 660 3321 719 sive
3366 677 3405 721 a

1841 750 2007 828 Papa
2047 748 2396 827 delegatam
2436 771 2451 809 :
2495 749 2601 811 sed
2649 754 2918 829 potestas
2957 750 3403 828 jurisdictionis

1838 843 2126 905 Ecclesiae
2170 863 2296 906 non
2324 842 2403 907 ad
2428 844 2636 919 laicos,
2670 844 2773 906 sed
2818 844 2895 905 ad
2924 844 3263 906 sacerdotes
3293 865 3402 925 per

1837 955 1900 999 se
1927 943 2182 1015 spectat,
2214 944 2285 999 ut
2323 956 2511 1019 supra
2550 944 2867 999 ostensum
2910 944 3038 1010 est;
3069 957 3239 1015 ergo,
3274 947 3388 1003 etc.

1838 1030 2131 1093 Rationes
2171 1032 2363 1095 etiam
2411 1051 2521 1112 pro
2576 1032 2945 1113 praecedenti
3004 1032 3401 1095 conclusione

1835 1122 2136 1197 adductoe„
2168 1124 2329 1187 hanc
2352 1124 2726 1187 confirmant
2755 1144 2883 1187 non
2914 1126 3154 1188 leviter.

1918 1220 2017 1279 12.
2054 1218 2268 1283 ,Tertia
2292 1220 2547 1283 assertio
2581 1219 2893 1300 bipartita.
2927 1252 3009 1267 -
3058 1220 3225 1283 Unde
3248 1240 3401 1301 pare

1831 1326 1961 1373 una
1982 1312 2291 1391 probatum.
2333 1343 2416 1359 -—
2451 1313 2756 1375 Probatwr
2778 1312 2995 1385 altera,
3020 1314 3221 1395 primo
3251 1333 3401 1379 auc-

1833 1406 2103 1470 ton-itate.
2146 1442 2224 1453 -
2271 1407 2417 1469 Dico
2454 1407 2634 1469 tertio
2666 1422 2683 1467 t
2716 1406 2830 1469 soli
2864 1407 3147 1489 Episcopi
3187 1426 3297 1488 per
3336 1428 3401 1471 se

1833 1504 1898 1560 et
1922 1500 2263 1562 necessario
2288 1505 2438 1561 sunt
2470 1499 2551 1561 ad
2593 1498 2862 1561 Concilia
2902 1500 3217 1580 generalia
3250 1520 3399 1563 con-

1834 1592 2123 1669 vocandi,
2153 1593 2318 1655 utin
2346 1592 2465 1654 illis
2488 1593 2721 1673 judicos
2762 1593 2921 1671 sint3
2970 1594 3121 1655 item
3160 1594 3394 1657 Prima·

1836 1691 1927 1745 tes
1951 1690 2017 1745 et
2040 1686 2389 1765 superiores
2434 1705 2649 1749 omnes
2679 1705 2697 1749 z
2722 1686 2799 1749 de
2840 1686 3269 1750 cardinalibus
3296 1690 3397 1750 in·

1837 1776 1932 1838 fra
1949 1778 2249 1857 dicemus,
2278 1798 2317 1842 a
2337 1798 2513 1841 num.
2546 1782 2643 1843 15.
2674 1783 2821 1843 Pars
2847 1798 2995 1861 ergo
3022 1780 3398 1846 affirmativa

1837 1872 2265 1949 conclusionis,
2302 1872 2419 1937 hoc
2440 1874 2673 1936 scilicet
2697 1874 3009 1955 pertinere
3036 1875 3117 1937 ad
3142 1876 3397 1956 Episco-

1835 1982 1969 2045 pos,
1990 1972 2163 2045 patet
2184 1966 2331 2027 satis
2350 1985 2427 2029 ex
2444 1966 2725 2028 adductis
2752 1968 2819 2029 in
2850 1969 3217 2047 praecedenti
3246 1989 3399 2032 con-

1833 2058 2107 2121 clusione
2138 2065 2200 2121 et
2226 2060 2647 2141 superioribus
2686 2060 2755 2122 in
2782 2062 3041 2123 materia
3068 2062 3145 2124 de
3182 2063 3399 2125 Eccle-

1833 2150 1943 2213 sia.
1969 2152 2126 2215 Vide
2162 2154 2224 2215 d.
2263 2154 2365 2231 16,
2398 2156 2471 2215 17
2497 2161 2558 2216 et
2585 2155 2662 2217 18
2701 2154 2955 2231 decreti,
2996 2160 3061 2217 et
3091 2156 3213 2218 alia
3260 2176 3397 2238 quai

1831 2243 1900 2307 in
1927 2245 2089 2308 hanc
2102 2265 2235 2309 rem
2264 2249 2494 2329 allegat
2516 2251 2737 2313 Hosius
2761 2251 2827 2314 in
2856 2251 3125 2315 ConfesS.
3148 2252 3391 2331 Polon„

1831 2357 1967 2418 cap.
2012 2343 2113 2416 24,
2156 2341 2194 2423 ἓ
2241 2343 2451 2425 Neque
2496 2364 2654 2407 cerv.
2702 2346 3004 2425 Negativa
3039 2364 3177 2407 vero
3226 2366 3393 2427 pars,

1831 2433 2129 2495 nimirum
2167 2436 2321 2497 alios
2348 2444 2572 2518 praeter
2596 2438 2925 2519 Episcopos
2951 2459 3075 2501 non
3120 2460 3251 2503 esse
3286 2461 3395 2521 per

1831 2545 1900 2588 se
1928 2532 1991 2589 et
2018 2528 2381 2609 simpliciter
2419 2534 2811 2609 necessarios,
2846 2534 2975 2595 fere
3000 2542 3212 2613 aperte
3238 2534 3397 2597 defi-

1832 2618 2005 2682 nitur
2028 2621 2096 2683 in
2124 2623 2165 2684 8
2188 2625 2460 2705 synodo,
2488 2644 2621 2705 cap.
2656 2629 2757 2702 17,
2806 2632 2871 2687 et
2910 2627 2976 2687 in
3016 2630 3257 2691 actione
3315 2632 3393 2692 10

1831 2718 2003 2775 extat
2050 2718 2248 2779 oratio
2292 2720 2500 2779 Basilii
2536 2720 2950 2800 imperatori5‚
2992 2720 3100 2782 ubi
3147 2722 3225 2784 de
3270 2722 3392 2785 hac

1827 2824 1898 2867 re
1949 2810 2185 2889 optime
2232 2811 2499 2886 disserit,
2550 2813 2711 2873 sicut
2758 2819 2821 2873 et
2868 2813 3270 2890 Theodosius,
3323 2818 3393 2879 in

1829 2901 2085 2981 epistola
2114 2904 2191 2965 ad
2241 2906 2543 2984 Cyrillum
2595 2906 3127 2983 Alexandrinum3
3178 2917 3391 2990 estque

1829 3000 2053 3073 quarta
2070 2997 2237 3059 inter
2258 3000 2545 3079 epistolas
2573 3001 2806 3079 Cyrilli.
2836 3001 2917 3062 Et
2944 3002 3236 3081 probatur
3266 3005 3390 3083 pri-

1829 3103 1932 3147 mo
1963 3106 2043 3151 ex
2070 3088 2202 3168 ipso
2229 3108 2349 3152 usu
2370 3093 2579 3155 Actor.
2609 3096 2715 3157 15:
2744 3112 2889 3157 cum
2914 3096 3219 3175 Apostolis
3240 3115 3395 3159 con·

1825 3187 2131 3241 venerunt
2164 3184 2535 3264 presbyteri,
2566 3186 2631 3247 id
2662 3193 2753 3249 est
2780 3190 3066 3269 episcopi.
3102 3192 3189 3251 lta
3218 3192 3387 3253 enim

1824 3270 1892 3331 in
1919 3273 2237 3351 primitiva
2265 3279 2531 3341 Ecclesia
2551 3281 3059 3359 nominabantur,
3088 3290 3389 3363 tanquam

1823 3368 2095 3429 seniores
2114 3376 2177 3431 et
2204 3374 2427 3452 majori
2450 3374 2687 3439 honore
2706 3376 2903 3455 digni,
2933 3384 3003 3439 ut
3027 3378 3178 3440 alias
3198 3380 3387 3441 etiam

1825 3457 2316 3543 observavimus,
2352 3474 2415 3531 et
2443 3468 2509 3529 in
2540 3471 2799 3533 materia
2832 3472 2911 3533 de
2937 3474 3156 3535 ordine
3186 3474 3389 3535 notari

1822 3551 1999 3615 solet.
2051 3556 2229 3621 Unde
2278 3564 2307 3621 1
2360 3562 2524 3624 Petri
2566 3566 2605 3625 5
2652 3565 2927 3627 seniores
2956 3573 3289 3629 monentur
3319 3573 3389 3629 ut

1823 3655 2079 3722 pascant
2109 3670 2387 3732 gregem,
2418 3655 2586 3734 quod
2612 3662 2703 3718 est
2726 3675 2952 3721 munus
2980 3658 3283 3741 Episcopi,
3315 3666 3387 3721 ut

1821 3738 2087 3805 habetur
2109 3747 2317 3811 Actor.
2364 3751 2465 3813 20.
2495 3752 2627 3811 Imo
2663 3768 2807 3813 vero
2834 3752 2977 3813 licet
3004 3771 3147 3815 cum
3193 3756 3386 3835 Apos-

1821 3832 1965 3893 tolis
1990 3836 2096 3897 alii
2133 3818 2535 3903 convenerint
2582 3844 2647 3905 in
2692 3844 2801 3905 illo
2847 3846 3141 3921 Concilio,
3172 3854 3383 3911 tamen

1819 3926 1981 3989 solos
2032 3932 2358 4013 Apostolos
2412 3936 2681 4016 legimus
2734 3940 3105 4002 sententiam
3164 3942 3389 4004 dixisse

1820 4025 1884 4080 et
1909 4020 2283 4105 definivisse,
2332 4036 2405 4091 ut
2428 4037 2603 4091 notat
2642 4033 3122 4107 Turrecremat„
3162 4034 3271 4095 lib.
3321 4038 3381 4112 3,

1819 4130 1955 4193 081).
2002 4122 2118 4191 143
2152 4124 2409 4185 Sander.
2448 4123 2557 4185 lib.
2594 4129 2633 4187 2
2660 4124 3004 4202 Monarch„
3036 4146 3173 4207 cap.
3204 4130 3264 4188 7.
3300 4130 3383 4191 De

1821 4219 2095 4283 Concilio
2122 4217 2347 4279 Nicaen.
2372 4216 2435 4277 id
2456 4216 2603 4277 satis
2628 4237 2735 4296 per
2764 4236 2829 4279 se
2858 4217 3072 4297 liquet.
3108 4222 3176 4281 In
3210 4220 3388 4282 Chal-

1823 4311 2181 4387 cedonensi,
2212 4312 2455 4372 actione
2487 4314 2542 4385 1,
2586 4310 2934 4391 frequentia
2972 4319 3117 4374 sunt
3153 4313 3381 4375 verba:

1830 4405 2123 4483 synodus
2166 4404 2611 4486 Episcoporum
2661 4408 2747 4467 est
2766 4392 2813 4479 ,'
2844 4422 2964 4466 non
3012 4406 3387 4480 aencorum,

1821 4501 2167 4580 superfluos
2214 4502 2385 4577 foras
2430 4495 2604 4560 mitte
2620 4523 2644 4570 ;
2692 4516 2831 4578 quoe
2877 4499 3277 4577 proferuntur
3320 4500 3389 4560 in

1823 4591 2120 4670 quosdam
2165 4589 2497 4651 monachos
2524 4589 2630 4671 qui
2662 4590 2957 4653 interesse
3002 4592 3301 4653 curabant
3328 4598 3390 4653 et

1817 4684 2103 4762 judicare
2126 4700 2147 4761 3
2172 4690 2359 4763 atque
2404 4682 2637 4756 ibidem
2684 4683 2939 4763 quidam
2980 4684 3185 4746 Marti.
3194 4730 3215 4761 ,
3264 4685 3391 4747 Ab·

1823 4776 1957 4853 bas,
2010 4794 2118 4838 seu
2167 4776 2672 4840 Archimandrita
2730 4798 2745 4838 :
2800 4778 2947 4841 Non
2991 4786 3107 4857 ost,
3158 4780 3387 4860 inquil,

1822 4888 2021 4933 meum
2047 4870 2432 4941 eubaea-ibere,
2466 4872 2573 4933 sed
2584 4870 3051 4951 Epi-scoparum.
3086 4874 3155 4933 ln
3176 4881 3395 4935 octava

1823 4964 2099 5044 SynodO,
2144 4964 2387 5025 actione
2440 4966 2535 5039 14,
2576 4964 2825 5039 dicitur,
2880 4965 3043 5027 solos
3089 4968 3397 5029 antistites

1819 5056 2044 5120 debere
2093 5057 2427 5119 convenire
2478 5058 2546 5119 in
2610 5058 2919 5120 Consiliis.
2979 5059 3073 5120 Ad
3134 5059 3271 5121 hoec
3325 5062 3395 5122 in

1819 5152 2111 5213 omnibus
2140 5150 2267 5214 fere
2310 5151 2599 5213 Conciliis
2640 5151 2753 5212 soli
2790 5150 3187 5213 subscribunt
3222 5153 3394 5233 Epis-

1819 5245 1998 5325 copi3
2029 5243 2199 5323 quod
2226 5244 2277 5305 si
2324 5242 2661 5324 aliquando
2696 5245 3117 5305 admittuntur
3158 5246 3263 5307 alii
3310 5246 3393 5307 ad

1819 5336 2356 5412 subscribendum,
2388 5337 2533 5398 addi
2553 5338 2708 5399 solet
2730 5337 3018 5400 nonnihil
3045 5356 3169 5418 quo
3196 5339 3389 5400 deno·

1822 5437 1989 5493 tetur
2020 5432 2157 5493 illos
2199 5448 2326 5492 non
2374 5430 2727 5492 definiendo
2774 5432 3231 5510 subscripsisse,
3281 5432 3389 5493 sed

1819 5523 2259 5587 consentiendo
2306 5522 2576 5585 definitis
2612 5525 2869 5604 :itaque
2913 5524 3195 5605 Episcopi
3242 5525 3392 5585 sim-

1820 5617 2063 5697 pliciter
2102 5616 2554 5696 pronunciant:
2590 5615 2970 5701 Sub-scripsi,
3014 5618 3113 5679 vel
3143 5618 3333 5679 etiam
3361 5636 3380 5681 t
