3900 6217
516 334 635 394 768

517 441 593 490 11.
632 437 810 488 Amari
847 442 1022 502 potest
1054 439 1192 490 Deus
1225 443 1282 490 ut
1308 451 1580 492 summum
1614 438 1816 491 bonum
1847 439 1898 492 in
1925 453 2082 494 com-

579 513 802 566 modum
831 513 998 578 ipsius
1017 514 1264 572 amantis.
1289 527 1474 566 amore
1497 517 1722 568 honesto
1743 523 1796 566 et
1815 528 2079 581 superna-

581 589 754 652 turali,
779 589 872 654 qui
895 589 1074 643 nonsit
1097 589 1552 653 charitatis,tract.
1576 595 1624 652 2,
1643 589 1784 656 disp.
1801 595 1841 650 1,
1872 597 1999 644 sect.
2028 596 2078 654 3,

582 678 728 716 num.
764 668 808 716 ⁴.

519 746 598 794 12.
634 741 744 794 Hoc
791 753 974 792 amore
1015 753 1123 794 non
1165 741 1446 794 referimus
1483 744 1648 796 Deum
1687 742 1756 794 ad
1787 755 1886 795 nos
1915 748 1973 794 ut
2010 743 2079 796 ad

581 818 762 878 linem,
792 829 966 882 neque
999 825 1080 870 est
1109 817 1326 882 proprie
1349 818 1618 883 loquendo
1643 831 1770 872 usus
1793 820 1904 882 Dei,
1925 818 2075 878 ibid.,

581 905 728 944 num.
766 897 812 944 7.

520 971 600 1018 13.
630 971 794 1020 Amor
819 967 1206 1020 benevolentiae
1225 980 1351 1034 erga
1365 966 1608 1032 seipsum
1642 975 1957 1032 potestesse
1985 981 2079 1022 su-

583 1043 953 1108 pernaturalis,
989 1043 1234 1108 quamvis
1259 1044 1556 1096 naturalem
1599 1049 1890 1108 supponat,
1925 1043 2075 1108 ibid.,

580 1131 709 1170 num
756 1123 802 1170 8.

581 1194 718 1248 Vide
741 1206 928 1257 πει».
960 1206 1088 1246 num
1131 1198 1175 1244 7.

1037 1323 1294 1362 APoerAslA
1303 1348 1314 1370 ,
1343 1323 1604 1362 nosnu-

518 1426 564 1473 1.
603 1422 880 1488 Aposlasia
901 1420 1050 1484 quid,
1075 1428 1220 1476 tract.
1254 1427 1302 1484 1,
1331 1422 1466 1488 disp.
1499 1426 1576 1476 16.
1601 1429 1728 1474 sect.
1757 1429 1804 1484 5,
1835 1436 1964 1476 num
1988 1427 2035 1476 1.

581 1497 640 1549 ln
671 1498 858 1562 triplex
877 1497 1178 1550 membrum
1205 1497 1447 1562 partitur,
1475 1512 1624 1550 num.
1656 1502 1704 1550 2.

521 1577 567 1624 2.
607 1576 682 1624 Ad
713 1572 1035 1637 apostasiam
1073 1579 1260 1626 contra
1295 1573 1475 1634 tidem,
1512 1572 1800 1639 reuqiritur
1837 1587 2081 1628 recessus

581 1661 611 1698 a
636 1647 739 1700 lide
759 1649 866 1713 jam
889 1655 1154 1712 suscepta.
1187 1647 1337 1708 ibid.,
1363 1662 1490 1702 num
1521 1653 1568 1698 3.

582 1725 747 1776 Etiam
785 1737 816 1776 a
858 1724 1003 1776 totali
1049 1723 1152 1774 tide
1181 1725 1389 1786 Christi,
1419 1724 1758 1777 communior
1791 1725 2075 1789 sententia,

581 1799 709 1851 ibid.

520 1879 567 1924 3.
603 1874 882 1940 Apostasia
911 1873 1124 1939 proprie
1159 1874 1422 1940 reperitur
1442 1875 1599 1927 etiam
1625 1875 1676 1926 in
1709 1875 1959 1928 baeretico
1981 1875 2076 1928 de-

582 1951 809 2012 ficiente,
845 1952 1090 2015 quamvis
1125 1965 1234 2004 non
1274 1952 1338 2002 sit
1385 1952 1626 2016 ejusdem
1671 1952 1985 2017 integritatis
2014 1966 2076 2004 ex

583 2034 731 2092 parte
757 2028 994 2085 materiae
1015 2040 1134 2078 cum
1153 2027 1422 2092 judaismo
1453 2034 1543 2079 aut
1571 2028 1899 2092 paganismo,
1923 2028 2073 2090 ibid.,

583 2115 728 2153 num.
763 2107 858 2154 5et
895 2107 943 2153 6.

521 2182 567 2230 4.
605 2181 869 2244 Apostatae
898 2192 990 2244 per
1015 2177 1442 2231 antonomasiam
1464 2185 1606 2238 sunt,
1627 2177 1753 2242 quia
1771 2179 1873 2232 lide
1897 2179 2079 2231 Chris-

583 2255 619 2305 ti
651 2267 1031 2319 usquequaque
1056 2254 1322 2311 recedunt,
1351 2253 1540 2307 eodem
1565 2267 1712 2306 num.
1741 2260 1788 2306 6.

523 2336 568 2381 5.
605 2330 883 2394 Apostasia
929 2343 1038 2382 non
1087 2337 1169 2382 est
1210 2329 1418 2394 species
1459 2329 1804 2390 infidelitatis,
1835 2329 1930 2382 sed
1972 2330 2080 2382 cir-

583 2406 903 2458 cumstantia
961 2417 1258 2470 aggravans
1315 2417 1707 2470 quamcumque
1747 2409 1999 2470 speciem,
2049 2418 2083 2458 a

582 2495 728 2532 num.
767 2484 812 2530 8.

519 2561 566 2607 6.
603 2557 894 2621 Apostasiae
944 2556 1342 2608 circumstantia
1383 2567 1599 2621 semper
1641 2555 1696 2608 in
1743 2555 2109 2608 consessione·

581 2633 870 2697 aperienda
903 2639 1000 2691 est,
1030 2645 1176 2683 num.
1203 2635 1279 2681 1ο.

521 2712 565 2759 7.
597 2708 872 2772 Apostasia
897 2707 953 2758 in
984 2707 1124 2758 tidcti
1151 2707 1413 2770 baptizato
1435 2713 1517 2758 est
1535 2706 1932 2758 circumstantia
1960 2719 2077 2758 mu-

583 2793 698 2834 tans
721 2783 952 2847 speciem
983 2782 1141 2834 etiam
1174 2781 1408 2847 physice,
1437 2792 1547 2833 non
1578 2783 1707 2834 item
1736 2781 1790 2833 in
1825 2781 2078 2834 catechu-

584 2870 760 2920 mene,
787 2857 976 2910 eodem
1011 2871 1155 2908 num.
1187 2860 1266 2909 10.

520 2939 567 2986 8.
605 2939 976 3000 Aposlatarum
999 2945 1189 2998 poenae,
1221 2931 1340 2986 vide
1377 2932 1518 2984 rm
1546 2945 1916 2984 untrtcoaun.

957 3063 1245 3111 Arosroms,
1277 3063 1634 3100 apostoncae.

521 3168 568 3216 1.
603 3163 842 3228 Apostoli
875 3163 1176 3215 babuerunt
1210 3169 1520 3228 potestatem
1560 3160 1890 3226 spiritualem
1915 3161 1968 3212 in
1998 3167 2077 3212 to-

584 3246 692 3290 tum
725 3238 929 3301 orbem,
958 3245 1105 3290 tract.
1130 3243 1176 3300 1,
1207 3238 1346 3303 disp.
1382 3243 1464 3299 1ο,
1487 3245 1614 3290 sect.
1640 3241 1688 3296 1,
1714 3251 1860 3290 num.
1890 3240 1934 3288 1.

521 3318 565 3364 2.
603 3314 840 3378 Apostoli
886 3314 1108 3379 quinam
1150 3326 1276 3366 vere
1329 3327 1392 3366 ac
1444 3313 1658 3378 proprie
1687 3311 2077 3376 fuerint,ibid.,

585 3403 732 3443 num.
765 3394 812 3441 2.

585 3467 780 3516 omnes
797 3469 1110 3529 potestatem
1123 3463 1508 3530 ,iurisdictionis
1531 3462 1835 3515 immediate
1854 3475 1886 3514 a
1904 3462 2079 3515 Chris-

586 3548 640 3592 to
667 3547 1006 3605 acceperunt,
1036 3545 1186 3592 num.
1223 3545 1270 3589 3.

521 3621 566 3668 3.
603 3613 870 3681 Apostolis
891 3628 1000 3668 non
1026 3616 1094 3668 ita
1135 3629 1354 3681 prorsus
1393 3614 1688 3668 succedunt
1732 3614 1995 3680 Episcopi,
2025 3619 2081 3664 ut

583 3693 722 3757 Papa
744 3693 912 3754 Petro,
936 3705 1086 3744 num.
1114 3696 1158 3743 ⁴.

522 3773 568 3820 ⁴.
606 3767 844 3832 Apostoli
867 3767 1040 3820 caeteri
1065 3779 1132 3818 an
1159 3779 1190 3818 a
1213 3767 1366 3818 Petro
1391 3773 1482 3818 aut
1507 3767 1682 3832 potius
1703 3779 1734 3817 a
1757 3766 1964 3818 christo
1986 3765 2081 3816 im·

585 3841 812 3894 mediate
834 3841 1032 3894 suerint
1059 3842 1117 3893 in
1145 3842 1438 3908 Episcopus
1451 3841 1750 3894 consecrati
1775 3854 1834 3900 ,a
1857 3853 2007 3892 num.
2031 3843 2076 3891 7.

584 3917 805 3980 Quando
827 3925 882 3972 et
921 3919 1108 3984 quoin
1154 3920 1274 3971 loco
1297 3919 1494 3970 suerint
1521 3932 1551 3971 a
1586 3920 1794 3971 cbristo
1825 3917 2077 3980 ordinati,

583 4008 732 4047 num.
760 3998 806 4046 9.

523 4077 568 4122 5.
606 4071 814 4123 Caeleris
836 4070 1103 4135 Apostolis
1127 4069 1180 4121 in
1194 4068 1560 4136 jurisdictione
1583 4070 1637 4120 in
1659 4067 1967 4122 universum
1990 4079 2079 4120 or·

585 4145 707 4198 bem
744 4146 926 4197 Petrus
948 4145 1210 4211 superior,
1245 4145 1392 4204 ibid.,
1418 4157 1451 4196 a
1481 4157 1626 4196 num.
1653 4147 1730 4195 12.

590 4221 744 4274 solus
769 4221 952 4273 habuit
985 4228 1296 4286 potestatem
1320 4219 1646 4272 ordinariam
1671 4219 1848 4272 sibiet
1873 4232 2079 4272 succes-

588 4299 824 4354 soribus,
854 4298 1068 4350 ibidem.

523 4381 550 4425 6
600 4375 835 4439 Apostoli
873 4374 1046 4426 caeteri
1087 4373 1359 4439 quomodo
1393 4372 1446 4424 in
1493 4371 1860 4436 jurisdictione
1903 4384 2075 4437 pares,

585 4449 734 4512 ibid.,
765 4463 892 4501 num
921 4453 998 4502 11.

427 4539 442 4560 ·
475 4540 480 4546 ·
525 4531 569 4577 7.
605 4527 840 4591 Apostoli
865 4528 956 4590 qui
991 4524 1393 4590 supervixerunt
1429 4527 1597 4585 Petro,
1641 4523 1906 4577 fuerintne
1947 4522 2078 4576 sub-

586 4601 680 4652 diti
720 4602 961 4653 Romano
996 4599 1232 4652 Pontifici
1289 4601 1382 4664 qui
1425 4601 1575 4653 l‘etro
1603 4599 1878 4658 successit,
1929 4599 2078 4660 ibid.,

587 4690 734 4729 num.
761 4681 838 4728 28.

523 4757 570 4806 8.
606 4753 844 4817 Apostoli
889 4763 956 4802 an
993 4751 1152 4804 tidem
1189 4750 1467 4803 amiserint
1497 4751 1550 4804 in
1586 4749 1762 4802 triduo
1795 4749 2081 4811 PassioniS,

586 4829 724 4892 disp.
749 4832 797 4888 9,
824 4835 950 4880 sect.
978 4833 1022 4888 5,
1047 4840 1078 4876 a
1103 4839 1248 4877 num.
1276 4830 1322 4876 6.

523 4910 569 4956 9.
608 4903 889 4969 Apostolos
909 4903 1068 4954 tidem
1095 4914 1202 4968 prae
1221 4901 1472 4954 omnibus
1491 4901 1788 4966 explicitam
1810 4898 2079 4960 habuisse,

583 4993 744 5044 quam
777 4985 1003 5040 certum,
1033 4984 1180 5029 tract.
1218 4982 1263 5033 1.
1289 4977 1433 5042 disp.
1453 4981 1502 5039 2,
1525 4985 1651 5028 sect.
1682 4981 1730 5036 6,
1758 4990 1912 5028 num.
1939 4979 2017 5026 13.

527 5059 604 5106 1ο.
635 5055 990 5120 Apostolicam
1023 5065 1143 5104 esse
1169 5053 1454 5104 Ecclesiam
1483 5052 1672 5103 christi
1701 5052 1814 5117 ipsa
1839 5052 1971 5102 tides
1991 5051 2084 5104 do-

588 5139 694 5188 cet,
717 5139 865 5181 tract.
896 5135 942 5188 1,
969 5129 1102 5194 disp.
1127 5134 1179 5190 9,
1200 5137 1326 5180 sect.
1354 5134 1399 5190 7,
1425 5142 1570 5180 num.
1594 5132 1642 5182 6.

591 5206 740 5258 Unde
771 5205 978 5258 dicatur
999 5203 1308 5269 apostolica,
1335 5203 1464 5254 ibid.

1227 5333 1376 5370 nn.

527 5438 686 5487 Arma
713 5447 783 5486 an
815 5432 971 5486 liceat
1003 5432 1240 5488 vendere
1261 5433 1454 5498 injuste
1486 5430 1825 5494 bellantibus,
1849 5437 1999 5484 tract.
2030 5436 2077 5495 3,

589 5511 724 5575 disp.
762 5516 840 5573 1ο,
866 5520 991 5563 sect.
1027 5514 1074 5573 4,
1111 5523 1258 5563 num.
1283 5516 1328 5561 5.

1895 344 2087 396 tubex
2116 345 2347 398 RERUM.

2718 459 2988 498 attentus
3018 461 3169 498 nnat.

2159 538 2209 585 1.
2244 534 2509 587 Articulus
2530 534 2649 587 tidei
2678 534 2808 599 qnid
2830 535 2989 587 addat
3014 548 3179 600 supra
3208 536 3651 600 propositionem
3672 537 3737 588 de

2222 609 2345 668 fide.
2373 618 2519 662 tract..
2552 616 2597 672 1,
2620 611 2759 676 disp.
2796 617 2843 667 2,
2880 619 3007 663 sect.
3038 617 3084 670 5,
3110 626 3257 663 num.
3284 617 3366 666 10.

2159 690 2206 738 2.
2245 685 2595 739 Articulorum
2622 686 2743 738 fidei
2773 700 3029 739 numerus
3050 687 3189 752 quis,
3228 687 3357 738 ibid.

2162 767 2207 814 9.
2243 763 2462 816 Articuli
2493 763 2611 815 lidei
2643 775 2711 814 an
2740 777 2947 824 omnes
2980 770 3033 816 et
3062 765 3335 829 quomodo
3366 764 3482 816 sint
3516 763 3573 814 in
3620 761 3735 830 lege

2222 837 2403 902 gratiae
2447 851 2508 890 ex
2548 845 2811 904 praecepto
2840 839 3085 903 explicite
3116 839 3407 899 credendi,
3445 839 3595 902 disp.
3634 842 3693 889 13
3718 880 3731 897 ,

2222 921 2351 966 sect.
2387 918 2434 976 ⁴,
2463 928 2609 966 num.
2634 921 2663 966 6
2684 922 2735 967 et
2757 923 2996 979 sequent.

2696 1045 2871 1084 Att‘t'tcu
2877 1046 2965 1084 Lus
2995 1047 3185 1085 ΙΟΙΤΙΒ.

2162 1131 2209 1178 1.
2246 1127 2307 1178 ln
2340 1125 2563 1179 articulo
2584 1127 2773 1182 mortis
2803 1127 3026 1192 quilibet
3052 1125 3305 1180 sacerdos
3328 1132 3509 1192 potaet
3536 1137 3731 1190 quem-

2226 1202 2409 1254 libeta
2431 1200 2669 1265 quolibet
2694 1210 2911 1267 peccato
2938 1209 2993 1254 ct
3017 1215 3265 1263 censura,
3293 1202 3459 1254 etiam
3486 1201 3729 1263 heresis,

2224 1277 2519 1339 absolvere,
2545 1285 2693 1329 tract.
2727 1281 2773 1338 1,
2804 1278 2942 1342 disp.
2967 1282 3047 1339 21,
3071 1275 3198 1330 sect.
3223 1282 3273 1340 4,
3303 1291 3455 1328 num.
3488 1281 3567 1327 22.

2163 1358 2212 1404 2.
2248 1352 2513 1406 Articulus
2540 1356 2743 1415 mortis,
2774 1361 2827 1406 et
2850 1354 3149 1419 periculum
3170 1353 3375 1406 morale
3400 1356 3527 1418 ejus
3546 1353 3733 1418 quoad

2224 1428 2329 1479 hoc
2360 1428 2501 1480 idem
2532 1435 2673 1492 sunt,
2706 1442 2853 1482 num.
2884 1434 2963 1481 23.

2160 1508 2205 1555 3.
2245 1507 2299 1556 ln
2326 1504 2548 1557 articulo
2574 1506 2759 1557 mortis
2783 1513 2833 1557 ut
2868 1507 3033 1572 possit
3056 1506 3177 1570 quis
3198 1507 3266 1558 ab
3292 1507 3491 1558 haeresi
3518 1505 3731 1556 absolvi

2222 1581 2609 1646 perquemlibet
2646 1583 3011 1643 sacerdotem,
3054 1584 3212 1635 debet
3248 1595 3369 1635 esse
3402 1583 3729 1640 necess-itae,

2224 1668 2333 1708 non
2362 1657 2537 1708 solum
2566 1669 2631 1708 ex
2650 1665 2799 1720 parte
2824 1657 3147 1722 poenitentis,
3179 1658 3274 1710 sed
3298 1659 3463 1710 etiam
3490 1669 3555 1708 ex
3576 1664 3731 1721 parte

2220 1731 2563 1791 confessoris,
2600 1731 2748 1792 ibid.,
2775 1746 2903 1785 num
2948 1736 3027 1784 24.

2159 1811 2205 1858 ⁴.
2240 1806 2515 1859 Absolutio
2531 1807 2599 1858 ab
2614 1807 2804 1860 haeresi
2816 1808 2869 1858 in
2886 1807 3111 1860 articulo
3122 1807 3309 1860 mortis
3318 1805 3731 1871 relinquitobli-

2216 1882 2485 1948 gallonem
2510 1883 2853 1948 comparendi
2876 1884 3226 1948 personaliter
3240 1896 3423 1934 coram
3444 1883 3731 1940 pontifice,

2218 1959 2263 2010 si
2294 1959 2572 2010 consessus
2602 1958 2893 2021 periculum
2916 1959 3125 2018 evadat.
3151 1972 3302 2010 num.
3324 1963 3407 2009 25.

2222 2034 2271 2085 Si
2299 2045 2392 2099 per
2416 2047 2473 2086 se
2490 2045 2801 2098 comparere
2818 2041 3062 2099 nequeat,
3088 2047 3198 2087 uon
3216 2042 3425 2087 tenetur
3442 2045 3545 2098 per
3558 2033 3733 2084 alium

2223 2110 2387 2164 adire.
2424 2110 2637 2162 ibidem.

2162 2191 2208 2236 5.
2248 2186 2485 2238 Facultas
2508 2185 2820 2238 absolvendi
2850 2188 2905 2237 in
2944 2186 3169 2239 articulo
3204 2187 3393 2238 mortis
3430 2197 3505 2236 an
3542 2190 3735 2237 exten-

2224 2260 2381 2312 datur
2408 2261 2474 2313 ad
2506 2273 2597 2312 eos
2632 2263 2720 2325 qui
2762 2270 3048 2313 censentur
3072 2268 3329 2326 perpetuo
3352 2261 3633 2325 impediri.
3668 2271 3737 2310 ne

2226 2350 2324 2402 per
2356 2351 2415 2389 se
2448 2338 2653 2400 possint
2678 2343 2803 2389 ante
2839 2339 3031 2402 Papam
3072 2350 3411 2402 comparere,
3446 2337 3609 2396 ibid.,
3630 2349 3735 2387 nu-

2222 2425 2353 2462 mer.
2392 2416 2470 2462 26.

2161 2492 2211 2540 6.
2244 2489 2303 2539 ln
2341 2488 2565 2540 articulo
2602 2487 2789 2540 mortis
2825 2495 3031 2540 tenetur
3060 2488 3183 2553 quis
3224 2495 3405 2540 actum
3450 2485 3735 2539 charitatis

2225 2563 2313 2615 Dei
2336 2563 2544 2624 elicere,
2566 2563 2607 2614 si
2630 2563 3011 2615 conscientiam
3036 2563 3225 2615 babeat
3244 2563 3446 2627 peccati
3466 2561 3733 2613 mortalis.

2224 2639 2387 2703 ldque
2406 2639 2611 2690 etiamsi
2630 2639 2699 2690 sit
2718 2640 2875 2704 copia
2894 2639 3235 2700 confessoris,
3261 2645 3412 2690 tract.
3437 2643 3488 2699 a,
3510 2636 3655 2700 disp.
3684 2639 3731 2695 5,

2222 2727 2349 2767 sect.
2378 2719 2425 2775 2,
2450 2727 2580 2766 num
2630 2717 2677 2766 3.

2812 2805 3061 2842 assensus.

2161 2879 2291 2932 Vide
2314 2894 2445 2932 riost
2477 2893 2629 2931 serus
2662 2885 2715 2931 et
2744 2892 3028 2932 concausto.

2826 3009 3050 3048 Aumrus.

2158 3097 2239 3149 Ad
2262 3096 2501 3149 auditum
2528 3096 2649 3148 lidei
2670 3109 2739 3148 an
2760 3103 2815 3148 et
2830 3094 3103 3162 quomodo
3124 3095 3371 3160 compelli
3396 3096 3612 3160 possint
3642 3095 3725 3145 in-

2224 3173 2407 3225 lideles
2438 3185 2545 3224 non
2568 3179 2839 3236 apostatoe,
2865 3170 3059 3224 subditi
3095 3179 3317 3222 autnon
3342 3170 3573 3231 subditi,
3606 3169 3726 3221 vide

2222 3261 2478 3310 turtureus,
2506 3260 2540 3299 a
2558 3261 2611 3299 n.
2648 3253 2695 3299 7.

2902 3407 2959 3480 B

2801 3609 2995 3646 nAPrtsst
3003 3610 3076 3646 [18.

2161 3707 2207 3756 1.
2244 3703 2496 3768 Baptizari
2522 3717 2589 3754 an
2618 3703 2823 3767 possint
2859 3702 3151 3754 inlidelium
3188 3702 3275 3753 lilii
3309 3702 3494 3754 invitis
3526 3713 3723 3767 paren·

2225 3779 2383 3850 tibus.
2422 3785 2571 3831 tract.
2598 3780 2645 3839 1,
2682 3777 2822 3842 disp.
2853 3783 2933 3840 18,
2960 3786 3088 3830 sect.
3124 3783 3171 3840 5,
3209 3791 3336 3830 num
3362 3781 3419 3828 11
3444 3784 3497 3828 et
3522 3782 3603 3839 15,
3636 3790 3725 3828 re-

2224 3854 2458 3892 nttsstve.

2162 3921 2211 3969 2.
2248 3919 2547 3982 Baptismus
2574 3929 2679 3970 non
2703 3916 2988 3980 requiritur
3006 3916 3075 3968 ad
3098 3917 3343 3968 baercsim
3368 3916 3472 3966 fori
3504 3916 3722 3968 interni.

2228 4001 2374 4046 tract.
2412 3996 2459 4054 1,
2484 3991 2621 4057 disp.
2645 3997 2692 4054 9,
2724 4000 2853 4043 sect.
2881 3995 2929 4052 3,
2956 4005 3081 4044 num
3114 3996 3169 4055 ⁴;
3200 4005 3299 4044 nec
3320 3991 3365 4044 si
3412 3992 3593 4052 detur,
3624 4002 3723 4040 ne-

2226 4081 2371 4120 cesse
2407 4076 2568 4120 estut
2599 4067 2668 4118 sil.
2690 4065 2913 4128 validus,
2944 4081 3090 4118 num.
3118 4071 3164 4118 7.

2164 4149 2210 4194 3.
2248 4143 2546 4209 Baptismus
2576 4143 2801 4204 validttS,
2832 4155 3005 4206 perse
3028 4141 3311 4204 loquendo,
3336 4139 3631 4206 requiritur
3656 4140 3725 4191 ad

2224 4219 2467 4271 haeresim
2511 4219 2609 4271 sori
2636 4219 2855 4280 externi,
2884 4229 3035 4270 num.
3058 4221 3114 4277 8;
3142 4230 3236 4282 per
3266 4217 3521 4270 accidens
3554 4224 3723 4282 potest

2232 4307 2341 4348 non
2376 4295 2590 4359 requiri,
2617 4307 2763 4346 num.
2794 4298 2840 4344 9.

2860 4423 2995 4460 aaut
3002 4446 3014 4459 .

2164 4531 2210 4578 1.
2245 4527 2303 4576 ln
2330 4523 2497 4576 Beatis
2519 4536 2626 4576 non
2650 4530 2825 4576 manet
2848 4522 3221 4574 intellectualis
3243 4522 3455 4574 habitus
3480 4523 3604 4574 lidei
3632 4537 3725 4588 per

2227 4601 2405 4652 lumen
2441 4599 2639 4666 gloriae,
2672 4600 2765 4652 sed
2816 4612 2910 4664 per
2954 4599 3123 4650 solam
3169 4601 3589 4664 suspensionem
3639 4599 3725 4649 in-

2198 4677 2397 4729 ·ssuxus
2416 4676 2651 4728 debitam
2686 4676 2889 4728 ratione
2917 4682 3101 4736 status,
3135 4674 3284 4735 ibid.,
3320 4687 3471 4726 num.
3496 4680 3543 4726 5.

2164 4757 2211 4804 2.
2249 4753 2387 4805 Beati
2412 4751 2479 4802 dc
2505 4752 2641 4804 sacto
2672 4752 2846 4804 nullos
2874 4757 3117 4802 exercent
3148 4749 3269 4800 lidei
3292 4757 3467 4810 actus,
3495 4759 3631 4802 tract
3674 4755 3719 4810 1,

2225 4829 2363 4892 disp.
2398 4833 2446 4889 6,
2484 4835 2610 4880 sect.
2638 4833 2685 4888 9,
2712 4841 2857 4880 num.
2891 4831 2937 4877 7.

2164 4908 2210 4956 3.
2246 4904 2349 4956 Nec
2379 4913 2599 4967 possunt
2620 4903 2687 4954 de
2706 4904 2939 4968 potentia
2958 4899 3245 4962 ordinaria,
3268 4901 3407 4967 disp.
3430 4905 3479 4963 3,
3508 4907 3638 4954 sect.
3670 4907 3718 4962 9,

2228 4993 2371 5030 ιιιιηι.
2404 4983 2482 5029 20.

2166 5060 2209 5106 4.
2247 5056 2383 5107 Beati
2410 5055 2477 5107 de
2500 5054 2733 5119 potentia
2752 5054 2992 5106 absoluta
3018 5060 3234 5118 possunt
3266 5051 3465 5103 babere
3486 5059 3637 5103 actus
3654 5051 3719 5101 fi-

2224 5129 2309 5181 dei
2344 5130 2553 5188 divinae,
2578 5130 2735 5180 etiam
2752 5129 2817 5180 de
2842 5129 2921 5180 rtis
2942 5139 3063 5192 quae
3084 5128 3139 5180 in
3161 5127 3325 5180 verbo
3349 5125 3551 5188 vident,
3568 5127 3715 5189 ibid.,

2228 5219 2373 5257 nunt.
2404 5209 2467 5255 22
2485 5213 2538 5258 et
2564 5209 2651 5268 23ς
2680 5213 2733 5257 et
2764 5205 2903 5270 disp.
2933 5209 2981 5264 6,
3002 5211 3133 5256 sect.
3168 5209 3216 5264 9,
3241 5217 3389 5256 num.
3420 5207 3467 5252 7.

2164 5285 2209 5332 5.
2248 5281 2305 5332 ln
2337 5282 2506 5332 Beatis
2532 5288 2707 5332 manet
2728 5280 2886 5332 timor
2916 5279 3109 5340 filialiS,
3132 5281 3289 5330 eliam
3314 5277 3492 5342 quoad
3520 5286 3717 5338 actum,

2227 5363 2373 5408 tract.
2400 5361 2445 5414 2,
2476 5355 2615 5422 disp.
2647 5359 2693 5412 1,
2716 5364 2846 5408 sect.
2869 5361 2915 5412 ⁴.
2948 5367 3092 5406 num.
3118 5357 3196 5404 18.

2162 5437 2209 5484 6.
2248 5433 2388 5484 Beati
2420 5445 2554 5497 quos
2588 5431 2795 5485 timoris
2824 5440 2971 5484 actus
3002 5431 3241 5491 eliciant,
3280 5427 3431 5490 ibid.,
3477 5442 3628 5480 num.
3664 5431 3717 5478 19

2225 5515 2277 5561 el
2304 5513 2383 5560 2⁰.
