3900 6217
607 400 764 456 SBCT.
794 400 877 457 IV.
910 400 993 455 AN
1022 396 1199 463 lmus,
1224 398 1307 453 m·
1343 393 1532 452 Pium
1560 392 1842 461 ventus»,
1868 396 1969 453 sl'r
2003 400 2314 454 0131ssch
2343 396 2633 452 Fonmm
2665 392 2846 461 num,

200 512 461 595 quodnam
505 504 873 576 atu-ihutum,
908 518 987 565 ex
1031 506 1209 585 parte
1239 500 1374 573 Dei,
1428 498 1507 559 sit
1538 514 1679 579 pro-

200 606 304 689 pria
320 603 466 665 ratio.
481 599 560 664 oh
584 614 765 677 quam
784 595 871 659 illi
899 594 1257 659 adhibenda
1285 598 1379 654 est
1400 590 1580 665 fides,
1615 596 1677 653 et

198 682 386 765 hoc'est
396 710 666 775 quaerere
692 690 806 753 sub
834 708 958 773 qua
984 688 1226 753 ratione
1256 685 1335 750 sit
1357 684 1675 766 objectum

196 790 405 855 formale
422 786 581 851 fidei.
840 860 845 867 Ι

258 890 303 947 3.
340 882 535 945 Prima
570 876 785 959 opinio.
810 873 1069 957 -Ejus
1108 878 1291 941 ratio.
1315 908 1397 923 -
1423 875 1673 957 Impuq-

200 986 339 1047 natur
360 972 699 1056 ltoecopim’o.
730 1002 813 1017 -—
838 968 1121 1037 Solvitur
1146 970 1329 1035 ratio.
1351 999 1433 1017 ο·-
1456 970 1528 1032 In
1554 968 1675 1031 hoc

200 1094 315 1152 ergn
346 1072 549 1147 puncto
594 1064 955 1128 Guillelmus
1007 1062 1391 1137 parisiensis,
1432 1062 1540 1124 lib.
1594 1060 1673 1123 de

194 1167 309 1229 Fide
328 1168 377 1225 et
402 1158 655 1241 legibus,
686 1175 817 1219 non
856 1157 1041 1237 longe
1081 1176 1118 1219 a
1146 1154 1475 1237 principio,
1519 1154 1673 1217 dixit

190 1278 275 1321 nas
296 1274 399 1319 non
425 1250 669 1313 credere
694 1252 825 1313 Deo
854 1250 1001 1331 quia
1028 1266 1215 1315 veram
1241 1255 1355 1327 ost,
1386 1247 1498 1310 sed
1524 1248 1670 1329 quia

188 1365 443 1433 euprmus
474 1343 747 1410 dominus
798 1349 921 1419 est,
972 1344 1070 1409 cui
1115 1340 1539 1407 obediendum
1577 1346 1671 1409 est

187 1438 485 1525 captivando
531 1437 917 1500 intellectum
966 1436 1031 1501 in
1077 1436 1447 1519 obsequium
1506 1436 1663 1516 ejus·

191 1538 321 1597 Ratio
345 1533 487 1593 illius
510 1538 625 1607 est,
656 1532 807 1613 quia
830 1531 880 1595 si
904 1530 1306 1595 crederemus
1329 1530 1459 1593 Deo
1486 1549 1671 1611 prop-

194 1638 265 1695 ter
292 1626 571 1689 veritatem
611 1626 777 1705 ejus,
801 1626 939 1704 jam
976 1624 1378 1688 crederemus
1426 1643 1506 1687 ex
1544 1624 1672 1685 dis-

196 1740 329 1783 cursu
358 1726 411 1781 et
444 1718 681 1779 ratione
730 1724 972 1791 nostra,
1015 1726 1077 1781 et
1122 1735 1253 1779 non
1289 1736 1367 1781 ex
1406 1715 1671 1797 simplici

190 1815 293 1877 fide.
325 1812 431 1875 Sed
470 1812 567 1876 hic
614 1817 836 1873 auctor
884 1811 1187 1891 imprimis
1232 1830 1359 1873 non
1388 1812 1669 1890 assignat

186 1908 467 1988 specificam
486 1907 797 1969 rationem
828 1905 1052 1985 objecti
1084 1904 1235 1967 fidei
1262 1924 1276 1979 ;
1326 1922 1476 1967 nam
1516 1904 1670 1967 obe-

181 2002 277 2065 dire
300 2004 427 2083 Deo,
464 2001 607 2081 quia
632 2018 967 2078 supremus
998 1998 1289 2063 dominus
1334 2003 1449 2075 est,
1480 2016 1672 2079 gene·

180 2096 275 2155 18111
316 2100 425 2167 est,
471 2098 531 2154 et
573 2110 913 2155 commune
968 2092 1258 2155 omnibus
1311 2091 1663 2155 virtutibus.

178 2188 361 2251 Deinde
381 2206 497 2249 non
522 2186 848 2267 distinguit
872 2186 937 2247 in
970 2187 1098 2249 fide
1128 2186 1194 2249 id
1237 2186 1407 2267 quod
1437 2191 1531 2249 est
1558 2204 1669 2247 vo·

178 2283 397 2353 luntatiS,
420 2283 495 2343 ab
518 2299 590 2345 eo
623 2280 811 2361 quod-
838 2289 931 2342 est
959 2280 1345 2356 intellectus3
1378 2286 1472 2343 est
1496 2280 1666 2341 enim

178 2376 317 2447 tides,
334 2375 648 2437 formaliter
676 2374 1019 2455 loquendo,
1050 2374 1248 2449 virtus
1282 2374 1665 2437 intellectua-

180 2472 249 2541 lis,
272 2477 322 2531 et
350 2471 426 2531 sic
461 2474 705 2549 oportet
732 2468 819 2529 ini
848 2471 1168 2549 assignare
1204 2470 1519 2550 objectum
1544 2469 1667 2533 for-

180 2564 367 2625 maliter
382 2564 685 2643 pertinens
706 2562 789 2623 ad
806 2562 1219 2639 intellectum;
1244 2570 1457 2625 tamen
1476 2563 1667 2627 etiam

181 2658 321 2717 hahet
341 2658 715 2719 honestatem
738 2657 1065 2730 moralem,
1102 2663 1413 2737 quatenus
1454 2655 1665 2737 objici-

180 2750 537 2823 turvoluntati‚
571 2755 639 2813 et
680 2768 801 2831 per
828 2752 1169 2813 motionem
1215 2753 1350 2831 ejus
1386 2750 1665 2831 captiva-

184 2850 259 2903 tur
280 2843 569 2905 intellectus
593 2844 671 2905 in
698 2844 1075 2923 obsequium
1102 2844 1211 2905 Dei
1238 2862 1254 2916 ;
1290 2845 1457 2905 Deus
1487 2861 1662 2925 erg0‚

192 2944 243 2997 ut
277 2938 609 3019 praecipienS,
676 2938 778 2998 vel
838 2942 903 2999 ut
960 2954 1291 3016 supremus
1348 2937 1661 3011 dominus,

196 3036 403 3106 spectare
422 3036 609 3109 potest
640 3030 729 3093 ad
755 3030 970 3106 fidem,
1002 3036 1073 3093 ut
1111 3029 1276 3093 cadit
1304 3029 1423 3093 sub
1452 3048 1667 3109 quam-

191 3120 299 3181 dam
319 3123 658 3187 voluntatem
690 3125 1059 3199 honestam;
1094 3124 1195 3187 hic
1226 3130 1435 3187 autem
1464 3122 1666 3203 inqui-

182 3216 325 3275 rimus
338 3218 635 3297 proprium
665 3218 1149 3280 fundamentum
1183 3215 1341 3299 0305,
1372 3223 1443 3279 ut
1468 3216 1665 3279 virtus

178 3308 533 3371 intellectualis
561 3318 688 3384 est,
724 3312 875 3373 etin
897 3312 1017 3373 hoc
1042 3330 1232 3373 sensu
1259 3310 1663 3375 manifestum

176 3408 243 3461 est
272 3421 365 3463 nos
394 3421 511 3467 non
554 3405 820 3470 credere
851 3405 995 3475 Dec,
1032 3404 1179 3482 quia
1211 3403 1503 3465 dominus
1538 3406 1674 3479 est,-

174 3494 253 3553 sed
281 3496 399 3573 quia
424 3496 781 3559 testimonio
810 3515 924 3559 suo
962 3496 1110 3558 facit
1136 3496 1465 3559 credibiles
1498 3496 1663 3559 veri-

172 3594 300 3661 11105,
336 3608 433 3651 seu
468 3590 585 3653 fide
618 3590 867 3669 dignas.
900 3591 1117 3669 Neque
1153 3596 1367 3651 contra
1405 3590 1525 3653 hoc
1554 3610 1661 3652 ur-

170 3686 242 3757 get
262 3681 463 3759 aliquid
480 3683 779 3761 praedicta
808 3684 964 3747 ratio
989 3682 1322 3759 Guillelmi,
1355 3681 1501 3763 quia
1528 3702 1659 3745 non

168 3778 233 3833 est
254 3779 437 3837 contra
462 3774 606 3837 fidei
640 3776 1125 3856 simplicitatem,
1161 3774 1331 3855 quod
1356 3776 1573 3839 tendat
1598 3776 1662 3837 in

166 3884 301 3925 suum
325 3868 653 3947 objectum,
676 3876 989 3947 quatenus
1020 3886 1241 3930 verum
1282 3872 1565 3949 apparet,
1599 3876 1661 3933 et

166 3959 419 4035 credibile,
464 3963 635 4043 quod
674 3964 867 4024 habet
900 3952 977 4023 ex
1003 3980 1081 4023 eo
1108 3963 1277 4043 quod
1308 3962 1516 4025 divina
1553 3981 1657 4024 ve-

164 4052 294 4113 ritate
326 4054 704 4130 informatur,
757 4062 827 4117 ut
863 4055 1247 4129 videbimus3
1300 4075 1381 4118 an
1413 4075 1561 4118 vero
1590 4055 1655 4117 in

166 4144 249 4203 hoe
278 4146 595 4211 intercedat
628 4150 857 4229 aliquis
895 4148 1215 4213 discursus
1238 4196 1253 4223 ,
1303 4156 1522 4229 postea
1564 4149 1657 4214 di-

168 4254 343 4299 cemus.

216 4332 262 4391 4.
310 4334 576 4399 Secunda
612 4336 813 4415 opinio
841 4335 1107 4401 Aurooli.
1126 4336 1387 4417 —E'jm
1434 4338 1659 4413 funda-

164 4431 385 4487 mutum.
401 4458 477 4473 -
498 4426 922 4509 Con-firmatur.
941 4428 1323 4493 ——Secunda
1350 4449 1500 4511 ergo
1528 4432 1658 4511 opi-

162 4514 235 4574 nio
265 4524 341 4579 est
364 4520 579 4596 Deum,
613 4522 731 4581 sub
777 4522 1018 4583 ratione
1063 4522 1331 4596 deitatis,
1366 4542 1503 4586 esse
1543 4523 1658 4587 ob-

156 4606 339 4683 jectum
368 4612 621 4675 formale
662 4614 831 4677 fidei.
872 4615 1191 4677 Tribuitur
1231 4616 1300 4677 D.
1333 4616 1587 4679 Thomae
1618 4622 1649 4681 1

162 4716 225 4775 μ,
252 4707 375 4779 (1.1,
395 4711 506 4767 art.
530 4709 599 4781 Ἲς
629 4707 763 4781 sed,
782 4714 851 4770 ut
880 4726 1070 4789 supra
1094 4706 1243 4785 dixi,
1271 4708 1354 4773 ibi
1380 4710 1656 4791 loquitur

162 4788 217 4850 de
237 4794 445 4873 objecto
470 4794 645 4883 quod,
674 4819 803 4863 11011
831 4798 911 4863 de
960 4800 1203 4864 ratione
1256 4800 1502 4869 formali
1546 4806 1654 4869 sub

164 4900 267 4961 W,
302 4909 405 4953 seu
437 4900 681 4977 propter
705 4912 911 4976 quam,
959 4894 1038 4957 de
1081 4914 1205 4977 qua
1251 4914 1419 4958 nunc
1447 4895 1653 4979 loqui-

164 4994 283 5041 mur.
309 4986 503 5047 Trihui
535 4985 722 5050 etiam
759 4986 919 5051 solet
949 4990 1155 5064 Scoto,
1184 4988 1251 5051 in
1282 4992 1338 5065 3,
1368 4990 1511 5054 dist.
1542 4992 1646 5068 23,

164 5074 273 5149 quia
314 5078 595 5143 nonnulla
644 5090 1014 5160 argumenta
1072 5084 1361 5161 proponit
1431 5086 1649 5146 contra

162 5172 473 5233 senientiam
495 5171 803 5237 dicentem
826 5174 1051 5249 Deum,
1083 5174 1200 5236 suh
1242 5176 1485 5239 ratione
1508 5177 1650 5261 pri-

162 5274 245 5321 Μ
284 5266 557 5340 cernatis,
594 5286 729 5331 esse
780 5266 1093 5347 objectum
1142 5268 1407 5333 formale
1458 5268 1645 5344 fidei;

164 5353 247 5412 scd
278 5356 350 5419 ibi
377 5360 735 5441 disputando
758 5362 1064 5443 procedit,
1105 5382 1232 5425 non
1262 5362 1645 5429 definienda

164 5443 339 5510 Tenuit
384 5470 525 5545 ergo
576 5447 743 5522 illam
782 5446 1158 5519 sententiam
1199 5456 1531 5535 Aureolus,
1580 5465 1652 5522 ut

168 5536 439 5619 Capreolus
466 5544 670 5624 refert,
710 5549 775 5611 in
805 5550 861 5626 3,
917 5548 1058 5613 dist.
1100 5550 1203 5625 24,
1241 5554 1358 5615 art.
1391 5552 1451 5625 Ξ,
1484 5552 1651 5617 circa

3219 384 3330 449 ‚53

1758 494 1974 563 finem.
2013 500 2517 565 Fundamentum
2545 500 2683 579 ejus
2709 498 2848 575 fuit,
2882 496 3032 579 quia
3053 494 3207 558 illud
3232 500 3328 558 est

1757 592 2073 674 objectum
2116 595 2380 659 formale
2433 592 2694 673 alicujus
2737 591 3006 664 virtuti&
3038 590 3108 651 in
3145 589 3319 670 quod

1752 686 1823 750 fit
1845 686 2062 751 ultima
2091 690 2382 752 resolutio
2414 688 2550 769 ejus
2567 703 2588 766 3
2627 684 2742 749 sed
2768 682 2927 747 fides
2956 684 3175 745 ultimo
3211 700 3317 745 re-

1758 780 2016 845 solvitur
2048 782 2116 843 in
2155 782 2458 845 Deitatem
2485 798 2500 842 :
2537 798 2710 860 crgo·
2759 778 3066 841 Probatur
3089 778 3317 851 minor,

1756 893 1904 937 nam
1924 874 1979 936 si
1994 890 2352 955 quaeramus
2379 893 2493 937 cur
2518 873 2830 935 credimus
2848 870 3002 945 Dec,
3037 872 3319 951 proxime

1759 965 2014 1049 quidem
2041 974 2208 1031 recte
2229 968 2776 1049 respondebimus:
2801 965 2956 1039 Quia
2977 982 3168 1027 verax
3189 969 3317 1039 θεὶς

1758 1068 1970 1124 tamen
2006 1064 2057 1123 si
2073 1061 2333 1125 ulterius
2353 1069 2672 1145 quaeratur
2690 1080 2802 1123 cur
2833 1060 2913 1123 sit
2948 1076 3163 1132 verax,
3194 1078 3322 1121 res-

1752 1156 2161 1239 pondendum
2191 1164 2286 1221 est
2314 1178 2330 1215 :
2365 1157 2519 1230 Quia
2548 1158 2714 1218 Deus
2748 1160 2878 1228 est;
2913 1172 3064 1234 ergo
3092 1154 3317 1215 ultima

1752 1248 2048 1312 resolutio
2085 1250 2156 1313 fit
2185 1252 2252 1312 iu
2279 1250 2589 1313 Deitatem
2613 1248 2852 1331 ipsam3
2885 1264 3035 1310 nam
3067 1248 3122 1309 si
3149 1246 3314 1309 ulte-

1754 1346 1883 1408 rius
1898 1350 2212 1425 quaeratur
2227 1364 2338 1407 cur
2353 1345 2430 1407 sit
2452 1346 2641 1419 DeuS,
2667 1356 2802 1405 11011
2818 1348 2912 1406 est
2928 1339 3046 1403 alia
3061 1358 3320 1422 respon-

1752 1437 1869 1515 sio,
1899 1438 2020 1500 nisi
2061 1440 2208 1517 quia
2247 1456 2325 1502 ex
2353 1456 2420 1500 se
2453 1438 2595 1503 talis
2621 1442 2735 1502 est.
2768 1438 2844 1499 Εἰ
2877 1436 3309 1510 confirmatur,

1748 1550 1899 1595 nam
1938 1532 2252 1595 credimus
2291 1534 2423 1595 Deo
2460 1538 2770 1615 quatenus
2806 1549 2994 1595 verus
3032 1536 3126 1593 est
3151 1546 3171 1608 ;
3200 1528 3314 1591 sed

1750 1631 1845 1687 est
1870 1644 2057 1687 verus
2073 1632 2383 1707 quatenus
2399 1628 2667 1688 estDeus
2677 1642 2700 1704 ;
2717 1642 2868 1705 ergo
2889 1624 3204 1687 credimus
3228 1622 3314 1683 illi

1750 1724 2059 1800 quatenus
2085 1720 2252 1781 Deus
2283 1722 2397 1794 est,
2431 1726 2494 1783 et
2537 1718 2658 1781 hoc
2691 1730 2784 1781 est
2831 1734 2968 1779 esse
2998 1718 3315 1797 objectum

1748 1812 2035 1875 formale.
2063 1815 2138 1875 Et
2161 1812 2242 1875 ab
2269 1814 2388 1877 hac
2418 1814 2712 1895 opinione
2743 1831 2873 1875 non
2903 1812 3160 1873 omuino
3185 1812 3316 1873 dis·

1750 1907 2026 1969 sentiunt
2038 1908 2396 1988 Capreolus,
2425 1926 2614 1988 supra
2640 1904 3082 1987 respondendo
3103 1906 3184 1967 ad
3207 1924 3309 1967 ar-

1750 2004 2119 2083 gumentum
2143 2000 2418 2079 Aureoli,
2447 2006 2508 2063 et
2545 2002 2878 2081 cajetanus
2905 2000 3031 2075 hic,
3056 1998 3208 2061 dub.
3237 2003 3264 2060 i
3295 2019 3312 2073 ;

1749 2094 2033 2176 quamvis
2089 2094 2257 2156 enim
2295 2094 2504 2158 dicant
2531 2094 2856 2157 veritatem
2881 2094 2991 2157 Dei
3037 2110 3178 2155 esse
3203 2110 3310 2154 ra·

1746 2188 1983 2251 tionem
2009 2188 2338 2250 formalem
2367 2188 2468 2269 obj
2477 2190 2615 2265 ecti,
2640 2187 3044 2251 nihilominus
3067 2188 3312 2251 addunt

1746 2301 1875 2345 non
1917 2301 2053 2344 esse
2105 2282 2560 2345 excludendam
2596 2282 2925 2358 Deitatem,
2966 2282 3112 2363 quia
3144 2300 3306 2343 -non

1740 2382 1949 2457 potest
1971 2376 2140 2439 Deus
2171 2396 2309 2440 esse
2338 2378 2496 2439 ratio
2539 2376 2835 2440 credendi
2875 2383 2944 2440 ut
2970 2394 3156 2440 verus
3184 2374 3305 2439 nisi

1746 2470 1824 2533 sit
1844 2470 2032 2534 etiam
2065 2476 2137 2531 ut
2162 2472 2331 2533 Deus
2360 2490 2569 2534 verus,

1826 2567 1885 2627 5.
1932 2564 2144 2629 Tertia
2167 2565 2364 2647 opinio
2387 2585 2570 2649 quam
2596 2564 2829 2629 indicat
2847 2566 3305 2630 Bonaventwra.

1747 2692 1823 2703 —
1850 2658 2020 2739 Ejus
2043 2660 2520 2737 fundamentum.
2544 2690 2624 2707 --
2649 2660 2855 2722 Tertia
2911 2660 3119 2740 opinio
3171 2676 3310 2721 esse

1746 2754 1973 2832 potest,
1999 2752 2220 2829 Deum,
2256 2754 2374 2813 sub
2406 2754 2648 2816 ratione
2670 2756 2890 2839 prima·
2916 2752 3202 2817 veritatis
3237 2753 3308 2817 in

1747 2846 2158 2929 coqnosoendo,
2212 2865 2352 2908 esse
2429 2848 2747 2928 objectum
2801 2846 3064 2908 formale
3131 2846 3302 2909 fidei.

1746 2938 1921 3001 Hanc
1936 2938 2243 3020 significat
2259 2940 2721 3019 Bonaventura,
2741 2942 2804 3003 in
2831 2940 3039 3013 3‚dist.
3074 2942 3301 3015 mant,

1749 3036 1809 3107 1,
1837 3052 1899 3113 q.
1923 3036 2004 3108 Ως
2040 3039 2103 3095 et
2148 3034 2437 3097 videntur
2478 3035 2653 3117 sequi
2685 3036 2872 3117 aliqui
2909 3033 3195 3097 moderni
3237 3040 3309 3099 ut

1744 3126 1989 3189 Valent.
2025 3132 2176 3190 tom.
2220 3130 2281 3205 3,
2313 3128 2541 3211 disput.
2570 3134 2628 3208 1,
2653 3146 2712 3209 q.
2748 3134 2804 3203 1,
2827 3136 3040 3211 punct.
3081 3134 3138 3206 1,
3188 3129 3307 3191 suh

1742 3220 2231 3305 §Disficrdtatum
2257 3226 2674 3307 quarumdam,
2684 3214 3306 3290 etc.Fu1'1damentum

1743 3323 1955 3378 autem
1987 3335 2126 3379 esse
2155 3322 2384 3399 potest,
2418 3320 2564 3399 quia
2592 3320 2820 3383 veritas
2847 3320 3302 3401 cujuscumque

1742 3410 1913 3471 testis
1935 3412 2252 3494 praecipue
2268 3412 2599 3487 resolvitur
2611 3413 2678 3475 in
2697 3420 2934 3477 certam
2958 3414 3306 3489 scientiam,

1743 3508 1804 3565 et
1830 3521 2046 3566 veram
2093 3505 2515 3585 cognitionem
2544 3507 2715 3589 ejus3
2746 3508 2890 3571 ideo
2925 3509 3096 3570 enim
3127 3509 3308 3570 testis

1743 3594 2026 3657 oculatus
2053 3597 2384 3677 praefertur
2412 3598 2524 3676 illi,
2554 3602 2660 3681 qui
2707 3619 2785 3664 ex
2815 3600 3033 3662 auditu
3057 3607 3307 3663 tantum

1744 3689 2131 3751 testificatur.
2161 3692 2237 3754 Et
2258 3692 2522 3754 sortasse
2553 3694 2634 3755 ob
2662 3694 2826 3755 hanc
2843 3712 3099 3757 causam
3121 3696 3309 3757 ,10811-

1741 3801 1857 3843 nes
1884 3782 2304 3865 Evangelista,
2336 3792 2404 3847 ut
2431 3787 2857 3849 testimonium
2888 3788 3106 3849 Christi
3139 3804 3309 3848 com-

1740 3876 2092 3952 mendaret,
2118 3878 2272 3941 dixit
2290 3880 2356 3940 in
2380 3899 2434 3942 c.
2471 3882 2500 3941 1
2529 3901 2543 3940 :
2575 3880 2769 3944 Deum
2800 3878 2969 3944 mmo
3007 3879 3162 3944 vidit
3191 3894 3304 3941 un-

1738 3988 1919 4051 quam
1938 3996 1968 4044 ‚·
1989 3973 2362 4052 unigenitus,
2391 3973 2498 4057 qui
2524 3975 2705 4038 estin
2739 3974 2883 4038 sinu
2907 3976 3152 4048 Patris,
3173 3975 3305 4055 ipso

1734 4068 2082 4139 mam-avit,-
2109 4067 2266 4129 sicut
2285 4068 2364 4129 de
2381 4068 2613 4148 Spiritu
2631 4068 2858 4131 Sancto
2877 4068 3031 4131 dixit
3051 4068 3304 4142 Paulus,

1736 4158 1911 4239 quod
1948 4161 2153 4225 omnia
2200 4168 2537 4239 scrutatur,
2583 4165 2766 4227 etiam
2800 4164 3111 4245 profunda
3159 4163 3300 4239 Dei,

1738 4250 1884 4332 quia
1914 4253 2340 4317 testimonium
2365 4254 2515 4317 fidei
2542 4262 2636 4319 est
2668 4275 2744 4318 ex
2763 4258 3142 4319 revelatione
3172 4257 3306 4336 Spi-

1737 4346 1892 4407 ritus
1929 4346 2172 4422 Sancti3
2215 4348 2303 4411 sic
2336 4369 2486 4429 ergo
2529 4351 2822 4413 veritates
2853 4350 3024 4412 'fidei
3076 4368 3306 4430 propo·

1736 4444 1974 4503 nuntur
1997 4440 2201 4519 nobis,
2244 4448 2314 4505 ut
2352 4443 2517 4505 scitae
2561 4462 2598 4505 a
2638 4443 2803 4517 Deo;
2836 4448 2898 4505 et
2927 4443 3072 4507 ideo
3103 4445 3302 4507 credi-

1737 4550 1876 4593 mus
1901 4530 2060 4611 illas,
2093 4538 2160 4597 ut
2187 4534 2429 4599 divinas
2457 4543 2518 4597 et
2544 4534 2916 4613 infallibiles,
2955 4538 3100 4617 quia
3126 4538 3296 4598 Deus

1737 4622 1803 4685 in
1843 4644 1957 4689 sua
1995 4626 2256 4689 scientia
2297 4628 2429 4690 falli
2482 4647 2613 4690 non
2651 4634 2891 4710 potest}
2937 4646 3088 4711 ergo
3137 4630 3306 4692 veri-

1731 4718 1830 4873 Eas
1858 4716 1973 4781 Dei
1999 4720 2066 4780 in
2095 4720 2533 4803 cognoscendo
2577 4730 2669 4785 est
2695 4722 3010 4802 objectum
3038 4723 3301 4815 formale

1776 4810 1899 4875 dei.

1809 4904 1869 4967 6.
1909 4904 2143 4979 Quarta
2166 4906 2362 4991 opinio
2389 4912 2782 4993 qum-mudum
2800 4911 3305 4977 recentior-mn.—

1728 4996 1897 5079 Ejus
1912 5001 2398 5073 fundamentum.
2418 5036 2500 5051 —
2522 5002 2947 5087 Confirmatw.
2982 5038 3063 5052 -
3080 5005 3304 5088 Expli-

1732 5095 1907 5153 catm·
1930 5092 2057 5157 koec
2086 5093 2480 5173 confirmatio.
2503 5129 2586 5145 --
2611 5098 2731 5160 Alii
2756 5114 2903 5160 vero
2931 5116 2964 5159 e
2989 5100 3301 5161 contrario

1732 5180 2022 5247 dixerunt
2072 5188 2339 5267 primam
2388 5192 2712 5255 veritatem
2761 5190 2824 5251 in
2853 5190 3118 5254 dicendo
3163 5210 3301 5253 esse

1732 5276 2046 5356 objectum
2087 5279 2348 5345 formale
2386 5281 2554 5345 fidei.
2586 5284 2679 5347 Ita
2709 5284 2984 5347 sentiunt
3001 5282 3302 5363 frequen-

1729 5374 1852 5432 tius
1879 5371 2199 5455 Theologi,
2225 5380 2286 5437 et
2313 5376 2386 5437 D.
2411 5376 2708 5454 Thoma8‚
2742 5384 2858 5439 art.
2894 5380 2951 5453 1,
2973 5378 3079 5438 ubi
3108 5380 3299 5438 etiam

1730 5462 2063 5544 cajetanus
2095 5473 2155 5530 et
2203 5466 2326 5530 alii.
2362 5468 2868 5535 Fundamentum
2903 5476 3110 5532 autem
3159 5489 3298 5533 esse

1730 5562 1959 5637 potest,
1993 5562 2141 5641 quia
2176 5563 2238 5623 in
2269 5566 2516 5627 tantum
2541 5564 2874 5629 adhibetur
2895 5564 3086 5655 ,alicui
3111 5562 3294 5637 fides,
