3900 6217
619 372 738 436 478

619 480 982 553 sufficiente,
1013 482 1103 539 est
1130 477 1336 557 aliquo
1363 477 1549 539 modo
1567 477 1894 552 directum,
1921 483 1995 536 ut
2013 495 2089 537 ex
2120 479 2173 536 Ι.

619 576 680 635 2.
711 589 1022 652 suppon03
1052 572 1156 635 sed
1193 578 1508 632 ostensum
1537 576 1631 631 est
1655 571 1738 631 ad
1757 570 2042 631 haeresim
2068 588 2180 630 ne·-

1213 369 1448 434 instuit.
1483 378 1614 433 XlX.
1649 380 1730 432 DE
1759 374 2143 433 INFIDELIBUS
2174 374 2530 441 APOSTATIS,
2566 378 2683 431 SEU
2714 378 3074 440 nAEnmlcts,
3110 380 3241 433 mc.

2264 474 2433 550 bera,
2480 476 2555 537 ad
2584 477 2831 557 culpam
2880 477 3131 539 haeresis
3158 480 3383 542 sufficit
3415 484 3616 566 absque
3652 490 3743 549 alia

2262 586 2459 629 mora.
2490 570 2667 631 Unde
2696 588 2824 631 non
2852 570 3086 632 faciunt
3107 574 3189 633 ad
3216 578 3349 635 rem
3388 578 3560 639 verba
3584 581 3741 645 Pauli:

619 667 949 729 cessarium
975 684 1109 726 esse
1141 664 1368 725 habere
1405 664 1678 744 aliquam
1707 664 1995 723 notitiam
2028 662 2177 723 defi-
2255 662 2635 726 Haereticam
2656 670 2797 745 post
2808 666 3075 745 primam
3100 672 3157 729 et
3192 672 3503 733 secundam
3538 676 3747 736 admoni-

619 759 872 821 nitionis
899 759 1218 835 Ecclesiam
1251 775 1398 837 ergo
1425 763 1518 819 est
1544 758 1730 817 etiam
1761 758 2177 817 necessarium

620 858 692 913 ut
739 852 822 912 sit
871 851 1078 931 aliquo
1109 850 1293 911 modo
1341 852 1568 911 directe
1597 850 1971 909 voluntaria.
2024 850 2181 909 Huic

619 952 828 1007 autem
863 945 1182 1007 assertioni
1232 960 1582 1021 repugnare
1624 943 1868 1004 videtur
1904 944 2183 1022 'vasquez

619 1058 826 1119 supra,
855 1057 1040 1117 quem
1067 1039 1344 1117 sequitur
1371 1039 1551 1098 Sanc.
1573 1059 1590 1112 ;
1616 1038 1830 1098 dicunt
1857 1038 2027 1099 enim
2056 1056 2183 1099 non

619 1150 749 1195 esse
798 1132 1214 1193 necessarium
1252 1137 1324 1191 ut
1377 1130 1704 1191 haereticus
1759 1132 1989 1193 directe
2037 1131 2187 1191 velit

619 1226 904 1289 Ecclesiae
957 1225 1406 1300 contradicere,
1441 1226 1588 1303 quia
1638 1242 1766 1285 non
1819 1230 2063 1305 oportet
2114 1230 2187 1285 ut

619 1321 736 1383 hoc
791 1318 1096 1394 intendat,
1165 1336 1312 1379 nam
1373 1332 1452 1379 ex
1505 1334 1893 1397 quocumque
1950 1320 2185 1379 motivo

624 1413 1020 1494 pertinaciter
1067 1418 1252 1487 erret,
1293 1412 1413 1471 erit
1449 1411 1772 1471 haereticus
1789 1458 1808 1487 ,
1853 1418 1926 1471 ut
1974 1416 2182 1489 aperte

622 1510 798 1569 docet
827 1507 1230 1585 Augustinus,
1271 1505 1428 1566 libro
1451 1505 1528 1567 de
1563 1506 1831 1567 Utilitate
1863 1505 2179 1581 credendi,

620 1604 688 1665 in
715 1603 1038 1683 principio.
1081 1602 1196 1663 Sed
1247 1600 1403 1661 forte
1431 1600 1610 1661 aliter
1630 1619 1818 1680 quam
1849 1618 1963 1661 nos
2004 1619 2183 1661 voca-

621 1696 784 1757 bulis
835 1702 1132 1769 utuntur3
1179 1694 1348 1755 aliud
1377 1695 1543 1755 enim
1575 1700 1666 1754 est
1691 1694 1927 1773 aliquid
1956 1694 2183 1755 forma-

621 1788 763 1851 liter
793 1788 1137 1862 intendere,
1161 1788 1328 1848 aliud
1347 1804 1494 1847 vero
1513 1787 1750 1865 aliquid
1775 1788 2007 1847 directe
2024 1786 2183 1847 velle

621 1882 819 1945 solum
853 1881 1272 1943 materialiter.
1300 1882 1368 1941 In
1403 1880 1688 1959 proesenti
1709 1898 1860 1958 ergo
1885 1880 2177 1953 fatemur,

621 1975 702 2037 ad
727 1975 1010 2037 haeresim
1039 1992 1166 2035 non
1207 1990 1335 2034 oese
1381 1974 1796 2033 necessarium
1837 1972 2183 2033 formaliter

623 2068 946 2129 intendere
973 2067 1390 2129 contradicere
1419 2066 1722 2141 Ficclesiae,
1747 2071 1830 2141 et,
1865 2072 1934 2125 ut
1962 2066 2051 2126 ita
2089 2066 2183 2125 di-

623 2179 784 2235 cam,
821 2161 964 2223 duci
1011 2161 1230 2240 spiritu
1277 2160 1808 2234 contradictionis,
1847 2166 1909 2220 et
1947 2160 2015 2219 in
2066 2160 2185 2221 hoc

623 2261 790 2317 recte
843 2254 1057 2315 dicunt
1107 2254 1252 2313 dicti
1293 2259 1609 2327 auctores3
1661 2253 2069 2313 nihilominus
2096 2260 2186 2313 ta-

623 2367 770 2411 men
799 2364 1044 2409 necesse
1073 2352 1166 2408 cst
1213 2346 1620 2407 materialiter
1647 2346 1876 2407 directe
1903 2346 2063 2406 velle
2109 2345 2183 2405 il-

621 2442 750 2503 lam
801 2440 1376 2515 contradictionem,
1411 2439 1570 2501 sicut
1627 2441 1734 2517 qui
1787 2440 1922 2499 vult
1973 2444 2183 2499 tenere

625 2536 898 2615 aliquam
927 2534 1307 2613 opinionem,
1344 2550 1536 2611 quam
1561 2533 1676 2593 scit
1709 2550 1839 2593 esse
1868 2538 2083 2593 contra
2108 2534 2179 2592 D.

625 2627 950 2701 Thomam,
997 2627 1224 2687 directe
1277 2625 1414 2686 vult
1455 2625 1700 2705 opinari
1735 2632 1952 2687 contra
1980 2626 2183 2701 illum,

627 2720 869 2781 etiamsi
897 2720 959 2780 id
989 2737 1114 2779 non
1142 2719 1330 2780 faciat
1353 2718 1428 2779 ad
1459 2719 1551 2779 illi
1595 2719 2141 2780 contradicendum
2166 2742 2182 2795 ;

626 2814 727 2875 vel
766 2813 922 2873 sicut
961 2814 1018 2873 is
1055 2814 1164 2893 qui
1203 2812 1342 2873 vult
1379 2812 1668 2875 accedere
1699 2814 1777 2873 ad
1815 2832 2013 2873 unum
2064 2820 2188 2873 ter-

629 2907 898 2979 minum,
925 2908 1120 2969 sciens
1149 2924 1277 2967 non
1319 2924 1496 2985 posse
1527 2906 1592 2967 id
1621 2907 1844 2982 facere,
1875 2906 1995 2967 nisi
2022 2924 2191 2967 rece-

631 3001 739 3061 dat
771 3001 848 3063 ab
883 3000 1038 3074 alio,
1074 3002 1222 3060 satis
1253 3000 1484 3061 directe
1521 3001 1656 3060 vult
1687 3001 1973 3061 recedere
2012 3020 2049 3061 a
2080 3001 2191 3062 tali

626 3094 924 3168 termino,
949 3092 1236 3172 quamvis
1263 3093 1328 3153 id
1352 3092 1690 3154 formaliter
1713 3110 1840 3155 non
1869 3094 2155 3155 intendat
2167 3111 2188 3172 3

627 3190 718 3250 ita
745 3206 894 3267 ergo
943 3194 1036 3251 est
1089 3188 1154 3247 in
1181 3188 1492 3267 prasenti,
1523 3193 1584 3248 et
1633 3188 1750 3250 hoc
1779 3188 2004 3268 probat
2034 3189 2191 3250 ratio

627 3283 812 3344 facta.

709 3378 810 3439 23.
862 3375 1256 3439 Concludimo·
1273 3376 1456 3438 etiam
1485 3381 1695 3437 contra
1721 3377 2039 3439 “cundem
2064 3392 2197 3437 sen-

631 3470 885 3534 tentiam
904 3471 975 3533 in.
999 3487 1166 3530 num.
1197 3474 1341 3530 7.-
1359 3468 1461 3531 Aa
1477 3470 1670 3531 loom
1701 3468 1889 3531 Pauli
1918 3470 1987 3530 in
2002 3471 2195 3531 eodem

629 3583 694 3625 n.
729 3566 880 3625 7.-
905 3564 1139 3624 Ultimo
1167 3581 1246 3623 ex
1275 3563 1454 3623 dictis
1485 3562 1900 3637 concluditur,
1925 3560 2005 3621 ad
2031 3578 2195 3621 com-

629 3658 1008 3719 mittendum
1039 3662 1358 3736 peccatum
1387 3656 1634 3717 haeresis
1665 3672 1794 3716 non
1829 3674 1963 3716 esse
1988 3674 2194 3716 neces-

631 3752 856 3812 sariam
881 3749 1178 3828 temporis
1221 3748 1634 3822 durationem,
1665 3755 1736 3808 ut
1761 3749 2029 3810 secunda
2058 3766 2194 3810 sen-

631 3844 828 3905 tentia
865 3843 1124 3903 dicebat.
1175 3840 1497 3915 Probatur,
1527 3841 1678 3919 quia
1707 3842 2049 3921 pertinacia
2080 3860 2195 3902 ne-

631 3938 892 3998 cessaria
941 3935 1022 3995 ad
1053 3934 1338 3995 baeresim
1391 3933 1459 3993 in
1514 3934 1832 3995 voluntate
1891 3935 2193 4010 consistit,

631 4031 944 4109 supposita
966 4028 1186 4089 notitia
1213 4026 1582 4101 intellec-tua,
1611 4032 1686 4087 ut
1705 4027 2053 4105 declaravi3
2090 4028 2199 4089 sed

636 4124 744 4183 illa
787 4123 1076 4183 voluntas
1129 4138 1271 4181 cnm
1315 4118 1428 4181 tali
1481 4121 1704 4181 notitia
1761 4121 1830 4181 in
1881 4127 2199 4182 momento

637 4221 1136 4291 consummatum
1173 4232 1320 4292 ergo
1357 4217 1567 4275 statim
1618 4215 2033 4275 committitur
2078 4215 2201 4275 11ae-

635 4310 789 4371 resis
821 4330 836 4370 z
871 4310 1028 4370 sicut
1059 4326 1094 4369 e
1112 4308 1420 4368 contrario
1447 4306 1598 4368 fides
1625 4308 1690 4367 in
1715 4314 2035 4369 momento
2058 4324 2201 4368 con-

641 4404 888 4483 cipitur,
925 4405 1076 4481 quia
1118 4400 1406 4461 voluntas
1443 4400 1732 4461 credendi
1771 4400 1838 4461 in
1883 4406 2202 4461 momento

639 4496 930 4571 habetur,
984 4502 1046 4555 et
1103 4494 1328 4556 sufficit
1391 4494 1468 4555 ad
1527 4494 1736 4553 statim
1799 4494 2197 4555 credendum.

641 4593 950 4652 Praeterea
977 4588 1150 4651 nulla
1185 4595 1352 4650 certa
1381 4586 1624 4648 duratio
1651 4592 1858 4667 posset
1883 4604 2026 4648 cum
2062 4588 2199 4648 iun-

645 4685 936 4745 damento
985 4681 1384 4743 determinari
1401 4696 1422 4758 ;
1467 4696 1619 4757 ergo
1667 4680 1840 4741 nulla
1875 4681 2065 4741 etiam
2093 4698 2201 4759 po·

642 4767 762 4839 test
785 4792 928 4837 cum
969 4775 1376 4837 fundamento
1417 4773 1674 4853 requiri.
1725 4772 2027 4848 Tandem,
2056 4773 2204 4851 quia

643 4872 726 4933 ad
783 4870 1188 4949 pertinaciam
1250 4868 1508 4929 baeresis
1547 4884 1672 4929 non
1719 4874 1812 4928 est
1857 4867 2205 4928 necessaria

647 4963 992 5025 admonitio
1020 4964 1306 5035 exterior,
1343 4968 1418 5022 ut
1454 4962 1563 5022 illa
1603 4962 1816 5041 opinio
1863 4977 2208 5040 supponere

648 5056 994 5131 videbatur,
1025 5058 1172 5135 quia
1199 5060 1397 5135 potest
1427 5055 1676 5115 haeresis
1699 5055 1836 5115 dari
1857 5072 2007 5133 pure
2036 5072 2209 5115 rnen-

650 5149 828 5227 talis;
873 5150 1000 5210 imo
1067 5154 1268 5211 omnis
1317 5154 1569 5210 externa
1619 5148 1872 5209 haeresis
1920 5148 2096 5227 prius.
2142 5148 2212 5207 in

653 5250 861 5304 mente
903 5248 1366 5303 consummatur
1379 5256 1401 5319 3
1446 5260 1594 5320 crgo
1651 5242 1729 5301 ad
1765 5241 1938 5302 illam
1990 5240 2215 5301 sufficit

654 5336 916 5398 monitio
967 5335 1236 5410 interna,
1267 5353 1406 5415 quae
1448 5334 1519 5395 fit
1557 5352 1669 5414 per
1708 5334 1878 5395 illam
1925 5335 2213 5395 notitiam

2262 753 2479 819 tionem
2526 757 2749 832 devita,
2782 758 2931 836 quia
2982 759 3071 819 ibi
3100 762 3230 839 agit
3272 761 3349 822 de
3392 764 3748 828 admonitione

2264 850 2549 911 exteriori
2580 854 2925 912 necessaria
2952 852 3031 912 ad
3062 854 3382 915 vitandum
3432 857 3747 935 haereticum,

2262 960 2390 1003 non
2440 942 2519 1002 ad
2548 942 2726 1004 illum
2758 946 3294 1024 constituendum3
3320 948 3443 1008 imo
3468 949 3571 1010 hoc
3594 952 3751 1029 ipsum
3805 942 3806 945 '

2264 1037 2331 1097 in
2374 1036 2606 1098 eisdem
2646 1038 2853 1098 verbis
2876 1038 3186 1114 innuitur,
3218 1041 3463 1117 scilicet,
3484 1060 3635 1122 posse
3656 1064 3751 1106 esse
3805 1074 3806 1091 1

2258 1130 2393 1207 jam
2422 1130 2777 1191 haereticum
2802 1132 2911 1211 qui
2946 1135 3189 1195 moneri
3214 1135 3451 1214 incipit.
3482 1137 3549 1195 Et
3572 1140 3643 1197 ita
3662 1156 3753 1198 Μ·
3805 1122 3806 1173 ¹

2264 1240 2531 1302 pensum
2554 1232 2645 1283 est
2672 1224 2750 1285 ad
2793 1224 3275 1287 fundamentu—
3330 1227 3489 1289 illius
3528 1233 3753 1293 secundm

2264 1318 2627 1391 sententiam
2660 1319 2737 1379 de
2770 1321 3161 1397 argumentis
3204 1326 3411 1383 autem
3433 1323 3645 1401 primm,
3675 1326 3755 1385 aii-

2264 1409 2413 1488 quid
2456 1410 2789 1472 dicendum
2819 1420 3119 1491 superest.

2342 1504 2445 1564 24.
2490 1502 2593 1567 Aa
2626 1507 2895 1587 primurm
2934 1507 3004 1568 iot
3042 1524 3209 1569 nvom.
3258 1508 3641 1573 t—-Hozior
3666 1532 3755 1575 res·

2264 1599 2471 1677 pensio
2522 1598 2843 1661 Tonantis
2884 1604 2943 1662 et
3012 1600 3283 1682 Vasquit'.
3316 1634 3397 1645 -
3420 1602 3643 1666 Nomio
3674 1626 3752 1687 pro
3805 1652 3806 1661 ,

2261 1690 3057 1773 ipsa.—Fomaliterjaan
3086 1696 3331 1773 satisfit
3358 1704 3753 1777 ermmin-
3805 1706 3806 1715 ’

2266 1784 2543 1845 Primum
2580 1791 3027 1863 argumentum
3074 1790 3297 1867 primoe
3340 1791 3625 1869 opinionis
3644 1795 3749 1871 petit

2262 1879 2573 1956 quomodo
2614 1879 3081 1959 distinguantur
3110 1883 3387 1957 baeresiS,
3440 1889 3499 1944 et
3528 1888 3742 1945 eri-orin-

2262 1970 2491 2031 directe
2512 1979 2763 2033 tantum
2812 1974 3205 2036 voluntarius
3244 1982 3520 2055 respectu
3558 1980 3746 2038 anctori-

2262 2065 2405 2124 tatis
2450 2066 2761 2142 Ecclesiae,
2816 2086 2929 2146 per
2984 2069 3361 2148 culpabilem
3414 2072 3752 2149 ignorantiam
3805 2060 3806 2117 ἐ

2264 2157 2417 2235 ejus.
2470 2160 2539 2219 In
2580 2178 2702 2239 quo
2742 2161 2939 2241 aliqui
2974 2164 3327 2223 concedunt
3366 2180 3491 2223 non
3528 2164 3754 2243 distingui
3805 2214 3806 2229 ,

2266 2253 2491 2331 specie,
2534 2254 2639 2313 sed
2678 2259 2975 2334 tanquam
3012 2256 3353 2335 perfectum
3402 2261 3465 2317 et
3506 2257 3757 2335 imperiec—

2266 2352 2403 2405 tum
2432 2346 2500 2405 in
2542 2346 2755 2407 eadem
2790 2348 3015 2426 specie,
3046 2349 3317 2409 convicti
3358 2348 3467 2410 ilio
3506 2351 3673 2429 primo
3690 2369 3757 2410 ar·
3805 2318 3806 2397 l

2264 2448 2583 2519 gumento,
2618 2441 2783 2519 quod
2821 2443 2911 2502 ita
2940 2444 3267 2522 contingat
3298 2444 3366 2503 in
3404 2445 3534 2505 aliis
3562 2450 3758 2523 peccatis
3805 2418 3806 2513 l

2266 2535 2557 2595 externis.
2592 2536 2669 2595 Et
2700 2537 3109 2599 nihilominus
3138 2538 3513 2618 respondent
3542 2539 3757 2599 haeresiin

2266 2628 2615 2707 significare
2654 2630 2808 2690 illud
2838 2638 3183 2711 peccatum,
3209 2638 3285 2693 ut
3314 2634 3561 2693 omnino
3584 2632 3758 2712 perfec·
3805 2688 3806 2709 χ

2266 2728 2403 2781 tum
2452 2722 2518 2782 in
2560 2722 2667 2782 illa
2698 2726 2924 2802 specie,
2970 2732 3031 2785 et
3078 2726 3242 2800 ideo,
3276 2725 3543 2786 absolute
3566 2724 3759 2804 loquen-

2268 2815 2371 2891 do,
2400 2832 2673 2875 errorem
2704 2834 2815 2895 per
2846 2816 3271 2895 ignorantiam
3302 2818 3646 2897 culpabilem
3674 2834 3761 2874 non
3805 2876 3806 2879 ,

2269 2926 2399 2970 esse
2438 2908 2764 2984 haercsim3
2806 2911 2917 2987 qui
2954 2910 3173 2973 modus
3214 2911 3460 2971 dicendi
3502 2908 3762 2989 probabilis
3805 2900 3806 2919 l

2272 3009 2383 3078 ost,
2430 3009 2491 3065 et
2540 3003 2605 3062 in
2654 3004 2861 3081 rigore
2902 3011 3277 3082 argumento
3320 3004 3611 3065 satisfacit.
3654 3001 3763 3061 Mihi

2268 3113 2419 3156 vero
2462 3097 2769 3156 contraria
2798 3098 3107 3157 sententia
3152 3097 3365 3176 magis
3390 3096 3593 3177 placet,
3624 3110 3762 3175 qnam

2272 3188 2481 3249 docuit
2500 3189 2739 3263 ‘Pori-es,
2772 3189 2849 3249 de
2872 3190 3197 3262 trinitate,
3234 3206 3297 3270 q.
3344 3191 3443 3265 32,
3468 3196 3572 3250 art.
3600 3190 3649 3263 4,
3672 3194 3762 3247 ter-
3805 3242 3806 3271 2

2270 3283 2359 3341 tia
2402 3288 2581 3361 parte
2626 3282 3063 3357 Commentar.,
3115 3284 3184 3343 in
3214 3284 3483 3363 quadam
3528 3282 3763 3342 solutione
3805 3312 3806 3349 3

2274 3375 2353 3435 ad
2388 3375 2667 3450 tertium,
2725 3374 3011 3453 quamvis
3064 3377 3253 3455 paulo
3298 3384 3433 3455 post
3466 3376 3613 3435 dicat
3650 3372 3763 3433 illud
3805 3374 3806 3377 ’

2279 3474 2595 3547 peccatum
2632 3468 2859 3528 erroris
2898 3486 2975 3529 ex
3030 3468 3390 3547 ignorantia
3435 3467 3671 3529 vincibili
3696 3480 3763 3523 re-
3805 3494 3806 3553 ἦ

2274 3562 2419 3622 duci
2448 3562 2524 3623 ad
2568 3562 2872 3622 haeresim.
2907 3562 3031 3625 Cur
3070 3564 3244 3623 enim
3286 3562 3613 3635 reducetur,
3652 3556 3764 3617 siah
3805 3566 3806 3635 ᾗ

2272 3656 2405 3736 ipso
2434 3656 2636 3734 specie
2680 3656 2925 3717 differt?
2954 3656 3353 3717 Constantius
3390 3654 3551 3715 illam
3584 3658 3765 3712 senten·
3805 3652 3806 3727 ᾗ

2273 3749 2431 3809 tiam
2472 3750 2747 3829 sequitur
2767 3751 3065 3829 vasquez,
3094 3750 3260 3830 disp.
3292 3750 3431 3825 1⁴26,
3460 3766 3580 3827 cap.
3606 3748 3705 3806 2et
3724 3742 3762 3800 3.
3805 3732 3806 3817 Ξ

2276 3842 2457 3902 Ratio
2490 3860 2641 3905 vero
2670 3842 3083 3904 distinctionis
3116 3850 3233 3919 est,
3286 3860 3473 3923 quam
3508 3856 3666 3919 supra
3684 3842 3767 3895 tra-
3805 3842 3806 3865 ³

2278 3935 2570 4010 didimus,
2615 3936 2771 4015 disp.
2828 3938 2926 4012 16,
2966 3943 3113 3998 sect.
3158 3938 3220 4011 1,
3268 3934 3617 4015 explicando
3640 3928 3768 3989 dilie-
3805 3990 3806 4003 ἶ

2278 4031 2543 4089 rentiam
2586 4030 2751 4089 inter
2796 4037 3115 4108 peccatum
3144 4028 3513 4108 ignorantiae
3546 4026 3603 4085 in
3628 4026 3768 4083 mate·

2282 4122 2375 4182 ria
2420 4122 2587 4197 fidei,
2644 4129 2707 4183 et
2746 4128 3069 4201 peccatum
3104 4122 3485 4183 infidelitatis
3519 4117 3764 4199 positivae3

2281 4216 2429 4295 quia
2458 4216 2728 4295 primum
2758 4232 2905 4276 non·
2934 4218 3272 4295 opponitur
3300 4216 3621 4277 formaliter
3654 4208 3769 4266 divi·
3805 4254 3806 4297 ἒ

2282 4326 2379 4371 nae
2406 4310 2781 4386 auctoritati,
2805 4310 2914 4370 >sed
2942 4309 3308 4388 obligationi
3340 4306 3559 4370 sciendi
3572 4322 3589 4383 3
3610 4318 3770 4363 sacun—

2282 4403 2671 4465 dum-mitem
2691 4403 2911 4483 prima
2942 4403 3189 4465 veritati
3218 4403 3563 4483 opponitur,
3598 4402 3648 4457 et
3672 4394 3771 4453 ideo

2282 4496 2473 4558 etiam
2496 4496 2729 4557 ibidem
2756 4496 3031 4557 diximus
3054 4504 3372 4574 licceatum
3400 4489 3703 4557 omissionis
3730 4488 3773 4543 et

2282 4590 2729 4651 commissionis
2764 4592 2831 4651 in
2858 4588 2979 4651 hac
3024 4591 3287 4652 materia
3332 4590 3525 4669 specie
3566 4582 3769 4643 differre.

2281 4686 2373 4744 lta
2412 4700 2561 4763 ergo
2594 4684 2890 4745 differunt
2933 4685 3001 4745 in
3048 4684 3342 4764 praesen'ti
3388 4682 3491 4743 ille
3536 4692 3681 4739 error
3716 4681 3770 4729 ΘΧ

2284 4777 2661 4856 ignorantia,
2688 4783 2751 4838 et
2771 4778 3041 4852 haeresis,
3066 4777 3214 4857 quia
3258 4776 3523 4856 primum
3560 4786 3665 4829 non
3692 4780 3771 4862 ορ·
3805 4796 3806 4799 ¹

2284 4872 2538 4951 ponitur
2560 4870 2791 4932 directe
2820 4871 3171 4932 auctoritati
3210 4868 3506 4941 Ecclesiae,
3540 4860 3635 4924 sed
3658 4854 3773 4917 obh-

2289 4964 2527 5043 gationi
2554 4964 2785 5025 sciendi
2810 4986 2828 5039 3
2856 4964 3215 5024 ·secundum
3226 4970 3443 5023 »atatem
3464 4960 3664 5019 directe
3698 4962 3774 5025 01·-
3805 4954 3806 4997 ὲ

2262 5056 2544 5137 -ponitur
2592 5058 2729 5136 ejus
2770 5057 3147 5130 auctoritati,
3192 5068 3277 5117 ut·
3304 5053 3643 5133 explicatum
3672 5046 3772 5112 est5
3805 5048 3806 5053 ’

2292 5156 2355 5211 et
2380 5151 2519 5210 ideo
2546 5150 2651 5211 ille
2698 5168 2871 5211 error
2914 5168 3041 5211 non
3088 5148 3548 5218 ent‘infidelitas,
3577 5132 3772 5199 haeresis
3805 5158 3806 5161 ¹

2294 5250 2507 5304 autem
2554 5242 2888 5305 infidelitas
2912 5251 3022 5305 est.
3046 5244 3229 5317 Quod
3258 5242 3441 5304 etiam
3485 5254 3551 5298 ex
3584 5250 3647 5293 eo
3665 5242 3774 5288 con·
3805 5270 3806 5275 1

2296 5337 2601 5413 firmatur,
2628 5337 2775 5417 quia
2800 5336 2905 5398 ille
2940 5354 3115 5398 error
3160 5352 3285 5398 non
3326 5330 3575 5395 excludit
3608 5324 3771 5388 fidem,

655 5448 794 5509 quae
831 5429 910 5490 de
953 5429 1220 5490 Ecclesia
1277 5429 1678 5507 supponitur3
1737 5444 1885 5505 ergo
1933 5427 2218 5489 voluntas
2293 5448 2486 5510 quam
2507 5429 2759 5491 haeresis
2784 5432 3041 5493 omnino
3072 5430 3355 5504 destruit,
3386 5430 3577 5506 utpote
3601 5417 3772 5498 prim&

657 5540 796 5603 quai
831 5522 909 5583 ad
945 5521 1117 5582 illam
1163 5522 1464 5601 sequitur,
1505 5521 1556 5582 si
1593 5520 1673 5581 sit
1725 5520 2105 5583 sufficienter
2144 5520 2219 5581 li·

2298 5523 2545 5585 veritati
2566 5528 2644 5584 et
2670 5524 3024 5585 auctoritati
3050 5524 3348 5605 opposita.
3370 5518 3625 5595 ,Denique
3644 5522 3774 5569 com-
