3900 6217
661 428 832 481 sncT.
869 428 932 482 ΙΙ.
969 428 1054 481 ΑΝ
1086 428 1266 481 Flnns
1299 428 1540 481 sssnrssn
1571 428 1670 481 Srr
1701 426 2085 481 Nsscnssaum
2120 428 2179 479 ΙΝ
2212 428 2311 493 RE,
2346 428 2429 479 AN
2462 428 2841 491 AmQUANno,
2873 427 3009 479 Em.

242 526 303 587 in
331 527 572 589 Psalmo
596 530 716 589 115
749 552 768 603 ;
815 530 923 609 qui
951 530 1138 591 etiam
1170 529 1472 609 ponderat
1503 548 1631 591 non
1659 535 1792 591 tan-

245 627 369 681 tum
419 620 646 683 dixisse
690 622 1056 702 Apostolum
1086 642 1105 685 t
1156 622 1464 683 Habentes
1511 622 1796 684 eamdem

242 712 445 789 fidem,
481 714 592 775 sed
617 716 810 777 etiam
845 732 862 777 ε
894 716 1200 779 Habentes
1225 717 1486 779 eumdem
1508 717 1798 797 spiritum

240 808 393 889 fidei,
429 808 578 887 quia
621 826 866 889 semper
909 815 972 870 et
1007 808 1299 871 omnibus
1325 816 1420 871 est
1457 810 1798 872 necessaria

243 900 408 975 fides,
433 918 576 981 quae
596 902 676 961 sit
696 900 976 979 ejusdem
1002 902 1266 981 Spiritus
1291 902 1499 963 Sancti
1523 902 1796 963 donum:

239 992 400 1053 unde
433 993 621 1055 etiam
649 992 875 1053 dicitur
901 994 1230 1073 Sapientiae
1267 996 1308 1055 9
1339 1008 1358 1054 ι
1401 994 1628 1059 Sancti
1649 999 1800 1058 sunt

238 1088 582 1168 quicumque
621 1086 988 1167 placuerunt
1037 1089 1180 1163 tibi,
1225 1088 1288 1149 id
1335 1094 1428 1149 est
1447 1137 1460 1161 ,
1513 1088 1798 1149 homines

237 1180 609 1260 quicumque
644 1199 682 1241 a
716 1189 964 1261 peccato
1007 1181 1294 1243 mundati
1337 1186 1505 1256 sunt,
1539 1181 1650 1242 ubi
1684 1198 1795 1261 per

237 1273 601 1351 sapientiam
637 1291 854 1335 omnes
879 1273 1066 1335 fldem
1096 1274 1474 1353 intelligunt,
1515 1280 1588 1335 ut
1611 1280 1797 1335 testa-

237 1372 336 1427 tur
355 1366 566 1427 Lorin.
599 1368 680 1429 ad
711 1385 854 1429 eum
877 1368 1106 1429 locum.

315 1462 375 1520 7.
402 1461 720 1525 Probatur
741 1462 992 1524 secundo
1019 1480 1092 1524 ecc
1122 1460 1388 1527 Concilio
1417 1461 1792 1527 widonem.

235 1584 314 1599 -—
339 1554 648 1630 Secundo,
681 1553 976 1633 probatur
1001 1554 1136 1615 haec
1161 1556 1386 1616 veritas
1413 1574 1489 1617 ex
1522 1555 1798 1618 Concilio

234 1646 624 1721 Tridentino,
673 1664 816 1708 sess.
861 1648 923 1721 6,
967 1666 1103 1725 cap.
1155 1651 1234 1725 7,
1274 1648 1383 1708 ubi
1422 1648 1680 1727 loquens
1721 1648 1796 1710 de

233 1736 376 1813 fide,
403 1740 538 1799 ait:
585 1737 740 1803 Sino
767 1758 890 1820 qua
913 1740 1072 1803 nulli
1095 1759 1358 1820 unquam
1387 1740 1640 1824 concipit
1654 1742 1798 1820 jus·

235 1830 531 1911 &ficatiQ-
559 1833 786 1911 quibus
807 1834 874 1893 in
895 1833 1098 1895 verbis
1119 1835 1586 1895 distributiones
1619 1835 1794 1909 duas,

233 1931 588 2004 temporum
643 1926 873 1988 scilicet
929 1932 989 1987 et
1033 1946 1438 2006 personarum
1496 1928 1792 2003 adhihet3

231 2017 404 2077 nullo
427 2036 578 2096 ergo
607 2020 792 2079 modo
819 2026 1017 2099 potest
1041 2020 1178 2081 fieri
1191 2021 1474 2100 exceptio
1497 2021 1798 2082 alocutio-

226 2132 306 2175 ne
335 2118 470 2175 iam
495 2114 819 2194 absoluta;
845 2122 906 2178 et
932 2118 1216 2195 quamvis
1244 2135 1464 2179 verum
1497 2118 1576 2179 sit
1600 2118 1664 2179 id
1705 2118 1798 2178 di-

225 2208 390 2268 xiaee
407 2208 760 2269 Concilium
779 2210 958 2289 quasi
983 2209 1201 2286 obiter,
1235 2228 1362 2273 non
1391 2209 1620 2273 directe
1647 2210 1798 2271 defi-

217 2299 483 2374 niendo,
506 2300 914 2362 nihilominus
927 2320 1058 2363 rem
1078 2303 1266 2364 tradit
1285 2304 1629 2365 doctrinam
1651 2304 1798 2365 fidei

214 2394 630 2471 proponendo
654 2410 675 2470 3
711 2394 876 2455 unde
903 2396 1076 2455 nullo
1107 2395 1288 2457 modo
1313 2395 1391 2457 de
1419 2396 1698 2458 absoluta
1721 2398 1792 2458 il-

207 2485 332 2544 lius
353 2492 586 2545 senten
595 2486 694 2547 tiae
711 2482 974 2547 veritate
995 2487 1270 2548 dubitari
1292 2494 1514 2568 potest,
1539 2508 1792 2569 praeser·

203 2577 322 2637 tim
369 2579 532 2657 quia
575 2594 812 2641 canone
859 2581 1070 2655 tertio,
1115 2580 1357 2657 definit,
1405 2584 1605 2663 fidem,
1655 2602 1793 2664 quoe

195 2673 332 2733 sinc
357 2670 663 2751 Spiritus
697 2671 920 2736 Sancti
939 2673 1175 2736 auxilio
1201 2674 1404 2737 haberi
1425 2693 1544 2737 non
1562 2682 1786 2757 potest,

193 2782 328 2826 esse
369 2765 798 2829 neeessariam
843 2768 926 2829 ad
943 2766 1468 2848 jmtificationcm
1511 2786 1652 2847 quae
1697 2776 1790 2831 est

199 2859 398 2919 etiam
451 2859 769 2937 generalis
815 2860 1050 2938 regula,
1097 2861 1167 2921 in
1203 2880 1328 2939 qua
1377 2861 1550 2923 nulla
1589 2869 1790 2940 potest

207 2952 460 3011 admitti
499 2954 788 3031 exceptio
829 2970 846 3013 ε
887 2952 1040 3014 alias
1075 2972 1203 3015 non
1236 2954 1450 3015 fuisset
1485 2954 1790 3016 sufficiens

207 3044 318 3104 illa
331 3044 654 3117 definitio,
677 3052 747 3107 ut
769 3046 1114 3108 Concilium
1131 3047 1421 3123 intendit,
1447 3054 1661 3109 contra
1679 3050 1791 3111 Pe·

195 3136 517 3215 lagianos.
591 3139 808 3201 Simile
873 3148 1310 3218 argumentum
1377 3142 1648 3203 sumitur
1713 3161 1792 3203 ex

187 3248 332 3310 cap.
365 3234 436 3305 8,
467 3232 584 3292 nbi
609 3232 900 3309 declarat,
933 3234 1111 3312 fidem
1139 3252 1263 3298 csse
1275 3232 1550 3313 justitie·
1572 3237 1792 3307 fanda·

184 3334 510 3398 manunt,-
525 3324 740 3404 dequo
753 3337 1124 3405 argumento
1143 3327 1352 3387 statim
1367 3327 1546 3407 plura
1559 3328 1596 3389 d
1606 3329 1786 3391 icam.

271 3426 337 3485 8.
393 3421 534 3482 Pro
545 3420 720 3481 batm-
771 3423 950 3483 tertio
1003 3438 1077 3483 cx
1131 3421 1444 3484 Patribus.
1477 3456 1558 3467 —-
1583 3423 1789 3484 Tertio

181 3517 485 3575 sumitur
507 3513 648 3573 haec
669 3513 976 3573 sententia
1000 3531 1077 3574 ex
1109 3514 1410 3574 Patribus.
1447 3514 1570 3576 Leo
1601 3517 1788 3595 Papa,

177 3626 390 3669 serm.
429 3606 476 3667 4
499 3605 582 3666 de
607 3606 941 3665 Nativitate
969 3606 1262 3681 affirmat,
1279 3606 1436 3666 nihil
1458 3624 1586 3669 esse
1615 3624 1791 3687 posse

181 3716 502 3761 sanetum
525 3699 665 3759 sine
685 3698 826 3759 fide.
860 3698 1036 3773 Quod
1057 3698 1418 3777 comprobat
1438 3700 1654 3761 exiliis
1679 3706 1792 3762 tes-

183 3794 500 3857 timoniis
531 3810 550 3851 :
599 3794 823 3854 ‚Iustus
857 3808 930 3853 ex
953 3794 1074 3869 fids
1098 3792 1252 3854 vivit
1273 3816 1298 3862 ,·
1331 3802 1395 3853 et
1426 3814 1441 3853 ε
1501 3792 1652 3855 Sine
1675 3794 1794 3873 fide

187 3886 598 3967 impossibile
637 3892 730 3947 est
763 3886 997 3964 placere
1023 3886 1166 3947 Dec.
1207 3884 1592 3963 Fulgentius,
1635 3885 1794 3947 libro

185 3984 276 4041 de
303 3979 473 4041 Fide
495 3978 582 4039 ad
611 3980 884 4045 Petrum,
919 3977 1128 4037 statim
1155 3976 1224 4037 in
1251 3978 1556 4057 principio
1587 3994 1604 4040 ε
1643 3978 1796 4042 Sine

187 4078 316 4155 fide
349 4072 540 4135 naua
573 4076 771 4153 potest
797 4070 1098 4149 prodesse,
1133 4069 1252 4133 imo
1287 4088 1472 4153 neque
1503 4089 1628 4135 csse
1665 4090 1796 4133 cow-

193 4169 448 4240 versio;
471 4171 540 4227 et
569 4166 796 4225 iterum
825 4184 841 4222 ε
880 4163 1034 4227 Sino
1061 4164 1174 4227 Ιιασ
1195 4164 1314 4239 fido
1340 4182 1506 4228 nomo
1535 4166 1617 4227 ad
1631 4166 1794 4244 filio-

197 4280 346 4323 rum
399 4272 730 4321 nanterum
780 4262 976 4337 potest
1025 4259 1345 4336 portinere.
1411 4260 1790 4337 Augustinus

199 4356 454 4416 multus
475 4362 575 4415 est
599 4353 668 4413 in
694 4353 812 4415 hac
837 4351 1098 4411 veritate
1128 4352 1451 4413 asserenda
1480 4368 1496 4412 z
1539 4371 1686 4413 nam
1709 4352 1790 4412 li-

205 4449 326 4509 bro
361 4450 446 4510 de
493 4450 795 4510 Sermone
834 4444 1084 4505 Domini
1129 4444 1196 4505 in
1238 4450 1475 4520 moute,
1529 4464 1664 4524 cap.
1695 4448 1738 4507 9
1769 4466 1784 4504 z

223 4543 344 4605 Ubi
371 4561 543 4613 vcra,
574 4540 802 4619 inquit,
833 4539 986 4615 fides
1015 4555 1136 4600 non
1161 4544 1274 4616 cst,
1303 4558 1408 4602 noc
1429 4544 1626 4619 potest
1650 4556 1793 4603 vera

215 4654 344 4698 esse
357 4636 657 4717 justitia,
687 4640 750 4694 et
775 4650 964 4711 super
991 4632 1150 4693 Psal.
1181 4635 1282 4718 3¹1,
1311 4633 1380 4691 in
1403 4632 1786 4712 praefatione,

215 4747 346 4790 non
393 4730 604 4791 solum
647 4728 714 4789 in
756 4726 1018 4805 singulis
1053 4725 1430 4801 hominibus,
1469 4725 1574 4786 sed
1603 4726 1792 4786 etiam

214 4823 283 4882 in
311 4820 586 4901 sing-ulis
622 4820 936 4899 operibus,
983 4820 1164 4879 docet
1195 4817 1384 4878 fidem
1417 4836 1546 4879 esse
1571 4818 1793 4878 funda-

215 4923 510 4977 mentum
541 4913 810 4995 pietatis,
841 4914 932 4975 ita
958 4917 1032 4971 ut
1053 4912 1186 4973 sine
1217 4910 1324 4971 illa
1353 4928 1481 4971 esse
1503 4928 1632 4971 non
1660 4927 1793 4987 pos-

207 5010 310 5071 sit.
359 5008 547 5071 Unde
577 5009 648 5068 in
679 5009 858 5087 epist.
895 5008 1036 5081 457,
1074 5004 1285 5066 scribit
1313 5004 1552 5063 nullam
1581 5004 1788 5081 cujus-

203 5118 484 5183 cumque
532 5102 735 5162 oe-tatis
778 5106 886 5160 aut
927 5116 1109 5161 sexus
1149 5114 1476 5177 personam
1517 5097 1788 5175 potuisse

207 5196 346 5257 sine
372 5196 500 5256 fide
527 5185 893 5273 'justificarh
923 5198 990 5253 et
1013 5208 1198 5252 serm.
1237 5191 1316 5251 38
1348 5196 1412 5251 et
1441 5190 1548 5250 181
1575 5188 1784 5250 addit:

207 5290 430 5370 Neque
457 5289 528 5351 in
555 5289 670 5351 Mc
691 5290 845 5361 vita,
873 5302 1058 5365 mqm
1089 5286 1158 5347 in
1180 5287 1438 5361 futura:
1472 5288 1534 5343 et
1559 5282 1789 5343 similia

203 5384 466 5445 habet2
493 5382 576 5441 de
605 5381 1006 5442 Peccator-um
1046 5377 1306 5453 matitia,
1342 5395 1480 5456 cap.
1509 5378 1590 5451 9;
1625 5381 1687 5437 et
1713 5376 1790 5435 de

215 5476 628 5555 Correptione
671 5478 738 5533 et
783 5472 1016 5551 gratia,
1059 5488 1197 5549 cap.
1238 5472 1300 5531 7.
1352 5470 1640 5551 [demque
1677 5484 1791 5531 ex-

213 5570 444 5651 pressit
463 5566 847 5642 Bernardus,
881 5565 1060 5647 epist.
1092 5566 1192 5626 77.

3323 426 3433 485 ³4¹

1958 530 2019 591 9.
2069 529 2294 593 Prima
2332 529 2495 591 ratio
2559 546 2677 611 pro
2736 528 2934 591 eadm
2978 530 3324 593 assertione.
3366 564 3444 575 --

1881 621 2616 686 Secunda.—.'l'ertia.—
2638 620 2873 685 Evasio
2909 622 3323 702 quorumdam.
3363 652 3445 669 --

1880 714 2254 779 occluditur.
2294 748 2377 763 ·-
2410 716 2699 779 Rationes
2722 713 2883 775 sumi
2911 720 3169 793 possunt
3198 732 3275 775 ex
3303 734 3443 795 pro-

1879 810 2247 888 prietatibus
2278 808 2423 870 fidei
2454 830 2469 869 :
2514 814 2608 869 est
2632 807 2801 868 cuim
2828 809 3286 885 fundamentwm
3302 809 3442 887 jus·

1879 903 2068 978 titire,
2108 908 2183 962 nt
2226 920 2303 963 ex
2342 901 2613 962 Concilio
2656 900 3064 975 adduximus;
3112 908 3203 962 est
3250 902 3439 963 etiam

1877 995 2086 1069 radix,
2129 1002 2199 1056 ut
2224 995 2498 1073 loquitur
2524 994 2908 1070 Ambrosius,
2950 994 3059 1057 lib.
3092 996 3131 1055 2
3160 994 3237 1055 de
3268 994 3442 1056 Caim

1879 1094 1942 1149 et
1969 1087 2121 1150 Abel
2140 1110 2158 1162 3
2203 1096 2268 1149 et
2302 1088 2656 1166 Gregorius,
2699 1089 2777 1148 22
2810 1088 3159 1159 Moralium,
3202 1106 3332 1166 cap.
3370 1090 3435 1149 4.

1877 1182 1981 1242 Est
2006 1182 2190 1243 etiam
2208 1183 2405 1260 janua
2427 1183 2510 1245 ad
2528 1183 2740 1252 vitam,
2764 1186 2833 1241 ut
2852 1182 2939 1241 ait
2962 1181 3253 1259 Cyrillus,
3269 1181 3381 1242 lib.
3399 1183 3441 1241 4

1876 1276 1942 1337 in
1968 1276 2294 1350 Joannem‚
2326 1294 2459 1355 cap.
2484 1278 2523 1337 9
2548 1296 2565 1350 ;
2598 1276 2702 1336 sed
2732 1275 2864 1335 sine
2884 1274 3291 1336 fundamento
3314 1294 3442 1336 non

1879 1375 2079 1448 potest
2118 1369 2432 1444 aedificari,
2469 1386 2581 1429 nec
2625 1370 2757 1429 sine
2800 1368 3002 1429 radice
3050 1367 3435 1441 fructificari,

1879 1480 2083 1542 neque
2126 1463 2206 1523 ad
2248 1463 2441 1523 vitam
2488 1460 2771 1540 ingredi,
2823 1462 2943 1521 nisi
2984 1479 3095 1540 per
3130 1461 3434 1540 1ῇιιῐιιιειιῐιε

1877 1572 2051 1635 ergo3
2080 1562 2196 1617 etc.
2226 1556 2535 1632 Secundo,
2562 1574 2749 1617 nemo
2784 1561 2981 1636 potest
3006 1556 3269 1617 salutem
3302 1574 3445 1619 con·

1879 1652 2053 1729 sequi
2078 1649 2199 1709 nisi
2233 1650 2296 1710 in
2326 1650 2615 1725 Ecclesia,
2670 1650 2817 1729 quia
2878 1654 3057 1713 extra
3100 1649 3447 1713 Ecclesiam

1878 1762 1999 1805 non
2040 1750 2133 1807 cst
2160 1744 2353 1819 solus,
2384 1750 2455 1803 ut
2480 1744 2709 1805 dicitur
2738 1745 2807 1805 in
2831 1762 2967 1824 cap.
2997 1743 3316 1818 Firmiter,
3368 1743 3446 1805 dc

1877 1839 2139 1899 Summa
2152 1838 2479 1914 Trinitate3
2497 1838 2605 1901 sed
2624 1837 2775 1899 fides
2794 1843 2888 1899 est
2911 1838 3086 1917 quasi
3100 1836 3443 1898 essentialis

1877 1931 2081 1992 forma
2105 1977 2123 2005 ,
2168 1938 2229 1992 et
2273 1932 2597 1991 vinculum
2646 1950 2772 2010 quo
2826 1930 3129 1991 uniuntur
3166 1929 3449 1991 membra

1879 2024 2161 2085 Ecclesiae
2192 2040 2211 2100 ;
2240 2042 2388 2103 ergo
2414 2025 2547 2084 sine
2576 2024 2697 2085 fide
2720 2042 2847 2084 non
2875 2030 3073 2102 potest
3101 2041 3229 2083 esse
3254 2022 3442 2098 salus,

1877 2136 2079 2198 neque
2116 2118 2184 2179 in
2218 2118 2429 2197 aliquo
2468 2118 2725 2179 homine
2766 2116 3119 2197 particulari
3154 2116 3442 2178 inveniri.

1877 2212 2111 2287 Terti0,
2138 2216 2232 2272 est
2254 2212 2417 2271 ratio
2440 2210 2633 2271 veluti
2654 2228 2695 2271 a
2722 2210 2937 2289 priori,
2958 2209 3139 2288 juxta
3172 2208 3445 2271 materiae

1877 2304 2303 2383 capacitatem,
2335 2305 2484 2384 quia
2511 2321 2698 2365 nemo
2728 2308 2926 2384 potest
2952 2296 3278 2381 justificari
3312 2302 3446 2364 sine

1877 2396 2125 2458 formali
2160 2398 2438 2476 justitia,
2483 2416 2685 2477 neque
2727 2396 2806 2457 ab
2846 2396 2963 2459 hac
2994 2395 3209 2476 regula
3245 2400 3447 2475 potest

1871 2491 2149 2568 exceptio
2196 2490 2349 2567 fingi
2388 2510 2407 2563 3
2456 2490 2771 2569 quomodo
2814 2490 2983 2550 enim
3032 2490 3151 2548 erit
3191 2488 3444 2549 effectus

1870 2582 2151 2643 formalis
2178 2583 2311 2643 sine
2340 2582 2537 2642 forma
2567 2586 2593 2642 ‘l
2634 2583 2711 2643 Et
2740 2581 2883 2642 ideo
2912 2581 3184 2642 diximus
3212 2580 3445 2659 princi-

1871 2675 1979 2754 pio
2006 2676 2331 2750 sectionis,
2370 2674 2752 2736 habitualem
2782 2674 3086 2753 justitiam
3125 2671 3438 2747 omnibus»,

1871 2774 2002 2827 tam
2048 2768 2277 2828 adultis
2322 2785 2511 2847 quam
2557 2768 2855 2847 parvulis,
2898 2768 3037 2828 sine
3084 2767 3442 2845 exceptione

1871 2878 2002 2921 esse
2031 2861 2462 2935 necessariam,
2492 2861 2639 2939 quia
2666 2861 3075 2939 supponimus
3102 2859 3276 2921 illam
3304 2876 3433 2920 esse

1871 2954 2137 3015 formam
2160 2953 2609 3030 justificantem
2634 2969 2653 3030 ;
2684 2953 2789 3013 sed
2810 2953 3061 3014 adultus
3090 2969 3215 3013 non
3238 2957 3441 3031 potest

1871 3047 2162 3127 consequi
2182 3047 2343 3107 hanc
2378 3046 2639 3108 formam
2685 3046 2819 3107 sine
2872 3046 3277 3108 conveniente
3318 3045 3441 3109 dis·

1872 3140 2201 3219 positione,
2237 3158 2275 3200 a
2310 3158 2435 3218 qua
2488 3138 2705 3217 regula
2758 3138 2934 3199 nulla
2994 3139 3184 3199 etiam
3240 3143 3442 3217 potest

1871 3234 2006 3295 fieri
2042 3234 2343 3312 excepti0‚
2385 3238 2521 3293 tum
2555 3237 2807 3311 propter
2843 3231 3189 3293 doctrinam
3224 3231 3440 3293 Conci·

1871 3328 1940 3389 lii
1982 3325 2349 3400 Tridentini,
2381 3332 2443 3385 et
2493 3342 2890 3387 communem
2924 3326 3117 3385 totius
3153 3322 3437 3387 Ecclesiae

1872 3420 2253 3483 intellectum
2306 3435 2323 3494 3
2378 3432 2517 3479 tum
2564 3418 2753 3479 etiam
2810 3417 2957 3497 quia
3016 3415 3170 3481 alias
3239 3421 3439 3495 posse-t

1873 3514 2123 3575 adultus
2168 3512 2494 3591 justificari
2552 3514 2685 3573 sine
2730 3511 2979 3591 proprio
3018 3517 3182 3587 actu,
3240 3516 3304 3571 et
3353 3511 3441 3572 ita

1873 3607 2047 3667 nulla
2082 3611 2285 3685 posset
2347 3605 2522 3665 reddi
2576 3605 2735 3666 ratio
2788 3622 2898 3664 cur
2948 3620 3163 3665 omnes
3219 3621 3439 3683 perve-

1873 3700 2117 3761 nientes
2144 3699 2225 3759 ad
2250 3716 2435 3759 usum
2464 3697 2745 3772 rationis,
2774 3714 2887 3759 neo
2916 3702 3064 3759 tunc
3100 3696 3442 3757 mortaliter

1873 3797 2213 3872 peccantes,
2244 3809 2373 3852 non
2398 3790 2607 3851 statim
2629 3790 3061 3869 justificentur.
3116 3791 3224 3851 Est
3275 3807 3430 3867 ergo

1875 3884 2219 3947 necessaria
2250 3884 2611 3963 dispositi03
2658 3900 2807 3962 ergo
2843 3890 2907 3943 et
2956 3882 3107 3945 fides
3156 3901 3300 3944 cum
3336 3900 3441 3944 ea-

1875 3978 2021 4039 dem
2056 3976 2543 4048 universalitate,
2590 3983 2654 4037 et
2688 3978 2821 4037 sine
2862 3976 3243 4056 exceptione.
3292 3977 3438 4037 Pro-

1874 4070 2061 4131 batur
2096 4069 2319 4131 ultima
2355 4068 2826 4148 consequentia,
2860 4068 3007 4148 quia
3048 4069 3201 4131 alias
3234 4073 3439 4148 posset

1873 4162 2182 4243 quispiam
2220 4180 2283 4223 se
2316 4162 2639 4240 disponere
2674 4160 2754 4221 ad
2790 4160 3095 4239 iustitiam
3134 4179 3245 4240 per
3281 4160 3439 4222 solas

1872 4259 2034 4319 virm
2084 4256 2319 4318 arbitrii
2371 4257 2799 4335 rationemque
2849 4254 3227 4329 naturalem,
3268 4255 3437 4333 quod

1872 4359 1963 4413 est
1992 4350 2421 4429 pelagianum.
2456 4351 2799 4411 Occurrunt
2830 4348 3023 4427 aliqui
3050 4392 3065 4421 ,
3104 4353 3177 4409 ut
3206 4347 3438 4426 legitur

1871 4445 2037 4526 apud
2080 4446 2145 4506 l).
2177 4446 2481 4507 Thomam
2502 4490 2521 4519 ,
2566 4443 2647 4504 ad
2676 4444 2857 4505 Rom.
2886 4446 2949 4517 2,
2984 4441 3132 4504 licet
3156 4459 3232 4505 ex
3262 4447 3437 4522 parte

1871 4538 2216 4600 intellectus
2248 4538 2565 4600 interdum
2600 4536 2863 4599 sufficiat
2894 4535 3197 4599 naturalis
3226 4536 3439 4615 cogni·

1871 4634 1985 4705 tio,
2016 4651 2096 4695 ex
2136 4638 2311 4711 parte
2340 4632 2677 4693 voluntatis
2710 4649 2955 4712 semper
2990 4630 3222 4711 requiri
3258 4630 3439 4693 auxi-

1871 4727 2030 4788 lium
2077 4726 2293 4805 gratias
2322 4769 2339 4799 ,
2388 4725 2647 4803 ideoque
2686 4743 2813 4786 non
2854 4724 3135 4804 sequitur
3178 4723 3440 4785 allatum

1871 4819 2333 4881 inconveniens.
2394 4817 2509 4879 Sed
2552 4823 2769 4878 contra
2810 4818 3059 4878 obstant
3101 4816 3226 4877 duo
3260 4832 3276 4877 ι
3312 4815 3438 4895 pri·

1873 4930 2073 4986 mum,
2105 4912 2251 4990 quia
2276 4910 2377 4972 vel
2408 4909 2563 4970 illud
2590 4928 2747 4989 opus
2775 4912 3015 4988 gratiae,
3056 4910 3219 4990 quod
3250 4909 3437 4971 estin

1867 5006 2211 5078 voluntate,
2238 5003 2491 5081 attingit
2510 5002 2946 5082 perfectionem
2969 5003 3311 5077 charitatis,
3338 5002 3441 5064 vel

1867 5098 2019 5160 illuc
2052 5115 2179 5158 non
2211 5097 2528 5177 pertingit.
2579 5097 2643 5157 Si
2678 5096 2797 5157 hoc
2839 5097 3138 5176 posterius
3170 5096 3435 5168 dicatur,

1866 5193 1931 5253 id
1972 5196 2139 5253 certe
2170 5207 2300 5251 non
2334 5196 2533 5269 potest
2576 5190 2885 5251 sufficiens
2920 5206 3049 5250 esse
3091 5188 3433 5269 dispositio,

1867 5286 2016 5363 quia
2064 5282 2467 5363 supponimus
2505 5299 2632 5343 non
2670 5282 3045 5343 intervenire
3086 5298 3438 5343 sacramen-

1869 5384 2027 5439 tum.
2060 5377 2126 5438 Si
2154 5388 2365 5437 autem
2388 5375 2493 5436 ille
2520 5379 2693 5437 actus
2714 5379 2806 5435 est
2826 5374 3165 5449 eharitatis,
3194 5390 3438 5437 necesse

1871 5478 1963 5532 est
1988 5476 2061 5531 ut
2090 5470 2413 5531 antecedat
2448 5466 2603 5529 fides
2620 5512 2639 5543 ,
2679 5466 2835 5528 sicut
2862 5466 3021 5527 dixit
3055 5466 3437 5545 Augustinus

1871 5563 1942 5623 in
1979 5561 2139 5623 Psal.
2180 5562 2285 5638 67,
2322 5562 2469 5642 quia
2506 5578 2697 5635 nomo,
2745 5560 2973 5641 inquit,
3022 5564 3190 5624 amat
3216 5561 3436 5637 Deum,
