3900 6217
558 370 680 435 208

558 480 890 542 Ecclesiam
922 498 1034 561 per
1059 478 1398 559 quamlibet
1433 478 1976 557 congregationem
2008 476 2123 536 mi·

556 574 726 635 nime
749 592 920 653 posse
947 572 1223 635 conferre
1251 578 1612 652 potestatem
1643 589 1832 652 quam
1859 589 1987 631 non
2015 570 2123 629 ha·

559 668 684 741 bet,
714 686 902 747 quam
935 672 1098 728 certe
1135 666 1201 726 in
1237 666 1524 745 praesenti
1551 682 1680 727 non
1708 663 1936 725 habere
1976 680 2122 724 con-

559 769 700 837 stat,
731 766 876 843 quia
905 780 1020 822 nec
1053 760 1352 822 naturalis
1397 767 1513 836 est,
1554 778 1670 821 nec
1697 760 1974 821 Christus
2008 776 2123 818 un·

559 874 744 936 quam
773 854 1030 917 cani-illi
1057 854 1377 929 concessit,
1407 854 1513 915 sed
1543 852 1843 928 singulari
1875 858 2124 912 tantum

559 966 834 1029 personae
859 955 920 1009 et
948 947 1398 1009 successoribus
1425 949 1580 1027 ejus,
1611 954 1680 1006 ut
1709 946 2127 1025 disputatione

559 1043 838 1122 sequenti
888 1041 1230 1102 ostendam.
1279 1041 1484 1101 Tertio
1503 1086 1520 1115 ,
1573 1057 1778 1117 neque
1833 1039 2118 1116 legimus,

555 1154 757 1217 neque
783 1153 1064 1217 unquam
1098 1134 1380 1195 auditum
1410 1141 1500 1195 est
1542 1132 1872 1195 Ecclesiam
1903 1150 2125 1193 conve-

559 1231 743 1306 nisse,
785 1236 847 1289 et
889 1235 1254 1309 potestatem
1303 1243 1490 1309 quam
1536 1226 1602 1288 in
1653 1244 1718 1288 se
1755 1226 2023 1287 habebat
2056 1226 2123 1299 in

557 1341 754 1385 unum
783 1329 966 1402 caput
987 1322 1392 1395 transtulisse,
1417 1320 1720 1401 siquidem
1745 1338 1946 1400 neque
1970 1326 2125 1381 tem-

559 1416 1198 1496 poreuApostolorum,
1229 1434 1430 1495 neque
1477 1416 1542 1475 in
1590 1414 1863 1492 generali
1911 1413 2125 1492 aliquo

561 1510 832 1572 Concilio
877 1517 1090 1589 postea
1137 1516 1511 1589 congregato
1531 1554 1550 1585 ,
1598 1508 1662 1570 id
1710 1508 1940 1569 factum
1994 1526 2125 1570 esse

559 1602 712 1681 fingi
739 1609 956 1683 potest.
979 1604 1068 1665 Ex
1097 1622 1220 1683 quo
1237 1609 1449 1683 aperte
1476 1602 1882 1677 concluditur,
1909 1602 1963 1663 si
1990 1620 2127 1681 pas·

559 1703 658 1785 tor
695 1702 786 1758 est
815 1698 880 1757 in
921 1696 1214 1774 Ecclesia,
1245 1704 1314 1757 ut
1351 1714 1498 1761 vere
1526 1704 1639 1768 est,
1670 1695 1848 1757 illum
1891 1714 2019 1756 non
2044 1696 2127 1755 ab

559 1788 936 1864 hominibus,
979 1790 1086 1851 sed
1127 1789 1340 1851 divina
1378 1789 1710 1851 traditione
1757 1808 1890 1851 esse
1933 1791 2127 1852 intro-

561 1882 838 1945 ductum.
880 1884 1134 1961 Quarto,
1161 1885 1214 1945 si
1243 1883 1508 1945 Ecclesia
1533 1884 1794 1945 contulit
1830 1884 1993 1945 hanc
2020 1904 2127 1965 po·

561 1982 883 2052 testatem,
929 1994 1001 2037 ac
1034 1977 1152 2037 sibi
1199 1976 1385 2056 elegit
1424 1976 1592 2038 hunc
1623 1978 1946 2055 regiminis
1993 1996 2125 2038 mo-

562 2069 738 2145 dum,
767 2078 988 2149 posset,
1013 2070 1067 2131 si
1103 2070 1389 2151 expedire
1413 2070 1743 2148 judicaret,
1777 2068 1955 2131 illum
1988 2090 2129 2131 mu-

563 2170 728 2238 tare3
781 2180 1158 2243 consequens
1205 2170 1300 2225 est
1351 2164 1744 2237 haereticum,
1801 2170 1864 2225 et
1911 2172 2128 2226 contra

563 2262 930 2338 perpetuum
987 2274 1225 2319 morem
1275 2263 1340 2319 et
1393 2274 1786 2327 communem
1841 2257 2125 2319 Ecclesiae

565 2368 837 2411 sensum.
864 2350 1035 2423 Quod
1062 2352 1112 2411 si
1144 2351 1386 2412 dicatur
1413 2352 1478 2411 id
1503 2370 1628 2412 non
1657 2369 1854 2431 posse,
1885 2351 2127 2414 Christo

563 2446 698 2525 ipso
733 2444 1098 2523 disponente
1133 2459 1206 2505 ut
1231 2445 1450 2506 modus
1487 2445 1590 2507 hic
1627 2445 1949 2525 regiminis
1990 2466 2125 2526 per·

565 2543 872 2598 severaret
898 2537 964 2598 in
1004 2536 1293 2614 Ecclesia,
1319 2540 1450 2618 jam
1478 2538 1626 2599 hinc
1661 2540 1878 2618 quinto
1905 2556 2124 2617 arguo,

566 2646 928 2710 supremum
965 2638 1274 2711 pastorem
1317 2631 1594 2693 Ecclesiae
1631 2650 1762 2692 esse
1787 2648 1866 2693 ex
1905 2632 2129 2694 Christi

567 2720 979 2798 institutione,
1003 2723 1082 2785 ab
1111 2724 1336 2803 illoque
1363 2724 1594 2785 habere
1619 2730 1982 2803 potestatem
2016 2726 2129 2787 im-

567 2816 854 2892 mediate,
881 2819 1163 2897 quamvis
1198 2820 1278 2879 ab
1309 2820 1441 2900 ipsa
1475 2818 1747 2879 Ecclesia
1775 2819 2045 2898 eligatur
2070 2826 2131 2883 et

567 2910 742 2989 quasi
759 2896 1198 2990 ⁴iiraesente‘mr,
1219 2918 1289 2972 ut
1315 2912 1382 2973 in
1410 2911 1690 2989 sequenti
1713 2912 2129 2991 disputatione

567 3001 910 3081 explicabo.
939 3004 1212 3067 Tandem
1241 3022 1422 3085 supra
1465 3010 1778 3065 ostensum
1807 3011 1899 3066 est
1926 3004 2129 3068 Chris-

571 3108 704 3155 tum
733 3097 1068 3159 Dominum
1109 3098 1444 3158 instituisse
1476 3097 1925 3160 hierarchicum
1966 3098 2131 3159 ordi·

567 3206 713 3251 nem
743 3190 1022 3253 Ecclesiae
1038 3207 1059 3269 3
1098 3190 1396 3272 perfectio
1433 3197 1641 3253 autem
1675 3192 1863 3272 hujus
1891 3191 2132 3253 hierar-

567 3284 724 3345 chiae
768 3284 1030 3365 requirit
1061 3292 1134 3346 ut
1177 3285 1254 3347 ad
1289 3302 1486 3346 uuum
1533 3302 1728 3365 usque
1768 3302 2131 3365 supremum

567 3384 753 3459 caput
799 3385 966 3441 totus
1011 3378 1165 3441 ordo
1214 3386 1552 3453 revocetur,
1605 3378 2129 3460 quemadmodum

569 3490 754 3551 supra
785 3474 1056 3553 ostendi;
1087 3476 1176 3536 ita
1207 3492 1356 3553 ergo
1383 3474 1503 3534 fuit
1541 3492 1578 3535 a
1609 3474 1848 3535 Christo
1887 3473 2133 3535 institu-

569 3571 670 3626 tus
687 3582 709 3643 ;
749 3566 1108 3628 incredibile
1156 3586 1423 3646 namque
1451 3572 1542 3627 est
1575 3566 1915 3628 instituisse
1956 3573 2028 3627 ut
2066 3566 2131 3626 in

568 3658 840 3721 Eoelesia
876 3668 1077 3723 essent
1117 3660 1457 3741 presbyteri
1483 3666 1548 3723 et
1587 3660 1878 3741 episcopi,
1919 3678 2132 3741 supre-

569 3770 741 3813 mum
775 3761 986 3816 autem
1020 3761 1325 3834 pastorem
1351 3755 1652 3829 omisisse,
1695 3746 1734 3814 a
1771 3774 1896 3835 quo
1924 3754 2133 3817 caeteri

569 3862 784 3908 omnes
811 3847 1161 3927 dependent
1185 3848 1544 3911 necessario.

649 3944 748 4003 15.
793 3940 1040 4006 Accedit
1066 3943 1242 4005 tercio
1265 3944 1429 4006 »ratio
1459 3944 1532 4007 ab
1557 3943 1862 4025 exemplis.
1881 3976 1965 3992 --
1982 3946 2131 4005 Ter-

567 4036 680 4111 tio,
727 4036 1148 4116 principaliter
1187 4038 1472 4115 arguitur
1519 4037 1816 4117 exemplis
1836 4082 1854 4113 ,
1897 4042 1961 4100 et
2008 4038 2133 4119 pri·

515 4176 524 4184 .
568 4148 742 4191 mum
765 4130 1017 4209 quidem
1041 4131 1201 4191 sumi
1223 4138 1424 4210 posset
1451 4149 1490 4191 a
1511 4131 1896 4193 naturalibus
1913 4138 1978 4192 et
1998 4147 2131 4193 cor·

567 4223 884 4303 poralibus
907 4224 1114 4301 rebus,
1137 4230 1208 4285 ut
1230 4242 1418 4305 supra
1437 4225 1505 4286 in
1529 4242 1703 4286 num.
1728 4227 1766 4286 3
1785 4225 2131 4287 indicatum

568 4323 680 4392 est,
713 4334 790 4379 ex
821 4318 1204 4397 Hieronymo
1232 4326 1294 4380 et
1322 4318 1459 4379 aliis
1488 4318 1800 4395 Patribus3
1839 4320 1905 4379 in
1947 4336 2135 4398 ange·

569 4409 772 4472 lorum
827 4412 1015 4479 etiam
1083 4411 1349 4473 Ecclesia
1404 4428 1648 4491 semper
1715 4410 1940 4486 extitit,
1998 4418 2135 4493 post

569 4504 783 4577 Deum,
815 4522 978 4565 unus
1001 4521 1324 4585 supremus
1347 4504 1651 4583 PriiicepS‚
1677 4513 1738 4565 et
1763 4504 1930 4565 velut
1949 4512 2135 4585 caput

569 4604 969 4672 caeterorum3
999 4598 1065 4657 in
1107 4596 1374 4658 Ecclesia
1415 4596 1638 4657 deinde
1681 4598 2129 4676 triumphante,

571 4706 708 4767 quoe
735 4708 810 4749 ex
853 4689 1212 4751 hominibus
1255 4696 1317 4749 et
1359 4691 1600 4768 angelis
1627 4696 1885 4765 constat,
1934 4708 2133 4751 uuum

571 4789 662 4843 est
689 4788 898 4862 caput,
925 4784 1230 4855 Christus3
1262 4801 1386 4861 quo
1427 4783 1710 4862 exemplo
1752 4783 1952 4844 utitur
1990 4783 2135 4845 Gre-

569 4877 802 4953 gorius,
829 4875 937 4937 lib.
973 4878 1036 4948 4,
1067 4875 1324 4955 epistola
1355 4878 1451 4949 13,
1493 4884 1555 4937 et
1583 4876 1952 4951 Bel-nardus,
1982 4878 2019 4937 3
2056 4876 2137 4937 de

571 4967 1092 5044 Consideration.;
1139 4970 1404 5030 Ecclesia
1443 4986 1592 5029 vero
1635 4968 1906 5029 militans
1954 4968 2137 5031 debet

571 5080 700 5123 csse
727 5062 1141 5142 triumphanti
1165 5062 1407 5124 similis.
1431 5064 1604 5125 Unde
1631 5064 1853 5143 lgnat.,
1881 5063 2137 5142 epistola

570 5156 646 5215 ad
697 5156 1126 5235 smyrnenseS,
1181 5158 1269 5216 ait
1319 5158 1692 5238 Episcopum
1743 5158 1812 5219 in
1855 5156 2139 5220 Ecclesia

567 5268 771 5331 yet-ere
809 5252 1134 5329 imayinem
1167 5251 1492 5315 christiin
1515 5251 1680 5313 ooelo.
1727 5252 2031 5311 Praeterea
2069 5252 2137 5311 in

568 5345 764 5405 veteri
803 5345 942 5423 lege
981 5364 1144 5407 unus
1170 5363 1450 5405 summus
1491 5344 1773 5405 Pontifex
1818 5352 1911 5405 est
1948 5356 1993 5405 a'
2015 5346 2138 5406 Deo

569 5438 910 5514 institutus,
933 5440 1042 5517 qui
1074 5440 1420 5519 synagogae
1445 5438 1512 5497 in
1535 5437 1959 5517 spirituali-bus
1982 5454 2137 5516 prae-

571 5538 751 5606 esset,
779 5539 850 5592 ut
877 5538 1046 5612 patet
1069 5532 1264 5594 Exodi
1288 5530 1528 5594 decimo
1551 5538 1792 5607 octavo,
1819 5537 1881 5591 et
1909 5532 2137 5591 Nume-

1753 374 1990 427 mst’uT.
2026 372 2112 425 lx.
2148 372 2229 425 m:
2264 372 2572 425 ECCLESIA.

2202 490 2413 535 rorum
2447 476 2557 550 17;
2584 492 2708 553 quo
2736 473 2923 535 etiam
2960 482 3322 552 argumento
3348 480 3521 542 utitur
3544 486 3675 549 luno-

2204 567 2443 628 centius
2480 568 2583 643 Ill,
2605 568 2670 627 in
2701 584 2836 645 cap.
2879 566 3005 630 Por
3036 568 3432 646 venerabilem,
3466 574 3563 647 Qui
3596 579 3675 643 filii

2203 666 2327 726 sint
2364 666 2627 745 legitimi
2644 681 2665 743 3
2694 672 2757 727 et
2784 666 3152 737 BernarduS‚
3194 667 3351 729 libro
3384 674 3607 735 secundo
3626 678 3677 739 de

2204 760 2706 821 Consideratinne
2720 776 2741 838 ;
2772 778 2915 821 cum
2952 760 3115 821 enim
3145 760 3403 822 Ecclesia
3428 763 3519 825 illa
3548 767 3680 833 fuerit

2204 852 2405 930 figura
2434 859 2683 927 nostrae,
2712 872 2787 915 ac
2816 855 3023 915 minus
3050 854 3336 935 perfecta,
3360 875 3475 917 non
3500 866 3572 920 est
3592 882 3680 925 erc·

2206 946 2396 1007 dibile
2438 947 2573 1025 ejus
2617 948 2895 1026 regimen
2936 966 3065 1008 esse
3110 948 3451 1027 perfectiori
3489 955 3631 1015 modo
3656 977 3681 1018 a

2207 1040 2329 1101 Deo
2364 1041 2738 1101 institutum.
2768 1040 2925 1102 Hinc.
2952 1042 3164 1103 Patres
3204 1042 3443 1118 docent,
3476 1046 3601 1107 sicut
3620 1068 3681 1109 sa-

2204 1133 2507 1223 crificium
2526 1151 2601 1194 ac
2622 1134 2893 1195 ministri
2920 1134 3074 1213 legis
3092 1136 3315 1195 veteris
3328 1136 3683 1214 significabant

2205 1226 2573 1289 sacrificium
2620 1244 2818 1304 novae,
2850 1228 3103 1307 ejusque
3148 1228 3501 1303 sacerdotes,
3528 1232 3595 1292 ita
3621 1254 3685 1294 su-

2206 1340 2492 1403 premum
2514 1338 2845 1401 synagogae
2871 1322 3229 1383 Pontificem
3250 1322 3589 1399 significasse
3602 1346 3685 1390 non

2207 1416 2407 1477 solum
2438 1415 2774 1492 Christum,
2800 1422 2871 1476 ut
2894 1415 3113 1476 volunt
3132 1416 3425 1491 haeretici,
3446 1417 3535 1478 sed
3554 1423 3684 1482 etiam

2206 1509 2505 1569 vicarium
2546 1510 2705 1589 ejus,
2736 1509 2845 1588 qui
2888 1528 3033 1571 cum
3082 1510 3277 1590 ipsius
3318 1510 3521 1571 Christi
3544 1530 3687 1591 perso·

2206 1620 2353 1663 nam
2408 1612 2605 1679 gerat,
2645 1603 2877 1665 eisdem
2924 1604 3116 1682 signis
3160 1600 3486 1681 significari
3530 1608 3686 1683 potuit.

2207 1694 2359 1755 Vide
2400 1694 2802 1773 cyprianum,
2841 1696 3003 1757 libro
3028 1698 3261 1777 primo,
3304 1696 3541 1776 epistola
3564 1702 3690 1779 septi-

2208 1805 2345 1858 ma:
2381 1788 2772 1869 Gregorium,
2816 1792 2881 1852 in
2908 1792 3232 1868 Pastorali‚
3264 1796 3435 1871 parte
3470 1794 3687 1870 secunda,

2208 1883 2388 1961 capit.
2422 1891 2679 1962 quart03
2708 1886 3147 1964 Augustinum,
3180 1886 3251 1945 in
3290 1884 3490 1958 simili,
3522 1886 3587 1945 20
3617 1887 3688 1946 lib.

2207 1982 2417 2037 contra
2450 1976 2769 2054 Faustum,
2794 1996 2927 2059 cap.
2958 1980 3057 2041 18.
3086 1978 3270 2040 Aliud
3296 1978 3607 2057 exemplum
3626 2000 3690 2041 su·

2209 2070 2406 2129 mitur
2430 2088 2506 2129 ex
2536 2070 2792 2149 hujusce
2814 2072 3099 2145 Ecclesiae
3122 2071 3343 2145 initiis,
3368 2090 3497 2132 cum
3524 2072 3689 2153 abipso

2209 2162 2446 2225 Christo
2498 2166 2760 2225 Domino
2810 2173 3129 2245 regeretur
3144 2183 3165 2243 3
3222 2172 3376 2225 tunc
3418 2166 3565 2225 enim
3604 2169 3691 2229 sine

2208 2256 2399 2318 dubio
2430 2256 2565 2335 ejus
2608 2259 2887 2338 regimen
2934 2258 3403 2319 monarchicum
3439 2258 3568 2336 fuit3
3596 2278 3689 2321 cum

2208 2368 2358 2428 ergo
2386 2368 2513 2411 sem
2522 2370 2631 2429 per
2654 2353 2869 2413 eadem
2898 2351 3170 2414 Ecclesia
3206 2358 3557 2433 perseveret,
3578 2372 3689 2414 eam-

2207 2442 2348 2503 dem
2390 2442 2655 2505 formam
2702 2446 3023 2523 regiminis
3060 2447 3334 2507 retinere
3378 2444 3555 2517 debet,
3594 2447 3691 2507 alias

2206 2554 2411 2616 neque
2442 2537 2709 2617 perfecta
2742 2540 2948 2599 unitas
2984 2544 3363 2614 servaretur,
3394 2538 3557 2617 juxta
3582 2540 3690 2600 irs.-

2208 2630 2482 2702 totelem,
2524 2633 2562 2691 3
2599 2630 3016 2707 politicorum,
3066 2648 3207 2711 cap.
3243 2632 3519 2707 secundo,
3554 2651 3690 2712 neque

2209 2724 2477 2787 Ecclesia
2504 2742 2778 2804 praesens
2802 2744 2877 2786 ex
2904 2726 3125 2787 Christi
3156 2727 3529 2787 institutione
3554 2728 3691 2788 imita·

2208 2824 2382 2879 retur
2416 2818 2855 2898 perfectionem
2894 2818 3059 2880 illius
3087 2820 3401 2895 Ecclesiae,
3430 2838 3587 2899 quam
3608 2821 3690 2899 ipse

2209 2911 2521 2987 condidit,
2588 2912 2751 2991 quod
2814 2918 2907 2973 est
2966 2912 3496 2973 absurdissimum.
3548 2912 3690 2973 Notari

2210 3007 2395 3067 etiam
2422 3012 2643 3087 potest,
2676 3008 2886 3067 statim
2912 3014 3050 3087 post
3078 3008 3310 3069 Christi
3336 3008 3685 3078 ascensionem,

2210 3099 2545 3161 Ecclesiam
2574 3105 2765 3160 totam
2802 3100 2879 3161 ab
2906 3100 3159 3162 homine
3188 3116 3321 3161 uno
3348 3100 3521 3161 fuisse
3542 3100 3681 3179 guber-

2210 3198 2447 3269 natam,
2488 3199 2559 3253 ut
2588 3192 2986 3255 ostendemus
3016 3192 3439 3273 disputatione
3470 3192 3684 3273 sequenti.

2212 3286 2421 3348 Notari
2450 3302 2697 3369 quoque
2720 3286 2885 3366 quod
2909 3288 3029 3347 Leo
3054 3288 3245 3366 Papa,
3272 3302 3541 3348 sermone
3558 3287 3690 3365 primo

2211 3380 2288 3442 de
2320 3382 2497 3442 Petro
2538 3386 2599 3441 et
2647 3380 2858 3457 Paulo,
2891 3386 2954 3441 et
2995 3380 3325 3457 Eusebius,
3356 3382 3523 3443 tertio
3546 3380 3603 3440 de
3624 3380 3693 3438 De·

2212 3480 2533 3537 monstrat.
2562 3475 2887 3553 Evangel„
2912 3492 3048 3556 cap.
3079 3476 3144 3551 9,
3176 3477 3533 3554 attigerunt,
3556 3473 3693 3553 provi-

2210 3569 2369 3630 disse
2392 3570 2586 3631 Deum
2612 3570 2776 3631 utin
2802 3570 3106 3650 principio
3133 3570 3444 3631 nascentis
3466 3568 3693 3639 Ecclesiae,

2211 3667 2379 3724 totus
2408 3662 2537 3723 fere
2565 3663 2733 3723 orbis
2768 3662 2883 3723 sub
2924 3680 3052 3724 uno
3098 3664 3385 3743 principe
3410 3662 3697 3742 gubernare·
3779 3686 3781 3691 ·

2212 3760 2335 3830 tur,
2382 3760 2452 3815 ut
2492 3774 2619 3815 uua
2664 3756 2851 3817 etiam
2886 3756 3156 3817 Ecclesia
3198 3756 3272 3817 in
3318 3764 3508 3817 totum
3547 3754 3695 3814 orbem

2211 3848 2451 3909 facilius
2472 3848 2985 3911 introduceretur.

2298 3943 2395 4002 16.
2442 3939 2811 4022 objectiones
2842 3960 2951 4006 ⁸0oe
2978 3944 3421 4008 hmo-eticorum.
3450 3974 3522 3989 -
3546 3940 3696 4004 Prima

2211 4038 2631 4113 confirmatur.
2662 4068 2747 4083 --
2771 4037 2998 4098 Contra
3044 4037 3207 4099 hanc
3252 4038 3557 4099 veritatem
3592 4032 3697 4109 obji-

2212 4130 2387 4191 ciunt
2418 4130 2753 4192 Lutherani
2788 4130 3068 4203 Paulum,
3106 4134 3133 4192 1
3172 4130 3447 4193 Corinth.
3474 4132 3559 4205 ¹2,
3582 4124 3695 4188 etad

2214 4225 2433 4303 EpheS.
2466 4225 2528 4298 4,
2565 4223 2698 4299 ubi,
2727 4223 3142 4284 hierarchiam
3172 4224 3609 4285 ecclesiasticam
3630 4218 3697 4277 de-

2215 4316 2511 4391 scribens,
2554 4334 2628 4376 ac
2672 4322 2946 4394 pastores
2986 4322 3049 4377 et
3094 4318 3383 4379 Doctores
3422 4328 3695 4381 numerans,

2216 4427 2341 4471 non
2370 4409 2657 4470 meminit
2682 4410 2869 4469 unius
2892 4410 3131 4489 capitis.
3160 4410 3553 4471 confirmatur
3575 4407 3698 4465 Luce

2215 4506 2333 4565 ⁶22:
2368 4505 2555 4586 Reyes
2579 4504 2847 4581 ,centium
2874 4504 3263 4566 dominantur
3294 4522 3502 4576 eorum,
3526 4518 3609 4561 tos
3627 4516 3697 4560 an—

2218 4605 2330 4660 tem
2372 4615 2489 4657 non
2522 4598 2633 4658 sic.
2668 4596 2974 4670 Secundo,
3016 4598 3162 4675 quia
3190 4600 3315 4659 tale
3355 4603 3525 4676 caput
3558 4606 3697 4669 neque

2216 4696 2307 4752 est
2336 4690 2765 4761 necessarium,
2794 4708 2934 4749 cum
2951 4692 3081 4767 jam
3106 4690 3439 4753 habeamus
3462 4688 3696 4749 Christum

2214 4784 2282 4843 in
2321 4782 2520 4858 coelis3
2550 4800 2753 4862 neque
2780 4784 3176 4855 conveniens,
3214 4785 3366 4862 quia
3408 4800 3521 4841 non
3556 4778 3697 4859 potest

2215 4876 2383 4937 orbis
2426 4874 2508 4935 ab
2561 4892 2689 4935 uno
2734 4874 2990 4937 homine
3042 4876 3363 4937 commode
3411 4870 3691 4954 gubernari.

2216 4970 2448 5044 Tertio,
2495 4968 2765 5030 Ecclesia
2813 4976 2957 5030 ante
2996 4970 3221 5033 Christi
3268 4970 3575 5029 adventum
3614 4976 3697 5018 una

2218 5068 2371 5136 erat,
2394 5079 2509 5121 nec
2538 5068 2749 5121 tamen
2788 5080 2984 5123 unum
3026 5063 3293 5123 habebat
3316 5064 3489 5141 eaput
3514 5055 3695 5117 univcr-

2216 5156 2367 5231 sale,
2394 5173 2537 5215 cum
2567 5160 2776 5215 tamen
2816 5155 3082 5217 Ecclesia
3122 5156 3344 5217 debeat
3380 5167 3589 5229 semper
3616 5144 3695 5203 sibi

2216 5248 2439 5311 similis
2476 5266 2623 5309 esse.
2655 5248 2907 5324 Quarto,
2944 5268 3069 5310 non
3098 5256 3193 5311 est
3224 5250 3285 5309 in
3316 5248 3571 5308 universo
3592 5236 3694 5298 orbe

2216 5360 2381 5402 unus
2400 5360 2725 5421 supremus
2746 5342 3027 5420 princeps
3044 5343 3111 5402 iu
3134 5339 3547 5420 temporalibus
3558 5350 3573 5409 ;
3590 5346 3691 5407 ergo

2216 5454 2418 5515 neque
2454 5435 2519 5495 in
2550 5436 2992 5515 spiritualibus.
3030 5436 3281 5510 Quinto,
3318 5432 3611 5512 Cyprianus
3633 5423 3691 5480 vi·

2216 5530 2395 5590 detur
2420 5529 2735 5609 episcopos
2754 5546 2970 5591 omnes
2990 5546 3303 5609 supremos
3320 5529 3521 5598 facere,
3544 5532 3691 5595 neque
