3900 6217
708 454 717 468 ,
771 401 942 460 SEc'r.
978 408 1016 459 1.
1054 404 1275 468 QUIBUS
1304 406 1491 461 UODIS
1522 404 1786 459 Paomis
1819 404 1899 457 m·
1932 402 2274 455 CATnoucE
2305 402 2484 457 FIDES
2517 400 2898 455 USURPETUR.

222 502 373 580 fide,
426 505 590 567 nihil
624 506 799 569 aliud
834 525 977 569 esse
1002 507 1120 569 nisi
1150 524 1352 588 spem,
1390 506 1787 571 connotando

221 599 573 679 quamdam
600 598 1074 678 perfectionem,
1104 618 1215 663 seu
1240 601 1435 663 robur
1462 602 1621 681 ejus.
1658 602 1793 662 Hoc

222 692 431 773 colligi
451 698 665 773 potest
682 711 761 755 ex
777 694 981 775 capite
1006 700 1223 756 octavo
1248 695 1403 757 soh:
1432 695 1591 780 Spes
1609 698 1793 778 hypo-

218 788 401 850 crite
424 787 684 869 peribit,
734 793 793 851 ot
826 788 987 853 siout
1022 789 1145 853 tela
1180 806 1546 853 armum-iem
1566 789 1795 869 fiducia

218 880 353 958 eju
368 908 396 953 ,·
424 898 573 959 quse
602 881 949 959 posteriora
985 882 1178 945 verba
1209 884 1523 961 explicant
1558 882 1787 963 priora.

222 973 403 1037 Unde
438 973 629 1035 divus
664 975 937 1037 Thomas
967 976 1034 1035 in
1058 978 1121 1051 3,
1151 975 1295 1039 dist.
1325 977 1429 1051 26,
1478 980 1696 1055 quaest.
1730 978 1789 1049 1,

3348 394 3423 453 Η

1870 505 2017 585 qnia
2059 504 2218 566 fides
2246 504 2354 567 illa
2389 504 2470 566 sit
2493 502 2747 579 fiducia,
2777 499 2892 562 sed
2925 498 3072 580 quia
3119 502 3215 561 est
3253 500 3432 561 radix

1870 598 2136 671 fiduciae,
2195 604 2258 660 et
2301 597 2448 677 quia
2505 614 2584 659 ex
2613 595 2888 676 perfecta
2930 592 3432 656 consideratione

1870 688 2042 765 fidei,
2075 694 2138 753 et
2163 691 2482 763 bonitatis,
2523 706 2600 750 ac
2625 686 3026 767 benignitatis
3055 685 3193 760 Dei,
3237 696 3431 764 quam

1871 782 2032 847 fides
2059 786 2266 859 docet,
2293 784 2580 864 provenit
2607 788 2678 843 ut
2702 775 2906 865 fidelis
2927 784 3064 841 oret
3086 792 3225 840 cum
3248 772 3432 839 firmo

1874 880 2124 953 affectu,
2175 883 2236 939 et
2286 879 2421 939 sine
2462 876 2890 948 haesitatione3
2939 873 3098 935 sicut
3125 873 3364 941 Petrus,
3397 868 3426 931 1

1872 974 2193 1048 eanonic„
2239 990 2378 1053 cap.
2411 975 2472 1047 5,
2504 970 2688 1033 dixit:
2719 968 2833 1034 Oui
2859 967 3130 1033 resistito
3149 972 3335 1047 fortes
3363 966 3436 1029 iu

224 1072 343 1127 art.
380 1068 439 1141 3,
483 1066 569 1127 ad
610 1067 925 1147 quintum,
954 1068 1107 1132 dixit
1152 1087 1333 1148 spem
1376 1070 1443 1133 in
1471 1068 1655 1131 bonis
1682 1086 1797 1130 vo·-
1862 1068 2006 1148 fide.
2039 1067 2176 1127 Non
2213 1066 2362 1145 quia
2389 1064 2682 1127 resistere
2725 1062 3051 1125 tentationi
3089 1058 3436 1123 formaliter

218 1159 352 1221 cari
406 1160 709 1223 fiduciam
728 1178 750 1240 3
808 1163 980 1243 qnod
1033 1164 1237 1245 magis
1292 1164 1561 1244 explicat
1611 1166 1671 1224 1.
1709 1163 1750 1224 2
1772 1208 1791 1237 ,

218 1254 573 1333 quastione
600 1258 705 1329 40,
748 1262 890 1319 art.⁴
915 1260 977 1331 2,
1028 1257 1112 1319 ad
1159 1258 1534 1332 secundum,
1580 1257 1795 1319 dicens

216 1346 523 1409 fiduciam
544 1366 686 1411 esse
707 1348 939 1411 dictam
952 1368 991 1411 a
1006 1349 1165 1425 flde3
1193 1368 1330 1413 esse
1357 1356 1574 1413 tamen
1588 1368 1791 1429 spem,

219 1440 409 1521 quasi
444 1442 811 1505 roboratam
860 1461 938 1505 ex
974 1444 1413 1525 conjunctione
1460 1444 1539 1505 ad
1574 1443 1788 1505 fidem.

224 1534 297 1596 Et
330 1534 567 1596 melius
594 1537 657 1597 2.
701 1538 765 1609 Ξ,
796 1554 861 1615 q.
890 1538 1031 1610 429,
1062 1542 1181 1599 art.
1210 1540 1273 1613 6,
1314 1538 1397 1599 ad
1423 1540 1485 1611 2,
1516 1540 1579 1599 et
1606 1536 1819 1617 plane.

234 1627 541 1708 colligitur
584 1647 663 1690 ex
690 1630 905 1704 Paule,
928 1630 995 1690 in
1027 1630 1226 1693 citatis
1264 1631 1439 1693 loeis.
1490 1632 1647 1691 Nam
1676 1630 1795 1693 hac

232 1721 465 1782 ratione
494 1722 773 1801 postulat
816 1722 1113 1785 fiduciam
1142 1724 1208 1785 in
1236 1724 1387 1797 fide,
1434 1724 1535 1787 vel
1561 1742 1675 1803 per
1724 1722 1795 1785 fi·

223 1812 390 1875 dem.
419 1814 631 1889 Unde,
664 1816 745 1877 ad
760 1818 942 1879 Rom.
971 1819 1033 1891 4,
1068 1817 1145 1880 de
1166 1818 1485 1881 Abraham
1507 1817 1681 1879 dicit:
1710 1818 1795 1881 In

220 1924 387 1987 εμπ
441 1916 659 1973 contra
688 1928 855 1993 spem
900 1912 1182 1986 credidit,
1232 1914 1381 1993 quia
1412 1930 1487 1974 ex
1516 1911 1792 1993 perfecta

220 1999 345 2060 fide
381 2003 677 2081 concepit
714 2021 891 2083 spem
918 2004 1013 2079 „de
1038 2004 1167 2067 filio
1206 2006 1539 2085 promisse,
1570 2010 1793 2067 contra

222 2109 427 2171 spem,
458 2113 655 2173 quam
694 2115 825 2159 non
872 2098 1279 2175 promittebat
1318 2105 1577 2171 natura3
1621 2098 1791 2159 unde

222 2189 593 2269 subjungit:
626 2192 704 2255 Ν
700 2208 777 2253 on
806 2197 897 2255 est
938 2193 1307 2273 infirmatus·
1319 2193 1655 2275 diffidentia
1666 2217 1694 2265 ,·
1732 2197 1795 2255 et

222 2270 385 2343 ffifra
400 2300 417 2341 :
438 2282 521 2347 N
514 2300 591 2345 os
606 2284 917 2351 limitavit
930 2285 1285 2365 diffidentia,
1306 2287 1413 2349 sed
1422 2290 1795 2363 confortatus

224 2382 311 2439 est
330 2376 457 2454 fids
468 2403 499 2451 ;
528 2378 634 2437 illa
655 2398 807 2459 ergo
827 2398 973 2459 spes
1000 2379 1178 2444 firma
1206 2386 1342 2441 erat
1363 2379 1619 2454 fiducia,
1650 2398 1793 2459 quae

226 2476 319 2531 est
364 2472 683 2533 contraria
730 2472 1109 2534 diffidentiae.
1167 2472 1357 2535 Addit
1400 2478 1635 2543 autem,
1674 2488 1795 2535 non

226 2580 347 2625 esse
365 2564 899 2646 infirmatumfide‚
921 2566 1067 2645 quia
1087 2583 1205 2627 non
1246 2565 1646 2631 consideravit
1664 2582 1798 2628 cor-

218 2676 337 2739 pus
360 2677 543 2721 mm
562 2664 926 2734 emortuum,
958 2661 1071 2723 sed
1090 2660 1431 2741 potentiam
1458 2664 1521 2722 et
1531 2662 1797 2723 verbum

226 2752 351 2812 Dei.
422 2754 535 2815 Est
595 2772 749 2833 ergo
790 2752 1020 2816 fiducia
1076 2753 1375 2833 perfectio
1429 2753 1789 2825 voluntatiS,

228 2845 409 2923 cnjus
436 2853 533 2910 est
562 2866 713 2925 spes
738 2847 803 2908 in
826 2848 953 2909 fide
982 2848 1265 2909 fundata.

314 2942 375 3001 8.
419 2938 597 3003 Fides
618 2942 691 3001 iu
713 2938 1047 3021 Smptwra
1057 2960 1174 3003 non
1188 2941 1491 3023 accipitur
1498 2956 1618 3022 pro
1640 2940 1797 3017 fidu-

242 3030 355 3103 cia,
370 3034 493 3095 sisi
502 3038 663 3111 forte
690 3035 971 3097 mendo
996 3052 1239 3098 causam
1250 3052 1367 3117 pro
1386 3032 1798 3115 effectus—Ex

234 3126 329 3187 his
348 3145 498 3207 ergo
513 3127 853 3201 concludo,
875 3127 1064 3207 quod,
1086 3128 1227 3189 licet
1243 3128 1412 3207 prior
1428 3128 1635 3209 opinio
1657 3144 1799 3207 pos-

226 3221 303 3282 sit
322 3222 737 3300 probabiliter
760 3221 1036 3296 defendi,
1058 3222 1323 3285 dicendo
1346 3240 1577 3283 nomen
1594 3238 1799 3283 causae

226 3314 551 3375 transferri
567 3316 879 3377 interdum
894 3314 976 3377 ad
986 3316 1465 3397 significandum
1482 3316 1794 3388 effectum,

228 3415 289 3468 et
309 3409 403 3468 ita
433 3426 677 3469 nomen
698 3406 842 3471 fidei
870 3426 1053 3488 posse
1076 3408 1413 3488 aliquando
1442 3409 1797 3489 significare

227 3500 527 3562 fiduciam
577 3501 937 3575 voluntatis,
986 3506 1298 3580 quatenus
1336 3521 1376 3563 a
1422 3501 1549 3565 fide
1605 3502 1799 3565 hahet

226 3612 411 3656 suam
460 3594 937 3675 perfectionem,
991 3595 1397 3657 nihilominus
1440 3596 1797 3671 analogiam

225 3690 393 3752 hanc
422 3706 559 3749 non
584 3706 721 3750 esse
750 3688 931 3750 nobis
959 3689 1401 3763 necessariam,
1428 3706 1637 3768 neque
1656 3689 1796 3750 loca

228 3782 571 3863 Scripturas
629 3801 819 3863 supra
857 3784 1043 3845 citata
1073 3802 1193 3845 nos
1232 3800 1459 3862 cogere
1496 3782 1579 3844 ad
1626 3782 1799 3845 illam

222 3876 755 3957 significationem
785 3875 1257 3939 admittendam.
1288 3877 1447 3939 Nam
1468 3876 1793 3956 imprimis,

222 3970 399 4049 quod
449 3970 677 4033 attinet
720 3968 804 4032 ad
828 3969 1021 4031 fldem
1070 3970 1393 4055 orationis,
1448 3970 1527 4032 de
1554 3988 1679 4051 qua
1704 3970 1800 4031 lo·-

224 4063 447 4143 quitur
490 4063 788 4137 Jaeobus,
842 4068 1082 4125 certum
1126 4068 1221 4125 est
1272 4063 1552 4143 aliquam
1603 4062 1799 4125 fidem

229 4174 447 4217 veram
502 4162 573 4217 et
615 4156 982 4218 catholicam
1037 4157 1271 4236 requiri
1318 4155 1400 4217 ad
1452 4156 1797 4219 efficaciam

240 4251 559 4314 orationis.
608 4250 789 4323 Nam,
825 4256 897 4313 ut
932 4249 1087 4313 dixit
1120 4250 1369 4323 Paulus,
1405 4249 1489 4313 ad
1526 4251 1790 4313 Roman.

237 4345 340 4404 10:
372 4341 681 4417 &mdo
699 4343 1057 4409 invocabunt
1082 4361 1217 4407 m
1238 4342 1309 4405 in
1334 4360 1507 4425 qum
1529 4360 1650 4405 non
1674 4361 1801 4407 oro-

224 4436 557 4499 dimne?
592 4436 772 4501 Unde
800 4436 971 4516 quod
1000 4434 1087 4497 ait
1111 4436 1421 4498 Jacobus:
1454 4436 1539 4499 Im
1557 4436 1681 4514 fide
1706 4434 1803 4500 m·-

226 4530 319 4591 w
354 4530 623 4604 latitet,
656 4528 857 4608 primo
902 4528 1165 4611 intelligi
1200 4532 1409 4608 potest
1449 4528 1529 4589 de
1558 4529 1801 4591 haesita·

227 4622 407 4683 tione
450 4626 847 4701 repugnante
892 4620 1135 4683 veritati
1172 4620 1320 4684 fidei
1368 4620 1620 4695 divinam
1670 4638 1801 4683 non

228 4716 383 4794 quia
418 4714 849 4777 necessarium
884 4716 962 4777 sit
984 4715 1321 4795 unicuique
1346 4714 1605 4777 credere
1618 4732 1801 4777 suam

232 4808 592 4869 orationem
631 4806 983 4869 habituram
1011 4807 1304 4871 effectum
1347 4808 1654 4883 absolute,
1686 4806 1801 4869 sed

232 4900 447 4961 solum
468 4899 593 4961 sub
618 4899 997 4976 conditione,
1028 4900 1081 4962 si
1108 4900 1399 4963 habuerit
1420 4918 1643 4963 omnes
1660 4918 1801 4980 pro·

233 4994 541 5072 prietates
581 4993 993 5068 necessarias,
1030 4995 1151 5057 suh
1190 4994 1420 5074 quibus
1469 4994 1800 5073 promissio

234 5087 539 5149 orationis
580 5088 749 5149 facta
776 5094 893 5162 est,
914 5087 1003 5151 ita
1029 5094 1099 5151 ut
1136 5106 1267 5149 non
1289 5088 1535 5149 haesitet
1588 5087 1669 5149 de
1694 5087 1803 5149 illa

232 5180 681 5260 promissione:
736 5180 1047 5263 Quidquid
1065 5186 1305 5247 orme-r
1314 5181 1553 5263 potitis,
1585 5180 1804 5245 credite

232 5276 384 5355 quia
404 5272 765 5359 accimus,
790 5292 933 5355 quae
968 5274 1033 5336 in
1074 5274 1181 5337 illo
1216 5292 1408 5337 sensu
1436 5274 1805 5355 accipienda

234 5374 351 5429 est.
376 5368 491 5431 Vel
510 5366 817 5443 secundo,
840 5368 893 5429 si
910 5368 1213 5431 Jacobum
1232 5368 1499 5430 velimus
1522 5366 1707 5448 loqui·
1723 5368 1802 5430 de

236 5480 365 5523 non
412 5462 809 5527 hesitatione
854 5462 923 5523 in
948 5462 1089 5541 ipso
1126 5462 1353 5525 affectu
1386 5461 1628 5535 orandi,
1660 5462 1801 5525 ideo

238 5554 411 5633 dixit,
442 5563 511 5620 nt
532 5556 871 5649 postulans
908 5553 974 5619 in
1008 5554 1137 5624 fide
1160 5554 1319 5624 nihil
1358 5555 1625 5631 limitet,
1672 5572 1801 5653 upa

1873 1160 1988 1222 fiat
2013 1177 2126 1239 per
2146 1158 2360 1234 fidem,
2391 1157 2463 1219 fit
2489 1158 2661 1221 enim
2685 1174 2800 1237 per
2817 1156 3204 1217 voluntatem
3231 1152 3434 1231 gratia

1875 1252 2194 1333 adjutam3
2249 1252 2362 1315 sed
2389 1252 2538 1333 qnia
2569 1251 2732 1312 fides
2759 1255 2855 1311 est
2875 1264 3020 1329 qnae
3045 1246 3432 1308 voluntatem

1874 1333 2086 1409 mo'vet
2112 1352 2174 1408 et
2201 1345 2444 1429 dirigit3
2477 1351 2540 1406 et
2569 1346 2654 1405 ita
2674 1344 2862 1406 etiam
2879 1343 2944 1403 in
2969 1346 3182 1401 nostro
3209 1354 3436 1419 propo·

1874 1442 2017 1515 sito,
2047 1440 2200 1502 dixit
2218 1439 2447 1501 Paulus
2467 1438 2806 1509 Abraham,
2823 1436 2949 1499 fide
2970 1434 3432 1507 confirmatum,

1874 1552 2004 1595 non
2045 1533 2370 1595 haesitasse
2397 1532 2762 1595 diffidentia.
2799 1532 2876 1593 Et
2897 1530 2960 1591 in
2981 1528 3102 1589 alio
3131 1527 3272 1589 loco
3299 1542 3438 1587 mo·-

1874 1636 1984 1689 net
2002 1627 2238 1689 habere
2261 1626 2556 1687 fiduciam
2573 1626 2640 1685 in
2668 1622 2816 1700 fide,
2837 1623 2903 1685 id
2918 1626 3014 1683 est
3033 1620 3354 1681 fundatam
3369 1620 3436 1680 in

1871 1720 2028 1794 fide;
2059 1726 2122 1781 et
2143 1720 2226 1783 ob
2254 1719 2542 1781 eamdem
2575 1734 2848 1792 causam,
2883 1715 3136 1796 quando
3159 1714 3438 1777 Christus

1874 1814 2278 1895 reprehendit
2306 1815 2560 1877 Petrum
2601 1811 2773 1890 quod
2797 1816 2966 1873 esset
2991 1810 3242 1873 moaiooe
3265 1807 3430 1887 fidei,

1874 1915 1937 1971 et
1952 1908 2234 1969 similiter
2259 1907 2414 1968 alios
2430 1904 2780 1985 ApostOIOS,
2801 1905 2880 1965 de
2905 1904 3030 1965 fide
3057 1919 3208 1963 vera
3234 1900 3440 1979 loqui-

1872 2008 2010 2073 tur3
2039 2020 2168 2063 non
2197 2019 2347 2061 vero
2393 2001 2532 2061 illos
2557 1998 2964 2078 reprehendit
3005 1997 3154 2075 quia
3193 1994 3440 2056 dubita-

1872 2102 2016 2157 rent
2033 2097 2110 2157 de
2130 2094 2388 2159 veritate
2403 2092 2550 2155 fidei
2572 2099 2682 2155 aut
2703 2091 3122 2164 revelationiS,
3147 2088 3260 2151 sed
3281 2087 3434 2168 quia
3547 2130 3556 2136 -

1872 2192 2188 2253 haberent
2216 2188 2582 2269 languidam
2608 2188 2820 2260 fidem,
2879 2192 2943 2248 et
2967 2202 3094 2247 non
3135 2188 3304 2245 recte
3333 2181 3440 2242 illa

1874 2288 2204 2347 uterentur
2231 2283 2316 2344 ad
2344 2282 2870 2344 considerandum
2915 2298 2992 2342 ea
3017 2296 3154 2359 quse
3181 2280 3440 2359 possent

1876 2380 2170 2441 affectum
2197 2384 2260 2439 et
2279 2376 2572 2438 fiduciam
2600 2377 2864 2457 erigere.
2885 2376 3086 2454 Atque
3104 2375 3224 2434 hoc
3246 2368 3438 2433 modo

1876 2471 2141 2553 explicui
2170 2471 2354 2532 latius
2381 2471 2546 2531 hanc
2569 2469 2758 2547 fidem
2785 2469 3106 2542 orationis,
3137 2467 3298 2527 libro
3317 2464 3442 2545 pri·-

1876 2583 1980 2626 mo
2011 2565 2090 2625 de
2118 2564 2316 2638 Orat„
2339 2581 2477 2642 cap.
2498 2566 2601 2637 24,
2624 2568 2686 2625 et
2701 2550 2798 2625 est
2813 2561 2996 2624 valde
3013 2565 3440 2623 consentanea

1876 2659 2175 2720 doctrinae
2208 2658 2331 2719 divi
2366 2658 2619 2719 Thomae
2663 2659 2724 2717 2.
2757 2658 2818 2729 2,
2863 2655 3002 2717 loco
3027 2656 3236 2726 citato,
3265 2658 3330 2714 et
3351 2652 3440 2714 vi-

1874 2751 2058 2813 detur
2108 2751 2261 2812 mihi
2311 2751 2619 2813 sententia
2670 2750 3033 2828 Hieronymi
3071 2748 3138 2808 in
3177 2746 3438 2826 Dialogo

1876 2851 2096 2906 contra
2112 2843 2554 2917 LuciferianoS,
2590 2842 2738 2903 satis
2751 2848 2895 2922 post
2915 2840 3218 2916 medium,
3253 2838 3438 2918 quid-

1878 2938 2030 3017 quid
2058 2938 2140 2999 ibi
2167 2939 2232 2997 in
2253 2937 2488 2998 scholio
2515 2935 2681 2997 dicat
2701 2936 3020 2995 Marianus
3041 2934 3271 2995 Victor.
3298 2934 3439 2994 Non

1880 3034 2048 3094 enim
2077 3031 2330 3111 exponit
2357 3031 2775 3109 Hieronymus
2794 3029 2898 3089 illa
2923 3028 3062 3089 loca
3083 3028 3162 3089 de
3181 3026 3437 3098 fiducia,

1876 3125 1990 3187 sed
2019 3124 2098 3187 de
2123 3124 2272 3199 fide,
2301 3124 2402 3185 vel
2421 3123 2585 3195 viva,
2615 3121 2712 3184 vel
2739 3122 3080 3183 efficaciter
3109 3124 3436 3199 operante,

1879 3225 1941 3280 et
1983 3217 2422 3279 considerante
2455 3217 2781 3277 veritatem
2805 3214 2980 3276 fidei.-
3016 3216 3220 3293 Atque
3269 3212 3442 3274 idern

1878 3330 2023 3374 cum
2037 3311 2435 3401 proportione
2457 3310 2793 3372 dicendum
2815 3312 2910 3371 est
2929 3308 3007 3369 de
3030 3308 3156 3369 fide
3171 3305 3442 3367 miracu-

1877 3405 2106 3479 lorum,
2126 3404 2206 3465 de
2227 3423 2352 3483 qua
2372 3403 2460 3465 ibi
2483 3404 2672 3465 etiam
2690 3404 2968 3483 loquitur
2995 3402 3438 3481 Hieronymus,

1878 3497 1993 3559 sed
2009 3498 2089 3559 de
2123 3495 2246 3559 hac
2283 3496 2412 3558 fide
2457 3497 2810 3575 specialiter
2857 3494 3194 3558 dicendum
3233 3499 3326 3555 est
3371 3493 3440 3554 in

1878 3591 2166 3653 discursu
2185 3590 2486 3651 materiae.
2510 3590 2586 3651 Et
2597 3590 2740 3651 ideo
2769 3590 2836 3649 in
2853 3589 3150 3669 praesenti
3173 3586 3444 3666 amplius

1879 3684 2052 3746 illam
2072 3703 2202 3744 non
2229 3683 2500 3746 declaro.

1957 3780 2019 3841 9.
2062 3778 2276 3841 Tertia
2301 3778 2594 3841 assertio:
2609 3777 2761 3857 fides
2774 3776 2958 3840 etiam
2977 3772 3446 3838 adiudha-tum

1877 3872 2079 3935 relata
2127 3871 2336 3933 varias
2371 3871 2544 3934 habet
2581 3870 3072 3953 siqnifioationee.
3103 3900 3183 3913 --
3205 3867 3440 3937 Tertio,

1877 3966 2304 4047 principaliter
2319 3965 2654 4027 dicendum
2678 3970 2796 4038 est,
2821 3980 3054 4025 nomen
3087 3960 3236 4024 fidei
3253 3961 3444 4023 etiam

1878 4061 1962 4122 ad
2001 4059 2386 4122 intellectum
2423 4059 2692 4121 relatum
2732 4058 2916 4137 plura
2947 4056 3183 4117 habere
3212 4053 3448 4134 signifi·

1878 4160 2037 4230 cata,
2095 4154 2324 4233 partim
2376 4154 2696 4234 aequivoca
2747 4152 2848 4213 vel
2877 4150 3167 4229 analoga,
3213 4148 3446 4229 partim

1877 4248 1996 4311 suh
2033 4248 2244 4328 aliqua
2275 4247 2514 4309 ratione
2545 4245 2898 4319 communi3
2933 4244 3104 4323 quod
3132 4242 3446 4323 explicare

1879 4342 2154 4404 breviter
2183 4346 2429 4422 oportet
2484 4340 2568 4402 ad
2601 4356 2788 4401 usum
2837 4338 3007 4400 vocis
3055 4338 3122 4398 in
3153 4337 3274 4397 hac
3308 4350 3448 4395 ma-

1879 4435 2064 4508 teria,
2123 4440 2188 4495 et
2223 4434 2308 4496 ad
2355 4431 2862 4495 constituendum
2915 4430 3057 4510 ejus
3100 4429 3442 4509 objectu-m.

1883 4528 2090 4589 Primo
2157 4527 2348 4608 igitur
2418 4526 2680 4606 quilibet
2731 4541 3028 4587 assensus
3097 4521 3446 4583 intellectus

1882 4621 2092 4701 quoad
2115 4638 2308 4682 unam
2327 4626 2570 4701 partem
2591 4618 3066 4691 determinatus,
3093 4616 3252 4678 solet
3285 4614 3446 4676 fides

1882 4714 2209 4796 appellari,
2263 4714 2434 4793 quod
2479 4731 2814 4775 commune
2865 4716 2960 4773 est
2991 4709 3163 4791 apud
3197 4726 3440 4771 omnes.

1880 4810 1958 4871 Et
1997 4809 2084 4870 ita
2108 4813 2316 4888 potest
2347 4807 2610 4888 intelligi
2635 4806 2789 4868 illud
2827 4804 3156 4887 Augustini
3182 4803 3262 4865 de
3289 4804 3446 4865 ΡΜ-

1881 4902 2106 4964 desfin.
2135 4902 2444 4975 Sanctor.‚
2476 4918 2615 4981 cap.
2643 4902 2718 4963 2:
2771 4898 3038 4976 Gradere,
3067 4906 3158 4965 est
3181 4914 3314 4962 oum
3343 4914 3447 4961 as-

1880 4995 2150 5060 sensione
2177 4995 2460 5077 cogitare.
2491 4997 2648 5057 Nam
2667 4994 2842 5057 idem
2867 5001 2963 5057 est
2991 4993 3248 5056 credere
3275 4988 3448 5073 quod

1884 5088 2184 5151 adhibere
2233 5087 2446 5150 fidem.
2489 5090 2566 5149 Et
2602 5087 2827 5149 eodem
2861 5086 3054 5149 modo
3091 5086 3452 5171 intelligunt

1881 5182 2062 5243 multi
2113 5180 2285 5243 illam
2337 5180 2664 5262 vulgarem
2711 5180 3194 5260 descriptionem
3260 5198 3445 5259 argu-

1882 5276 2103 5349 menti,
2131 5274 2304 5355 quod
2325 5276 2405 5336 sit
2427 5274 2626 5339 oratio
2649 5274 2744 5338 roi
2770 5274 2964 5337 dubia
2987 5274 3218 5353 faciem
3237 5273 3439 5349 fidens,

1866 5369 2054 5449 -quod
2091 5368 2280 5449 aliqui
2312 5368 2655 5430 extendunt
2701 5368 2890 5429 etiam
2920 5366 3004 5428 ad
3052 5365 3448 5427 demonstra-³

1880 5463 2139 5525 tionem.
2160 5463 2314 5523 Imo.
2343 5461 2610 5538 Alensis,
2629 5462 3068 5523 Bonaventura
3091 5461 3155 5521 et
3167 5456 3440 5531 Gabriel,

1881 5574 2074 5646 supra
2128 5554 2320 5631 citati,
2378 5555 2740 5625 existimant
2787 5553 2978 5621 otiam
3021 5550 3444 5639 cognitionem
