3900 6217
542 389 621 453 32

541 497 733 559 varioe
778 496 1112 578 insurgunt
1160 497 1681 578 comparationes,
1741 496 1907 558 circa
1967 495 2114 557 fidei

541 591 980 671 perfectioneS,
999 610 1158 672 quas
1184 589 1459 653 breviter
1484 590 1845 670 explicaturi
1868 608 2108 651 sumus

623 688 684 749 2.
730 686 905 750 Modi
934 687 1048 749 duo
1078 685 1356 750 credendi
1392 682 1674 766 explicite
1707 688 1765 747 et
1791 682 2108 765 implicite.

540 816 625 831 —
642 783 865 846 Modus
910 780 1190 863 explicite
1241 780 1515 845 credendi
1562 780 1845 843 variatur
1873 782 2114 843 tautum

542 878 865 941 secuudum
896 874 1095 958 mayis
1134 872 1434 938 siminus.
1462 908 1540 918 —
1570 872 1793 936 Modus
1820 872 2116 955 implicite

544 969 819 1033 credendi
842 967 1123 1031 variatur
1149 985 1222 1030 ea:
1248 966 1443 1029 variis
1476 963 1824 1047 principiis.
1847 997 1930 1011 —
1969 964 2115 1027 Pri-

542 1081 657 1125 mo.
684 1094 767 1108 —
789 1060 1087 1125 Secundo.
1111 1092 1187 1105 —
1215 1057 1440 1125 Tertio.
1471 1091 1554 1105 —
1585 1056 1835 1132 Quarto.
1858 1090 1939 1105 —
1957 1059 2114 1138 Sup-

541 1173 708 1235 pono
746 1160 957 1216 autem
997 1154 1259 1215 ulterius
1300 1152 1614 1233 duplicem
1648 1151 1941 1235 distingui
1973 1170 2112 1213 mo-

541 1248 717 1324 dum,
744 1265 866 1328 quo
893 1246 1157 1310 materia
1178 1246 1324 1309 fidei
1356 1246 1524 1309 credi
1555 1251 1789 1326 potest,
1846 1245 2106 1319 scilicet,

544 1341 829 1422 explicite
889 1347 951 1403 et
977 1340 1295 1420 implicite,
1340 1357 1481 1419 quae
1516 1338 1827 1403 distinctio
1866 1337 2000 1400 fere
2030 1338 2113 1400 ad

542 1440 739 1497 totam
764 1433 1092 1497 materiam
1139 1432 1470 1495 deserviet.
1503 1430 1801 1512 Explicite
1826 1432 2110 1509 credere,

542 1528 699 1589 nihil
718 1527 889 1591 aliud
908 1533 1003 1589 est
1030 1545 1224 1607 quam
1248 1526 1503 1588 credere
1536 1525 1772 1605 aliquid
1788 1524 1854 1585 in
1879 1526 2108 1605 seipse,

541 1620 629 1683 ita
685 1628 754 1683 ut
798 1620 953 1683 illud
996 1622 1075 1683 sit
1103 1622 1460 1702 proximum
1508 1621 1822 1699 objectum
1868 1620 1935 1681 in
1987 1638 2112 1699 quo

544 1714 709 1777 cadit
738 1733 1035 1775 assensus
1054 1712 1239 1791 fidei;
1272 1712 1529 1775 credere
1547 1718 1759 1774 autem
1789 1710 2106 1790 implicite,

544 1815 641 1871 est
660 1806 915 1871 credere
940 1808 1007 1868 in
1032 1806 1152 1869 alio
1178 1813 1455 1883 tantum3
1488 1806 1635 1887 quia
1664 1806 1836 1886 quod
1869 1808 1958 1868 sic
1983 1825 2113 1868 cre-

543 1902 734 1978 ditur,
783 1920 1003 1962 revera
1044 1918 1173 1963 non
1208 1901 1628 1981 cognoscitur,
1678 1917 1885 1979 neque
1929 1898 2114 1961 intel-

542 1995 741 2057 lectus
778 1995 1005 2057 format
1040 1994 1364 2075 proprium
1407 1998 1779 2073 conceptum
1828 1990 2112 2073 proposi-

542 2090 753 2163 tionis,
772 2107 910 2170 quee
931 2089 1227 2169 implicite
1252 2092 1496 2151 tantum
1530 2088 1701 2151 credi
1724 2086 1971 2163 dicitur,
2003 2085 2115 2148 sed

544 2182 800 2245 alterius
842 2183 909 2243 in
939 2200 1065 2263 qua
1113 2182 1220 2244 illa
1254 2182 1628 2244 continetur.
1671 2182 1746 2242 Et
1774 2180 1945 2261 prior
1981 2179 2114 2259 qui-

544 2274 691 2339 dem
721 2275 949 2338 medus
980 2275 1179 2337 solum
1228 2276 1507 2337 variatur
1536 2274 1882 2337 secundum
1912 2272 2114 2353 magis

545 2376 608 2431 et
638 2371 869 2445 minus,
917 2376 1229 2449 quatenus
1275 2368 1353 2430 de
1384 2368 1608 2431 eodem
1635 2368 1933 2448 mysterio
1963 2366 2114 2428 fidei

542 2462 799 2525 formari
819 2467 1024 2544 potest
1052 2461 1406 2541 expressior
1447 2467 1809 2541 conceptus,
1854 2460 1954 2522 vel
1995 2459 2114 2520 mi-

544 2575 665 2619 nus
693 2556 1032 2636 perfectuS,
1062 2554 1163 2616 vel
1208 2554 1398 2616 etiam
1428 2560 1739 2633 quatenus
1780 2554 1857 2615 de
1889 2552 2112 2615 eadem

544 2668 612 2710 re
628 2649 862 2711 credita
884 2653 1146 2728 possunt
1159 2647 1339 2729 plura
1359 2648 1459 2709 vel
1478 2648 1773 2729 pauciora
1788 2645 2106 2725 cognosci.

546 2742 608 2807 Si
649 2742 789 2822 quis
816 2747 1027 2803 autem
1056 2748 1224 2805 recte
1270 2741 1648 2817 consideret,
1676 2742 1813 2804 haec
1838 2740 2110 2803 varietas

545 2836 748 2897 solum
780 2834 1081 2910 consistit,
1121 2836 1221 2898 vel
1258 2834 1321 2897 in
1350 2835 1633 2915 pluribus
1666 2834 1906 2897 actibus
1934 2833 2107 2910 fidei,

544 2948 660 3011 per
688 2948 846 3011 quos
900 2929 1242 2992 creduntur
1287 2930 1571 3011 explicite
1612 2936 1673 2991 et
1700 2930 1767 2991 in
1796 2948 1862 2991 se
1896 2930 2109 3010 plures

540 3022 837 3085 veritates
866 3024 1251 3103 pertinentes
1286 3022 1367 3085 ad
1390 3023 1557 3085 idem
1578 3022 1969 3103 mysterium,
1994 3040 2107 3084 seu

541 3117 625 3179 ad
654 3114 945 3179 eamdem
972 3134 1110 3177 rem
1138 3116 1477 3190 creditam3
1506 3116 1606 3177 vel
1634 3121 1800 3178 certe
1830 3116 1879 3177 si
1902 3118 2110 3194 major

543 3216 605 3271 et
632 3210 838 3271 minor
865 3209 1184 3289 expressio
1216 3214 1311 3271 est
1338 3210 1504 3271 circa
1536 3208 1826 3271 eamdem
1851 3208 2106 3270 omnino

539 3301 890 3377 veritatem,
923 3302 1249 3365 diversitas
1291 3302 1492 3382 magis
1521 3305 1617 3363 est
1658 3302 1727 3363 in
1754 3302 2110 3382 apprehen-

540 3396 715 3457 sione
758 3414 951 3475 quam
978 3395 1042 3457 in
1091 3395 1225 3475 ipso
1261 3414 1523 3458 assensu
1550 3394 1721 3471 fidei,
1768 3395 1936 3457 etita
1963 3414 2110 3475 pro-

538 3489 755 3551 venire
783 3495 989 3571 potest
1018 3508 1095 3551 ex
1124 3488 1407 3552 doctrina
1423 3495 1486 3551 et
1505 3488 1809 3551 industria
1832 3489 2108 3551 humana

539 3601 655 3663 per
672 3582 999 3644 scientiam
1023 3582 1415 3664 acquisitam,
1433 3582 1532 3644 vel
1560 3601 1673 3662 per
1691 3582 1916 3644 melius
1934 3582 2110 3663 inge-

537 3676 715 3737 nium
746 3681 855 3737 aut
899 3676 1194 3737 meliores
1226 3676 1487 3756 species.
1520 3674 1598 3737 At
1626 3694 1774 3737 vero
1799 3675 2110 3756 posterior

538 3769 788 3843 moduS,
821 3768 1057 3831 scilicet
1088 3769 1235 3833 fidei
1265 3768 1597 3850 implicitae,
1629 3775 1834 3849 potest
1854 3768 2108 3831 fundari

537 3860 601 3923 in
636 3862 897 3925 diversis
944 3861 1287 3944 principiis.
1322 3863 1525 3925 Primo
1554 3862 1720 3925 enim
1752 3868 2016 3943 possunt
2042 3862 2108 3923 in

534 3974 665 4017 uno
696 3955 931 4017 credito
963 3958 1246 4037 explicite
1281 3955 1405 4018 dici
1433 3956 1553 4018 alia
1582 3956 1875 4036 implicite
1905 3954 2103 4031 credi,

536 4049 779 4111 ratione
810 4049 1035 4129 objecti
1064 4048 1365 4125 formalis,
1409 4048 1473 4110 in
1502 4067 1629 4130 quo
1658 4048 1873 4112 omnia
1904 4048 2106 4112 credi-

534 4142 687 4204 bilia
716 4142 1169 4203 connexionem
1200 4142 1458 4219 habent,
1494 4141 1579 4205 ita
1600 4147 1673 4204 ut
1721 4143 2105 4223 impossibile

537 4237 617 4298 sit
646 4235 903 4298 credere
935 4254 1157 4313 unum,
1191 4234 1337 4317 quia
1366 4236 1535 4297 Deus
1586 4236 1905 4310 revelavit,
1952 4237 2106 4316 quin

536 4329 786 4390 animus
814 4329 893 4390 sit
920 4337 1176 4409 paratus
1228 4329 1310 4392 ad
1339 4329 1653 4393 credenda
1678 4330 1890 4393 omnia
1925 4350 2108 4394 reve-

534 4422 683 4497 lata,
716 4423 767 4485 si
794 4424 1175 4488 sufficienter
1192 4430 1644 4506 proponantur,
1676 4429 1741 4486 et
1762 4442 1837 4485 ea
1864 4424 2109 4487 ratione

536 4517 878 4581 creduntur
918 4518 1250 4599 implicite;
1296 4518 1456 4581 sicut
1511 4537 1546 4581 e
1613 4518 1954 4591 contrario,
2001 4519 2107 4599 qui

533 4616 727 4691 negat
756 4629 950 4673 unum
984 4612 1315 4674 articulum
1343 4610 1513 4687 fidei,
1564 4611 1861 4691 implicite
1915 4617 2109 4692 negat

536 4704 771 4780 omnia,
803 4705 951 4785 quia
984 4723 1113 4767 non
1144 4710 1354 4785 potest
1386 4704 1523 4767 aliis
1551 4724 1664 4786 per
1694 4704 1887 4768 fidem
1910 4706 2108 4769 adhe-

533 4816 701 4876 rere,
736 4797 787 4859 si
821 4798 902 4860 ab
940 4817 1068 4862 uno
1110 4798 1409 4873 discedit;
1466 4800 1565 4861 vel
1592 4799 1751 4861 sicut
1778 4798 1883 4879 qui
1911 4818 2109 4862 unum

536 4896 869 4970 peccatum
914 4890 1202 4971 explicite
1232 4892 1577 4955 detestatur
1601 4898 1861 4973 propter
1879 4893 2106 4969 Deum,

534 4982 762 5047 virtute
782 4990 843 5047 et
864 4983 1159 5065 implicite
1179 4984 1522 5048 detestatur
1538 4984 1769 5045 omnia.
1786 4984 2102 5061 Secundo,

534 5082 740 5159 potest
760 5078 897 5140 haec
920 5077 1219 5159 implicita
1246 5077 1407 5140 fides
1436 5096 1577 5141 esse
1599 5096 1715 5157 per
1732 5079 2104 5141 relationem

536 5169 619 5232 ad
648 5170 806 5233 alios
834 5170 1121 5253 explicite
1164 5171 1494 5234 credentes
1526 5190 1543 5247 ;
1580 5170 1669 5233 sic
1692 5174 1861 5233 enim
1885 5160 2105 5237 fideles

536 5264 849 5345 simplices
878 5264 1171 5327 dicuntur
1202 5265 1461 5328 credere
1486 5266 1696 5327 omnia
1713 5284 1853 5345 quae
1893 5264 2104 5328 Eccle-

536 5357 629 5418 sia
686 5356 925 5433 credit,
982 5358 1083 5420 vel
1136 5376 1276 5439 quae
1334 5358 1612 5439 Apostoli
1675 5358 2099 5435 tradiderunt,

536 5452 822 5531 quamvis
850 5452 954 5513 illa
986 5452 1297 5533 ignorent.
1321 5452 1554 5529 Tertio,
1575 5458 1781 5532 potest
1809 5454 1928 5515 hoc
1956 5472 2106 5516 con-

534 5544 778 5623 tingere
800 5564 877 5607 ex
906 5551 1081 5625 parte
1110 5544 1409 5623 materioe,
1428 5546 1615 5626 idque
1638 5548 1849 5609 multis
1872 5548 2100 5622 modiS,

1202 393 1477 471 ,niseum
1515 393 1577 449 n.
1612 392 1693 449 ΒΕ
1726 392 1991 449 omnem
2023 392 2140 449 SEU
2173 392 2476 449 SUBJECTo
2509 392 2848 447 MATEmALl
2881 388 3062 447 Flam.

2197 496 2430 558 scilicet
2469 494 2569 557 vel
2593 495 2742 575 quia
2767 512 2894 555 una
2923 492 3264 575 propositio
3317 492 3671 557 continetur
3697 492 3764 552 in

2166 590 2340 663 -alia,
2380 594 2680 669 tanquam
2712 586 3028 649 conclusio
3059 587 3124 647 in
3167 586 3496 667 principio,
3527 605 3604 649 ex
3637 604 3764 667 quo

2193 687 2400 764 potest
2450 681 2774 745 evidenter
2813 680 3041 761 colligi,
3097 687 3160 743 et
3208 682 3328 743 hoc
3377 680 3566 743 modo
3585 726 3602 755 ,
3651 681 3766 759 qui

2195 776 2394 838 credit
2414 775 2728 838 Christum
2771 792 2912 837 esse
2937 774 3278 849 hominem,
3309 774 3598 854 implicite
3629 792 3764 837 cre-

2195 870 2286 933 dit
2343 888 2480 933 esse
2526 868 2865 943 visibilem;
2925 868 3025 931 vel
3051 868 3194 949 quia
3245 886 3374 931 una
3419 868 3762 949 propositio

2197 968 2291 1026 est
2320 980 2604 1026 connexa
2624 981 2770 1024 cum
2797 962 2916 1023 alia
2938 962 3000 1023 in
3029 980 3098 1023 re
3125 960 3284 1043 ipsa,
3311 981 3424 1023 seu
3453 981 3565 1043 per
3581 962 3764 1023 iden-

2194 1060 2436 1121 titatem
2467 1056 2581 1133 rei,
2613 1056 2898 1136 quamvis
2923 1056 3226 1118 connexio
3258 1056 3392 1139 ipsa
3411 1074 3537 1118 non
3565 1056 3766 1137 possit

2192 1151 2326 1214 sine
2359 1150 2484 1213 fide
2531 1150 2848 1231 cognosci,
2891 1156 2952 1212 et
2975 1150 3096 1211 hoc
3123 1149 3349 1225 mode,
3409 1150 3514 1229 qui
3563 1148 3764 1211 eredit

2191 1245 2392 1307 Deum
2445 1262 2583 1307 esse
2635 1242 2971 1318 infinitum,
3023 1242 3317 1322 implicite
3371 1242 3568 1305 credit
3619 1260 3760 1303 esse
3868 1302 3869 1323 χ

2191 1338 2458 1411 trinum3
2524 1338 2625 1399 vel
2676 1336 2868 1413 etiam
2906 1335 3282 1416 particulare
3330 1336 3396 1398 in
3425 1335 3764 1397 universali

2198 1430 2594 1511 cognoscitur
2621 1428 2942 1511 implicite,
2995 1432 3067 1490 ut
3093 1447 3208 1510 per
3247 1447 3314 1491 se
3371 1435 3634 1491 constat.
3675 1430 3766 1489 Ac

2196 1521 2470 1603 denique
2503 1522 2796 1585 dicuntur
2845 1521 3139 1601 implicite
3179 1522 3469 1602 cognosci
3503 1523 3766 1585 circum-

2195 1616 2439 1679 stantiae
2469 1616 2754 1697 mysterii
2791 1616 2856 1677 in
2885 1615 3232 1678 substantia
3261 1618 3420 1695 ejuS,
3449 1621 3512 1677 et
3537 1616 3624 1679 ita
3653 1616 3770 1695 qui,

2196 1711 2394 1773 credit
2421 1712 2731 1773 Christum
2757 1730 2894 1777 esse
2923 1710 3410 1791 redemptorem,
3463 1710 3762 1791 implicite

2194 1804 2391 1868 credit
2454 1810 2776 1868 mortuum
2839 1822 2978 1867 esse
3043 1823 3162 1885 pro
3231 1803 3588 1867 hominibus
3621 1849 3638 1879 ,
3697 1810 3766 1865 et

2194 1899 2440 1961 similia.

2278 1996 2337 2055 3.
2370 1990 2595 2057 Prima
2623 1994 2900 2057 assertio.
2920 2028 3003 2043 —
3021 1992 3417 2059 Probatureoe
3440 1992 3661 2058 Paulo.
3680 2023 3763 2037 ——

2193 2086 2356 2151 Item
2381 2104 2453 2149 em
2495 2084 2811 2150 Patribus.
2844 2119 2926 2133 —
2957 2088 3116 2153 Item
3151 2104 3225 2150 ex
3263 2088 3518 2149 ratione.
3546 2118 3618 2131 —
3653 2085 3764 2145 His

2193 2179 2433 2261 positiS,
2467 2178 2807 2241 dicendum
2832 2180 3137 2261 imprimis
3174 2183 3289 2256 est,
3315 2180 3508 2242 fidem
3549 2178 3764 2257 quoad
3870 2242 3871 2245 ,

2196 2272 2610 2335 substantiam
2649 2273 3041 2335 credibilium
3070 2292 3320 2353 semper
3345 2272 3538 2336 fuisse
3597 2292 3766 2335 eam·

2196 2366 2343 2429 dem
2371 2384 2408 2425 a
2437 2364 2742 2449 principio
2778 2368 3026 2445 generis
3054 2366 3317 2429 humani
3346 2385 3546 2447 usque
3567 2385 3763 2429 nunc.

2191 2460 2284 2521 lta
2322 2459 2504 2520 docet
2534 2458 2722 2521 Divus
2768 2460 3042 2522 Thomas
3087 2459 3213 2534 hic,
3241 2460 3415 2523 artic.
3451 2462 3520 2534 7;
3579 2460 3764 2540 Hugo

2192 2553 2271 2614 de
2301 2554 2361 2615 S.
2394 2550 2654 2626 Victor„
2681 2550 2824 2613 libr.
2851 2556 2879 2613 1
2917 2552 2996 2614 de
3027 2554 3441 2627 Sacrament.,
3467 2559 3630 2633 part.
3663 2556 3762 2625 10,

2190 2663 2330 2726 cap.
2378 2646 2418 2706 4
2447 2650 2508 2707 et
2565 2645 3008 2724 sequentibus;
3062 2645 3379 2727 Magister,
3412 2646 3477 2707 in
3519 2649 3580 2721 3,
3636 2645 3764 2706 dis-

2190 2740 2364 2801 tinct.
2413 2740 2511 2814 25,
2571 2738 2680 2799 ubi
2730 2739 3144 2803 communiter
3187 2740 3519 2815 Doctores;
3553 2742 3766 2805 Bona-—

2189 2839 2474 2907 ventura,
2507 2832 2768 2893 articulo
2799 2834 3100 2909 secundo,
3132 2835 3474 2914 quaestione
3505 2835 3710 2915 prima
3741 2855 3758 2907 ;

2191 2926 2505 3001 Albertus,
2537 2926 2794 2988 articulo
2817 2928 3020 3005 primo
3042 2926 3124 2989 ad
3150 2928 3535 3002 secundum3
3559 2930 3728 2991 Scot.
3743 2976 3760 3001 ‚

2187 3020 2492 3095 Durand.,
2513 3018 2883 3095 RicharduS,
2914 3026 2974 3083 et
3000 3022 3126 3095 alii,
3159 3022 3498 3102 quaestione
3520 3022 3758 3102 prima;

2189 3120 2254 3176 et
2278 3114 2544 3187 AlensiS,
2573 3114 2753 3175 tertia
2773 3120 2973 3194 parte,
3002 3116 3344 3194 quaestione
3367 3114 3764 3197 sexagesima

2188 3224 2382 3269 nona.
2406 3208 2481 3268 Et
2507 3206 2809 3287 probatur
2855 3214 3071 3287 aperte
3130 3226 3206 3269 ex
3237 3208 3452 3283 Paulo,
3499 3208 3576 3271 ad
3639 3210 3766 3269 He-

2189 3300 2396 3365 braeos
2423 3306 2486 3363 Η
2501 3349 2522 3379 ,
2555 3302 2686 3377 ubi,
2719 3321 2867 3364 cum
2895 3302 3178 3365 dixisset:
3209 3304 3364 3370 Siue
3393 3306 3513 3385 fide
3537 3307 3768 3389 impe-s-

2188 3396 2360 3461 sibile
2393 3402 2484 3463 est
2524 3396 2769 3479 placere
2813 3398 2957 3472 Deo,
3009 3398 3240 3474 subdit,
3295 3400 3443 3481 quia
3479 3401 3766 3465 acceden-

2189 3494 2306 3553 tem
2353 3490 2437 3554 ad
2458 3491 2673 3565 Dewm,
2705 3497 2936 3573 oportet
2959 3493 3190 3555 credere
3213 3494 3360 3575 quia
3385 3499 3496 3568 est,
3527 3499 3588 3557 et
3615 3494 3768 3575 quia

2187 3589 2606 3647 remunerator
2642 3589 2731 3649 est
2745 3611 2771 3658 ;
2819 3602 2960 3663 quae
2996 3584 3122 3647 duo
3157 3586 3382 3647 virtute
3437 3586 3768 3647 continent

2188 3681 2384 3738 totam
2409 3675 2821 3739 substantiam
2841 3679 3116 3741 materiae
3147 3678 3315 3741 fidei.
3336 3681 3493 3741 Item
3523 3679 3768 3741 ibidem

2188 3765 2428 3844 definit,
2471 3768 2665 3831 fidem
2703 3788 2842 3833 esse
2885 3772 3300 3835 substantiam
3351 3790 3563 3837 rerum
3623 3792 3768 3853 spe-

2187 3861 2567 3938 randarum;
2601 3880 2703 3925 res
2732 3870 2947 3927 autem
2998 3866 3324 3945 sperandae
3348 3884 3600 3947 semper
3627 3866 3772 3929 fue-

2187 3952 2336 4017 runt
2363 3956 2600 4019 eoedem
2635 3958 2984 4019 secundum
3011 3959 3446 4035 substantiam,
3495 3960 3764 4034 scilicet,

2189 4055 2425 4112 aeterna
2464 4048 2804 4129 beatitudO,
2837 4054 2900 4113 et
2935 4071 3075 4133 quae
3119 4052 3202 4115 ad
3242 4053 3414 4115 illam
3439 4060 3766 4135 spectant:

2186 4144 2354 4207 unde
2393 4144 2601 4207 subdit
2642 4144 2876 4207 ibidem
2907 4146 3169 4211 Paulus:
3215 4147 3426 4213 Juoeta
3447 4148 3634 4225 fidem
3663 4151 3772 4211 de-

2181 4238 2387 4319 functi
2409 4243 2554 4302 sunt
2580 4255 2780 4303 omues
2825 4239 2958 4314 isti,
2991 4257 3112 4301 uon
3146 4242 3410 4321 acceptis
3434 4242 3769 4323 repromis-

2191 4332 2480 4407 sionibus,
2511 4324 2618 4397 s‘ed
2632 4350 2670 4396 a
2697 4332 2868 4417 lonye
2889 4350 2989 4397 eas
3007 4333 3390 4417 aspicientes.
3425 4334 3767 4411 Praeterea,

2190 4426 2232 4487 2
2259 4425 2341 4488 ad
2400 4426 2678 4489 Corinth.
2724 4428 2802 4487 4:
2851 4427 3158 4493 Haben-tes
3208 4428 3453 4508 (inquit)
3489 4432 3772 4493 eumdem

2190 4517 2480 4601 spiritwm
2526 4520 2714 4599 fidei,·
2757 4526 2823 4581 et
2847 4520 3123 4601 loquitur
3158 4520 3239 4583 de
3261 4520 3533 4601 antiquis
3568 4521 3773 4583 Patri-

2187 4610 2330 4673 bus,
2363 4612 2534 4675 Facit
2565 4614 2751 4676 etiam
2781 4613 2934 4675 illud
2962 4615 3170 4677 Actor.
3202 4617 3279 4676 4:
3310 4614 3458 4679 Nou
3477 4619 3569 4678 est
3589 4616 3780 4678 aliud

2187 4722 2400 4769 nomeu
2416 4704 2524 4769 sub
2551 4706 2694 4770 coelo
2717 4708 2926 4771 datum
2965 4706 3324 4783 homiuibus,
3355 4706 3422 4770 in
3449 4725 3564 4789 quo
3589 4724 3773 4789 opor-

2190 4802 2318 4864 teat
2343 4817 2451 4864 uos
2469 4800 2669 4863 salvos
2693 4802 2861 4881 fieri}
2877 4800 3045 4864 unde
3070 4807 3316 4864 constat
3327 4800 3519 4865 fidem
3535 4802 3770 4863 Christi

2189 4892 2382 4955 fuisse
2412 4910 2786 4973 semperque
2818 4912 2956 4956 esse
2987 4894 3412 4957 necessariam
3459 4893 3540 4955 ad
3591 4894 3773 4955 salu-

2184 4993 2336 5061 tem,
2371 4993 2442 5050 ut
2467 4986 2698 5049 Paulus
2723 4988 2914 5049 etiam
2945 4989 3254 5069 exposuit,
3303 4990 3510 5051 Actor.
3542 4991 3646 5062 17,
3685 4987 3772 5048 ad

2183 5083 2448 5143 Roman.
2501 5082 2560 5158 3,
2613 5089 2677 5144 et
2732 5081 2814 5145 ad
2853 5082 3043 5145 Hebr.
3102 5084 3179 5158 93
3230 5080 3644 5165 exposuitque
3689 5083 3766 5142 D.

2184 5173 2546 5255 GregoriuS,
2579 5175 2794 5236 homil.
2822 5175 3066 5237 decima
3093 5176 3359 5257 septima
3373 5176 3439 5237 in
3469 5176 3771 5237 Ezechie-

2184 5266 2334 5341 lem,
2353 5268 2836 5331 accommodans
2847 5268 2999 5331 illud
3013 5268 3204 5333 Marc.
3231 5273 3301 5331 11
3329 5290 3344 5329 ε
3363 5268 3460 5332 Et
3475 5266 3582 5351 qui
3591 5288 3772 5351 proe-

2183 5360 2376 5435 ibant,
2427 5366 2485 5425 et
2535 5361 2642 5443 qui
2684 5362 3101 5443 sequebantur,
3133 5380 3333 5426 omues
3369 5362 3728 5427 clamabant
3745 5389 3767 5423 .-

2183 5453 2488 5517 Hosauna
2511 5452 2642 5532 filio
2671 5455 2891 5519 David.
2949 5456 3258 5518 Praeterea
3295 5461 3390 5517 cst
3415 5456 3548 5517 haec
3589 5474 3768 5517 com·

2185 5547 2394 5610 munis
2414 5548 2743 5611 consensio
2764 5551 3112 5626 Patrum‚ut
3131 5556 3372 5613 constat
3397 5568 3473 5611 ex
3488 5551 3760 5629 IrenaeO,
