3900 6217
512 269 631 330 550

513 375 806 438 sonaliter
831 393 1167 456 comparere
1191 375 1386 454 possit
1405 398 1432 448 ;
1470 391 1614 433 nam
1644 373 1693 432 si
1717 388 1829 450 per
1856 387 1918 431 se
1947 388 2076 431 non

515 469 723 548 possit,
756 485 879 526 non
912 468 1152 546 cogitur
1179 485 1289 545 per
1317 467 1535 536 alium,
1567 483 1676 524 seu
1723 481 1830 542 per
1857 480 2078 541 procu·

512 566 782 621 ratorem
817 560 988 619 adire
1031 559 1439 638 superiorem,
1491 563 1562 618 ut
1607 557 1784 616 docet
1821 557 2075 628 Navar.,

511 653 582 713 in
607 652 874 726 Summ.‚
911 653 1108 732 capite
1133 654 1234 723 27,
1269 669 1531 711 numero
1551 651 1654 724 90,
1684 649 1763 710 ad
1793 648 2077 730 quintam

515 745 955 826 quaestionem3
1000 750 1061 804 et
1091 743 1415 821 UgolinuS,
1446 744 1522 803 de
1565 743 1818 803 Censur.
1874 739 2083 800 Ponti-

515 839 620 899 fici
657 844 972 912 reservat„
1006 840 1043 899 3
1075 841 1258 916 part„
1293 853 1424 913 cap.
1457 837 1520 909 2,
1547 835 1660 894 sub
1693 834 1788 895 tit.
1821 834 1896 894 de
1920 833 2081 894 Mor·

514 933 594 991 tis
628 931 912 1006 articulo,
946 937 1161 1008 quaest.
1194 931 1258 1004 4,
1284 948 1351 989 n.
1382 933 1406 988 1
1441 950 1458 1003 ;
1502 935 1563 988 et
1589 929 1880 1000 SanciuS,
1922 923 2077 985 refe·

515 1042 659 1086 rens
702 1022 910 1103 plures
961 1021 1112 1082 alios
1175 1022 1241 1082 in
1285 1040 1460 1083 num.
1500 1023 1595 1082 14.
1641 1021 1719 1080 Et
1763 1019 1921 1079 ratio
1962 1023 2074 1091 est,

515 1119 662 1196 quia
700 1119 845 1193 jura
873 1134 998 1175 non
1029 1116 1358 1193 imponunt
1391 1114 1504 1174 hoc.
1554 1132 1734 1190 onuS,
1765 1119 1834 1172 ut
1878 1111 2078 1172 videri

515 1217 714 1288 potest
739 1210 802 1268 in
828 1207 988 1268 dicto
1031 1227 1163 1287 cap.
1199 1207 1329 1270 Eos
1357 1209 1479 1288 qui,
1514 1212 1576 1268 et
1623 1208 1688 1268 in
1731 1225 1782 1269 c.
1829 1205 1940 1268 ult.
1974 1206 2077 1278 26,

517 1311 736 1384 quaest.
770 1305 832 1377 6,
860 1304 924 1362 in
969 1303 1235 1363 Concilio
1261 1302 1636 1362 Arausicano
1677 1301 1724 1375 1,
1761 1300 1961 1378 capite
1990 1300 2027 1358 2
2056 1315 2077 1373 3

515 1405 607 1458 est
655 1405 862 1457 autem
915 1415 1072 1455 onus
1113 1394 1542 1456 committendi
1598 1395 1714 1455 hoc
1751 1391 2079 1472 negotium

512 1493 713 1552 tertiae
755 1507 1029 1570 personae
1079 1489 1258 1549 valde
1289 1506 1476 1566 grave
1509 1534 1525 1564 ,
1575 1495 1638 1549 et
1689 1506 1814 1548 non
1865 1503 2081 1546 carens

513 1584 787 1664 periculo
830 1581 1101 1643 infamiae
1149 1581 1216 1641 in
1257 1600 1325 1642 re
1372 1581 1768 1659 gravissima,
1817 1580 2079 1658 ideoque

515 1695 640 1738 non
671 1681 764 1737 est
789 1675 919 1735 sine
948 1683 1202 1752 cogente
1236 1673 1378 1754 jure
1420 1673 1888 1752 imponendum.

595 1771 696 1830 26.
742 1767 840 1830 An
889 1768 1161 1846 facultas
1212 1766 1464 1829 artc‘cuii
1507 1768 1721 1831 mortis
1785 1768 2081 1830 extensio-

513 1880 644 1924 nem
669 1863 1074 1925 admittat.—
1093 1858 1381 1923 Auctore-5
1407 1863 1547 1924 hinc
1578 1860 1713 1922 inde
1739 1859 1957 1940 opinari
1968 1863 2075 1922 tes.

513 1989 597 2004 —
620 1955 781 2028 Quid
804 1955 1193 2017 sentiendum.
1229 1985 1306 2000 —
1327 1953 1581 2026 Ultim0‚
1611 1951 1882 2012 dubitari
1927 1951 2082 2011 solet

515 2067 595 2108 au
637 2045 772 2107 haee
800 2047 1125 2107 necessitas
1153 2045 1396 2106 articuli
1445 2045 1660 2105 mortis
1685 2051 1858 2105 extra
1901 2045 2078 2104 illum

517 2138 903 2200 extendenda
934 2139 1010 2198 sit
1047 2138 1248 2217 quoad
1279 2137 1414 2197 illas
1437 2155 1724 2216 personas
1751 2155 1915 2215 quae,
1949 2154 2081 2197 mo-

516 2232 728 2292 raliter
779 2229 1088 2310 loquendo
1114 2276 1133 2305 ,
1185 2236 1516 2291 censentur
1553 2235 1850 2309 perpetuo
1885 2231 2077 2308 impe-

516 2323 684 2398 ditoe,
717 2323 816 2384 vel
858 2329 1104 2401 propter
1151 2322 1558 2384 incurabilem
1617 2322 2075 2401 aegritudinem,

515 2422 624 2477 aut
667 2415 1090 2476 membrorum
1128 2415 1448 2476 loesionem
1477 2462 1499 2492 ,
1535 2421 1643 2476 aut
1684 2415 1947 2476 nimiam
1988 2433 2081 2476 se·

516 2515 861 2582 nectutem,
907 2509 1006 2570 vel
1049 2515 1500 2589 paupertatem,
1532 2511 1620 2570 ita
1668 2515 1740 2569 ut
1787 2509 1960 2570 nulla
2004 2511 2083 2570 sit

517 2600 767 2662 moralis
796 2620 954 2682 speS,
991 2604 1156 2681 quod
1187 2621 1298 2683 per
1323 2621 1386 2662 se
1413 2620 1768 2682 comparere
1797 2602 2083 2682 aliquan-

522 2695 602 2756 do
630 2701 776 2755 ante
821 2700 1082 2755 mortem
1111 2694 1378 2756 valeant.
1415 2697 1590 2759 Tunc
1620 2694 1787 2754 enim
1829 2695 2084 2774 perinde

525 2806 590 2848 se
625 2785 860 2847 habent
887 2786 1086 2867 quoad
1113 2788 1543 2866 impotentiam
1581 2787 1846 2849 adeundi
1879 2789 2085 2848 Ponti·

493 2878 698 2940 ·ficem
719 2925 739 2956 ,
772 2898 843 2940 ac
879 2880 930 2940 si
985 2886 1188 2940 essent
1214 2880 1282 2940 in
1327 2881 1583 2942 articulo
1628 2879 1846 2941 mortis
1868 2897 1886 2957 ;
1933 2879 2083 2958 ergo

515 2973 756 3034 inutilis
793 2979 884 3035 est
921 2974 1262 3051 expectatio
1298 2973 1465 3033 illius
1494 2973 1773 3047 articuli,
1826 2979 1886 3034 et
1932 2973 2083 3034 alio-

517 3067 670 3145 quin
721 3067 838 3127 erit
892 3065 1289 3126 utilissimum
1344 3066 1550 3125 statim
1609 3065 1848 3126 absolvi
1867 3081 1886 3142 ;
1931 3083 2083 3142 ergo

513 3158 836 3220 moraliter
887 3158 1134 3219 videtur
1197 3159 1612 3238 reputandum
1679 3163 1874 3219 totum
1927 3158 2083 3219 illud

515 3259 781 3329 tempus
810 3269 883 3312 ac
912 3253 964 3311 si
989 3251 1118 3330 Jam
1146 3269 1312 3313 mors
1339 3252 1614 3312 instaret.
1648 3251 1950 3312 Curenim
1976 3251 2079 3312 ille

515 3344 707 3405 homo
737 3351 910 3405 tanto
942 3350 1221 3423 tempore
1263 3344 1650 3404 absolutione
1679 3343 1908 3404 carebit
1947 3344 2080 3405 sine

516 3438 768 3498 fructu?
811 3437 1076 3498 Dubium
1119 3437 1237 3498 hoc
1269 3433 1541 3497 tractant
1579 3438 1863 3497 Doctores
1895 3454 2081 3515 gene-

517 3529 730 3592 raliter
776 3529 852 3590 de
881 3529 1122 3590 casibus
1155 3531 1478 3590 reservatis
1505 3529 1808 3604 Pontifici,
1837 3535 1899 3590 et
1926 3547 2082 3608 prae-

517 3623 727 3684 sertim
772 3622 848 3682 de
876 3623 1123 3683 Casibus
1169 3623 1359 3684 Bullae
1398 3623 1622 3698 Coenae,
1653 3630 1723 3684 ut
1751 3623 1945 3684 videri
1977 3643 2083 3703 po-

518 3719 636 3775 test
664 3713 730 3775 in
759 3714 1037 3791 covarr„
1078 3717 1144 3776 in
1187 3734 1324 3794 cap.
1357 3715 1540 3778 Alma
1570 3721 1785 3788 mater,
1820 3718 1850 3778 1
1889 3723 2080 3792 part„

517 3805 556 3886 ξ
587 3809 686 3880 11,
715 3825 892 3869 num.
929 3810 1041 3885 153
1084 3809 1305 3869 Navar.
1330 3853 1348 3882 ‚
1379 3809 1578 3887 capite
1621 3811 1722 3883 27,
1755 3827 1818 3868 n.
1859 3811 1945 3870 89
1966 3830 1983 3882 3
2022 3813 2084 3869 et

523 3899 802 3977 Ugolin„
831 3919 1053 3980 supra,
1103 3900 1218 3959 sub
1277 3900 1438 3960 dicto
1495 3901 1705 3974 titulo,
1750 3901 1826 3962 de
1873 3901 2085 3963 Mortis

523 3998 670 4066 art.,
701 3992 738 4072 ἓ
767 3995 847 4067 4;
882 4000 944 4053 et
991 3993 1236 4067 Sanci0,
1269 3992 1434 4054 dicto
1476 4011 1610 4071 cap.
1642 3995 1756 4069 13,
1797 4012 1974 4055 num.
2007 3995 2085 4055 36

526 4091 588 4145 et
619 4087 721 4160 37,
750 4088 856 4164 qui
908 4085 1058 4147 alios
1091 4084 1368 4146 referunt
1414 4087 1579 4145 inter
1613 4103 1676 4146 se
1722 4085 2085 4147 dissentien-

517 4185 654 4255 tes;
698 4196 846 4239 nam
885 4178 1140 4257 quidam
1187 4184 1422 4255 negant
1453 4177 1518 4238 id
1548 4177 1681 4240 fieri
1729 4197 1928 4258 posse,
1962 4177 2083 4238 nisi

517 4271 586 4331 in
616 4272 856 4332 casibus
877 4291 913 4330 a
931 4273 1069 4349 jure
1099 4272 1433 4351 expressis,
1466 4271 1570 4332 alii
1603 4289 1746 4332 vero
1771 4271 2086 4330 affirmant

518 4363 582 4423 id
612 4364 748 4425 fieri
776 4383 989 4444 posse,
1034 4382 1160 4425 non
1206 4373 1412 4424 tamen
1451 4383 1488 4423 a
1535 4364 1810 4442 quolibet
1851 4363 2084 4424 confes·

523 4475 682 4530 sore,
718 4457 824 4518 sed
853 4464 1096 4517 tantum
1122 4456 1200 4517 ab
1225 4457 1542 4535 EpiscopO,
1570 4456 1668 4516 cui
1689 4457 1789 4534 jus
1826 4456 1890 4516 id
1919 4474 2083 4516 com-

517 4549 710 4610 mittit
756 4551 822 4610 in
852 4549 1167 4629 aliquibus
1194 4549 1458 4625 casibus,
1489 4551 1829 4628 praesertim
1859 4551 1922 4609 in
1955 4550 2082 4609 vio-

514 4639 685 4701 lenta
731 4661 1030 4702 manuum
1085 4641 1419 4721 injectione
1476 4641 1543 4701 in
1595 4640 1884 4723 clericum
1925 4656 1946 4718 ;
2019 4647 2081 4702 et

518 4733 664 4797 inde
700 4735 977 4797 inferunt
1003 4735 1424 4796 extensionem
1466 4735 1539 4794 ad
1591 4735 1863 4815 reliquos
1904 4753 2077 4794 casus

517 4836 770 4908 propter
789 4827 1260 4888 similitudinem
1283 4827 1562 4904 rationis,
1583 4828 1679 4888 vel
1711 4845 1786 4888 ex
1805 4827 2073 4906 quadam

519 4921 811 5000 aequitate
859 4921 1174 4994 naturali,
1215 4939 1321 4981 seu
1371 4919 1776 4981 ecclesiastica
1822 4922 2071 4999 pietate.

516 5013 959 5074 Verumtamen
995 5013 1238 5074 omissis
1281 5012 1417 5072 aliis
1456 5012 1720 5087 casibuS,
1752 5014 1858 5091 qui
1906 5029 2076 5072 nunc

513 5106 594 5166 ad
627 5124 738 5167 nos
763 5127 888 5167 non
917 5107 1253 5185 pertinent,
1277 5106 1344 5167 in
1373 5105 1552 5185 culpa
1577 5115 1638 5166 et
1664 5122 1920 5166 censura
1948 5102 2075 5165 hae-

513 5200 664 5260 resis
690 5199 976 5260 existimo
1030 5218 1157 5260 non
1201 5217 1332 5260 esse
1379 5199 1797 5260 extensionem
1854 5197 2075 5258 admit-

513 5293 788 5354 tendam.
810 5295 887 5354 Et
912 5294 1218 5374 imprimis
1245 5293 1407 5372 quod
1441 5291 1733 5354 ordinarii
1767 5292 2074 5352 confesso-

510 5403 608 5447 res
640 5385 758 5448 boc
800 5387 1000 5449 facere
1045 5405 1178 5449 non
1207 5387 1462 5466 possint,
1495 5405 1533 5446 a
1577 5384 1816 5448 fortiori
1867 5385 2073 5465 sequi-

1239 273 1473 326 msru'r.
1511 273 1638 324 xxi.
1677 272 1755 323 DE
1791 269 1995 322 POENlS
2028 269 2490 322 SPlRlTUALlBUS
2522 267 2995 321 HAEREthonum.

2159 375 2263 428 tur
2307 385 2384 431 ex
2430 368 2710 430 doctriua
2746 367 3084 428 communi.
3126 367 3203 426 Et
3240 367 3393 428 ratio
3420 374 3520 440 est,
3548 373 3669 448 quia

2153 462 2255 540 jus
2293 468 2352 522 et
2378 461 2557 522 Bulla
2590 464 2792 523 Coenae
2824 460 3020 520 solum
3052 459 3363 538 excipiunt
3382 463 3671 524 articulum

2160 555 2419 615 mortis:
2463 573 2610 634 ergo
2658 553 2784 614 n‘on
2840 553 2983 614 licet
3026 553 3440 612 extensionem
3486 554 3672 630 facere,

2162 665 2302 708 cum
2366 666 2566 726 neque
2620 647 2947 708 necessitas
2992 645 3248 706 alterius
3298 647 3566 724 temporis
3616 650 3678 710 sit

2162 740 2440 820 aequaliS,
2458 759 2659 820 neque
2688 740 2838 800 alibi
2858 737 2997 800 talis
3019 744 3287 818 potestas
3314 739 3679 803 sacerdotibus

2162 836 2492 896 tribuatur.
2526 834 2783 906 Deinde,
2813 834 2978 894 idem
3009 832 3339 894 dicendum
3382 849 3577 894 cemeo
3618 837 3679 896 de

2162 929 2485 1008 Episcop0,
2510 927 2913 1008 supponendo
2939 926 3111 986 illam
3134 926 3519 1001 sententiam,
3545 929 3679 1006 quod

2158 1021 2438 1095 facultaS‚
2472 1021 2565 1081 illi
2602 1021 2745 1081 data
2774 1021 2842 1080 in
2874 1019 3167 1093 Concili0,
3206 1019 3287 1079 sit
3314 1025 3594 1080 revocata.
3622 1023 3682 1080 Et

2161 1114 2251 1174 ita
2293 1133 2370 1174 ex
2407 1115 2469 1174 vi
2498 1115 2656 1192 juris
2702 1113 3053 1174 communis
3108 1111 3301 1172 sensit
3330 1113 3520 1184 Sotus,
3546 1113 3603 1172 in
3631 1116 3681 1188 4,

2163 1206 2431 1267 distinct.
2470 1210 2571 1282 22,
2608 1212 2824 1285 quaest.
2874 1207 2913 1266 2
2947 1252 2963 1278 ,
3020 1209 3137 1266 art.
3194 1205 3270 1278 3,
3326 1205 3393 1264 in
3453 1203 3602 1281 fine3
3638 1213 3689 1266 et

2163 1301 2419 1361 Saucius
2444 1319 2635 1378 supra
2662 1317 2803 1360 cum
2829 1298 2991 1373 aliis,
3013 1298 3160 1376 quia
3186 1298 3350 1358 ratio
3374 1295 3525 1356 facta
3544 1315 3687 1376 aeque

2160 1395 2227 1455 in
2255 1395 2555 1473 Episcopo
2594 1393 2901 1474 procedit,
2950 1391 3293 1470 praesertim
3338 1391 3480 1468 quia
3522 1409 3687 1470 neque

2160 1505 2231 1547 ex
2282 1486 2595 1564 generali,
2649 1503 2850 1565 neque
2903 1504 2976 1546 ex
3024 1483 3279 1563 speciali
3338 1484 3685 1544 concessione

2159 1580 2321 1640 facta
2362 1581 2661 1660 Episcopo
2702 1581 2767 1640 in
2810 1579 2946 1639 aliis
2976 1578 3242 1651 casibuS,
3276 1581 3474 1656 potest
3504 1577 3571 1636 ad
3610 1595 3685 1638 ca·

2160 1692 2297 1734 sum
2338 1672 2587 1732 haeresis
2632 1671 2769 1732 fieri
2810 1677 3281 1747 argumentum,
3323 1673 3557 1747 propter
3580 1687 3685 1749 spe·

2162 1767 2494 1828 cialitatem
2543 1766 2698 1843 ejuS,
2738 1765 2919 1841 juxta
2958 1781 3147 1840 supra
3188 1764 3380 1822 dicta.
3420 1762 3529 1835 Qui
3565 1781 3683 1840 ergo

2162 1861 2227 1920 in
2258 1858 2364 1918 illo
2400 1865 2563 1918 statu
2600 1857 2967 1918 constitutus
2994 1855 3263 1916 voluerit
3305 1860 3449 1915 ante
3486 1857 3685 1934 pericu·

2164 1952 2291 2011 lum
2343 1952 2561 2010 mortis
2594 1950 2853 2020 absolvi,
2886 1966 3131 2010 neccsse
3178 1953 3271 2008 est
3296 1953 3366 2007 ut
3391 1947 3487 2008 vel
3520 1967 3683 2010 coram

2161 2043 2633 2122 Inquisitoribus
2675 2043 2857 2102 modo
2886 2059 3073 2120 supra
3098 2041 3269 2101 dicto
3310 2039 3533 2100 occulte
3558 2057 3688 2098 com-

2158 2147 2395 2216 pareat,
2427 2137 2525 2196 vel
2567 2155 2677 2215 per
2705 2135 2869 2194 viam
2902 2139 3197 2194 secretam
3229 2178 3248 2209 ,
3292 2139 3358 2193 et
3394 2133 3569 2192 tacito
3600 2151 3687 2192 no·

2160 2231 2327 2293 mine
2353 2229 2697 2291 remedium
2726 2247 2765 2288 a
2794 2227 3085 2288 Pontifice
3117 2227 3425 2287 obtineat.

2788 2470 3000 2524 SEc'rto
3036 2471 3092 2522 V.

2164 2666 2256 2728 De
2292 2664 2440 2727 aliis
2459 2663 2659 2745 panis
2703 2659 3123 2740 spiritualibus
3154 2677 3292 2741 quae
3329 2665 3567 2744 propter
3602 2660 3693 2722 λα-
3803 2625 3804 2700 3

2622 2755 2811 2819 resim
2838 2755 3268 2818 incurrantur.

2245 2984 2306 3040 1.
2347 2981 2438 3042 De
2488 2997 2666 3058 poena
2721 2975 3231 3060 irreynzaritatis.
3279 3009 3362 3019 —-
3414 2975 3539 3039 Una
3584 2974 3691 3052 ejus

2158 3090 2334 3153 pars.
2387 3106 2464 3116 —
2517 3067 3187 3132 Exeommunicationis
3239 3083 3487 3146 poenam
3540 3065 3689 3145 paulo

2162 3167 2359 3227 fusius
2399 3161 2728 3238 declaravi,
2776 3163 2920 3241 quia
2966 3161 3333 3222 universalis
3384 3165 3495 3235 est,
3540 3165 3593 3219 et
3630 3159 3689 3217 ad

2160 3259 2365 3320 forum
2422 3256 2801 3338 poenitentiae
2858 3255 3129 3316 maxime
3198 3253 3505 3333 pertinet;
3556 3269 3690 3312 nunc

2160 3351 2411 3413 brevius
2438 3359 2693 3411 caeteras
2724 3347 3071 3428 spirituales
3106 3363 3324 3427 poenas
3356 3363 3689 3424 percurram,

2159 3452 2293 3505 tum
2338 3455 2587 3524 propter
2626 3441 2921 3522 temporis
2962 3441 3309 3518 angustias,
3358 3447 3486 3498 tum
3538 3438 3689 3498 etiam

2164 3537 2313 3616 quia
2350 3537 2560 3597 minus
2604 3532 2983 3594 universales
3026 3541 3194 3607 sunt,
3227 3539 3292 3594 et
3336 3530 3527 3608 magis
3560 3529 3691 3606 judi·
3802 3513 3804 3598 3

2164 3629 2372 3691 ciales.
2416 3631 2558 3690 Post
2598 3625 3307 3688 excommunicationem
3348 3641 3490 3701 ergo
3528 3621 3693 3702 prima
3803 3613 3804 3636 ¹

2164 3740 2349 3803 poena
2382 3727 2473 3782 est
2498 3719 2944 3798 irregularitas,
2974 3717 3051 3778 de
3083 3735 3209 3796 qua
3242 3715 3505 3777 dubitari
3528 3718 3694 3792 posset

2164 3822 2413 3895 propter
2454 3813 2805 3894 generalem
2853 3810 3138 3887 regulam
3165 3811 3347 3888 juris,
3380 3808 3535 3887 quod
3568 3807 3693 3868 im·
3802 3805 3804 3830 ⁴

2164 3909 2469 3992 qularitas
2497 3925 2617 3969 non
2643 3904 3010 3978 incurritur,
3032 3903 3157 3964 nisi
3185 3904 3255 3965 in
3282 3902 3507 3966 casibus
3531 3919 3563 3963 a
3573 3899 3691 3978 jure

2167 4001 2470 4082 expressis
2492 4025 2517 4072 ;
2566 3998 2669 4059 hic
2715 4003 2923 4057 autem
2973 4013 3147 4055 casus
3200 4013 3331 4055 non
3376 3993 3600 4052 videtur
3638 3991 3687 4048 in

2165 4095 2301 4172 iure
2336 4109 2682 4171 expressuS.
2706 4087 3125 4150 Nihilominus
3152 4087 3482 4147 dicendum
3509 4090 3587 4144 est
3604 4099 3689 4162 per

2164 4185 2447 4246 haeresim
2477 4183 2685 4242 statim
2728 4182 2861 4262 ipso
2894 4181 3037 4258 jure
3066 4178 3203 4240 fieri
3232 4179 3539 4240 hominem
3572 4177 3689 4236 irre·

2166 4279 2469 4356 gularem,
2501 4282 3075 4354 quantumcumque
3108 4273 3188 4330 sit
3221 4269 3467 4332 haeresis
3498 4287 3593 4349 per
3612 4286 3685 4326 ac·

2164 4370 2371 4431 cidens
2413 4367 2670 4429 occulta.
2714 4367 2845 4428 Hoc.
2884 4365 3004 4424 late
3038 4363 3296 4444 probavi
3338 4359 3687 4442 expendendo

2160 4463 2324 4542 jura,
2365 4463 2431 4520 in
2477 4466 2646 4520 tomo
2698 4457 2939 4538 quinte,
2988 4456 3404 4536 disputatione
3452 4455 3543 4526 43,
3584 4468 3685 4511 sec-

2158 4554 2328 4614 tione
2356 4553 2582 4633 prima,
2614 4553 2689 4611 ad
2720 4569 2905 4630 quem
2940 4549 3143 4609 locum
3173 4547 3430 4610 lectores
3455 4545 3682 4607 remitto.

2159 4647 2236 4706 Et
2260 4645 2459 4706 videri
2490 4645 2680 4706 etiam
2710 4647 2909 4722 potest
2939 4643 3171 4716 Penna,
3204 4643 3243 4702 3
3273 4646 3426 4720 part.
3458 4639 3683 4700 Directo-

2156 4739 2258 4815 rii,
2304 4743 2638 4798 comment.
2688 4737 2842 4810 162;
2889 4737 3109 4808 Sanc.,
3152 4733 3299 4794 libr.
3333 4733 3372 4793 2
3416 4725 3681 4802 Decalogi.

2154 4849 2289 4911 cap.
2347 4833 2423 4894 25
2442 4847 2463 4908 3
2520 4830 2831 4902 Farinac.,
2883 4825 2958 4888 de
3012 4827 3270 4900 Haeresi,
3318 4829 3521 4904 quoest.
3566 4821 3679 4888 189,

2154 4943 2330 4986 num.
2365 4927 2468 4996 43,
2496 4929 2558 4984 et
2585 4928 2799 5002 quaest.
2831 4922 2973 4994 19-2,
3006 4937 3043 4978 a
3074 4938 3137 4978 n.
3170 4921 3281 4996 673
3318 4926 3378 4978 et
3402 4914 3681 4988 Mendoca,

2155 5014 2297 5076 libr.
2330 5017 2363 5076 3
2396 5016 2473 5076 ad
2510 5015 2848 5090 Concilium
2877 5011 3229 5084 Elibertin.,
3256 5029 3383 5089 cap.
3410 5009 3485 5069 28
3508 5012 3565 5066 et
3597 5005 3681 5076 29,

2158 5128 2235 5170 ex
2264 5128 2388 5188 quo
2423 5109 2713 5182 Concili0,
2736 5125 2877 5167 can.
2912 5108 2979 5166 5¹
2997 5151 3015 5178 ,
3046 5111 3253 5165 nostra
3282 5102 3519 5163 assertio
3540 5095 3683 5158 colli·

2154 5201 2345 5281 gitur,
2377 5208 2440 5262 et
2466 5219 2542 5261 ex
2584 5199 2762 5260 Bulla
2792 5197 3122 5260 Clementis
3166 5197 3268 5256 Vll
3297 5212 3472 5272 supra
3497 5191 3675 5251 citata.

2154 5295 2229 5356 Et
2255 5293 2605 5354 declaratur
2638 5291 2934 5364 breviter,
2958 5307 3108 5349 nam
3140 5288 3271 5348 haee
3298 5281 3678 5362 irregularitas

2154 5387 2222 5450 in
2252 5385 2493 5449 duabus
2532 5384 2811 5466 partibus
2854 5381 3151 5443 consistit.
3182 5381 3380 5442 Prima
3411 5383 3495 5438 est
3525 5372 3675 5436 inho.
