3900 6217
579 376 658 440 30

579 489 768 560 trum,
817 480 920 543 vel
951 482 1098 563 qnia
1149 484 1314 545 circa
1340 484 1482 545 flios
1516 504 1646 547 non
1685 488 1866 545 erant
1909 486 2141 543 exortae

577 577 872 651 hoereses,
901 576 1004 638 vel
1027 576 1188 637 forte
1229 578 1377 657 quia
1424 596 1552 639 non
1591 584 1688 639 est
1713 574 2143 638 necessarium

579 671 842 751 singulis
903 669 1194 732 fidelibus
1256 672 1358 733 illa
1418 671 1782 750 explicatius
1840 668 2095 730 credere
2123 714 2138 740 ,

579 782 774 843 quam
837 764 1272 825 contineantur
1339 765 1406 844 in
1459 762 1736 825 articulis
1797 762 1879 823 de
1940 765 2141 823 morte

579 858 822 930 Christi,
863 862 924 919 et
967 857 1046 918 de
1089 856 1382 919 Ecclesiae
1411 858 1736 919 sanctitate
1785 861 1848 917 et
1877 855 2139 928 unitate,

579 957 648 1013 ut
675 950 931 1012 tractavi
953 952 1179 1029 partim
1205 950 1271 1010 in
1299 952 1338 1011 2
1361 957 1530 1012 tomo
1563 950 1763 1012 tertiae
1796 954 1987 1030 part.,
2014 948 2143 1009 dis-

577 1048 774 1123 putat.
807 1046 909 1115 43,
942 1043 1169 1122 partim
1199 1044 1364 1103 infra
1405 1042 1780 1117 videbimuS,
1811 1038 2141 1103 tractando

575 1136 657 1199 de
684 1136 1010 1217 praeceptis
1029 1135 1174 1197 tidei
1201 1136 1265 1196 in
1287 1139 1328 1198 2
1355 1142 1515 1216 part.
1548 1134 1793 1209 morali,
1840 1135 2137 1215 disputat.

577 1232 677 1304 13,
725 1236 874 1291 sect.
934 1230 994 1290 6.
1057 1229 1154 1290 Ad
1196 1229 1735 1291 confirmationem
1777 1235 1989 1289 autem
2060 1227 2139 1288 de

579 1323 904 1385 existentia
957 1327 1020 1384 et
1042 1322 1434 1402 providentia
1471 1322 1609 1395 Dei,
1639 1324 1709 1382 D.
1741 1322 2015 1382 Thomas
2046 1321 2143 1381 in-

577 1415 741 1479 dicat
757 1416 912 1489 haec,
945 1433 1084 1494 quae
1118 1416 1387 1477 naturali
1415 1415 1652 1475 lumine
1675 1415 1969 1494 cognosci
1992 1432 2141 1493 pos-

577 1516 725 1571 sunt
749 1509 828 1570 de
865 1511 1020 1581 Dec,
1051 1526 1179 1568 non
1218 1508 1364 1587 poni
1393 1508 1458 1567 in
1497 1506 1648 1574 fide,
1687 1506 1800 1567 sed
1842 1506 2133 1587 supponi.

582 1605 772 1667 Recte
801 1620 949 1663 vero
973 1601 1094 1662 dici
1117 1598 1346 1681 potest,
1363 1604 1564 1663 Deum
1590 1618 1728 1662 esse
1751 1600 1899 1661 satis
1928 1601 2138 1661 doceri

579 1698 644 1759 in
673 1696 977 1777 principio
1032 1695 1334 1775 Symboli,
1387 1714 1528 1757 cum
1581 1695 1846 1755 dicimus
1879 1694 2139 1755 credere

575 1792 860 1851 inunum
892 1790 1092 1850 Deum
1130 1790 1378 1851 Patrem
1425 1789 1938 1868 omnipotentem,
1988 1804 2139 1847 nam

575 1884 629 1946 si
672 1886 840 1945 Deus
861 1888 954 1943 est
979 1900 1166 1957 unnS,
1199 1882 1472 1942 maxime
1498 1888 1626 1954 est3
1681 1880 1882 1942 Deum
1925 1886 2139 1941 autem

575 1996 713 2040 esse
733 1982 1296 2049 remuneratorem,
1329 1975 1479 2035 satis
1527 1974 1815 2054 specifice
1857 1973 2141 2035 contine·—

569 2077 673 2134 tur
701 2070 1070 2132 in·articulo
1119 2067 1198 2129 de
1232 2068 1468 2149 judicio
1521 2068 1731 2129 futuro
1791 2073 1854 2129 et
1891 2067 1970 2129 de
2008 2069 2137 2129 vita

574 2170 833 2226 aeterna.
859 2163 1139 2241 Denique
1169 2162 1250 2223 de
1293 2163 1590 2241 mysterio
1620 2160 2025 2221 Eucharistiae
2050 2160 2140 2221 di-

575 2258 658 2319 cit
701 2258 776 2319 D.
808 2257 1080 2317 Thomas
1107 2256 1168 2315 2.
1199 2256 1262 2327 2,
1315 2260 1532 2333 quaest.
1571 2257 1627 2327 1,
1661 2254 1835 2315 artic.
1877 2254 1940 2328 8,
1970 2252 2054 2313 ad
2070 2254 2133 2327 6,

574 2350 1098 2430 comprehensum
1125 2347 1316 2407 fuisse
1353 2346 1472 2407 sub
1510 2346 1961 2425 omnipotentia
1998 2344 2133 2419 Dei,

571 2446 676 2507 vel
703 2443 822 2505 sub
847 2442 1147 2523 mysterio
1168 2440 1656 2514 Incarnationis3
1683 2440 1798 2501 sed
1815 2441 1934 2501 hoc
1957 2439 2137 2501 valde

573 2537 940 2618 implicitum
983 2542 1100 2611 est,
1134 2552 1280 2597 cum
1325 2540 1537 2595 tamen
1591 2538 1875 2615 oporteat
1900 2538 2141 2613 myste-

573 2632 740 2691 rium
769 2629 924 2691 illud
953 2629 1240 2708 explicite
1269 2627 1549 2700 cre-dere,
1585 2632 1650 2688 ut
1681 2626 1808 2687 dixi
1837 2626 2147 2705 disputat.-

571 2724 652 2785 46
697 2722 776 2784 de
829 2723 1242 2794 Sacrament.,
1300 2724 1451 2781 sect.
1500 2724 1559 2792 1,
1597 2719 1663 2779 in
1701 2718 1852 2791 fine,
1905 2724 1964 2779 et
1992 2718 2136 2781 ideo

574 2819 737 2882 addo
763 2817 827 2879 in
857 2816 1156 2897 symbolis
1174 2815 1380 2896 posita
1405 2832 1544 2877 esse
1585 2832 1724 2893 quae
1745 2831 1861 2893 per
1893 2832 1962 2874 se
1994 2832 2139 2893 per-

571 2912 773 2975 tinent
795 2911 876 2973 ad
909 2910 1331 2989 cognitionem
1361 2908 1476 2969 Dei
1515 2913 1576 2969 et
1603 2908 1849 2981 Christi,
1879 2910 2136 2986 propter

572 3004 1044 3085 perfectionem,
1091 3009 1153 3063 et
1193 3000 1618 3063 obedientiam
1663 3000 2039 3072 intellectus,
2073 3005 2137 3061 et

571 3104 828 3180 propter
855 3094 1230 3159 firmandam
1259 3112 1472 3181 spem,
1489 3098 1552 3154 et
1576 3090 1969 3155 excitandam
1996 3093 2140 3154 cha-

571 3194 861 3266 ritatem3
914 3195 1143 3270 praeter
1180 3188 1288 3249 illa
1334 3205 1484 3249 vero
1525 3188 1955 3248 necessarium
1998 3202 2136 3249 esse

573 3302 954 3366 cognoscere
1019 3288 1081 3345 et
1129 3282 1386 3343 credere
1441 3281 1638 3341 multa
1693 3280 1816 3341 alia
1880 3283 2139 3359 propter

572 3378 988 3459 operandum,
1052 3392 1193 3454 quae
1249 3392 1380 3436 non
1419 3374 1674 3434 fuerunt
1705 3373 1772 3434 in
1835 3372 2135 3452 symbolis

569 3474 814 3555 posita3
869 3478 933 3533 et
975 3470 1117 3531 ideo
1147 3474 1379 3549 praeter
1425 3466 1732 3546 symbola,
1776 3466 2136 3527 necessaria

571 3573 668 3630 est
707 3566 968 3629 scientia
996 3570 1474 3645 praeceptorum,
1521 3560 1602 3621 ad
1643 3578 1836 3641 quam
1863 3561 2137 3640 pertinet

569 3662 890 3723 instructio
930 3660 1094 3721 circa
1133 3660 1528 3719 sacramenta
1563 3655 1946 3729 necessaria,
1976 3672 2137 3732 quo—-

567 3772 712 3817 rum
739 3772 940 3816 unum
963 3759 1056 3815 est
1083 3749 1494 3824 Eucharistia‚
1521 3748 1680 3810 sicut
1705 3747 1892 3809 etiam
1917 3747 2136 3809 notitia

568 3849 876 3914 Orationis
915 3846 1272 3909 Dominicae.

647 3946 748 4007 10.
793 3942 1018 4006 Prima
1067 3937 1356 4005 assertio:
1401 3938 1760 4020 Symbolum
1804 3939 1964 4001 recte
2002 3952 2137 4000 con-

567 4045 732 4104 stare
776 4054 852 4102 σω
899 4034 1206 4100 articulis.
1245 4038 1328 4081 -ὲ-
1365 4032 1688 4097 Aniculae
1732 4032 1904 4095 addit
1946 4046 2139 4110 supra

559 4132 1030 4217 propositionem
1071 4130 1140 4193 de
1160 4130 1302 4209 fide.
1331 4158 1413 4174 —
1439 4126 1590 4188 Dico
1634 4125 1842 4199 tertio,
1873 4124 2138 4204 Symbo-

565 4228 698 4289 lum
724 4224 872 4287 fidei
917 4227 1060 4303 apte
1115 4227 1180 4283 et
1225 4220 1672 4283 convenienter
1720 4217 2136 4298 compositum

569 4336 708 4381 esse
741 4337 819 4379 ex
845 4316 1124 4379 articulis
1147 4312 1317 4377 fidei.
1345 4314 1522 4375 Hanc
1550 4312 1963 4375 assertionem
1986 4329 2136 4390 pro-

563 4430 731 4495 pono
759 4411 844 4474 ad
863 4409 1308 4490 explicandum
1329 4425 1562 4469 nomen
1593 4405 1836 4469 articuli
1863 4404 2037 4479 fidei,
2072 4410 2134 4466 et

566 4524 902 4568 numerum
943 4503 1347 4565 articulorum
1366 4546 1382 4575 ,
1438 4500 1584 4580 quia
1639 4500 1706 4561 in
1760 4500 1880 4561 hoc
1931 4497 2135 4559 multa

563 4599 843 4661 scribunt
851 4596 1176 4676 Theologi‚
1193 4600 1265 4656 ut
1289 4592 1503 4655 videre
1517 4592 1663 4655 licet
1682 4593 1747 4653 in
1764 4592 1833 4652 D.
1858 4592 2126 4665 Thomu,

567 4700 632 4754 et
659 4693 896 4765 Mens„
923 4690 1076 4752 locis
1111 4687 1336 4761 citatis,
1377 4686 1586 4760 Scoto,
1615 4691 1680 4747 et
1715 4683 2029 4761 Gabriele,
2061 4684 2129 4744 in

567 4788 627 4861 3,
659 4784 1056 4847 distinctione
1082 4784 1185 4855 25,
1230 4786 1448 4861 quaest.
1479 4778 1704 4859 prima.
1739 4778 2131 4840 Conveniunt

566 4898 718 4960 ergo
736 4895 956 4939 omnes
969 4893 1099 4937 non
1123 4890 1376 4935 omnem
1393 4870 1885 4952 propositionem
1899 4869 1981 4930 de
2000 4868 2127 4930 fide

567 4990 708 5035 esse
753 4968 1086 5031 articulum
1121 4966 1294 5039 fidei,
1336 4964 1484 5026 licet
1521 4980 1556 5025 e
1589 4980 1892 5025 converso
1923 4961 2127 5023 omnis

567 5064 864 5127 articulus
879 5062 1026 5123 fidei
1045 5062 1123 5122 sit
1148 5058 1490 5140 propositio
1520 5050 1757 5118 deiide
1785 5054 2121 5117 credenda.

568 5158 756 5221 Addit
803 5175 953 5219 vero
984 5154 1290 5235 imprimis
1339 5152 1510 5232 quod
1559 5168 1676 5230 per
1717 5134 1786 5211 se
1819 5147 2129 5229 pertineat

565 5253 650 5314 ad
669 5252 882 5326 fidem,
915 5249 1028 5312 sed
1053 5248 1177 5309 hoc
1203 5247 1392 5309 etiam
1423 5260 1756 5307 commune
1789 5248 1882 5304 est
1914 5242 2127 5303 multis

565 5346 702 5407 aliis
740 5340 1306 5424 propositionibus,
1357 5356 1498 5419 quoe
1525 5354 1656 5398 non
1691 5339 1838 5397 sunt
1884 5334 2127 5396 articuli

564 5438 736 5501 fidei.
760 5436 1060 5517 Adjungit
1089 5451 1239 5515 ergo
1263 5434 1332 5493 D.
1361 5432 1656 5505 Thomna,
1685 5429 1767 5491 ad
1795 5428 2126 5491 articulum

563 5531 712 5595 fidei
747 5528 1178 5593 necessarium
1228 5544 1368 5589 esse
1393 5530 1464 5586 ut
1489 5522 1828 5603 specialem
1863 5520 2125 5583 difficul-

1262 380 1500 435 Disru‘r.
1537 380 1596 433 11.
1637 378 1715 433 ΒΕ
1745 376 2013 431 onmem
2044 374 2164 429 SEU
2194 374 2495 429 sumsero
2528 378 2865 433 mart-:man
2900 380 3084 434 num.

2225 479 2420 543 tatem
2454 484 2709 558 habeat,
2747 490 2809 546 et
2837 492 3300 563 consequenter
3337 486 3653 567 distinguit
3688 508 3771 551 ar-

2224 576 2469 647 ticulos,
2496 595 2609 656 per
2626 578 2932 658 speciales
2956 578 3353 642 difficultates
3378 580 3770 656 credibilium,

2225 669 2396 747 quod
2424 675 2517 731 est
2544 672 2889 753 probabile.
2926 673 3043 734 Alii
3070 690 3219 734 vero
3254 674 3610 735 existimant
3639 679 3775 737 arti-

2224 762 2433 823 culum
2462 782 2601 825 esse
2628 764 2963 845 specialem
2982 766 3479 846 propositionem
3500 766 3644 829 fidei
3676 789 3776 849 per

2224 874 2291 917 se
2340 857 2761 935 pertinentem
2790 858 2873 920 ad
2898 858 3113 935 fldem,
3171 878 3367 938 quam
3398 868 3639 941 oportet
3679 881 3776 923 ex-

2220 948 2433 1026 plicite
2464 950 2721 1013 credere
2752 972 2767 1025 ;
2800 958 2861 1013 et
2884 952 3148 1015 fortasse
3177 955 3302 1015 hoc
3324 953 3522 1015 voluit
3545 954 3777 1017 Richar-

2223 1042 2342 1103 dus
2368 1042 2450 1104 de·
2490 1045 2715 1107 Sancto
2756 1046 3025 1120 Victore,
3076 1064 3267 1126 quem
3318 1046 3513 1109 refert
3553 1047 3776 1111 Alensis

2224 1154 2437 1216 supra,
2494 1138 2726 1202 memb.
2775 1142 2835 1215 5,
2883 1141 3035 1202 dum
3072 1142 3225 1202 dixit
3270 1141 3604 1202 articulum
3652 1161 3775 1204 esse

2221 1232 2715 1311 propositionem
2774 1232 3212 1297 indivisibilem
3252 1232 3400 1295 fidei
3449 1241 3777 1297 arctantem

2220 1340 2337 1384 nos
2367 1323 2447 1384 ad
2474 1325 2883 1387 credendum.
2938 1326 3055 1387 Alii
3090 1325 3369 1408 denique
3408 1332 3627 1407 putant
3648 1330 3778 1388 arti-

2222 1417 2431 1477 culum
2457 1418 2611 1479 nihil
2632 1418 2804 1480 aliud
2827 1436 2987 1493 esse,
3022 1438 3213 1499 quam
3244 1420 3620 1499 particulam
3644 1420 3776 1481 fidei

2222 1510 2301 1571 ab
2352 1510 2649 1591 Apostolo
2690 1512 2899 1592 aliquo
2943 1512 3024 1574 ad
3060 1512 3226 1574 illius
3272 1512 3773 1591 compositionem

2220 1605 2553 1685 prolatam,
2608 1608 2783 1684 juxta
2812 1624 2911 1682 ea,
2942 1624 3082 1685 quse
3119 1625 3197 1668 ex
3226 1606 3551 1667 Clemente
3581 1611 3639 1666 et
3666 1610 3776 1667 Au-

2222 1698 2473 1777 gustino
2505 1716 2697 1777 supra
2722 1697 3075 1772 retulimuS,
3111 1705 3175 1760 et
3213 1698 3301 1760 ita
3349 1697 3430 1759 ad
3460 1696 3775 1759 distinctio·

2219 1808 2368 1851 nem
2420 1790 2825 1852 articulorum
2874 1793 3100 1854 sufficit
3144 1790 3441 1853 distincta
3486 1790 3769 1852 habitudo

2222 1882 2304 1944 ad
2354 1888 2675 1945 auctorem
2732 1886 2891 1965 ejus,
2934 1902 3078 1946 cum
3102 1884 3317 1965 aliqua
3356 1884 3619 1944 utilitate
3648 1900 3775 1963 pro-

2218 1976 2507 2039 veniente
2534 1976 2827 2060 fidelibus
2862 1997 2940 2039 ex
2964 1980 3183 2039 talium
3214 1978 3667 2039 sententiarum
3692 1974 3773 2036 di-

2221 2069 2571 2142 stinctione,
2597 2077 2657 2131 et
2685 2070 2983 2150 quaelibet
3011 2070 3343 2150 explicatio
3370 2070 3630 2131 istarum
3660 2070 3773 2129 suf-

2218 2161 2368 2236 ficit,
2412 2180 2557 2223 cum
2596 2164 2797 2242 magis
2846 2165 2924 2225 sit
2965 2162 3044 2225 de
3096 2164 3554 2244 significatione
3594 2162 3768 2235 νοεῖς,

2220 2274 2411 2335 quam
2446 2256 2525 2317 de
2554 2274 2645 2318 re.
2672 2256 2853 2320 Unde
2893 2258 3079 2319 etiam
3116 2261 3367 2320 constat
3414 2254 3563 2336 quid
3586 2254 3774 2317 dicen·

2218 2348 2371 2409 dum
2412 2350 2493 2411 sit
2518 2349 2597 2410 de
2624 2366 2890 2412 numero
2918 2352 3364 2429 articulorum;
3396 2366 3545 2411 nam
3572 2348 3618 2409 si
3663 2347 3771 2408 dis-

2216 2443 2543 2521 tinguatur
2566 2444 2633 2504 in
2658 2442 2876 2505 ordine
2906 2443 2989 2505 ad
3012 2444 3249 2524 primos
3294 2450 3581 2506 auctores
3611 2442 3773 2521 Sym-

2216 2535 2369 2610 boli,
2424 2542 2610 2598 erunt
2651 2536 2988 2606 duodecim
3032 2538 3302 2611 articuli,
3336 2538 3497 2599 sicut
3542 2534 3771 2597 fuerunt

2218 2629 2548 2691 duodecim
2580 2630 2889 2711 Apostoli3
2924 2630 3151 2692 Paulus
3182 2629 3353 2692 enim
3388 2635 3450 2691 et
3476 2626 3773 2693 Barnabas

2219 2722 2303 2783 ibi
2347 2740 2476 2782 non
2528 2722 2980 2796 interfuerunt3
3017 2730 3080 2784 et
3129 2724 3216 2784 ita
3265 2723 3549 2785 sentiunt
3582 2722 3773 2799 Augu-

2218 2815 2417 2876 stinus
2442 2832 2657 2894 supra,
2688 2821 2751 2877 et
2798 2816 2923 2878 Leo
2956 2816 3147 2898 Papa,
3189 2816 3361 2879 dicta
3390 2813 3655 2893 Epistola
3678 2812 3769 2873 de-

2216 2908 2377 2969 cima
2426 2907 2633 2981 tertia,
2684 2915 2746 2971 et
2790 2926 3082 2972 sermone
3136 2909 3480 2971 undecimo
3529 2907 3605 2967 de
3647 2906 3771 2967 Pas·

2220 3000 2416 3073 sione,
2453 2999 2654 3079 capite
2678 3002 2978 3066 secundo·
3010 3002 3072 3064 Si
3090 3006 3307 3063 autem
3332 3000 3771 3078 distinguantur

2217 3109 2329 3173 per
2386 3092 2819 3157 difficultatem
2848 3093 3259 3168 credibilium,
3291 3112 3413 3155 seu
3443 3110 3555 3172 per
3581 3088 3773 3151 distin·

2218 3185 2492 3247 ctionem
2520 3187 2989 3265 mysteriorum,
3020 3187 3109 3250 sic
3128 3191 3298 3249 recte
3326 3186 3769 3264 distinguuntur

2216 3277 2692 3358 quatuordecim
2713 3326 2730 3355 ‚
2794 3285 2865 3342 ut
2924 3287 3019 3342 est
3080 3280 3365 3361 vulgaris
3425 3262 3763 3349 distinctio,

2216 3391 2409 3453 quam
2461 3372 2825 3435 Scholastici
2875 3373 3226 3455 approbare
3270 3373 3500 3444 solent,
3534 3386 3671 3431 cum
3699 3368 3764 3427 D.

2214 3468 2478 3544 Thoma,
2530 3466 2635 3527 illo
2689 3466 2949 3528 articulo
2996 3471 3241 3542 octavo,
3298 3465 3614 3546 praecipue
3666 3460 3769 3521 Ga·

2215 3560 2391 3635 briel,
2415 3566 2476 3623 et
2500 3561 2743 3635 Scotus,
2764 3578 2975 3640 supra,
3006 3567 3068 3623 et
3082 3562 3215 3623 haec
3250 3560 3447 3622 etiam
3475 3556 3767 3619 sufficiunt

2217 3654 2297 3715 ad
2324 3651 2756 3734 probationem
2786 3652 3232 3730 conclusionis3
3266 3670 3421 3715 nam
3463 3670 3538 3713 ex
3564 3654 3767 3711 tenore

2218 3746 2487 3827 symboli
2544 3752 2788 3809 constat
2836 3745 2903 3807 in
2954 3764 3030 3809 eo
3064 3750 3279 3828 aperte
3310 3741 3605 3828 explicari
3648 3757 3767 3817 my-

2218 3841 2409 3903 steria
2456 3839 2604 3902 fidei
2652 3858 2768 3921 per
2794 3840 3000 3901 varias
3056 3840 3427 3914 sententiaS,
3460 3855 3568 3899 seu
3596 3830 3765 3915 parti-

2219 3934 2423 4010 culae²
2447 3940 2751 4014 quantum
2778 3933 2860 3995 ad
2879 3934 3252 4015 explicatam
3276 3934 3471 3996 fidem
3502 3928 3767 3993 fidelium

2220 4026 2629 4107 expediebat;
2687 4026 2841 4088 ordo
2895 4026 3083 4088 etiam
3136 4026 3413 4103 illarum,
3472 4024 3612 4086 licet
3668 4017 3769 4079 ali-

2218 4121 2589 4203 quantulum
2612 4118 2899 4182 videatur
2920 4120 3145 4182 inverti
3173 4117 3588 4200 proponendo
3608 4112 3766 4192 prius

2216 4216 2517 4297 mysteria
2546 4214 2951 4276 humanitatis
2983 4214 3226 4288 Christi,
3262 4221 3457 4293 quam
3487 4206 3766 4289 mysteria

2216 4309 2552 4371 divinitatis
2579 4308 2844 4387 Spiritus
2872 4308 3103 4382 Sancti,
3143 4306 3551 4367 nihilominus
3592 4300 3769 4380 aptis-

2214 4402 2410 4463 simus
2437 4401 2585 4475 fuit,
2603 4404 2739 4462 tum
2762 4399 2843 4462 ad
2870 4401 3179 4481 majorem
3204 4400 3598 4467 brevitatem,
3644 4397 3767 4452 tum

2213 4495 2296 4558 ad
2350 4495 2555 4575 magis
2578 4494 3053 4574 significandam
3084 4510 3373 4575 personae
3416 4486 3634 4553 Christi
3666 4482 3768 4545 Dei

2214 4595 2277 4651 et
2304 4587 2574 4649 hominis
2598 4586 2925 4649 unitatem.

2291 4685 2392 4743 Η.
2437 4681 2703 4745 Dubium
2742 4680 3077 4745 bimembre.
3101 4710 3187 4727 ›-·
3218 4678 3568 4745 Secundum
3602 4690 3769 4739 mem-

2210 4776 2400 4839 brum.
2432 4806 2515 4822 -·
2541 4774 2681 4838 Una
2735 4775 2867 4836 sola
2918 4778 3205 4855 superest
3253 4772 3580 4845 dubitatio,
3622 4782 3766 4846 quo-

2207 4868 2397 4930 modo
2432 4868 2653 4930 fideles
2696 4884 2921 4929 omnes
2947 4866 3225 4947 profiteri
3268 4866 3511 4945 possint
3542 4880 3609 4923 se
3638 4875 3767 4920 cre-

2208 4960 2358 5023 dere
2385 4960 2450 5023 in
2476 4962 2699 5034 Deum,
2731 4960 2879 5040 quia
2916 4976 3046 5022 non
3072 4976 3295 5021 omnes
3323 4958 3560 5021 habent
3582 4952 3765 5015 fidem

2205 5053 2573 5127 formatam;
2640 5054 2747 5117 illa
2776 5059 2986 5116 autem
3014 5052 3340 5134 particula,
3368 5050 3439 5114 in
3462 5052 3671 5121 Deum,
3704 5048 3765 5102 ut

2208 5147 2273 5207 in
2296 5146 2490 5208 finem
2534 5148 2821 5209 ultimum
2850 5164 3041 5226 super
3068 5145 3281 5207 omnia
3318 5144 3634 5213 dilectum,
3678 5136 3765 5197 in·

2210 5239 2375 5301 dicat
2416 5246 2657 5302 motum
2696 5239 2960 5301 fidei·in
3009 5239 3231 5314 Deum,
3268 5244 3339 5300 ut
3367 5255 3510 5300 cum
3561 5235 3763 5310 Augu-

2210 5335 2370 5395 stino
2390 5333 2580 5395 tradit
2611 5334 2800 5395 Divus
2824 5332 3097 5394 Thomas
3132 5331 3321 5405 infra,
3350 5334 3565 5411 quaest.
3597 5326 3658 5395 2,
3701 5338 3756 5381 a.

2206 5430 2266 5489 2.
2296 5427 2453 5489 Hinc
2478 5427 2670 5489 etiam
2700 5425 3013 5489 difficilius
3036 5430 3153 5499 est,
3186 5422 3357 5505 quod
3383 5425 3450 5485 in
3474 5414 3759 5501 symbolo

2207 5520 2497 5584 dicuntur
2510 5520 2731 5583 fideles
2746 5520 2999 5583 credere
3014 5518 3079 5579 in
3104 5524 3385 5581 sanctam
3406 5512 3754 5579 Ecclesiam,
