3900 6217
771 419 940 475 SECT.
976 419 1060 474 IV.
1093 415 1352 484 QUARUM
1383 417 1802 486 ult-:nummum
1835 417 2166 474 EXPLlClTA
2197 419 2617 488 REQUIRATUR,
2650 420 2785 479 ETC.

3273 421 3392 484 353

189 537 308 581 esse
335 521 744 581 necessariam
775 519 856 582 ad
883 519 1075 581 vitam
1104 523 1399 580 aeternam
1425 563 1442 592 ,
1486 517 1729 579 etiamsi
1810 521 1873 593 3,
1908 518 2179 581 distinet.
2212 521 2314 595 25,
2350 519 2607 581 articulo
2634 522 2837 601 primo
2876 528 2937 584 et
2963 523 3267 602 secundo3
3301 525 3390 587 ibi

187 611 480 692 praecedat
501 611 887 691 justificati&
932 611 1110 674 Unde
1132 611 1538 689 AugustinuS,
1570 611 1732 671 dicto
1813 611 2131 687 Richard.,
2169 619 2287 674 art.
2322 615 2387 688 4,
2420 620 2633 693 quaest.
2666 617 2727 691 2,
2758 621 2821 676 et
2842 623 2957 678 art.
2994 619 3053 692 3,
3085 624 3300 697 quaest.
3329 622 3386 696 1,

187 727 236 767 c.
265 707 304 767 7
329 705 402 766 de
427 703 1030 767 Praedest.‘Sanetor.
1057 722 1074 766 ε
1111 703 1192 769 Si
1219 723 1336 766 non
1358 706 1602 780 fuisset,
1644 705 1735 765 in-

185 801 327 878 quit,
380 797 659 862 Cornelio
699 799 1038 862 necessaria
1077 799 1227 876 fides
1269 797 1504 862 Christi
1537 799 1619 862 ad
1635 817 1739 862 sa-

185 893 352 954 lutem
375 940 390 964 ,
435 909 556 955 non
578 893 796 970 fuisset
825 893 908 954 ad
927 891 1108 954 illum
1141 892 1562 968 aedificandum
1589 893 1738 954 mis-

183 1006 275 1049 sus
298 987 672 1052 architectus
699 987 928 1051 Petrus
957 983 1306 1068 Apostolus.
1361 985 1522 1047 Addi
1550 987 1738 1046 etiam

185 1085 369 1160 potest
395 1080 779 1161 conjectura,
807 1099 955 1141 nam
983 1084 1126 1140 ante
1153 1078 1374 1140 Christi
1401 1079 1733 1141 adventum

183 1173 377 1234 nullus
423 1181 521 1235 est
561 1182 924 1236 consecutus
967 1173 1254 1236 ultimam
1296 1171 1560 1233 salutem
1606 1172 1736 1234 sine

185 1267 288 1328 fide
318 1267 620 1347 explicita
641 1267 860 1328 Christi
890 1290 908 1344 3
937 1265 1276 1348 licet2enim
1305 1265 1483 1327 multi
1507 1265 1738 1328 mortui

182 1363 402 1420 suerint
431 1359 754 1440 justificati
791 1379 901 1440 per
930 1359 1126 1421 solam
1159 1359 1345 1421 fidem
1375 1359 1738 1440 implicitam

179 1453 416 1530 Christi,
458 1453 900 1516 detinebantur
938 1455 1006 1516 in
1044 1455 1184 1516 sinu
1218 1454 1503 1526 Abrahae,
1554 1461 1615 1514 et
1652 1453 1739 1514 ibi

181 1549 484 1610 Christum
529 1548 818 1628 explicite
861 1549 1214 1624 credebant,
1261 1554 1323 1609 et
1366 1547 1738 1628 sperabant3

181 1661 310 1721 ergo
340 1642 553 1704 multo
593 1644 794 1722 magis
817 1643 883 1704 id
911 1643 1287 1705 credendum
1317 1651 1406 1704 est
1433 1643 1510 1704 de
1538 1643 1740 1704 omni-

177 1739 274 1798 hus
317 1736 517 1818 justis
571 1743 710 1818 post
756 1737 1092 1799 adventum
1144 1737 1371 1799 Christi
1395 1753 1418 1816 3
1470 1737 1742 1819 pertinet

177 1832 328 1892 enim
375 1831 458 1891 ad
490 1830 754 1910 gloriam
783 1831 1058 1911 ejusdem
1094 1831 1360 1910 Christi,
1405 1831 1567 1892 etad
1595 1849 1741 1892 eon-

177 1927 532 1986 venientem
587 1925 867 1986 ordinem
923 1925 1329 2006 providentiae
1382 1925 1616 2004 gratiass,
1671 1930 1743 1985 ut

177 2019 372 2079 nullus
397 2019 514 2080 fiat
539 2019 843 2100 particeps
869 2018 1084 2098 gloriae
1110 2017 1356 2094 Christi,
1391 2017 1513 2080 nisi
1539 2036 1649 2098 per
1669 2017 1742 2080 fi-

177 2113 300 2174 dem
335 2113 482 2192 ejus
511 2112 890 2192 explicitam.

247 2209 346 2266 to.
399 2205 620 2268 Tertia
646 2202 962 2268 sententia.
1000 2237 1078 2250 —
1105 2204 1551 2286 Tertia'opinio
1577 2207 1738 2268 astir-

171 2305 296 2360 mat
343 2298 541 2360 fidem
596 2298 959 2378 implicitam
1022 2297 1268 2373 Christi,
1326 2316 1500 2379 posse
1552 2301 1738 2361 etiam

171 2411 336 2452 nune
396 2391 682 2454 sufficere
737 2392 806 2452 in
856 2391 1065 2471 aliquo
1125 2409 1270 2452 casu
1318 2391 1394 2454 ad
1436 2393 1740 2473 justitiam

169 2485 701 2566 consequendam,
751 2503 823 2546 ac
855 2483 1113 2565 proinde
1131 2481 1333 2566 {fidem
1390 2487 1740 2566 explicitam

173 2580 422 2655 Christi,
449 2597 594 2659 quae
637 2578 702 2640 in
732 2597 798 2640 re
843 2577 976 2660 ipsa
1025 2577 1420 2640 obtinebatur
1480 2585 1542 2640 et
1581 2597 1741 2660 prai-

171 2673 450 2748 cedebat,
509 2691 641 2735 non
701 2689 832 2734 esse
883 2673 1164 2736 medium
1223 2672 1582 2751 simpliciter
1635 2691 1743 2734 ne-

173 2767 508 2830 cessarium
531 2781 552 2845 3
612 2765 900 2847 idemque
942 2767 1130 2830 sentit
1169 2767 1246 2829 de
1294 2768 1514 2828 ultima
1579 2767 1742 2828 salu-

175 2871 254 2924 te.
315 2862 496 2923 Hane
563 2862 921 2942 opinionem
989 2861 1193 2923 tenuit
1256 2861 1402 2924 Soto
1427 2907 1447 2937 ,
1513 2861 1578 2922 in
1653 2861 1694 2924 4
1717 2907 1738 2938 ,

183 2959 446 3017 distinet.
491 2957 558 3032 5,
599 2959 816 3035 quaest.
880 2958 942 3032 2,
989 2963 1054 3018 et
1101 2955 1243 3018 libr.
1303 2957 1342 3016 2
1391 2955 1466 3016 de
1523 2955 1738 3018 Natur.

187 3058 236 3110 et
265 3057 452 3130 grat„
486 3067 548 3110 e.
581 3051 650 3111 11
682 3055 744 3111 et
773 3051 890 3128 123
939 3049 1128 3128 vega,
1175 3048 1283 3110 lib.
1325 3050 1364 3109 6
1392 3050 1458 3110 in
1485 3047 1742 3110 Triden-

179 3146 314 3218 tin„
363 3163 420 3203 c.
469 3145 551 3204 19
587 3148 654 3204 et
679 3143 760 3204 20
776 3158 799 3221 3
839 3143 1105 3218 Medina,
1136 3141 1246 3204 lib.
1279 3143 1320 3202 4
1345 3141 1421 3203 de
1450 3141 1635 3203 Recta
1674 3142 1741 3202 in

169 3239 363 3300 Deum
411 3237 566 3311 fide,
595 3254 732 3314 cap.
769 3238 886 3310 10;
927 3236 1231 3312 Corduba,
1270 3237 1334 3296 in
1371 3235 1743 3310 Quaestiona·

167 3333 280 3407 rie,
313 3329 434 3390 lib.
457 3331 524 3406 2,
551 3337 772 3408 quaest.
805 3331 864 3400 5,
894 3329 958 3390 in
981 3332 1020 3390 2
1041 3336 1254 3390 essert.
1281 3352 1298 3406 ;
1329 3329 1738 3402 MaldonatuS,

165 3423 394 3482 Joann.
429 3424 494 3498 5,
522 3440 701 3482 num.
726 3423 806 3482 25
825 3437 848 3500 3
881 3428 942 3482 et
979 3421 1224 3482 videtur
1265 3421 1571 3484 sententia
1605 3423 1744 3482 Divi

165 3517 453 3590 Thomae,
492 3517 534 3578 3
559 3522 756 3594 parte,
796 3534 855 3594 q.
889 3515 991 3590 69,
1035 3519 1154 3576 art.
1187 3518 1252 3591 4,
1293 3515 1371 3576 ad
1409 3517 1470 3576 2.
1503 3515 1742 3578 Funda-

167 3618 460 3674 mentum
503 3609 692 3688 hujus
740 3609 1060 3671 sententiae
1101 3617 1212 3686 est,
1261 3611 1408 3690 quia
1435 3609 1566 3671 haec
1593 3609 1743 3671 fides

165 3708 236 3766 de
284 3725 356 3766 se
403 3712 499 3767 est
543 3703 819 3764 medinm
865 3701 942 3762 ad
981 3715 1309 3784 utramque
1346 3703 1634 3779 salutem,
1683 3711 1744 3766 et

165 3817 292 3858 non
319 3797 518 3858 datur
548 3795 860 3856 sufficiens
887 3793 1362 3857 fundamentum
1386 3841 1406 3872 ,
1457 3797 1617 3876 quod
1650 3815 1743 3858 os-

165 3891 388 3952 tendat
427 3897 494 3952 et
549 3888 886 3949 limitatum
931 3895 994 3950 et
1041 3897 1418 3950 coarctatum
1464 3909 1594 3951 esse
1636 3909 1745 3972 per

167 3985 487 4046 Christum
535 3981 654 4044 hoc
693 3981 968 4043 medium
1005 3982 1085 4043 ad
1120 3979 1305 4044 fidem
1343 3981 1690 4062 explicitam
1717 3999 1738 4060 3

168 4097 314 4156 ergo
333 4097 468 4138 non
493 4081 590 4138 est
609 4075 672 4136 id
690 4075 1107 4138 asserendum.
1137 4075 1586 4156 Consequentia
1602 4095 1739 4157 pro·

167 4173 376 4249 batur,
410 4171 566 4252 quia
591 4169 708 4230 hoc
737 4169 1009 4230 medium
1033 4187 1161 4230 non
1189 4169 1452 4248 pertinet
1473 4171 1551 4231 ad
1573 4170 1741 4232 favo-

165 4285 323 4343 rem,
355 4263 474 4326 sed
501 4263 582 4322 ad
609 4263 904 4341 rigorem,
933 4268 993 4323 et
1015 4261 1462 4324 restrictionem
1485 4264 1697 4325 salutis
1719 4281 1739 4342 3

171 4379 316 4438 erge
340 4376 477 4420 non
508 4363 600 4418 est
622 4355 1015 4417 asserendum
1039 4357 1172 4418 sine
1192 4355 1596 4418 fundamento
1620 4359 1744 4418 suf-

169 4452 432 4528 ficienti,
463 4449 808 4540 praesertim
836 4447 983 4528 quia
1011 4447 1112 4509 lex
1139 4451 1538 4528 praeexistens
1567 4457 1638 4512 et·
1655 4451 1742 4511 fa-

167 4565 384 4608 vorem
423 4541 792 4618 concedens„
841 4560 965 4601 non
1013 4542 1383 4622 intelligitur
1432 4548 1738 4618 revocata,

167 4641 286 4702 nisi
317 4637 702 4701 sufficienter
730 4641 990 4712 constet,
1031 4635 1189 4698 utin
1211 4637 1610 4700 antecedente
1639 4657 1741 4698 su-

165 4735 522 4794 mebamus,
574 4727 899 4803 Probatur,
946 4727 1092 4808 quia
1131 4730 1345 4790 omnia
1389 4731 1742 4792 testImonia

167 4827 440 4888 adducta
461 4826 528 4884 in
558 4822 761 4902 prima
786 4822 1094 4882 sententia
1116 4823 1490 4886 sufficienter
1517 4824 1743 4885 intelli-

171 4923 440 4998 guntur,
483 4915 584 4976 vel
622 4915 699 4974 de
738 4915 1096 4976 necessitate
1147 4917 1462 4996 praecepti,
1519 4917 1642 4992 vel,
1691 4917 1742 4978 si

169 5009 593 5074 extendantur
623 5007 702 5069 ad
735 5007 1161 5069 necessitatem
1189 5009 1398 5086 medii,
1432 5011 1745 5089 explican-

169 5113 272 5166 tur
295 5105 378 5166 de
405 5101 637 5178 medio,
667 5099 770 5163 vel
791 5101 860 5161 in
882 5119 974 5175 re,
1001 5100 1099 5161 vel
1117 5103 1185 5160 in
1205 5107 1345 5162 voto
1369 5103 1739 5166 exhibendo.

176 5199 246 5258 Et
271 5199 412 5258 haee
437 5193 746 5257 sententia
769 5192 1017 5253 videtur
1040 5201 1452 5256 consentanea
1474 5198 1744 5277 antiquis

171 5289 529 5368 Theologis,
565 5286 815 5364 Hugoni
842 5285 1097 5361 vietor„
1137 5287 1203 5346 in
1244 5287 1409 5348 dicto
1434 5289 1590 5350 libro
1619 5291 1742 5370 pri-

171 5403 278 5444 mo
334 5383 410 5442 de
466 5379 918 5454 sacramentis„
979 5385 1154 5458 parte
1205 5381 1446 5442 decima
1473 5428 1492 5458 ,
1545 5383 1745 5462 capite

173 5485 347 5537 sexto
391 5481 458 5536 et
501 5479 756 5546 octav03
804 5477 865 5531 et
903 5471 1138 5548 Alens,
1187 5473 1348 5534 dicta
1383 5481 1594 5553 quaest.
1642 5477 1744 5550 65,

175 5570 329 5632 alias
357 5569 463 5645 82,
493 5563 726 5628 memb.
755 5565 1024 5624 seeundo
1051 5571 1112 5627 et
1134 5565 1318 5627 tertio
1343 5587 1362 5642 3
1394 5567 1656 5643 Albert„
1681 5570 1750 5630 in

495 5689 596 5733 xli.

1816 703 1925 782 qui
1964 705 2111 765 satis
2148 723 2429 787 expresse
2455 707 2748 786 loquitur.
2802 710 3008 790 Neque
3038 711 3209 771 aliud
3240 731 3385 772 sen-

1817 799 1986 858 tiunt
2004 799 2240 875 Scotus,
2264 799 2510 862 Gabriel
2540 807 2601 862 et
2626 802 2769 876 alii3
2802 822 2949 863 nam
2971 805 3275 884 imprimis
3294 806 3390 866 ni·

1817 889 1907 951 hil
1947 891 2343 971 distinguunt
2382 895 2546 956 inter
2579 895 3088 974 justificationem
3136 905 3199 958 et
3246 899 3389 960 ulti-

1819 1003 1988 1046 mam
2024 985 2312 1063 salutem,
2351 993 2413 1048 et
2448 987 2672 1050 deinde
2708 990 2907 1052 solum
2945 991 3282 1071 loquuntur
3313 994 3388 1054 de

1817 1078 2176 1140 necessitate
2238 1082 2551 1161 praecepti.
2623 1082 2821 1161 Atque
2885 1084 3021 1145 haec
3084 1086 3390 1146 sententia

1819 1172 1977 1234 mihi
2009 1173 2197 1234 etiam
2228 1176 2422 1254 magis
2450 1174 2748 1254 probatur
2764 1192 2785 1253 3
2825 1185 2893 1237 ut
2923 1185 3130 1240 tamen
3156 1179 3391 1260 aliquid

1819 1268 2037 1344 primae
2075 1267 2396 1328 sententias
2442 1273 2503 1328 et
2544 1267 2965 1332 fundamentis
3007 1273 3140 1351 ejus
3176 1291 3388 1333 conce-

1820 1359 1988 1431 dam,
2026 1377 2139 1438 per
2170 1359 2409 1438 aliquas
2439 1363 2805 1423 assertiones
2835 1364 3005 1424 illam
3043 1365 3386 1446 explicabo,

1904 1455 2001 1513 11.
2046 1451 2401 1514 Resolvitur
2428 1457 2554 1517 tota
2591 1458 2995 1520 controversia
3012 1479 3126 1540 per
3149 1477 3390 1540 sequen-

1823 1551 1910 1608 tes
1933 1547 2316 1610 assertiones.
2335 1547 2648 1612 -Prima
2670 1553 2947 1613 assertio.
2964 1584 3044 1597 ——
3062 1554 3386 1618 Probatur.

1819 1638 2052 1703 Eva-sio
2084 1641 2311 1722 prima.
2351 1676 2430 1685 —
2466 1639 2903 1705 Proecluditur.
2944 1677 3027 1690 -—
3070 1646 3212 1706 Dico
3241 1665 3389 1726 ergo

1821 1735 2025 1814 primo
2056 1752 2181 1794 nou
2212 1751 2343 1796 esse
2372 1740 2502 1794 tam
2533 1737 2935 1797 necessariam
2966 1738 3085 1798 hoc
3112 1747 3389 1820 tempore

1823 1826 2009 1888 fidem
2041 1827 2391 1906 explicitam
2422 1828 2668 1905 Christi,
2703 1835 2772 1890 ut
2796 1831 2925 1891 sine
2954 1830 3061 1891 illa
3081 1833 3145 1892 in
3174 1851 3238 1893 re
3258 1833 3392 1912 ipsa

1821 1919 2097 1992 obtenta,
2133 1919 2339 1982 nullus
2366 1922 2557 2000 possit
2579 1922 2925 2000 justificari.
2960 1925 3027 1984 In
3051 1924 3167 1985 hac
3196 1945 3388 1987 asser-

1823 2013 1992 2074 tione
2025 2015 2405 2074 conveniunt
2446 2022 2725 2076 auctores
2764 2017 3047 2078 secundas
3092 2025 3155 2079 et
3190 2021 3388 2081 tertiae

1821 2107 2171 2168 sententiae.
2204 2108 2403 2168 Probo
2430 2114 2638 2169 autem
2660 2109 2829 2170 illam
2860 2111 2977 2171 hoc
3006 2112 3213 2188 mode,
3246 2115 3390 2192 quia

1821 2207 2022 2280 potest
2047 2218 2214 2262 nunc
2246 2200 2468 2280 aliquis
2490 2219 2603 2280 pro
2630 2201 2836 2281 aliquo
2862 2207 3137 2283 tempore
3161 2205 3389 2268 habere

1821 2311 2030 2354 veram
2054 2338 2069 2367 ,
2110 2293 2644 2372 supernaturalem
2694 2301 2755 2355 et
2796 2294 3147 2374 explicitam
3200 2297 3389 2360 fidem

1819 2385 1929 2446 Dei
1964 2386 2096 2446 sine
2121 2385 2241 2446 fide
2268 2387 2555 2466 explicita
2590 2387 2813 2448 Christi
2840 2435 2855 2462 ,
2897 2389 3022 2450 imo
3047 2409 3187 2452 cum
3215 2391 3388 2471 igno-

1821 2479 2027 2540 rantia
2065 2479 2414 2541 invincibili
2454 2481 2586 2560 ejus
2608 2497 2632 2557 3
2676 2500 2825 2560 ergo
2864 2489 3066 2563 potest
3108 2503 3249 2545 eum
3280 2485 3387 2546 illa

1821 2573 1944 2634 fide
1970 2571 2099 2634 sola
2122 2572 2468 2651 justificari.
2526 2577 2907 2636 Antecedens
2936 2576 3233 2655 probatur
3264 2581 3387 2658 pri—

1823 2684 1951 2743 me,
1982 2667 2050 2727 in
2073 2665 2179 2726 illo
2200 2684 2341 2726 casu
2364 2665 2441 2727 de
2460 2685 2653 2746 puero
2677 2669 2936 2730 educato
2962 2670 3027 2730 in
3046 2669 3256 2750 sylvis,
3280 2677 3387 2733 aut

1822 2760 1988 2821 inter
2011 2759 2313 2834 infideles,
2356 2761 2697 2840 praesertim
2727 2780 2855 2823 non
2881 2770 3155 2826 errantes
3186 2765 3251 2825 in
3287 2783 3388 2826 co-

1823 2853 2103 2932 gnitione
2136 2853 2267 2914 veri
2297 2853 2401 2915 Dei
2419 2875 2436 2929 3
2482 2871 2631 2915 nam
2660 2854 2713 2914 si
2753 2854 2857 2918 ille
2894 2873 3039 2917 cum
3071 2860 3389 2937 perveniat

1823 2947 1896 3010 ad
1929 2965 2111 3008 usum
2141 2947 2400 3008 rationis
2428 2949 2615 3008 faeiat
2641 2949 2803 3027 quod
2831 2949 2896 3010 in
2925 2969 2989 3012 se
3018 2957 3130 3028 est,
3156 2951 3389 3013 illumi-

1823 3043 2111 3118 nabitur3
2155 3048 2381 3103 etcum
2416 3061 2539 3101 non
2566 3041 2856 3104 habuerit
2880 3045 3387 3123 praedicationem

1821 3137 2069 3211 Christi,
2134 3137 2360 3216 poterit
2400 3134 2677 3198 obtinere
2718 3135 2905 3198 fidem
2938 3139 3046 3199 Dei
3082 3141 3215 3200 siue
3264 3141 3386 3203 fide

1821 3231 2110 3311 explicita
2150 3229 2397 3304 Christi,
2424 3228 2584 3288 sieut
2602 3229 2775 3289 illam
2794 3230 3096 3311 acciperet
3110 3234 3177 3293 in
3200 3235 3389 3296 simili

1821 3344 1963 3386 casu
1986 3330 2131 3386 ante
2159 3323 2378 3386 Christi
2408 3322 2767 3383 adventum.
2800 3325 3192 3404 Respondent
3219 3347 3386 3404 eum,

1825 3419 1934 3499 qui
1964 3439 2133 3480 nnnc
2170 3419 2319 3480 facit
2337 3415 2513 3498 :quod
2552 3417 2619 3478 in
2655 3435 2718 3478 se
2747 3425 2862 3496 est,
2900 3419 2967 3481 in
3001 3440 3389 3504 quocumque

1823 3521 2051 3576 eventu
2113 3513 2389 3595 accipere
2442 3513 2963 3576 illuminationem
3014 3517 3220 3578 statim
3280 3537 3389 3598 per

1825 3626 2015 3686 quam
2068 3608 2255 3685 possit
2307 3606 2593 3686 explicite
2642 3606 2709 3666 in
2758 3605 3069 3668 Christum
3117 3611 3385 3686 credere,

1822 3703 1970 3781 quia
2005 3701 2101 3782 vel
2142 3700 2260 3762 hoc
2289 3707 2378 3761 cst
2419 3699 2814 3779 privilegium
2852 3699 3041 3779 hujus
3076 3701 3250 3782 legis,
3292 3705 3389 3765 vcl

1823 3801 1988 3856 certe
2012 3801 2105 3856 est
2130 3799 2575 3874 consequenter
2600 3795 3033 3868 necessarium,
3054 3795 3233 3875 juxta
3265 3799 3387 3858 ins-

1823 3889 2177 3950 titutionem
2200 3890 2253 3968 ej
2266 3905 2354 3947 us.
2392 3887 2507 3948 Sed
2536 3885 2652 3946 hoe
2682 3887 2987 3966 imprimis
3016 3907 3142 3950 non
3166 3889 3388 3952 dicitur

1823 3999 1965 4044 cum
2018 3981 2353 4042 sufficienti
2402 3979 2830 4057 fundamentO,
2880 3983 3029 4060 quia
3069 3988 3161 4044 est
3200 3985 3387 4044 nimis

1823 4075 2265 4136 miraculosum
2284 4080 2342 4134 et
2362 4072 2947 4148 extraordinarium,
2971 4093 3171 4155 neque
3194 4086 3389 4156 potest

1823 4167 2063 4230 ostendi
2091 4168 2197 4229 ubi
2238 4170 2394 4230 Deus
2432 4171 2671 4227 tantam
2715 4170 2977 4242 gratiam
3014 4171 3385 4248 promiserit,

1823 4281 2025 4334 neque
2047 4262 2233 4323 etiam
2262 4263 2593 4323 necessitas
2620 4259 2989 4340 sufficienter
3016 4264 3383 4342 ostenditur,

1823 4363 1894 4417 ut
1923 4356 2053 4416 dixi
2075 4379 2091 4432 3
2143 4362 2236 4417 est
2263 4356 2431 4417 enim
2475 4355 2541 4414 in
2582 4353 2698 4415 hoc
2730 4360 2959 4432 puncto
2998 4357 3384 4418 consideran-

1823 4450 1995 4522 dum,
2035 4449 2099 4509 in
2128 4469 2201 4510 eo
2230 4455 2392 4509 statu
2428 4453 2489 4508 et
2519 4446 2833 4507 occasione
2861 4491 2878 4519 ,
2922 4447 3118 4509 multo
3147 4449 3385 4512 facilius

1821 4561 1950 4602 esse
1979 4541 2298 4602 hominem
2321 4542 2496 4602 illum
2524 4539 2747 4600 elevari
2776 4539 2855 4599 ad
2884 4541 3299 4618 cognitionem
3327 4553 3387 4605 et

1821 4635 2007 4696 fidem
2053 4634 2237 4695 unius
2273 4635 2376 4695 Dei
2410 4631 2771 4706 Salvatoris,
2814 4649 3003 4712 quam
3048 4635 3386 4697 illuminari

1821 4729 1983 4790 eirca
2024 4728 2389 4807 mysterium
2440 4725 2761 4784 Trinitatis
2814 4731 2876 4787 et
2919 4726 3382 4792 Incarnatioms.

1823 4822 1979 4882 Item
2007 4827 2097 4882 est
2129 4821 2253 4881 alia
2294 4819 2644 4880 differentia
2686 4819 2999 4896 notabilis,
3043 4825 3207 4901 quod
3237 4825 3387 4886 fides

1823 4915 1932 4975 Dei
1956 4920 2047 4975 est
2070 4931 2179 4994 per
2202 4932 2291 4989 se,
2321 4919 2382 4973 et
2402 4909 2581 4992 quasi
2604 4929 2681 4972 ex
2705 4917 2933 4975 natura
2956 4917 3045 4976 rei
3067 4916 3145 4977 ab
3172 4919 3385 4980 intrin-

1825 5026 1964 5070 seco
2006 5007 2343 5068 necessaria
2382 5005 2460 5066 ad
2495 5004 3030 5084 justificationem,
3074 5011 3223 5090 quia
3256 5011 3387 5074 sine

1823 5101 1934 5162 illa
1969 5119 2097 5162 non
2134 5105 2329 5180 potest
2369 5099 2561 5160 homo
2599 5101 2874 5160 converti
2904 5103 2969 5162 in
3002 5103 3193 5165 Deum
3234 5093 3389 5166 sicut

1824 5199 2087 5273 oportet,
2120 5200 2191 5253 ut
2222 5192 2587 5271 iustificetur
2605 5207 2626 5269 3
2674 5192 2825 5254 fides
2860 5202 3065 5256 autem
3108 5197 3389 5278 explicita

1826 5287 2077 5364 Christi,
2108 5287 2160 5348 si
2198 5288 2545 5347 necessaria
2591 5293 2703 5361 est,
2748 5287 2947 5348 solum
2990 5287 3049 5348 id
3088 5289 3276 5352 habet
3316 5309 3389 5352 ex

1827 5381 2217 5444 ordinatione
2246 5380 2353 5441 Dei
2382 5387 2444 5440 et
2473 5381 2731 5458 positivo
2752 5381 2889 5460 jure
2912 5379 3149 5458 divino,
3172 5389 3233 5443 et
3255 5384 3392 5446 ideo

1827 5476 2028 5537 multo
2054 5476 2280 5536 certius
2306 5481 2419 5550 est,
2450 5475 2779 5536 iacientem
2808 5473 2971 5554 quod
2994 5473 3059 5536 in
3089 5493 3153 5538 se
3174 5484 3264 5538 est
3288 5497 3398 5556 per

1829 5569 2096 5648 aliquale
2130 5569 2431 5630 auxilium
2474 5569 2713 5648 gratiae,
2754 5568 2853 5630 vel
2894 5585 3020 5630 non
3062 5577 3395 5652 ponentem

2990 5681 3068 5740 23
