3900 6217
652 386 820 440 SECT.
856 388 983 441 vm.
1018 390 1101 441 AN
1135 390 1537 445 insvlnssN'nA
1570 390 1672 443 DE!
1706 389 2096 443 usvahsans
2129 390 2226 443 sn·
2261 390 2340 444 DE
2371 390 2662 451 antona.
2696 388 2834 443 me.

192 496 579 577 cognoscatur,
606 508 925 569 nunquam
948 492 1307 555 manifestat
1332 512 1470 557 rem
1514 493 1579 555 in
1601 510 1693 568 se,

193 602 247 655 ut
270 608 369 671 per
405 605 469 649 se
488 585 729 647 videtur
751 585 1015 661 clarum,
1047 592 1113 648 et
1136 588 1523 667 experientia
1551 604 1700 667 cog-

194 686 355 749 nitum
380 682 439 743 in
464 679 587 741 fide
614 680 913 756 humana,
943 680 1231 743 evidente
1252 698 1329 743 eo
1360 683 1549 744 modo
1572 700 1696 761 quo

192 796 303 839 esse
318 776 523 855 potest,
540 778 607 835 ut
631 772 707 833 de
730 772 853 836 hac
872 774 1330 854 propositione:
1358 776 1556 841 Roma
1579 782 1691 839 est.

190 872 402 934 Ratione
428 866 611 929 etiam
648 872 843 945 patet,
876 867 1023 947 quia
1070 868 1173 930 ille
1225 886 1518 931 assensus
1568 886 1698 929 non

194 963 435 1026 fundatur
482 960 546 1020 in
584 960 906 1040 principiis
950 961 1304 1024 intrinsecis
1340 960 1454 1035 rei,
1487 978 1695 1041 neque

196 1062 245 1122 in
267 1054 571 1130 effectibus,
602 1053 707 1134 qui
735 1054 819 1116 ab
852 1055 983 1136 ipsa
1028 1074 1099 1118 re
1141 1058 1322 1137 quasi
1362 1057 1696 1119 intrinsece

190 1151 508 1222 deriventur,
536 1164 742 1227 neque
774 1148 962 1209 etiam
992 1149 1057 1210 in
1082 1149 1294 1230 aliqua
1313 1150 1585 1212 naturali
1618 1151 1693 1211 si-

188 1240 479 1305 mifimdine
505 1240 620 1318 rei,
651 1241 847 1302 sedin
870 1243 1063 1304 verbo
1090 1243 1487 1324 significante
1508 1244 1691 1306 valde

188 1336 474 1399 extrinsece
501 1352 635 1396 rem
665 1334 921 1409 dictam,
961 1342 1024 1398 et
1050 1336 1197 1399 ideo
1224 1356 1475 1419 semper
1498 1338 1603 1401 illa
1628 1338 1691 1398 in

186 1450 239 1493 se
273 1428 507 1493 obscura
532 1435 772 1505 manet,
803 1432 1203 1509 quantumvis
1242 1438 1307 1493 et
1358 1432 1693 1494 auctoritas

188 1523 463 1604 loquentis,
494 1529 559 1583 et
582 1523 757 1601 quod
786 1524 919 1603 ipse
944 1525 1021 1585 sit
1044 1525 1329 1605 loquens,
1361 1526 1692 1588 manifeste

194 1622 559 1699 cognoscatur.
602 1616 683 1677 Et
706 1616 1132 1691 confirmatur,
1160 1638 1310 1681 nam
1344 1620 1449 1681 ille
1480 1636 1695 1681 assen-

196 1730 273 1773 sus
292 1728 397 1770 non
425 1714 515 1771 est
542 1710 846 1784 scientiae,
877 1729 1027 1771 nam
1051 1728 1261 1791 neque
1300 1718 1395 1773 est
1435 1713 1694 1774 scientia

191 1804 435 1876 intuitus,
462 1818 673 1881 neque
702 1808 799 1865 est
822 1802 1083 1865 scientia
1104 1805 1372 1886 Propter
1390 1806 1556 1887 quid,
1582 1824 1700 1866 ue-

188 1916 280 1977 que
296 1896 465 1957 etiam
494 1898 659 1971 Quia
678 1920 707 1967 ;
732 1897 883 1957 item
902 1914 1032 1957 non
1058 1904 1151 1959 est
1174 1898 1408 1977 opinio,
1432 1898 1579 1977 quia
1604 1904 1697 1960 est

184 1998 347 2053 cernis
370 1994 427 2052 et
446 1988 791 2051 infallibilis
812 1992 1139 2065 assensus3
1166 2008 1320 2071 ergo
1338 2008 1465 2053 non
1490 1998 1699 2072 potest

183 2102 293 2146 esse
316 2085 421 2145 nisi
446 2084 623 2146 fides.

242 2180 327 2239 16.
363 2178 672 2243 Possm-tor
717 2196 951 2253 sensus,
1000 2179 1109 2259 qui
1160 2178 1411 2242 tertiam
1456 2187 1697 2243 senten-

184 2274 305 2335 tiam
332 2273 571 2337 mediam
608 2273 954 2336 constituit.
972 2304 1059 2319 —
1081 2272 1451 2337 Declaratur
1474 2278 1531 2337 et
1553 2278 1698 2348 staw-

180 2367 345 2427 datur.
372 2396 449 2411 -
470 2364 647 2426 Alius
684 2365 911 2427 modus
963 2365 1312 2445 explicandi
1350 2366 1517 2429 hanc
1558 2384 1697 2428 sen-

180 2458 413 2532 tentiam,
442 2458 533 2518 vel
562 2458 781 2538 potius
808 2458 989 2519 tertia
1020 2458 1331 2519 sententia
1361 2460 1541 2538 quasi
1567 2478 1696 2521 me-

180 2551 278 2625 dia,
322 2558 403 2613 est
449 2550 834 2613 evidentiam
886 2551 1271 2630 testificantis
1318 2570 1459 2614 esse
1508 2570 1693 2634 posse

182 2664 295 2705 cum
329 2643 461 2721 fide,
502 2662 632 2705 non
668 2651 883 2706 tamen
914 2644 1291 2707 evidentiam
1340 2646 1433 2707 rei
1478 2646 1695 2709 testifi-

182 2744 329 2811 (τείως
356 2742 411 2798 et
448 2738 663 2817 quoad
708 2739 831 2800 hoc
860 2738 1209 2799 secuudum
1238 2740 1527 2801 convenit
1558 2740 1694 2802 haec

185 2831 429 2891 sententia
446 2848 585 2891 cum
608 2831 848 2911 prima,
868 2838 931 2894 et
952 2832 1017 2893 in
1041 2832 1265 2893 eodem
1282 2830 1693 2895 fundamento

190 2923 439 2985 fundatur.
468 2924 757 2985 Primum
783 2942 935 2986 vero
962 2924 1051 2987 sic
1076 2924 1373 3001 declarat,
1392 2926 1538 3005 quia
1558 2926 1692 2988 ficri

196 3022 355 3093 potest
394 3022 453 3077 ut
507 3017 749 3097 aliquis
798 3018 1033 3079 habeat
1089 3017 1469 3079 evidentiam
1520 3018 1693 3100 quod

188 3110 317 3170 Deus
345 3110 623 3189 loquitur,
664 3130 791 3172 non
820 3130 971 3173 vero
990 3112 1315 3173 evidenter
1335 3113 1489 3175 sciat
1517 3112 1693 3195 quid·

184 3203 299 3281 quid
328 3204 471 3265 Deus
495 3204 655 3266 dicit
682 3223 821 3265 esse
846 3223 1107 3278 verum;
1138 3205 1205 3265 in
1241 3204 1345 3266 ino
1373 3222 1527 3286 ergo
1555 3226 1692 3269 esse

180 3302 341 3375 potest
370 3296 619 3361 evidens
670 3298 845 3377 quod
885 3300 1049 3360 Deus
1090 3299 1405 3377 loquatur,
1439 3318 1567 3361 non
1604 3308 1695 3362 ‘ta-

179 3409 291 3450 mea
306 3390 691 3471 quodverum
708 3392 891 3454 dicat.
916 3393 1313 3455 antecedens
1342 3392 1694 3456 declaratur

180 3484 227 3543 in
262 3484 487 3547 homine
517 3486 815 3566 simplici,
846 3487 953 3567 qui
1003 3488 1259 3549 nullam.
1294 3488 1529 3551 haheat
1568 3490 1693 3551 evi-

181 3577 403 3640 dentiam
424 3579 839 3642 scientificum
866 3580 947 3642 de
972 3581 1126 3655 Deo,
1154 3582 1255 3643 vel
1277 3582 1359 3643 de
1378 3582 1691 3645 attributis

182 3671 315 3749 ejus:
344 3672 423 3733 illi
471 3674 643 3735 enim
671 3680 881 3753 potest
914 3676 1084 3736 Deus
1118 3676 1399 3737 revelare
1430 3676 1685 3757 aliquid,

180 3772 225 3825 et
249 3766 542 3828 evidenter
570 3766 909 3829 ostendere
936 3786 1005 3828 se
1048 3786 1187 3829 esse
1233 3768 1339 3847 qui
1390 3764 1688 3847 loquitur,

176 3875 275 3917 non
308 3859 617 3922 evidenter
656 3860 1047 3923 ostendendo
1095 3878 1161 3922 se
1208 3880 1347 3923 esse
1376 3880 1689 3935 veracem,

176 3951 293 4030 qnia
322 3953 442 4015 haec
482 3954 795 4035 principia
840 3954 1130 4017 distincta
1176 3961 1355 4027 sunt3
1390 3974 1539 4036 ergo
1580 3974 1693 4035 po-

178 4048 271 4103 test
305 4064 485 4107 uuum
532 4047 671 4109 sine
726 4048 849 4109 alio
896 4047 1219 4109 evidenter
1258 4048 1547 4110 revelari.
1580 4049 1695 4110 Vel

182 4142 328 4212 certe,
354 4138 491 4201 licet
518 4140 595 4214 is,
628 4141 737 4220 qui
766 4141 986 4223 recipit
1012 4140 1485 4216 revelationem,
1519 4142 1693 4203 habi-

184 4232 381 4295 tualiter
414 4235 570 4297 sciat
606 4236 935 4298 evidenter
960 4236 1163 4297 Deum
1204 4255 1345 4299 esse
1378 4254 1692 4312 veracem,

182 4330 339 4401 potest
362 4346 484 4389 non
512 4329 913 4393 considerare
936 4330 1057 4391 hoc
1105 4331 1172 4391 in
1220 4337 1384 4405 actu,
1434 4330 1691 4411 quando

180 4418 449 4482 evidenter
474 4422 655 4485 audit
690 4424 891 4485 Deum
943 4423 1061 4485 sihi
1110 4423 1500 4504 loquentem,
1546 4424 1694 4503 quia

178 4529 297 4573 usus
338 4514 585 4577 alterius
635 4515 910 4578 scientias
956 4517 1059 4579 vel
1110 4516 1360 4580 habitus
1412 4535 1541 4579 non
1600 4520 1695 4578 est

178 4610 541 4671 necessarius.
576 4610 713 4671 Hoc
738 4626 889 4689 ergo
918 4612 1143 4690 posito,
1174 4611 1577 4673 manifestum
1604 4610 1693 4669 vi-

178 4696 327 4761 detur
350 4718 511 4772 eum,
536 4703 647 4783 qni
686 4702 1009 4765 evidenter
1036 4704 1357 4783 cognoscit
1380 4705 1585 4767 Deum
1610 4704 1693 4765 si-

180 4790 229 4849 hi
251 4792 420 4873 loqui,
448 4813 636 4874 posse
670 4814 787 4876 per
810 4814 1027 4857 veram
1052 4794 1246 4858 fidem
1274 4796 1531 4859 credere
1562 4797 1696 4859 dic-

178 4882 241 4945 tis
264 4888 403 4966 ejas,
432 4891 581 4969 quia
621 4898 771 4971 tunc
810 4889 1084 4951 maxime
1119 4890 1467 4970 procedunt
1504 4890 1696 4952 ratio·-

180 4994 271 5039 nes
310 4984 590 5045 secundae
640 4984 1003 5058 sententias,
1063 4984 1209 5063 quia
1258 4984 1360 5045 ille
1396 5002 1693 5045 assensus

180 5089 354 5135 rerum
380 5076 465 5138 sic
503 5078 945 5153 revelatamm,
984 5079 1155 5141 nullo
1201 5078 1389 5140 modo
1436 5085 1533 5140 est
1573 5079 1696 5140 evi·

182 5163 331 5241 dens„
360 5170 497 5248 quia
526 5188 645 5233 nec
686 5190 803 5251 per
846 5172 1021 5233 illum
1052 5173 1341 5233 videntur
1365 5190 1466 5233 res
1502 5172 1571 5233 in
1600 5190 1690 5246 se,

184 5274 357 5339 neque
403 5264 587 5326 etiam
635 5266 735 5328 ille
778 5273 929 5329 tunc
978 5266 1285 5347 colligitur
1326 5284 1403 5328 ex
1448 5266 1695 5329 duobus

186 5352 461 5435 principiis
506 5359 895 5421 evidentibus
914 5406 937 5437 ,
980 5361 1093 5422 sed
1129 5360 1207 5421 ad
1255 5378 1571 5422 summum
1620 5378 1698 5421 ex

190 5462 293 5506 uno
318 5450 612 5526 evidente,
644 5459 703 5515 et
728 5453 923 5516 altem
950 5455 1257 5527 obscuro;
1291 5453 1459 5516 unde
1512 5452 1699 5516 etiam

190 5536 273 5601 ille
294 5558 568 5609 assensus
604 5565 732 5612 non
776 5552 874 5609 est
913 5548 1323 5623 necessariuS,
1373 5547 1525 5635 quia
1572 5564 1700 5614 uon

3271 382 3348 446 75

1780 498 1873 555 est
1901 492 2196 567 evidens;
2229 510 2380 575 ergo
2407 492 2562 555 nihil
2595 492 2682 554 illi
2725 492 2905 555 deest
2932 494 3004 553 ut
3055 491 3138 553 sit
3159 508 3348 553 verus

1778 604 2076 647 assensus
2117 586 2285 663 fidei,
2327 603 2471 649 cum
2503 586 2688 647 detur
2729 602 2806 647 ex
2849 584 3206 647 testimonio
3234 584 3347 646 Dei

1777 680 2134 741 revelantis.
2176 681 2252 741 Et
2293 681 2412 742 hoc
2457 679 2786 741 confirmat
2821 696 2978 740 usus
3027 664 3178 739 fi‘dei
3233 679 3348 739 hu·-

1778 790 1980 833 manae
2005 818 2022 845 ,
2071 773 2140 834 in
2193 792 2318 853 qua
2372 773 2694 835 evidenter
2753 772 3192 853 cognoscimus
3255 772 3348 832 lo—

1778 871 2120 945 quentem,
2175 870 2392 929 tamen
2441 866 2590 947 quia
2635 884 2766 927 non
2807 864 2993 927 simili
3037 864 3349 927 evidentia

1778 961 2216 1039 cognoscimus
2234 961 2560 1023 veritatem
2585 961 2744 1041 ejuS,
2775 960 2970 1021 habet
2991 959 3196 1021 locum
3231 960 3348 1019 hu-

1776 1071 1966 1115 mana
1993 1054 2188 1128 fides;
2219 1073 2370 1135 ergo
2395 1054 2618 1117 eadem
2649 1054 2891 1116 ratione
2935 1054 3003 1115 in
3047 1053 3346 1133 praedicto

1773 1164 1927 1209 casu
1952 1148 2146 1209 habet
2167 1148 2376 1211 locum
2405 1147 2564 1209 fides
2593 1148 2824 1209 divina.

1857 1246 1956 1304 Π.
1990 1242 2304 1305 Judioimn
2333 1242 2402 1304 do
2436 1240 2846 1322 napea-toribus
2893 1240 3208 1305 sententiis
3235 1258 3350 1321 per

1772 1335 2222 1401 distinctionem
2251 1333 2514 1417 duplicis
2541 1334 2894 1413 quaestionis
2921 1334 2988 1395 in
3031 1333 3342 1415 praesenti.

1770 1458 1853 1477 -·
1890 1428 2030 1494 Una
2065 1428 2340 1508 quaestio.
2365 1460 2448 1475 --
2471 1424 2691 1490 Altera
2732 1427 3110 1510 quoestio.-
3137 1427 3206 1488 In
3251 1426 3346 1487 his

1774 1521 2172 1601 opinionibus
2196 1566 2212 1595 ,
2245 1520 2482 1599 aliquid
2507 1540 2729 1583 verum
2757 1526 2818 1582 et
2859 1520 3093 1600 aliquid
3120 1520 3347 1581 falsum

1772 1614 2039 1676 inveniri
2051 1620 2280 1694 potest,
2301 1614 2439 1677 etin
2465 1615 2588 1675 hoc
2599 1614 2752 1675 mihi
2782 1613 3348 1693 displicentearum

1780 1715 2091 1782 auctores,
2122 1709 2294 1787 quod
2315 1708 2668 1771 indistincte
2691 1714 2754 1771 et
2781 1707 3040 1769 confuse
3077 1708 3348 1788 loquun-

1776 1810 1900 1865 tur.
1939 1804 2194 1882 Oportet
2223 1803 2416 1876 enim,
2446 1808 2516 1863 ut
2563 1821 2748 1882 supra
2783 1802 3158 1876 notavimus,
3188 1801 3347 1863 duas

1778 1897 2157 1976 quaestiones
2189 1896 2291 1959 hic
2319 1895 2725 1975 distinguere.
2754 1894 2889 1959 Una
2921 1902 3016 1957 est
3039 1894 3344 1969 formalis,

1776 1990 2034 2063 scilicet,
2066 2008 2146 2051 an
2177 2006 2473 2051 assensus
2513 1989 2662 2051 fidei
2690 1989 2886 2069 possit
2910 2006 3024 2069 per
3051 2008 3119 2051 se
3143 1995 3204 2050 et
3225 1988 3348 2050 for·

1778 2084 2026 2147 maliter
2051 2082 2299 2145 fundari
2315 2084 2378 2143 in
2401 2082 2670 2145 evidenti
2691 2083 3072 2145 revelatione
3096 2082 3208 2143 Dei
3229 2089 3348 2144 tes-

1776 2178 2102 2249 tificantis.;
2136 2177 2296 2239 alius
2338 2196 2486 2239 vero
2517 2194 2742 2239 sensns
2769 2182 2866 2238 est
2897 2176 2975 2238 de
3015 2176 3148 2237 sola
3199 2193 3349 2238 con-

1776 2272 2138 2333 comitantia
2160 2270 2262 2331 vel
2280 2270 2699 2333 accidentario
2723 2288 3056 2344 concursu,
3084 2288 3164 2331 an
3189 2270 3347 2331 scili·

1778 2370 1895 2437 cet,
1924 2369 2130 2427 stante
2157 2364 2264 2425 illa
2283 2364 2690 2436 revelatione,
2722 2364 2919 2443 possit
2939 2363 3346 2434 nihilominus

1776 2458 2132 2521 intellectus
2171 2475 2500 2519 assensum
2546 2456 2694 2518 fidei
2741 2457 3022 2536 proebere
3049 2457 3146 2519 rei
3167 2475 3349 2519 reve-

1776 2552 1945 2625 latae,
1978 2570 2056 2613 ex
2077 2551 2210 2613 solo
2233 2551 2462 2613 motivo
2491 2549 2639 2613 fidei
2667 2569 2680 2611 :
2715 2556 2779 2613 et
2806 2551 2980 2631 prior
3001 2568 3226 2612 sensus
3253 2556 3350 2612 est

1777 2646 1877 2707 hic
1902 2646 2152 2724 proprie
2173 2644 2470 2718 intentus,
2491 2662 2640 2705 nam
2653 2644 2966 2723 posterior
2977 2644 3182 2723 magis
3208 2662 3348 2725 per·

1776 2738 1935 2800 tinet
1963 2738 2046 2799 ad
2085 2744 2454 2816 sequentem
2501 2737 2880 2801 sectionem:
2925 2755 3040 2817 per
3076 2738 3348 2801 occasio·

1774 2848 1923 2893 nem
1957 2838 2166 2893 tamen
2212 2832 2390 2893 illum
2443 2831 2716 2893 breviter
2763 2831 3187 2911 expediemus.
3239 2832 3348 2894 Est

1776 2924 1966 2987 etiam
1995 2942 2124 3005 pree
2155 2926 2352 2987 oculis
2395 2924 2688 2987 habenda
2727 2924 3038 2986 distinctio
3079 2923 3346 3002 duplicis

1774 3018 2128 3091 evidentiae,
2159 3020 2476 3083 naturalis
2503 3025 2561 3082 et
2581 3018 3102 3099 supernaturalis.
3155 3018 3347 3081 Deni-

1773 3130 1896 3191 que
1926 3112 2138 3192 quoad
2165 3112 2710 3177 concomitantiam
2755 3111 2896 3173 fieri
2936 3116 3142 3191 potest
3181 3130 3344 3173 com-

1772 3206 2038 3286 parati0,
2079 3206 2180 3267 vel
2221 3206 2384 3267 inter
2425 3205 2676 3267 habitus
2710 3206 2876 3267 inter
2931 3224 3024 3280 se,
3055 3206 3160 3267 vel
3201 3223 3345 3268 cum

1776 3298 2043 3372 actibuS,
2068 3298 2169 3361 vel
2195 3298 2358 3360 inter
2381 3298 2553 3378 ipsos
2577 3303 2750 3361 actus
2777 3299 2938 3361 inter
2961 3318 3052 3363 se.

1856 3393 1956 3453 18.
1990 3392 2215 3456 Prima
2248 3393 2924 3457 assertive-Probatur
2960 3393 3347 3476 quadruplici

1772 3487 1988 3549 medlo,
2019 3518 2101 3533 —-
2136 3486 2341 3547 Primo
2375 3504 2525 3565 ergo
2556 3491 2760 3548 statuo
2785 3504 3114 3549 assensum
3144 3486 3342 3558 illum,

1774 3598 1898 3659 quo
1928 3578 2155 3659 aliquis
2185 3578 2506 3641 evidenter
2523 3578 2768 3658 judicat
2786 3580 2988 3643 Deum
3003 3598 3141 3643 esse
3169 3600 3344 3642 reve·

1772 3672 2032 3747 lautam,
2087 3691 2200 3734 seu
2255 3672 2372 3734 sibi
2412 3672 2607 3753 loqui,
2651 3692 2781 3733 non
2828 3692 2966 3735 esse
3014 3693 3342 3736 assensum

1772 3766 1956 3839 fidem
2003 3766 2070 3827 in
2111 3767 2231 3828 hoc
2273 3784 2494 3827 omnes
2541 3766 2833 3827 videntur
2878 3761 3230 3842 convenire,
3282 3774 3345 3830 et

1772 3865 1945 3941 patet
1974 3858 2199 3939 primo,
2227 3860 2376 3940 quia
2405 3860 2508 3921 ille
2538 3878 2834 3921 assensus
2865 3866 2961 3923 est
3007 3860 3341 3925 intrinsece

1774 3952 2068 4024 evidens;
2103 3971 2254 4033 ergo
2281 3959 2594 4034 repugnat
2621 3972 2760 4015 esse
2793 3970 3122 4015 assensum
3163 3955 3336 4018 fidei.

1774 4047 2089 4121 SecundO,
2134 4052 2228 4109 est
2277 4053 2454 4109 actus
2519 4048 2860 4109 intrinsece
2921 4049 3339 4111 necessarius.

1773 4140 2006 4213 Tertia,
2053 4144 2150 4202 est
2187 4147 2363 4202 actus
2405 4141 2699 4216 scientiis,
2740 4142 2886 4221 quia
2929 4148 3225 4204 causatus
3267 4162 3344 4204 ex

1775 4232 2047 4296 evidenti
2075 4234 2458 4313 experientia
2491 4234 2756 4314 alicujus
2804 4236 3060 4297 effectus
3107 4236 3344 4316 proprii

1773 4327 1911 4402 Dei,
1943 4346 2088 4387 cum
2118 4327 2388 4389 evidenti
2422 4328 2776 4409 cognitione
2801 4328 3065 4408 alicujus
3093 4328 3346 4391 relatio-

1773 4422 1895 4495 niS‚
1920 4440 2036 4481 seu
2061 4420 2497 4500 dependentia}
2527 4421 2668 4482 talis
2699 4422 2960 4484 actionis
2987 4440 3024 4483 a
3041 4422 3148 4484 tali
3177 4422 3344 4502 prin-

1775 4514 1960 4594 cipio,
1987 4520 2058 4576 ut
2093 4532 2284 4592 supra
2322 4514 2709 4577 declaratum
2739 4522 2865 4589 est;
2899 4535 3053 4597 ergo
3089 4520 3186 4579 est
3207 4534 3345 4577 om-

1773 4609 1923 4669 nino
1966 4608 2289 4669 distinctus
2317 4607 2400 4669 ab
2435 4626 2696 4671 assensu
2731 4608 2900 4671 fidei.
2948 4610 3204 4687 Qum-tc,
3243 4609 3345 4673 vel

1772 4702 1877 4763 ille
1908 4720 2203 4763 assensus
2234 4708 2332 4763 est
2353 4700 2720 4765 naturaliter
2739 4702 3019 4779 evidenS,
3051 4710 3115 4767 et
3143 4704 3231 4765 sic
3249 4710 3346 4766 est

1775 4794 2084 4857 inferioris
2115 4794 2372 4868 ordiniS,
2421 4802 2486 4857 et
2509 4812 2682 4857 mere
2713 4796 3074 4874 acquisituS,
3109 4804 3172 4860 et
3197 4798 3342 4859 ideo

1776 4888 2111 4968 plusquam
2136 4888 2344 4968 specie
2383 4888 2786 4969 distinguitur
2823 4891 2904 4951 ab
2949 4897 3094 4953 actu
3138 4891 3342 4952 infuso

1777 4981 1954 5055 fidei;
1988 4982 2086 5043 vel
2115 4988 2212 5043 est
2237 4982 2797 5062 supernaturaliter
2833 4984 3111 5057 evidens,
3165 4990 3230 5046 et
3255 4984 3344 5045 sic

1774 5095 2038 5139 necesse
2081 5084 2178 5139 est
2221 5083 2294 5138 ut
2333 5078 2634 5156 procedat
2676 5096 2712 5138 a
2751 5080 2987 5140 lumine
3029 5078 3236 5140 infuso
3283 5084 3346 5143 ct

1774 5170 2235 5250 supernaturali
2281 5170 2569 5233 distincto
2613 5172 2696 5233 ah
2739 5171 2955 5232 habitu
2999 5170 3171 5249 fidei,
3211 5172 3342 5238 sivo

1776 5266 1929 5327 illud
1970 5271 2231 5328 vocetur
2251 5266 2465 5327 lumen
2493 5266 2946 5347 propheticum,
2979 5266 3121 5329 -sive
3149 5268 3348 5329 scien·

1778 5360 1863 5421 tia
1892 5359 2103 5439 aliqua
2129 5376 2246 5439 per
2273 5378 2345 5422 se
2371 5360 2598 5437 infusa,
2631 5360 2777 5439 quia
2819 5358 3035 5421 lumen
3087 5360 3346 5421 eliciens

1778 5453 1954 5517 illum
1984 5459 2215 5527 actum,
2260 5460 2331 5517 ut
2373 5453 2484 5529 sic,
2531 5472 2659 5515 non
2695 5452 2979 5515 innititur
3023 5454 3088 5517 in
3137 5452 3348 5515 divino

1785 5546 2165 5621 testimonio,
2224 5546 2335 5608 sed
2386 5546 2450 5607 in
2502 5562 2616 5609 sua
2662 5546 2941 5611 claritate
2988 5546 3068 5609 de
3119 5546 3348 5610 effectu
