3900 6217
537 325 660 388 ’118

535 431 799 494 11161616.
819 429 1124 506 Secundo,
1157 431 1412 494 fortasse
1441 433 1630 493 etiam
1658 431 1936 492 amicitia
1956 447 2101 490 cum

535 526 744 606 aliquo
797 531 999 606 posset
1039 543 1170 588 esse
1223 529 1420 595 tanta.
1483 531 1546 586 et
1598 523 1898 586 beneficia
1947 522 2101 584 adeo

536 619 788 698 egregia
815 617 970 678 mihi
992 617 1236 693 collata,
1267 623 1338 678 ut
1363 634 1600 698 possem
1629 635 1770 678 eum
1803 615 2103 696 praeferre

535 713 696 793 patri
719 712 850 772 sine
878 717 1148 792 peccato,
1173 713 1448 774 maxime
1475 711 1528 772 si
1550 719 1744 792 pater,
1774 715 2101 790 postquam

533 806 704 866 dedit
732 805 950 881 vitam,
991 805 1090 866 vel
1131 804 1329 882 nulla,
1380 804 1479 866 vel
1519 823 1717 886 pauca
1761 803 1885 864 alia
1913 803 2105 864 bene-

534 897 675 959 ficia
705 898 1058 974 contulerit,
1089 898 1190 960 vel
1217 899 1266 959 si
1298 898 1460 959 male
1487 898 1740 958 functus
1779 902 1870 958 est
1897 896 2106 957 officio

535 1007 678 1052 cum
716 991 865 1052 filio.
919 992 1008 1051 [16
1045 992 1289 1052 censuit
1341 989 1658 1071 probabile
1707 989 2003 1063 Victoria,
2032 990 2103 1052 in

535 1086 930 1164 Manuscript.
969 1084 1050 1144 ad
1078 1091 1295 1165 quoest.
1345 1087 1426 1146 26
1455 1086 1524 1145 D.
1569 1085 1844 1160 Thomae,
1896 1083 1967 1144 in
2010 1101 2103 1146 se-

537 1179 742 1240 cunda
791 1178 1096 1240 secundae.
1147 1179 1326 1242 Ratio
1367 1184 1480 1254 est,
1511 1179 1659 1258 quia
1701 1178 1766 1237 in
1816 1177 2105 1238 omnibus

535 1270 894 1348 virtutibuS,
946 1271 1094 1333 licet
1152 1290 1282 1333 una
1321 1271 1402 1332 sit
1457 1289 1569 1332 suo
1629 1287 1856 1349 genere
1903 1271 2105 1349 major

537 1366 753 1441 altera,
785 1365 853 1426 in
880 1365 1204 1427 individuo
1231 1369 1403 1426 actus
1423 1364 1730 1426 inferioris
1747 1369 1950 1443 potest
1972 1383 2102 1426 esse

535 1459 850 1520 interdum
899 1458 1123 1520 melior
1143 1476 1336 1538 quam
1371 1457 1723 1538 superioris
1757 1457 1922 1518 Idem
1956 1475 2105 1537 ergo

537 1559 740 1632 potest
755 1552 1028 1613 accidere
1058 1553 1124 1613 in
1151 1553 1382 1634 pietate
1409 1557 1762 1631 comparata
1781 1571 1924 1612 cum
1951 1553 2103 1612 ami-

533 1645 704 1720 citia,
743 1663 887 1706 cum
933 1645 1277 1706 Ecclesiast.
1309 1647 1350 1706 6
1388 1645 1626 1706 dicatur
1657 1661 1674 1705 z
1705 1642 1915 1708 Amico
1935 1646 2107 1724 fideli

534 1739 698 1800 nihil
743 1745 836 1802 est
887 1739 1287 1820 comparabile
1307 1763 1334 1812 ;
1369 1743 1431 1799 et
1479 1737 1950 1799 Proverbiorum
2000 1740 2101 1814 18,

535 1831 862 1912 praefertur
889 1832 1100 1908 fratri3
1143 1837 1205 1892 et
1231 1831 1610 1907 Ambrosius,
1642 1831 1754 1912 lib.
1789 1833 1826 1892 3
1853 1833 1930 1893 de
1963 1832 2105 1893 Offi-

535 1925 669 2001 ciis,
697 1943 752 1985 c.
789 1927 889 1998 16,
919 1926 1008 1986 ait
1037 1925 1106 1986 in
1126 1925 1302 1987 rebus
1331 1924 1612 1988 humanis
1635 1923 1796 1987 nihil
1819 1943 1944 1988 esse
1966 1925 2105 2004 pul-

537 2019 743 2082 chrius
771 2019 1071 2082 amicitia.
1102 2019 1270 2078 Idem
1304 2019 1494 2078 etiam
1545 2024 1786 2079 constat
1831 2019 1886 2079 si
1939 2037 2107 2080 cotn-

537 2129 828 2192 paremus
853 2113 1129 2172 amicum
1165 2129 1306 2172 cum
1335 2109 1489 2172 filio.

625 2207 720 2268 16.
771 2207 985 2270 Tertio
1027 2205 1314 2270 dubitatio
1349 2205 1678 2269 resolvitur
1717 2206 2105 2270 communiter

539 2317 672 2363 oum
700 2301 784 2362 D.
820 2301 1071 2362 Thomu.
1097 2331 1180 2346 -
1207 2299 1482 2361 Tertium
1517 2297 1778 2360 dubium
1803 2307 1914 2374 aet,
1938 2319 2105 2362 com-

535 2391 814 2471 parando
843 2407 1166 2472 parentem
1195 2411 1337 2454 cum
1369 2393 1658 2471 conjuge,
1701 2395 1841 2472 quis
1881 2394 2103 2473 praefe-

537 2484 768 2547 rendus
825 2487 924 2546 sit.
980 2486 1168 2548 Divus
1210 2485 1482 2548 Thomas
1513 2488 1576 2547 2.
1631 2489 1695 2562 2,
1737 2494 1955 2566 quaest.
1996 2489 2099 2563 26,

537 2584 652 2640 611.
706 2581 807 2655 11,
857 2579 1218 2659 simpliciter
1268 2579 1418 2640 dicit
1465 2578 1923 2659 praeferendum
1972 2599 2103 2643 esse

539 2677 884 2750 parentem,
913 2672 1200 2752 quamvis
1239 2689 1405 2753 saepe
1433 2674 1664 2752 conjux
1703 2673 1898 2735 soleat
1923 2673 2107 2754 diligi

541 2765 842 2826 intensius
869 2786 884 2824 :
917 2771 982 2826 et
1005 2766 1096 2826 ita
1121 2766 1399 2826 sentiunt
1420 2783 1638 2827 omnes
1660 2767 2100 2844 communiter,

539 2866 789 2940 propter
817 2878 1128 2922 summam
1157 2859 1602 2940 obligationem
1627 2880 1816 2941 quam
1845 2863 2105 2943 quisque

539 2952 730 3014 habet
757 2954 838 3015 ad
875 2960 1184 3035 parentes·
1229 2955 1348 3016 Sed
1395 2955 1640 3014 videtur
1681 2954 1924 3016 obstare
1949 2957 2105 3017 illud

537 3047 784 3123 Genes.‚
835 3049 876 3108 2
923 3065 1060 3127 cap.
1095 3068 1109 3106 ε
1167 3045 1552 3120 Quamobrem
1601 3047 1900 3128 relinquet
1937 3049 2107 3110 homo

531 3147 772 3220 patrem
822 3158 1000 3202 suum
1045 3143 1104 3202 et
1133 3146 1384 3204 matrem
1424 3158 1625 3217 suam,
1682 3145 1742 3202 ct
1784 3142 2109 3204 adherebit

537 3233 720 3294 umori
737 3250 884 3308 snus,
907 3232 1070 3312 quod
1097 3238 1470 3314 praeceptum
1497 3232 1782 3313 probavit
1801 3233 2103 3311 Christus,

537 3325 758 3388 Matth.
819 3329 918 3388 19.
983 3327 1368 3406 Quapropter
1423 3325 1705 3406 Lipoma,
1757 3325 1977 3388 Genes.
2029 3330 2103 3404 2,

537 3419 888 3500 oppositum
906 3420 1162 3495 indicat,
1184 3420 1336 3481 dum
1357 3420 1505 3481 citat
1530 3421 1875 3500 Rupertum
1899 3421 2107 3484 dicen-

535 3518 663 3577 tem
684 3559 700 3587 ‚
755 3513 1260 3592 conjunctionem
1303 3513 1584 3593 conjugis
1633 3532 1764 3576 esse
1821 3516 2105 3578 omnium

537 3606 875 3668 maximam
897 3613 960 3668 et
985 3606 1422 3682 fortissimam3
1449 3613 1512 3668 et
1539 3607 1885 3685 Hugonem‚
1916 3609 2107 3689 privi-

530 3699 768 3779 legium
809 3701 1158 3762 dilectionis
1197 3701 1386 3762 fuisse
1427 3700 1506 3762 ad
1534 3719 1790 3762 uxorem
1843 3702 2106 3764 transla-

537 3799 695 3856 tum.
750 3795 950 3856 Citare
999 3811 1244 3876 quoque
1293 3799 1538 3874 poterat
1577 3795 1967 3875 Procopium,
2032 3813 2105 3857 eo

534 3887 671 3950 loco
711 3889 932 3950 Genes.
982 3904 1000 3948 ι
1057 3887 1206 3952 Cum
1251 3889 1573 3952 secundum
1617 3892 1868 3970 nuptias
1919 3907 2107 3972 ymas

537 3983 862 4049 humanum
911 3984 1232 4046 consistere
1279 3988 1568 4062 oporteat,
1618 3985 1776 4046 recto
1813 3988 1870 4044 et
1906 4001 2109 4046 neces-

537 4080 704 4142 sario
747 4094 906 4140 umor
945 4080 1279 4157 antefertur
1321 4074 1674 4155 parentibus
1699 4099 1726 4148 ;
1773 4080 1836 4136 et
1891 4075 2037 4137 libr.
2070 4079 2105 4139 3

536 4171 763 4246 Esdrae,
795 4189 930 4250 cap.
977 4171 1020 4231 4
1053 4169 1324 4230 dicitur:
1358 4169 1560 4232 Homo
1600 4168 1812 4252 diliyet
1859 4186 2109 4233 umorem

537 4283 712 4329 suam
741 4265 943 4345 maffia·
971 4282 1150 4345 quam
1199 4269 1440 4346 patrem
1477 4269 1534 4326 et
1565 4269 1844 4327 matrem.
1873 4265 2105 4324 Verum

538 4376 740 4439 neque
761 4358 920 4420 liber
947 4357 1287 4420 canonicus
1319 4362 1434 4433 est,
1459 4374 1666 4437 neque
1688 4356 1914 4418 dicitur
1931 4359 1999 4418 in
2030 4375 2105 4420 eo

537 4451 690 4531 quid
715 4451 854 4513 fieri
896 4450 1139 4526 debeat,
1185 4450 1292 4512 sed
1335 4450 1488 4531 quid
1541 4450 1930 4529 frequentius
1968 4449 2097 4513 fiat.

537 4543 714 4604 Unde
741 4543 911 4623 prior
959 4543 1170 4622 opinio
1207 4548 1300 4604 est
1339 4541 1718 4622 probabilior
1745 4542 2105 4622 simpliciter

537 4641 789 4716 propter
815 4636 980 4697 dicta
1004 4637 1075 4697 in
1112 4635 1486 4716 praecedenti
1535 4633 1748 4695 dubio.
1784 4635 1860 4696 Et
1889 4651 2105 4695 sensus

537 4731 654 4790 loci
682 4730 932 4791 Genesis
965 4735 1080 4804 est,
1125 4730 1328 4810 quoad
1359 4729 1810 4790 habitationem
1849 4729 2105 4808 quidem

537 4829 600 4884 et
627 4829 914 4884 mutuam
933 4823 1316 4898 societatem,
1337 4821 1817 4901 relinquendum
1843 4839 1975 4884 esse
1996 4841 2107 4903 pa-

537 4920 718 4992 trem,
763 4923 879 4978 etc.
935 4917 1028 4978 lta
1071 4923 1394 4996 exponunt
1441 4917 1750 4996 Rupertus
1809 4925 1872 4977 et
1926 4916 2107 4978 divus

537 5009 828 5087 Thomas,
858 5017 978 5072 art.
1026 5013 1090 5074 14
1105 5055 1128 5087 ,
1169 5010 1246 5072 ad
1280 5010 1576 5091 primum,
1627 5012 1692 5070 et
1735 5007 1999 5073 lectione
2026 5013 2103 5074 10

536 5102 617 5164 ad
662 5103 887 5184 EpheS.
944 5106 982 5166 5
1011 5119 1034 5183 3
1089 5104 1433 5184 eodemque
1474 5101 1662 5165 modo
1710 5104 2105 5184 accipiendus

539 5197 892 5278 Procopius.

619 5294 717 5354 17.
775 5292 1011 5356 Ultima
1045 5290 1338 5357 dubitatio
1360 5291 1672 5373 eoepeditwr
1713 5311 1752 5357 a
1791 5291 2101 5374 Gajetono.

536 5419 618 5434 --
643 5385 764 5448 Sed
806 5387 1032 5466 quaerit
1065 5385 1416 5466 CajetanuS,
1457 5388 1527 5447 in
1571 5386 1830 5448 articulo
1868 5390 1969 5462 12,
2022 5403 2107 5447 an

537 5481 765 5560 conjux
811 5479 891 5541 sit
937 5478 1360 5559 praeferendus
1405 5479 1578 5558 fili03
1630 5481 1732 5541 cui
1777 5478 2106 5559 respondet

991 326 1226 382 msl’nT.
1266 326 1350 382 tx.
1385 329 1466 382 m:
1489 324 1724 381 ORDINE
1757 326 1937 380 cmm
1968 319 2287 380 PEnsoNAs
2318 325 2647 383 suanum
2677 325 2743 382 m
2772 327 3128 391 PRAEGEPTQ
3160 326 3299 384 mc.

2180 429 2545 510 simpliciter
2586 450 2717 496 esse
2744 431 3224 513 praeferendum.
3256 431 3440 494 Ratio
3462 430 3587 510 ejus
3615 439 3705 510 est,

2180 525 2329 604 quia
2352 532 2445 587 est
2470 526 2741 588 nobilius
2768 527 3079 606 objectum
3093 542 3113 604 3
3136 532 3229 588 est
3248 527 3421 588 enim
3450 529 3712 603 comprin-

2182 619 2414 699 cipium
2460 620 2903 698 generationis,
2958 619 3121 682 filius
3164 625 3417 680 tantum
3470 618 3707 682 effectus.

2184 711 2303 774 Sed
2329 713 2526 792 magis
2556 719 2738 792 urget
2766 730 2879 794 pro
2898 713 3197 792 cajetan„
3228 711 3400 792 quod
3432 711 3711 774 vinculum

2184 805 2571 866 matrimonii
2612 805 2871 868 inducat
2894 822 3191 885 magnam
3216 803 3555 884 quamdam
3592 803 3715 864 obli-

2184 898 2495 975 gationem
2517 914 2537 976 3
2564 916 2712 959 nam
2740 916 2821 960 ex
2863 898 3105 960 duobus
3130 897 3280 958 facit
3301 895 3484 976 quasi
3529 913 3709 959 unum.

2182 989 2469 1051 Arbitror
2496 997 2707 1052 tamen
2740 992 2813 1052 in
2862 991 2961 1052 his
3006 990 3297 1051 omnihus
3336 996 3471 1048 tam
3498 1007 3713 1068 parvam

2184 1084 2670 1163 inaequalitatem
2704 1102 2837 1146 esse
2878 1084 2949 1145 in
3002 1083 3221 1144 ordine
3264 1081 3713 1159 diligendorum,

2182 1183 2253 1238 ut
2290 1178 2395 1238 vix
2426 1195 2705 1256 unquam
2744 1179 2824 1238 sit
2850 1176 3149 1256 obligatio
3193 1176 3271 1236 ad
3310 1173 3588 1234 mortale.
3620 1176 3717 1236 Ad·

2181 1270 2273 1331 dit
2298 1270 2651 1349 CaJetanus,
2681 1288 2761 1332 ex
2800 1279 2977 1351 parte
3007 1269 3325 1348 diligentis
3350 1269 3550 1346 magis
3574 1267 3717 1346 diligi

2184 1383 2347 1444 saepe
2366 1365 2595 1441 filium,
2611 1371 2863 1446 propter
2882 1365 3185 1444 majorem
3212 1364 3353 1442 conj
3361 1363 3713 1438 unctionem

2184 1459 2291 1518 sed
2348 1459 2733 1539 experientia
2780 1459 3033 1520 videtur
3090 1459 3311 1519 docere
3370 1458 3685 1536 oppositum
3696 1475 3713 1534 ;

2184 1569 2332 1614 nam
2380 1552 2749 1631 regulariter
2790 1551 2992 1630 magis
3028 1557 3209 1612 curat
3236 1558 3301 1614 et
3331 1555 3508 1610 amat
3530 1551 3715 1628 conjux

2184 1645 2419 1706 bonum
2446 1647 2701 1708 alterius
2724 1646 3027 1725 conjugis,
3058 1662 3247 1725 quam
3276 1642 3431 1720 filii3
3460 1649 3525 1704 et
3538 1663 3715 1705 revera

2186 1741 2543 1819 conjunctio
2570 1739 2669 1800 vel
2701 1757 2829 1800 non
2858 1745 2953 1800 est
2976 1739 3207 1811 minor,
3234 1745 3299 1800 et
3326 1736 3580 1798 16116666
3615 1755 3713 1797 ma·

2178 1833 2303 1911 jor,
2330 1831 2595 1914 ideoque
2620 1839 2683 1894 et
2708 1823 2887 1895 amor
2912 1839 3007 1894 est
3034 1831 3379 1912 antiquior,
3403 1847 3467 1891 et
3496 1830 3715 1892 familia-

2184 1929 2359 1989 ritae.

2268 2023 2367 2084 18.
2398 2021 2627 2097 Quinta
2646 2022 2948 2088 conducio
2978 2024 3058 2086 D.
3106 2024 3357 2087 mama·
3382 2028 3441 2087 et
3468 2021 3709 2098 alim-um,

2180 2117 2249 2180 in
2286 2119 2347 2177 2.
2380 2115 2441 2189 2,
2475 2134 2537 2196 q.
2566 2115 2670 2191 26,
2702 2121 2825 2180 art.
2865 2119 2924 2177 7.
2952 2149 3037 2164 -··
3080 2118 3224 2178 Dico
3258 2117 3482 2197 quinto
3530 2117 3715 2196 princi-

2182 2210 2439 2290 paliter:
2468 2212 2631 2270 inter
2668 2227 2795 2270 non
2825 2210 3202 2290 conjunctos,
3232 2229 3347 2292 per
3362 2229 3428 2274 se
3448 2210 3707 2291 loquendo,

2185 2303 2559 2382 praeferendi
2585 2308 2732 2362 sunt
2764 2304 3085 2382 meliores,
3112 2305 3274 2384 justi
3306 2303 3709 2384 peccatoribus.

2185 2398 2276 2457 Ita
2304 2397 2375 2457 D.
2405 2395 2676 2456 Thomas
2701 2396 3008 2473 citandus,
3052 2404 3115 2458 et
3164 2413 3387 2459 omnes
3436 2397 3539 2457 alii
3578 2415 3710 2456 com-

2184 2489 2459 2551 muniter
2502 2489 2581 2550 (16
2631 2489 2727 2550 his
2770 2491 3341 2570 comparationibus
3392 2495 3708 2564 tractantem

2184 2602 2333 2646 nam
2360 2585 2601 2644 ratione
2644 2582 2899 2662 majoris
2926 2585 3273 2646 sanctitatis
3300 2584 3577 2646 homines
3598 2589 3710 2644 sunt

2184 2679 2308 2740 Deo
2358 2677 2679 2740 similiores
2724 2687 2787 2739 et
2832 2679 3289 2756 conjunctiores
3306 2693 3329 2755 3
3383 2685 3524 2737 sunt
3558 2678 3710 2737 etiam

2184 2770 2427 2850 objecta
2455 2771 2781 2844 nobiliora,
2814 2777 2877 2832 61
2900 2771 3097 2850 magis
3124 2771 3579 2851 proportionata
3600 2769 3707 2830 cha·

2184 2864 2390 2940 ritati3
2448 2883 2630 2944 erg-0,
2676 2871 2796 2927 616.
2858 2865 3255 2926 Contrarium
3306 2869 3513 2926 tamen
3561 2863 3709 2924 sentit

2184 2957 2524 3018 monachus
2576 2957 2829 3038 quidam
2881 2957 3047 3039 apud
3097 2958 3423 3037 Almayn„
3480 2961 3635 3017 tract.
3678 2959 3699 3014 1

2186 3051 2427 3128 Μο161.,
2475 3070 2613 3131 cap.
2645 3055 2706 3129 8,
2756 3052 2834 3114 ad
2871 3051 3089 3127 finem,
3128 3052 3343 3113 dicens
3368 3053 3437 3112 in
3476 3056 3705 3111 extrema

2184 3146 2545 3208 necessitate
2566 3147 2771 3225 potius
2792 3145 3286 3208 subveniendum
3312 3163 3443 3206 esse
3465 3141 3704 3205 existenti

2186 3239 2255 3300 in
2302 3245 2554 3320 peccato
2600 3255 2791 3318 quam
2832 3239 3022 3318 justo,
3076 3237 3225 3317 quia
3284 3245 3379 3299 est
3423 3238 3489 3297 in
3526 3235 3704 3312 majori

2185 3331 2484 3413 periculo,
2528 3332 2697 3393 unde
2740 3337 2805 3394 et
2844 3331 3045 3412 magis
3084 3332 3348 3412 indiget.
3400 3329 3514 3392 Sed
3545 3347 3636 3410 per
3658 3343 3702 3388 se

2184 3426 2493 3507 loquendo,
2533 3431 2606 3486 ut
2652 3424 2885 3486 ibidem
2915 3425 3207 3504 Almayn.
3258 3423 3455 3500 addit,
3502 3421 3701 3482 nonita

2184 3525 2277 3582 est
2288 3535 2311 3597 3
2366 3518 2679 3580 interdum
2726 3525 2960 3594 tamen,
2996 3519 3048 3579 si
3092 3523 3256 3580 esset
3306 3525 3531 3580 certum
3570 3514 3701 3574 1111116

2182 3614 2420 3692 justum
2494 3613 2750 3675 fortasse
2812 3612 3179 3674 salvandum
3198 3658 3219 3687 ,
3296 3613 3351 3672 si
3414 3608 3697 3680 moriatur3

2185 3705 2375 3767 alium
2396 3725 2544 3769 vero
2566 3707 2635 3768 in
2648 3711 2899 3786 peccato
2914 3705 3291 3768 existentem
3310 3721 3437 3766 esse
3460 3700 3699 3763 condem-

2186 3800 2503 3877 nandum3
2544 3801 2598 3860 si
2634 3806 2847 3862 autem
2880 3798 3235 3880 supervivat
3296 3798 3555 3878 aliquam
3598 3809 3699 3852 esse

2188 3911 2361 3973 spem
2399 3893 2636 3969 salutis,
2668 3893 2787 3954 erit
2824 3892 3083 3954 fortasse
3112 3891 3451 3953 consultius
3480 3887 3560 3949 illi
3590 3899 3699 3964 pro-

2186 3986 2420 4063 videre,
2472 3987 2787 4068 praecipue
2828 3987 2880 4047 si
2910 3985 3015 4046 hic
3058 3992 3122 4047 et
3162 4003 3338 4046 nunc
3370 3985 3495 4064 jam
3534 3980 3699 4042 minus

2188 4079 2282 4139 sui
2306 4097 2557 4160 compos
2578 4097 2705 4141 non
2732 4080 2924 4160 possit
2942 4079 3259 4141 moraliter
3284 4078 3361 4140 ad
3388 4078 3563 4138 Deum
3584 4089 3699 4132 con·

2184 4173 2367 4233 verti.
2388 4173 2451 4234 Si
2470 4173 2639 4234 enim
2668 4173 2885 4254 possit,
2904 4178 3069 4234 certe
3096 4190 3227 4235 non
3250 4172 3375 4233 erit
3393 4169 3459 4231 in
3488 4163 3695 4228 necessi-

2186 4270 2315 4326 tate
2334 4265 2667 4346 spirituali.

2267 4361 2365 4420 19.
2418 4357 2871 4432 Quoestimada
2894 4360 3059 4424 circa
3076 4359 3491 4441 proecedentem
3514 4351 3693 4418 conclu·

2183 4452 2893 4535 sionem—Quidprimo
2918 4455 3085 4518 dicat
3106 4453 3189 4516 D.
3218 4441 3698 4518 fmus—Quid

2184 4545 2349 4609 dicat
2374 4547 2647 4609 secundo.
2660 4547 3025 4627 -Propria
3048 4545 3329 4624 formalis
3350 4539 3618 4608 resolutio.
3631 4565 3693 4582 -·

2180 4636 2309 4700 Est
2321 4637 2518 4718 ,fucta
2542 4638 2745 4720 ipsum
2772 4639 2857 4702 D.
2894 4640 3202 4704 Thomna.
3240 4673 3327 4686 -
3362 4636 3601 4698 Dubium
3622 4637 3695 4689 ta·

2181 4747 2328 4792 men
2348 4737 2463 4808 est,
2485 4732 2537 4792 si
2556 4749 2987 4812 comparemus
3002 4731 3335 4794 sanctiores
3351 4730 3564 4792 alienos
3579 4737 3689 4784 cum

2182 4824 2709 4904 conjunctioribus
2748 4826 2957 4886 minus
3016 4823 3265 4900 sanctis,
3318 4821 3555 4904 quinam
3594 4815 3691 4875 sint

2186 4916 2575 4997 praeferendi.
2621 4918 2809 4979 Divus
2840 4917 3110 4978 Thomas
3148 4916 3311 4978 hanc
3342 4907 3691 4992 comparatio-

2185 5028 2333 5072 nem
2362 5011 2506 5072 facit
2529 5011 2597 5072 in
2626 5010 2734 5072 illo
2758 5009 3021 5072 articulo
3056 5013 3117 5086 7,
3142 5015 3273 5071 tam
3303 5010 3367 5070 in
3392 5006 3585 5068 ordine
3606 4997 3691 5058 ob-

2180 5103 2393 5183 jectivi
2410 5105 2665 5180 amoris,
2688 5121 2877 5184 quam
2896 5103 3193 5164 intensivi
3212 5102 3311 5164 vel
3330 5090 3685 5181 appretiatio,

2184 5198 2394 5278 aitque
2426 5197 2727 5278 objectiva
2752 5197 3039 5260 meliores
3069 5215 3199 5260 esse
3242 5195 3433 5274 magis
3472 5189 3689 5266 diligen-

2184 5289 2317 5368 dos,
2345 5290 2496 5370 quia
2538 5291 2771 5354 habent
2814 5291 2883 5352 in
2928 5309 2993 5352 se
3030 5291 3234 5370 majus
3274 5289 3510 5350 bonum.
3546 5275 3685 5354 (2¹¹⁰d

2185 5401 2300 5465 ego
2350 5385 2631 5465 intelligo
2682 5386 2760 5447 de
2817 5401 3027 5447 amore
3080 5383 3355 5445 absoluto
3398 5376 3687 5442 secundum

2184 5483 2553 5559 praesentem
2568 5479 2879 5558 justitiam
2886 5495 2909 5558 3
2932 5495 3081 5540 nam
3108 5479 3163 5538 si
3186 5477 3494 5572 loquamur
3516 5469 3582 5530 de
3603 5464 3683 5524 de·
