3900 6217
1646 291 1681 320 D

738 443 911 496 SECT.
947 443 1028 495 lx.
1067 445 1127 496 m
1160 443 1382 506 Qulssus
1416 445 1708 499 Pssnsoms
1740 446 1819 498 ET
1852 445 1933 496 Ex
1969 443 2191 508 QUIBUS
2225 445 2440 499 causis
2473 447 2692 508 ACTUS,
2728 447 2861 499 E'rc.

184 549 290 607 net
316 551 453 606 tota
482 545 757 608 exterior
788 545 1119 626 propositio
1155 545 1465 607 sufficiens
1494 545 1663 616 fidei,
1696 553 1759 608 et

185 639 435 700 interna
452 639 771 709 excitatio,
790 658 979 718 quam
999 640 1165 701 idem
1188 639 1527 702 Concilium
1548 640 1761 702 statim

187 731 465 796 declarat
486 731 558 792 in
586 732 1041 794 illuminatione
1064 732 1172 794 Dei
1196 731 1549 808 consistere,
1575 751 1614 794 a
1632 750 1759 811 qua

184 826 447 900 dixerat,
482 825 685 905 capite
706 825 949 904 quinto,
976 825 1138 886 sumi
1162 825 1485 886 exordium
1512 825 1755 899 salutis;

184 918 351 980 unde
370 918 545 998 quod
560 935 798 980 esnone
818 919 1003 980 tertio
1018 918 1257 992 definit,
1276 919 1569 982 nominem
1580 937 1759 1000 posse

184 1014 419 1076 credero
478 1013 643 1076 siout
694 1017 946 1093 oportet,
1019 1013 1152 1074 sim
1218 1011 1505 1092 Spiritus
1554 1011 1758 1076 sancti

180 1105 589 1186 praevenienti
610 1103 1053 1169 illuminatione
1079 1109 1139 1168 ot
1164 1106 1589 1186 impio-atim,
1628 1105 1757 1185 pla-

182 1217 261 1260 ne
288 1198 594 1278 intelligit
636 1198 715 1259 de
761 1199 895 1279 ipso
936 1201 1195 1275 credero,
1225 1205 1297 1260 ut
1326 1206 1423 1260 est
1460 1199 1751 1274 liberum,

178 1298 377 1371 atque
420 1293 579 1354 adeo
624 1291 813 1354 etiam
856 1292 933 1354 de
961 1293 1278 1354 voluntate
1319 1293 1613 1354 credendi
1646 1311 1661 1368 ;
1690 1298 1755 1354 et

178 1385 407 1447 eodem
448 1387 637 1448 modo
686 1386 968 1466 intelligo
1013 1386 1441 1449 definitionem
1497 1385 1755 1448 concilii

178 1479 577 1554 Arausieani,
627 1480 827 1560 capite
864 1480 1107 1560 quinto,
1142 1480 1305 1560 quod
1347 1481 1603 1561 affectus
1630 1497 1755 1542 cre·

176 1573 365 1636 doadi
388 1573 481 1636 eit
522 1591 599 1636 m
640 1574 889 1656 patim
922 1591 1069 1634 uam
1102 1572 1209 1634 illa
1260 1573 1464 1653 gratia
1486 1571 1755 1653 explica·

174 1672 286 1728 tm-
312 1685 449 1728 eoee
479 1666 692 1728 divina
735 1665 1113 1728 illuminatio
1158 1673 1219 1728 et
1245 1667 1592 1746 inspiratio.
1628 1666 1752 1728 Un-

176 1759 261 1822 de
300 1759 511 1839 capite
562 1760 853 1840 septimo,
906 1778 1189 1840 expresse
1234 1760 1385 1822 dicit
1430 1759 1751 1821 hominem

178 1871 311 1914 non
340 1871 524 1933 posse
548 1853 835 1916 assentiri
862 1853 1288 1933 praedicationi
1316 1854 1595 1929 salutari,
1619 1855 1755 1919 sino

174 1949 423 2030 prescia
462 1947 747 2027 Spiritus
776 1947 1001 2013 Sancti
1022 1949 1491 2012 illuminatione.
1520 1949 1755 2012 Eadem

182 2048 279 2104 est
304 2043 598 2121 frequens
618 2043 899 2104 doctrina
913 2043 1272 2122 Augustini,
1289 2049 1423 2105 tum
1437 2043 1585 2106 loeis
1602 2044 1755 2105 eita-

184 2136 293 2210 tis,
308 2141 447 2196 tum
482 2135 591 2196 lib.
616 2137 657 2196 2
680 2141 897 2197 contra
914 2135 1069 2198 duas
1091 2136 1383 2216 epistolas
1399 2137 1753 2216 Pelagiano-

182 2247 355 2303 rum,
386 2247 523 2309 eap.
575 2232 639 2304 8,
690 2236 755 2292 et
802 2243 1022 2310 quoest.
1060 2232 1101 2290 2
1145 2230 1221 2291 ad
1254 2229 1753 2308 Simplicianum,

182 2333 247 2386 et
276 2323 394 2386 lib.
425 2325 503 2385 de
540 2325 713 2385 Dono
752 2324 1248 2404 perseverantias,
1280 2344 1333 2385 c.
1368 2325 1444 2385 ⁴3
1471 2330 1535 2385 et
1564 2327 1665 2400 ⁴4,
1694 2331 1757 2384 et

182 2418 368 2496 epist.
422 2419 541 2480 ⁴07
557 2433 579 2495 ;
629 2418 854 2497 quibus
898 2418 1047 2478 locis
1098 2420 1211 2494 ait,
1258 2435 1389 2479 esse
1434 2418 1627 2480 altam
1694 2423 1753 2481 et

182 2515 479 2574 metm
526 2512 881 2572 interiorem
926 2511 1297 2586 doctrinam,
1338 2529 1527 2590 quam
1560 2511 1753 2590 Spiri-

184 2612 285 2664 tus
312 2606 519 2666 saneti
558 2603 755 2682 docet,
803 2612 867 2666 et
902 2605 1073 2666 illam
1102 2605 1290 2666 sentit
1321 2622 1449 2666 esse
1476 2623 1751 2667 necessa·

180 2698 367 2770 riam,
412 2705 641 2777 praeter
676 2704 1000 2759 externam
1031 2699 1405 2760 doctrinam:
1437 2717 1583 2759 nam
1619 2699 1753 2760 haee

182 2797 441 2852 externa
478 2798 675 2855 movet
704 2810 969 2868 smum,
997 2793 1111 2856 illa
1154 2795 1401 2856 interna
1430 2811 1750 2857 accommo-

190 2887 291 2948 dat
340 2903 697 2958 πωπω,-
746 2891 811 2946 et
870 2885 1097 2946 similia
1140 2885 1330 2947 habet
1394 2885 1747 2964 Gregorius,

192 2979 369 3039 hom.
408 2982 489 3041 30
516 2980 587 3039 in
626 2981 891 3060 Evang„
926 2988 989 3041 et
1032 2981 1311 3060 Prosper,
1348 2981 1427 3042 ad
1456 2979 1750 3061 objectio·

202 3091 341 3134 nem
368 3076 403 3135 5
432 3071 783 3134 Gallorum.

254 3167 365 3226 44.
388 3165 671 3230 Assa-tio
694 3169 881 3230 tertia
895 3191 917 3226 .·
933 3163 1097 3231 diota
1124 3165 1493 3230 illuminatio
1512 3183 1633 3230 uon
1658 3185 1751 3232 ro-

182 3258 457 3337 ffeio-itur
482 3261 569 3322 ad
586 3259 969 3338 formandum
992 3259 1156 3324 illud
1172 3261 1504 3337 judicium,
1538 3261 1645 3324 sed
1670 3263 1757 3325 ad

182 3353 533 3415 dotandum
558 3358 635 3415 ut
675 3350 895 3416 excitet
920 3353 1309 3416 voluntatem.
1398 3355 1628 3416 Tertio.
1654 3354 1752 3415 di-

186 3445 459 3506 cendum
494 3452 613 3520 est,
644 3445 1176 3525 supernaturalem
1204 3445 1747 3524 illuminationem,

178 3557 319 3618 quai
368 3539 443 3598 in
500 3538 815 3599 intellecta
876 3539 1169 3617 proeeedit
1226 3539 1305 3600 ad
1364 3537 1749 3600 voluntatem

178 3631 504 3704 credendi,
536 3649 665 3692 non
706 3650 835 3693 esse
872 3633 1277 3693 neeessariam
1309 3651 1423 3712 per
1448 3649 1536 3707 se,
1566 3651 1751 3713 prop-

180 3733 275 3785 ter
296 3725 617 3803 judicium
648 3725 1093 3801 eredibilitati3‚
1124 3725 1229 3786 sed
1254 3731 1503 3806 propter
1540 3743 1752 3804 super·

182 3817 543 3878 naturalem
592 3825 799 3878 actum
854 3817 1206 3891 voluntatis,
1238 3818 1297 3877 id
1328 3825 1443 3894 est,
1496 3836 1624 3878 non
1660 3824 1752 3879 est

184 3912 541 3972 necessaria
568 3911 815 3972 utillud
844 3911 1145 3990 judicium
1180 3910 1313 3986 fiat,
1356 3911 1461 3972 sed
1487 3917 1558 3970 ut
1599 3910 1753 3972 illud

186 4003 441 4083 adjuvet
470 4005 553 4065 ad
580 4004 975 4066 excitandum
1010 4010 1072 4065 et
1111 4003 1518 4065 obtinendum
1547 4010 1751 4064 actum

184 4097 550 4158 voluntatis.
612 4099 725 4158 Per
746 4097 909 4157 hane
948 4097 1374 4172 assertionem,
1418 4095 1667 4158 declaro
1692 4101 1757 4157 et

192 4191 503 4252 rationem
532 4189 931 4270 praecedentis
957 4188 1387 4264 conclusionis,
1416 4196 1481 4250 et
1504 4187 1755 4250 solutio·

190 4301 335 4345 nem
366 4285 693 4363 praeeipnoe
724 4281 1099 4343 difficultatis
1123 4300 1311 4361 supra
1334 4281 1568 4361 positoe,
1614 4299 1755 4360 qum

186 4379 250 4438 in
282 4378 409 4438 hoe
450 4376 845 4451 consistebat,
890 4375 1057 4454 quod
1098 4377 1151 4436 si
1179 4376 1380 4452 gratia
1410 4381 1503 4436 est
1543 4392 1755 4436 neces·

180 4473 347 4532 saria
373 4471 455 4532 ad
488 4470 795 4548 judicium
820 4469 897 4530 de
918 4468 1265 4544 credendis,
1295 4485 1403 4529 seu
1442 4467 1606 4546 quod
1628 4469 1769 4528 cre-⁶

178 4565 465 4625 tiendum
496 4565 601 4638 sit,
632 4568 877 4642 oportet
919 4561 1077 4622 illud
1106 4561 1417 4640 judicium
1439 4579 1573 4622 esse
1600 4561 1665 4620 in
1690 4579 1757 4622 se

178 4665 241 4718 et
262 4659 334 4716 in
362 4675 481 4718 sua
502 4656 848 4718 substantia
874 4654 1363 4735 supernaturale.
1402 4654 1754 4734 Responde·

180 4771 327 4813 mus
355 4757 573 4812 autem
604 4750 730 4810 duo
752 4767 929 4828 posse
966 4749 1035 4809 in
1063 4747 1173 4809 illo
1214 4746 1451 4828 judicio
1476 4746 1755 4808 conside·

180 4845 335 4906 rari.
362 4845 576 4907 Unum
608 4849 723 4918 est,
746 4842 911 4922 quod
929 4842 1009 4902 ait
1034 4841 1287 4920 quidam
1311 4857 1591 4902 assensus
1615 4839 1757 4900 fun·

184 4941 367 5000 datm
386 4937 457 4999 in
484 4935 853 4999 testimoniis
890 4940 956 4996 et
984 4935 1177 5014 signis
1201 4933 1494 4994 humanis
1521 4933 1621 4993 vel
1658 4931 1756 4992 di-

186 5033 376 5108 vinis»,
394 5049 513 5112 per
532 5030 877 5092 humanam
896 5028 1344 5107 experientiam
1364 5025 1625 5105 eognitis
1646 5024 1757 5086 ali-

189 5145 315 5206 quo
352 5125 569 5200 medo,
622 5129 684 5185 et
726 5124 815 5186 sic
851 5121 1115 5184 dicimus
1148 5139 1277 5184 non
1313 5137 1447 5182 esse
1480 5137 1759 5182 neeessa-

192 5222 349 5282 riam
368 5237 489 5300 per
512 5237 581 5280 se
604 5218 867 5298 gratiam
896 5217 1209 5278 internam
1237 5215 1316 5276 ad
1336 5213 1526 5276 talem
1548 5220 1759 5274 aetum

192 5315 397 5393 quoad
414 5311 829 5374 substantiam
860 5311 997 5388 ejus
1014 5331 1032 5384 ;
1058 5309 1175 5370 hoe
1192 5307 1363 5369 enim
1384 5307 1760 5368 sufficienter

194 5406 411 5485 probat
440 5404 709 5485 objectio
732 5403 921 5477 facta,
946 5413 1011 5462 et
1038 5401 1163 5464 alia
1180 5419 1315 5480 quoe
1334 5399 1599 5462 adducta
1616 5405 1763 5461 sunt

200 5517 303 5578 pro
328 5499 533 5579 prima
567 5497 945 5570 assertione;
973 5511 1171 5575 neque
1204 5493 1545 5556 Concilium
1568 5499 1763 5554 Arau-

198 5593 473 5653 sicanum
510 5595 577 5652 et
614 5589 739 5651 alia
780 5587 1109 5669 requirunt
1152 5588 1418 5670 gratiam
1448 5586 1763 5648 internam

1838 553 2095 628 propter
2119 546 2274 607 illud
2311 548 2642 626 judicium,
2669 549 2776 610 sed
2809 555 3061 628 propter
3106 549 3395 613 volunta-

1839 647 1966 700 tem
1989 640 2538 719 supernaturalem.
2561 641 2844 702 Secundo
2865 659 3014 720 ergo
3039 649 3235 720 potest
3255 663 3400 706 eon-

1834 733 2094 793 siderari
2123 733 2190 792 in
2220 732 2328 793 illo
2352 733 2586 812 judicio
2619 740 2908 813 potestas,
2938 753 3044 795 seu
3073 736 3397 800 efficacitas

1837 825 1915 885 ad
1956 825 2334 886 movendum
2382 825 2784 902 voluntatem,
2839 833 2902 888 et
2935 830 3108 908 quasi
3151 829 3398 891 elevan-

1836 917 1984 980 dam
2003 918 2082 978 ad
2101 925 2312 980 actum
2333 920 2898 998 supernaturalem3
2927 929 2988 982 et
3005 921 3085 982 ad
3109 922 3224 982 hoc
3247 922 3398 984 dici-

1837 1030 1980 1074 mus
2005 1029 2136 1073 oese
2167 1012 2576 1076 necessarium
2601 1021 2672 1074 ut
2697 1031 2839 1074 eum
2866 1013 2970 1074 illo
2995 1015 3228 1092 judicio
3249 1033 3396 1077 con-

1830 1109 2134 1188 jungatur
2177 1107 2387 1188 aliqua
2433 1107 2646 1168 divina
2689 1106 3086 1183 illuminatio,
3129 1116 3199 1170 ut
3231 1117 3396 1172 reete

1834 1201 2027 1262 sentit
2049 1201 2116 1262 D.
2145 1200 2412 1262 Thomas
2443 1200 2504 1260 d.
2538 1217 2600 1279 q.
2633 1200 2695 1274 2,
2740 1206 2857 1261 art.
2887 1201 2949 1275 9,
2993 1201 3072 1262 ad
3118 1203 3390 1275 tertium,

1832 1295 1909 1356 de
1946 1312 2071 1374 qua
2118 1293 2576 1355 illuminatione
2617 1293 2789 1368 dicit,
2832 1311 2894 1372 q.
2933 1295 2995 1368 8,
3027 1303 3144 1356 art.
3194 1297 3256 1367 5,
3291 1314 3396 1356 re-

1832 1387 1974 1450 duci
2013 1387 2092 1450 ad
2125 1387 2364 1448 donum
2396 1387 2767 1459 intellectus,
2813 1388 2964 1466 quia
3001 1387 3150 1449 facit
3193 1391 3398 1450 eonci-

1836 1498 1980 1561 pere
2025 1497 2124 1541 res
2169 1479 2348 1552 fidei,
2404 1480 2566 1540 sicut
2613 1485 2855 1559 oportet
2889 1487 2960 1540 ut
2993 1480 3280 1544 voluntas
3315 1484 3394 1544 ad

1832 1573 1974 1636 illas
2025 1573 2576 1653 supernaturaliter
2625 1572 2960 1634 credendas
3011 1573 3396 1636 intellectum

1834 1685 2084 1728 movere
2114 1665 2322 1746 possit.
2367 1666 2446 1726 Et
2475 1667 2562 1728 sie
2589 1667 2778 1728 etiam
2815 1666 2973 1726 dixit
3011 1666 3396 1744 Augustinus

1829 1759 2004 1823 illam
2057 1763 2321 1840 gratiam
2373 1777 2502 1822 esse
2538 1761 2874 1825 doctrinam
2919 1759 3246 1834 internam,
3287 1777 3398 1840 per

1830 1873 2010 1938 quam
2037 1858 2201 1920 Deus
2223 1857 2318 1919 ita
2343 1861 2534 1918 movet
2577 1873 2842 1929 senam,
2887 1861 2960 1918 ut
3003 1857 3396 1920 accommodet

1831 1969 2168 2025 assensum,
2189 1951 2368 2030 epist.
2395 1952 2529 2011 ⁴07.
2560 1950 2636 2010 Et
2663 1950 2825 2010 hanc
2844 1950 3267 2011 necessitatem
3301 1967 3396 2011 os·

1830 2045 2032 2108 tendit
2058 2047 2246 2108 etiam
2280 2045 2402 2107 alia
2441 2043 2768 2106 difficultas
2807 2045 3215 2124 supraposita,
3245 2043 3393 2124 quia

1838 2147 2012 2201 aetus
2031 2139 2380 2202 intellectus
2405 2156 2574 2200 mere
2601 2138 2898 2200 naturalis
2919 2155 3042 2197 non
3065 2144 3262 2216 potest
3289 2155 3398 2216 per

1837 2250 1901 2293 se
1936 2232 2312 2294 sufficienter
2351 2249 2600 2294 movere
2634 2231 3016 2293 voluntatem
3058 2231 3136 2290 ad
3185 2237 3393 2292 actum

1834 2326 2404 2404 supernaturalem3
2449 2326 2741 2406 adjuncta
2781 2343 2928 2385 vero
2968 2325 3134 2384 dieta
3165 2324 3396 2384 illumi-

1835 2420 2110 2495 natione,
2146 2425 2345 2499 potest
2371 2421 2597 2482 dictam
2637 2419 2972 2480 motionem
2999 2418 3264 2490 efficere,
3298 2417 3398 2478 vel

1830 2513 1907 2573 ad
1931 2512 2107 2572 illam
2137 2531 2524 2587 concurrere,
2575 2520 2638 2574 et
2675 2514 2760 2574 ita
2805 2514 2991 2573 etiarn
3038 2518 3205 2591 patet
3233 2511 3392 2571 ratio

1830 2605 2015 2686 hujus
2059 2608 2457 2680 necessitatiS‚
2507 2608 2674 2686 quia,
2721 2614 2792 2667 ut
2835 2607 3118 2667 voluntas
3151 2623 3395 2666 movea-

1830 2707 1958 2775 tur,
1982 2701 2318 2778 proesertim
2341 2699 2596 2761 honeste
2625 2720 2695 2761 ac
2715 2701 3076 2780 prudenter,
3101 2701 3222 2759 duo
3245 2706 3392 2758 sunt

1831 2795 2192 2868 necessaria,
2226 2793 2475 2868 seilicet,
2509 2794 2818 2856 sufficiens
2845 2793 3252 2872 apprehensio
3283 2791 3398 2852 oh·

1822 2887 1994 2965 jacti,
2023 2893 2086 2948 et
2119 2887 2429 2965 judicium
2457 2889 2622 2966 quod
2648 2889 2935 2968 expediat
2959 2888 3026 2946 in
3069 2885 3222 2946 illud
3261 2901 3402 2948 cre·.

1828 2980 2002 3056 dere3
2035 2981 2183 3060 quia
2204 2999 2352 3061 ergo
2382 2983 2666 3044 voluutas
2701 2980 2987 3043 credendi
3016 2980 3274 3040 honesta
3297 2989 3390 3040 est

1830 3073 2014 3134 etiam
2059 3075 2543 3153 supernaturalis
2565 3121 2581 3150 ,
2621 3075 2879 3156 requirit
2919 3091 2994 3134 ex
3047 3090 3170 3133 una
3218 3078 3392 3151 parte

1827 3168 2133 3249 judicium
2157 3169 2426 3249 prudens
2445 3170 2522 3231 de
2541 3167 2944 3230 credibilitate
2963 3165 3184 3245 objecti
3200 3187 3218 3240 3
3241 3166 3388 3243 quia

1831 3279 1979 3324 vero
2015 3263 2170 3323 illud
2191 3263 2498 3342 Judicium
2529 3263 2713 3324 datur
2740 3262 2816 3322 de
2851 3261 3091 3339 objecto
3119 3257 3392 3320 naturali

1830 3372 1943 3436 per
1965 3357 2241 3417 medium
2263 3355 2566 3429 naturale,
2599 3356 2737 3416 ideo
2767 3354 3106 3415 necessaria
3133 3358 3224 3413 est
3251 3351 3394 3413 illu·

1830 3450 2092 3510 minatio
2142 3449 2357 3510 divina
2380 3495 2395 3524 ‚
2445 3467 2582 3530 quae
2637 3448 2834 3509 elevet
2877 3445 3262 3508 intellectum
3306 3443 3386 3504 ad

1830 3542 2302 3621 concipiendum
2355 3541 2512 3603 illud
2551 3539 2864 3620 obJ‘ectum
2915 3539 3121 3602 altiori
3177 3543 3240 3599 et
3291 3555 3391 3598 su·

1830 3634 2208 3714 pernaturali
2242 3636 2448 3707 mode,
2476 3642 2544 3696 ut
2567 3634 2854 3696 voluntas
2895 3632 2971 3692 ad
3001 3631 3156 3692 illud
3198 3631 3388 3691 etiam

1831 3728 2384 3806 supernaturaliter
2419 3726 2797 3788 credendum
2839 3725 3164 3796 afficiatur,
3198 3729 3260 3784 et
3304 3725 3394 3784 ita

1832 3821 2024 3900 possit
2048 3819 2430 3881 intellectum
2451 3838 2700 3881 movere
2721 3821 2880 3881 sieut
2903 3823 3184 3898 oportet3
3223 3822 3283 3877 et
3306 3817 3392 3876 ita

1833 3918 2048 3974 manet
2086 3908 2448 3973 confirmata
2474 3919 2536 3974 et
2564 3913 2870 3974 declarata
2906 3919 3116 3973 nostra
3141 3917 3382 3972 senten-

1834 4005 1919 4066 tia
1938 4050 1955 4076 ,
1993 4011 2056 4067 et
2100 4023 2461 4084 responsum
2511 4007 2700 4068 simul
2745 4013 2838 4068 est
2885 4005 2966 4067 ad
3005 4003 3394 4067 difficultates

1834 4117 1974 4178 quoe
2005 4099 2072 4160 in
2101 4100 2478 4161 contrarium
2509 4099 3028 4180 proponebantur.

2451 4342 2668 4395 SEc'rlo
2697 4345 2782 4398 lx.

1944 4521 2030 4584 In
2057 4522 2268 4602 quibus
2287 4522 2564 4602 personis
2590 4524 2764 4584 actus
2792 4521 2935 4598 fidei
2955 4539 3076 4584 esse
3092 4523 3310 4599 possit.

1917 4754 1946 4811 1
1962 4795 1976 4810 .
2005 4749 2216 4814 Caum
2237 4749 2379 4812 alioe
2401 4752 2572 4811 actus
2589 4747 2734 4825 fidei
2757 4749 2880 4810 alio
2893 4750 3398 4812 remittuntur.—

1841 4841 1998 4907 Sola
2009 4841 2342 4922 mojootiva
2355 4843 2700 4904 tractanda.
2719 4873 2802 4887 --
2814 4841 3234 4920 Explicuimus
3256 4843 3398 4902 hac-

1838 4941 2024 4996 tenus
2036 4941 2324 4995 naturam
2339 4940 2401 4995 et
2415 4935 2821 5014 proprietates
2833 4939 3006 4995 aetus
3027 4933 3171 4994 fidei
3189 4953 3205 5008 ς
3230 4951 3398 4994 nune

1838 5034 2114 5107 superest
2136 5026 2408 5088 breviter
2434 5033 2504 5086 ut
2528 5027 2604 5088 de
2619 5027 2819 5088 eausis
2845 5028 2980 5106 ejus
3006 5025 3074 5088 in
3103 5028 3396 5107 praesenti

1838 5121 2131 5196 sectione,
2156 5125 2220 5180 et
2242 5118 2560 5180 effectibus
2583 5121 2652 5180 in
2677 5120 2960 5200 sequenti
2985 5121 3290 5182 dieamus.
3323 5122 3398 5181 Et

1838 5229 2042 5274 causae
2071 5211 2320 5291 quidem
2349 5212 2478 5274 fere
2505 5231 2722 5274 omnes
2753 5213 3072 5292 explieatae
3097 5221 3246 5273 sunt
3289 5213 3397 5273 de-

1840 5305 2132 5366 clarando
2159 5312 2447 5366 naturam
2485 5305 2627 5366 fidei
2642 5321 2663 5384 3
2689 5323 2830 5368 eum
2857 5307 3029 5367 enim
3063 5311 3235 5366 aetus
3266 5306 3396 5385 ipse

1839 5397 2132 5460 credendi
2184 5400 2263 5459 sit
2311 5399 2603 5479 quaedam
2641 5398 2840 5459 forma
2868 5397 3238 5469 intellectus,
3269 5417 3400 5460 non

1844 5489 2035 5552 habet
2073 5489 2262 5552 aliam
2305 5508 2552 5552 causam
2599 5489 2924 5551 formalem
2961 5495 3190 5570 praeter
3235 5491 3401 5570 obje-

1844 5592 2015 5644 ctum
2045 5601 2250 5660 suum,
2279 5583 2358 5645 de
2391 5601 2516 5664 quo
2569 5600 2754 5663 supra
2799 5583 2997 5646 multa
3046 5581 3210 5646 dicta
3231 5591 3395 5647 sunt.
