3900 6217
585 356 667 420 82
1064 362 1300 420 msam.
1338 364 1422 419 111.
1458 364 1541 420 DE
1573 364 1837 420 omnem
1870 365 2142 419 tonnam
2175 366 2360 429 riost,
2391 367 2471 419 ET
2499 322 2796 429 Quouono
2824 367 2908 419 At)
2941 365 3144 427 laun,
3173 366 3299 419 ss‘rc.

584 478 722 523 cum
749 465 889 524 octa
912 462 1287 526 naturaliter
1309 462 1571 527 evidente
1598 465 1668 527 de
1688 465 1879 527 eodem
1905 465 2145 544 objecto.

582 555 986 617 -Probatur
1029 557 1257 637 efficaci
1304 564 1778 639 aryummeto.-
1821 558 1950 619 Hoc
1997 576 2148 637 ergo

584 648 926 726 supposito,
960 646 1099 709 dico
1134 655 1355 727 quarto
1391 668 1721 712 assensum
1760 650 1912 714 fidei
1961 650 2146 711 simul

582 758 721 801 esse
752 759 935 820 posse
966 760 1109 802 cum
1138 762 1398 805 assensu
1435 744 1801 806 naturaliter
1828 745 2140 817 evidente,

582 840 645 896 et
684 841 1145 914 consequenter
1174 854 1301 899 non
1346 856 1483 899 esse
1517 837 1595 900 de
1624 838 1867 899 ratione
1897 836 2143 899 formali

582 930 806 1012 objecti
826 930 996 1003 fidei,
1022 936 1090 992 ut
1116 940 1258 995 actu
1278 952 1408 995 non
1433 934 1513 995 sit
1541 934 1799 996 evidens
1820 952 1932 1013 per
1951 932 2146 1013 quod-

580 1042 849 1103 cumque
920 1024 1090 1086 aliud
1148 1026 1449 1089 medium.
1505 1028 1679 1089 Hanc
1735 1027 2145 1088 assertionem

574 1123 796 1180 tenent
822 1117 954 1179 fere
984 1125 1295 1193 auctores,
1326 1139 1483 1200 quos
1517 1122 1699 1183 retuli
1741 1122 1810 1181 in
1840 1120 2141 1181 secunda.

576 1212 651 1271 Et
679 1212 981 1291 probatur
1009 1211 1306 1285 breviter,
1335 1214 1481 1293 quia
1526 1214 1587 1274 in
1629 1214 1795 1276 dicto
1833 1232 1980 1275 casu
2005 1219 2149 1275 actu

576 1308 959 1365 concurrunt
979 1303 1108 1367 duo
1130 1306 1363 1379 media,
1384 1324 1496 1368 seu
1518 1308 1747 1369 motiva
1778 1307 2148 1369 sufficientia

576 1398 659 1459 ad
694 1398 1166 1460 assentiendum
1214 1402 1461 1461 veritati
1492 1402 1851 1481 propositoe,
1880 1400 2144 1473 scilicet,

574 1490 1025 1552 demonstratio
1046 1496 1107 1552 et
1128 1492 1463 1553 auctoritas
1479 1492 1686 1554 divina
1710 1513 1726 1565 ;
1746 1512 1898 1571 ergo
1910 1500 2149 1553 utrum·

576 1602 701 1664 que
731 1591 873 1646 actu
904 1592 1221 1663 operatur.
1258 1585 1357 1645 vel
1386 1588 1591 1664 potius
1613 1586 1966 1648 intellectus
2003 1592 2148 1647 actu

576 1683 875 1757 operatur
907 1684 1163 1757 propter
1200 1683 1532 1759 utrumque
1558 1694 1578 1756 ;
1627 1679 1739 1741 sed
1776 1678 1883 1740 illa
1910 1679 2146 1739 motiva

580 1776 729 1832 sunt
765 1770 1158 1831 diversarum
1196 1773 1537 1844 rationum,
1568 1780 1629 1835 et
1680 1790 1805 1834 non
1860 1770 2149 1834 subordi-

574 1871 716 1925 nata
747 1864 911 1925 inter
940 1882 1033 1937 se,
1079 1864 1193 1926 sed
1242 1866 1742 1946 unumquodque
1770 1884 1884 1946 per
1926 1883 1995 1927 se
2052 1870 2148 1926 est

574 1958 889 2019 sufflviens
918 1956 999 2018 ad
1024 1958 1421 2019 efficiendum
1446 1976 1625 2019 suam
1642 1959 1917 2037 speciem
1942 1964 2141 2031 actus;

574 2068 725 2132 ergo
762 2057 911 2114 tunc
958 2052 1142 2113 simul
1186 2053 1461 2115 efficiunt
1497 2052 1656 2115 duos
1710 2060 1888 2115 actus
1932 2052 2144 2133 specie

572 2143 919 2218 distinctos,
955 2146 1060 2226 qui
1096 2164 1223 2207 non
1253 2152 1517 2227 possunt
1549 2164 1688 2207 esse
1720 2146 1839 2207 nisi
1895 2144 2042 2207 fidei
2083 2150 2145 2207 et

570 2236 868 2299 scientiae.
901 2240 970 2301 In
1014 2240 1131 2301 hac
1172 2256 1321 2300 vero
1354 2240 1592 2301 ratione
1624 2238 2022 2301 dissolvenda
2055 2239 2146 2299 la-

576 2331 805 2393 borant
830 2334 1127 2405 maxime,
1160 2337 1221 2395 et
1246 2332 1409 2393 inter
1431 2351 1499 2394 se
1529 2332 1906 2395 dissentiunt
1934 2338 2144 2394 aut-to·

572 2440 699 2497 res,
758 2426 866 2503 qui
931 2426 1093 2486 hanc
1144 2426 1556 2489 assertionem
1610 2444 1738 2488 non
1782 2423 2141 2499 admittunt,

576 2534 847 2597 quorum
882 2518 1224 2580 sententias
1265 2518 1579 2598 sigillatim
1632 2518 1988 2599 expendere
2040 2536 2146 2580 ne-

575 2630 753 2672 cesse
777 2619 893 2685 est,
917 2612 1062 2691 quia
1086 2630 1163 2673 ex
1187 2613 1432 2673 illarum
1455 2613 1932 2693 impugnatione
1952 2610 2145 2673 maxi-

576 2722 679 2766 me
714 2705 947 2785 pendet
986 2706 1277 2784 probatio
1305 2706 1668 2767 assertionis
1699 2706 1937 2787 positae.

658 2798 716 2858 8.
766 2796 926 2872 Quid
948 2800 1146 2881 mmo
1171 2800 1295 2862 loco
1325 2801 1723 2881 respondeant
1748 2801 1829 2863 ad
1860 2798 2141 2880 superius

576 2899 996 2972 arqecmontum
1041 2891 1128 2957 So
1163 2898 1289 2963 tus,
1331 2892 1514 2957 Gabr.
1570 2899 1628 2957 et
1658 2890 1795 2954 alii.
1818 2928 1871 2938 -
1908 2892 2150 2953 Eorum

583 2984 742 3048 ratio
766 3004 1013 3050 unam-
1044 2988 1145 3050 Ra
1171 2987 1229 3049 io
1262 2986 1481 3051 altera.
1509 3018 1583 3032 —
1620 2985 2013 3067 Rejiciuutar
2055 2992 2152 3049 ta-

574 3096 730 3142 men.
752 3108 835 3127 --
856 3080 960 3143 Ad
976 3081 1246 3163 primam
1282 3082 1577 3143 ratione-m
1618 3078 1799 3143 Scoti
1822 3085 1881 3143 et
1918 3085 2154 3144 catero-

580 3189 841 3235 rum.-
872 3172 974 3235 Aa
1020 3174 1464 3237 secundam.-
1490 3172 1697 3235 Primo
1748 3190 1899 3251 ergo
1957 3172 2153 3250 aliqui

584 3271 820 3345 negant
877 3266 1143 3345 primam
1199 3266 1713 3347 consequentiam
1736 3311 1755 3340 ,
1812 3266 2154 3346 dicuntque

580 3359 645 3419 in
684 3376 763 3421 eo
796 3376 969 3434 casu,
1000 3360 1240 3422 etiamsi
1272 3360 1413 3441 quis
1435 3366 1579 3423 actu
1616 3358 1969 3422 consideret
1998 3359 2160 3421 veri-

592 3458 785 3514 tatem
813 3452 1306 3515 demonstratam
1357 3472 1495 3515 esse
1538 3453 1884 3515 revelatam
1925 3472 1962 3515 a
2000 3454 2154 3527 Dec,

584 3548 819 3610 habere
845 3551 1092 3609 tantum
1138 3554 1349 3610 actum
1378 3548 1674 3621 scientim,
1716 3552 1779 3609 et
1818 3547 2012 3609 fidem
2055 3546 2160 3608 vel

586 3640 1017 3703 auctoritatem
1046 3641 1320 3702 divinam
1350 3640 1505 3702 nihil
1526 3644 1679 3701 tunc
1735 3641 2004 3723 operari.
2062 3639 2156 3700 Ita

588 3735 863 3797 sentiunt
888 3736 1134 3809 Scotns,
1166 3739 1229 3796 et
1251 3733 1502 3796 Gabriel
1551 3733 1657 3795 uhi
1686 3752 1899 3813 supra,
1932 3740 1994 3795 et
2031 3732 2156 3794 late

586 3826 924 3907 Gregorius
972 3846 1035 3907 q.
1096 3829 1137 3890 Ξ
1182 3828 1456 3909 Prolog„
1509 3833 1629 3888 art.
1686 3828 1749 3901 2,
1818 3832 1881 3889 et
1938 3827 2154 3901 Hem,

594 3918 883 3992 Quodlih.
942 3922 1005 3994 2,
1065 3927 1183 3982 art.
1204 3922 1318 3997 15,
1359 3938 1422 4000 q.
1477 3922 1535 3983 3.
1578 3922 1907 3983 Rationem
1938 3926 2154 3981 autem

589 4032 705 4077 cur
725 4014 934 4095 potius
960 4022 1108 4076 tunc
1130 4013 1385 4077 scientia
1414 4032 1606 4094 quam
1632 4014 1790 4077 fides
1825 4017 2150 4096 operetur,

592 4106 907 4189 duplicem
934 4108 1197 4171 reddere
1226 4112 1526 4188 possunt:
1564 4126 1691 4169 uua
1724 4113 1839 4181 est,
1873 4108 2020 4189 quia
2051 4107 2156 4169 de·

591 4201 959 4263 monstratio
986 4200 1351 4263 naturaliter
1377 4206 1695 4281 operatur,
1729 4207 1791 4263 et
1823 4200 1968 4263 ideo
1998 4218 2160 4280 prse-

591 4294 763 4357 venit
790 4293 1005 4368 fidem,
1038 4312 1177 4373 quoe
1216 4312 1345 4355 non
1391 4293 1556 4374 cogit
1593 4293 2002 4365 intellectum,
2047 4292 2160 4355 sed

592 4386 941 4450 volunta1ia
976 4393 1097 4461 est;
1132 4387 1419 4449 voluntas
1459 4392 1671 4449 autem
1694 4386 2001 4467 impedire
2030 4406 2160 4448 non

591 4486 795 4561 potest
834 4481 1144 4543 actionem
1174 4480 1594 4543 necessariam
1624 4480 1929 4543 evidentis
1946 4478 2158 4541 medii.

594 4574 803 4635 Altera
825 4580 941 4647 est,
972 4573 1121 4654 quia
1150 4572 1485 4636 auctoritas
1515 4573 1723 4636 divina
1747 4591 1875 4634 non
1900 4573 2163 4635 destruit

597 4667 911 4747 obJ‘ectum
946 4665 1206 4729 formale
1243 4668 1541 4740 scientias,
1576 4666 2024 4728 demonstratio
2054 4686 2162 4727 au-

596 4767 727 4821 tem
756 4759 1019 4823 destruit
1048 4760 1364 4840 objectum
1391 4758 1560 4835 fidei,
1591 4759 1739 4839 quia
1777 4759 1935 4822 tollit
1965 4758 2163 4822 inevi-

595 4850 873 4915 dentiam
892 4851 973 4912 ab
994 4851 1261 4932 objecto,
1282 4870 1394 4913 seu
1420 4852 1681 4913 veritate
1706 4851 2156 4926 demonstrata,

594 4962 737 5027 quse
774 4944 1153 5007 inevidentia
1184 4942 1551 5016 necessaria¹
1589 4952 1685 5006 est
1714 4946 1775 5005 in
1808 4945 2055 5024 objecto
2089 4942 2162 5005 fi-

594 5036 720 5113 dei,
750 5038 971 5099 saltem
1000 5056 1078 5099 ex
1102 5045 1279 5118 parte
1320 5038 1607 5118 subJecti.
1642 5040 1817 5099 Hanc
1856 5057 2006 5100 vero
2035 5056 2163 5100 res·

592 5132 967 5212 pensionem
998 5150 1111 5193 seu
1160 5132 1539 5194 sententiam
1585 5149 1713 5192 non
1750 5132 2018 5193 admittit
2056 5130 2164 5193 Ca-

594 5226 869 5305 preolus,
916 5232 981 5287 et
1029 5226 1209 5287 multi
1251 5224 1353 5287 alii
1404 5227 1611 5295 statim
1664 5225 1933 5299 citandi;
1973 5232 2034 5287 et
2061 5244 2164 5287 re-

594 5336 746 5379 vera
768 5322 862 5380 est
887 5318 1290 5391 incredibilis,
1318 5318 1467 5395 quia
1510 5318 1613 5380 ille
1638 5316 1847 5380 fidelis
1869 5324 2017 5380 tunc
2057 5316 2163 5380 lir-

594 5411 759 5473 mius
786 5414 1123 5474 assentitur
1154 5412 1423 5486 veritati,
1456 5430 1647 5491 quam
1702 5414 1753 5474 si
1798 5410 1989 5474 fidem
2033 5432 2162 5473 non

598 5504 920 5569 adhiberet
952 5506 1302 5568 auctoritati
1346 5506 1605 5579 divinae3
1650 5524 1800 5587 ergo
1830 5506 1935 5566 illa
1962 5506 2163 5586 major

2233 463 2496 525 firmitas
2543 482 2620 525 ex
2659 466 2896 526 influxu
2926 464 3076 527 fidei
3109 467 3405 557 nascitur3
3437 488 3564 548 ergo
3593 480 3702 539 tune

2232 564 2376 619 actu
2401 564 2698 637 operatur
2723 578 2848 619 non
2874 563 3118 619 tantum
3149 559 3416 638 scientia,
3444 564 3540 624 sed
3564 569 3701 632 etiam

2232 651 2413 712 fides.
2470 651 2866 713 Antecedens
2917 656 3112 731 patet,
3147 659 3276 713 tum
3331 657 3702 734 experimento,

2225 750 2362 806 tum
2427 745 2618 806 etiam
2669 746 2816 823 quia
2871 746 2990 806 hoc
3036 745 3267 824 pendet
3315 765 3388 807 ex
3433 748 3702 826 voluntate,

2227 855 2395 917 quae,
2432 855 2558 897 non
2591 838 2877 899 obstante
2921 838 3290 901 certitudine
3325 840 3590 913 scientiis,
3629 864 3707 923 po-

2222 934 2348 991 test
2380 930 2766 992 intellectum
2795 950 3050 993 movere
3081 931 3164 993 ad
3191 931 3426 993 flimius
3451 934 3708 999 adhaeren-

2227 1024 2377 1085 dum
2406 1024 2614 1084 eidem
2642 1024 2909 1101 veritati,
2942 1029 3198 1104 propter
3226 1026 3614 1089 auctoritatem
3645 1030 3708 1091 di-

2227 1116 2461 1178 vinam.
2509 1118 2715 1179 l’otest
2763 1118 2950 1177 etiam
2983 1121 3100 1178 hoc
3151 1117 3447 1179 declarari
3489 1124 3708 1201 exemplo

2230 1210 2639 1291 Angelorum,
2669 1210 2729 1271 in
2759 1211 2986 1289 quibus
3026 1211 3240 1291 negari
3275 1230 3398 1273 non
3416 1218 3710 1294 potestquin

2231 1302 2418 1364 simul
2445 1303 2684 1365 habere
2721 1304 3038 1382 potuerint
3077 1304 3606 1368 considerationem
3643 1328 3712 1371 ac·

2227 1399 2464 1459 tualem
2491 1399 2816 1479 utriusque
2843 1398 3057 1473 medii,
3091 1400 3240 1479 quia
3282 1418 3520 1481 semper
3541 1400 3712 1465 habeut

2231 1492 2540 1553 actualem
2566 1493 2890 1554 scientiam
2923 1492 3002 1554 de
3033 1494 3162 1553 Deo
3180 1509 3200 1569 ;
3233 1494 3383 1569 imo,
3402 1493 3562 1571 juxta
3585 1496 3713 1559 valde

2227 1584 2612 1664 probabilem
2644 1585 3030 1666 opinionem,
3067 1592 3238 1647 tanta
3278 1585 3615 1649 necessitate
3642 1607 3715 1649 na·

2226 1677 2412 1740 turali
2467 1677 2637 1739 illam
2709 1679 2946 1740 habent
2975 1724 2996 1755 ,
3035 1686 3104 1740 ut
3169 1697 3300 1739 non
3349 1680 3568 1759 possint
3625 1700 3716 1743 sus-

2227 1773 2503 1853 pendere
2577 1772 2747 1833 illam
2809 1772 3120 1834 actualem
3177 1771 3580 1851 cognitionem
3615 1774 3714 1851 Dei,

2228 1865 2764 1946 quemadmodum
2800 1867 2863 1925 in
2890 1866 2930 1927 2
2965 1864 3070 1926 lib.
3096 1864 3175 1927 de
3208 1866 3484 1945 Angelis,
3511 1870 3716 1946 cap.19,

2226 1964 2560 2022 tractatum
2603 1966 2729 2029 est;
2767 1967 2830 2021 et
2859 1960 2978 2020 hoc
3007 1976 3136 2019 non
3187 1959 3494 2031 obstante,
3523 1966 3717 2039 possunt

2224 2055 2502 2133 recipere
2529 2052 2722 2115 fidem
2770 2060 2832 2116 et
2860 2052 3312 2114 revelationem
3345 2052 3602 2132 ejusdem
3627 2054 3714 2129 Dei,

2224 2166 2352 2209 non
2377 2151 2620 2209 tantum
2649 2147 2858 2226 quoad
2903 2145 3433 2226 supernaturalia,
3465 2146 3566 2207 sed
3588 2147 3716 2209 etiam

2225 2240 2436 2319 quoad
2463 2258 2538 2302 ea
2570 2258 2709 2320 quae
2742 2239 2820 2303 de
2847 2240 2976 2301 Deo
3019 2238 3391 2300 naturaliter
3417 2256 3718 2317 cognoscere

2225 2338 2524 2414 possunt;
2559 2352 2705 2395 nam
2737 2334 3011 2395 rationes
3057 2352 3246 2412 supra
3275 2332 3454 2395 factas
3480 2332 3550 2393 de
3581 2333 3719 2393 homi·

2227 2428 2414 2489 nibus
2444 2446 2621 2507 aeque
2647 2427 2726 2488 de
2765 2426 3020 2506 Angelis
3044 2426 3340 2505 probant,
3375 2425 3515 2505 quia
3537 2426 3604 2487 ad
3635 2446 3722 2487 cer·

2229 2519 2560 2583 titudinem
2587 2520 2904 2600 propriam
2933 2518 3106 2592 fidei,
3133 2518 3492 2581 necessaria
3527 2525 3608 2579 est
3635 2537 3725 2579 cer·
3799 2512 3801 2517 ’

2229 2613 2427 2675 titudo
2454 2612 2738 2693 ejusdem
2767 2612 3025 2674 rationis
3051 2610 3130 2673 de
3157 2611 3258 2671 his
3301 2612 3632 2673 veritatibus
3652 2631 3722 2671 na·

2227 2706 2532 2769 tui-alibus
2583 2707 2717 2781 Dei,
2771 2724 2910 2785 quoe
2961 2709 3108 2766 sunt
3154 2704 3340 2786 quasi
3391 2702 3724 2765 fundamenta

2231 2800 2533 2874 aliarum3
2577 2800 2716 2861 ideo
2761 2800 2926 2861 enim
2981 2797 3134 2861 dixit
3180 2798 3580 2879 Augustinus
3613 2799 3645 2856 4
3674 2796 3726 2857 de

2232 2894 2435 2967 Civit„
2459 2911 2513 2953 c.
2547 2894 2651 2969 20,
2699 2891 2968 2972 primum
3027 2897 3089 2953 et
3137 2890 3488 2951 maximnm
3521 2888 3727 2950 officium

2233 2986 2381 3047 fidei
2417 3004 2580 3060 esse,
2621 2990 2688 3046 ut
2721 2986 2782 3045 in
2809 3002 3006 3046 unum
3036 2984 3332 3045 credatur
3356 2984 3579 3055 Deum;
3601 2988 3647 3045 et
3673 2981 3729 3041 si-

2233 3080 2464 3140 militer
2492 3078 2646 3139 dixit
2672 3077 2957 3157 Cytillus,
2993 3076 3243 3139 Catecli.
3278 3078 3346 3153 6,
3377 3077 3726 3138 necessarium

2236 3192 2374 3235 esse
2405 3172 2662 3234 credere
2691 3172 3105 3234 aeternitatem
3134 3176 3197 3232 et
3233 3168 3730 3231 immutabilitatem

2235 3268 2371 3344 Dei,
2406 3276 2468 3329 et
2487 3266 2655 3328 idem
2686 3266 2954 3327 sumitur
2979 3283 3058 3326 ex
3079 3264 3418 3345 cypriano,
3433 3264 3498 3325 in
3521 3263 3728 3343 Exposit.

2242 3360 2560 3441 Symboli3
2606 3364 2670 3420 et
2689 3358 2764 3419 D.
2793 3358 3068 3419 Thomas
3095 3358 3158 3417 in
3188 3360 3250 3419 Ξ.
3285 3359 3350 3432 2,
3377 3375 3442 3436 q.
3471 3358 3529 3433 2,
3570 3362 3662 3417 art.
3689 3358 3732 3424 l,

2241 3462 2301 3517 et
2332 3458 2358 3515 1
2393 3472 2483 3533 p.,
2517 3471 2578 3532 q.
2623 3454 2685 3528 1,
2711 3470 2877 3530 saepe
2917 3450 3070 3513 dixit
3095 3449 3546 3513 revelationem
3569 3450 3734 3509 harum

2239 3547 2570 3609 veritatum
2609 3543 2800 3605 fuisse
2842 3541 3266 3605 necessariam
3311 3547 3562 3625 propter
3593 3542 3736 3619 majo·

2237 3658 2374 3702 rem
2417 3645 2479 3701 et
2509 3636 3013 3700 excellentiorem
3038 3636 3480 3698 certitudinem
3502 3655 3519 3709 3
3543 3634 3654 3695 hoec
3669 3652 3738 3693 er·

2239 3753 2318 3812 go
2349 3732 2689 3795 necessitas
2734 3731 2920 3792 etiam
2969 3731 3031 3791 in
3087 3729 3334 3811 angelis
3379 3727 3528 3803 fuit3
3555 3727 3736 3806 ergoin

2237 3826 2356 3887 illis
2409 3825 2594 3886 simul
2653 3843 2798 3886 cum
2839 3822 3132 3893 naturali,
3176 3829 3238 3884 et
3279 3822 3506 3885 actuali
3543 3818 3738 3883 scientia

2239 3927 2374 3982 erat
2398 3918 2703 3981 certitudo
2737 3917 2920 3991 fidei;
2950 3936 3101 3999 ergo
3131 3923 3266 3979 erat
3303 3916 3560 3979 actualis
3581 3929 3740 3994 opera·

2237 4014 2321 4074 tio
2355 4012 2677 4092 utriusque
2722 4011 3000 4084 virtutis3
3035 4029 3184 4090 ergo
3216 4029 3296 4071 ex
3326 4015 3500 4091 parte
3529 4008 3743 4087 objecto-

2239 4125 2379 4167 rum
2431 4106 2552 4167 hoc
2593 4122 2723 4165 non
2775 4108 3128 4183 repugnat3
3169 4122 3323 4183 ergo
3355 4120 3558 4183 neque
3593 4100 3744 4162 inho·

2239 4200 2412 4261 mine
2440 4197 2842 4277 repugnabit,
2873 4197 2925 4258 si
2959 4196 3025 4257 in
3065 4215 3141 4258 eo
3177 4204 3566 4277 supponatur
3587 4200 3744 4254 actua·

2242 4292 2318 4353 lis
2346 4291 2762 4354 consideratio
2793 4292 3116 4369 utriusque
3153 4290 3370 4363 medii,
3419 4307 3596 4371 quam
3639 4282 3743 4346 dicti

2243 4390 2536 4447 auctores
2565 4392 2629 4445 et
2665 4402 2885 4445 omnes
2919 4383 3276 4446 admittunt.
3305 4384 3382 4446 Et
3413 4384 3496 4445 ita
3523 4378 3746 4442 nihilva-

2245 4478 2332 4539 let
2379 4480 2580 4558 prima
2620 4477 2777 4540 ratio
2836 4478 3022 4557 hujus
3065 4479 3418 4552 sententiae,
3465 4474 3618 4556 quia,
3646 4470 3747 4531 licet

2246 4571 2695 4633 demonstratio
2734 4570 3102 4634 naturaliter
3151 4576 3466 4652 operetur,
3513 4586 3628 4629 non
3665 4566 3748 4623 im·

2243 4665 2416 4745 pedit
2448 4665 2859 4739 voluntatem,
2893 4664 3232 4744 quominus
3261 4664 3569 4744 applicare
3603 4656 3746 4739 possit

2246 4760 2436 4822 etiam
2465 4758 2874 4835 intellectum,
2901 4764 3160 4839 propter
3197 4758 3620 4819 auctoritatem
3637 4746 3744 4809 divi·

2242 4872 2426 4928 nam3
2471 4853 2535 4913 in
2564 4850 2842 4914 secunda
2872 4858 3086 4913 autem
3125 4851 3390 4927 ratione,
3437 4841 3750 4928 supponitur

2243 4946 2414 5026 quod
2438 4945 2832 5026 probandum
2855 4952 3019 5021 erat;
3050 4963 3200 5005 nam
3225 4944 3342 5007 hoc
3359 4950 3452 5005 est
3473 4936 3626 5021 quod
3642 4950 3749 5034 conf

2243 5040 2584 5116 tendimus,
2613 5039 2870 5112 scilicet,
2898 5038 3344 5101 inevidentiam
3361 5032 3584 5117 proprii
3601 5024 3746 5089 medil

2246 5152 2382 5197 esse
2414 5133 2492 5195 de
2522 5133 2762 5195 ratione
2792 5131 3039 5193 formali
3063 5130 3291 5221 objecti
3311 5128 3488 5200 fidei;
3519 5143 3590 5187 ex
3612 5124 3746 5201 parto

2246 5233 2459 5288 autem
2489 5226 2778 5306 subjecti,
2807 5244 2933 5287 non
2965 5243 3102 5287 esse
3135 5222 3494 5304 simpliciter
3519 5228 3750 5311 necessa-

2241 5321 2400 5382 riam
2446 5338 2698 5381 omnom
2737 5318 3182 5380 inevidentiam
3213 5335 3327 5397 per
3358 5312 3748 5393 quodcumque

2245 5413 2416 5477 alind
2455 5413 2754 5474 medium.

2323 5508 2385 5567 9.
2439 5504 2602 5579 Quid
2645 5504 2898 5568 secundo
2943 5504 3070 5567 loco
3136 5498 3478 5585 responderi
3509 5514 3536 5560 e
3581 5494 3746 5559 contra
