3900 6217
922 362 1211 415 SEGT.·V1.
1244 364 1329 415 AN
1362 364 1525 418 ORDO
1558 361 2002 417 connEc‘rloms
2033 362 2381 417 FRATERNAE
2411 364 2691 417 OBLlGET.

188 460 424 523 habere
453 466 713 539 possunt
736 460 816 521 ad
854 459 1216 539 hujusmodi
1242 460 1475 524 famam
1514 466 1577 523 et
1600 460 1761 522 ordi·

192 573 367 617 nem.
396 555 605 617 Tacite
628 550 903 633 quidem,
930 554 1097 633 quia,
1125 554 1241 616 hoc
1268 556 1401 635 ipso
1428 556 1591 636 quod
1620 573 1763 635 pro·

198 648 459 711 fitentur
488 648 950 727 perfectionem.
984 654 1047 709 et
1076 648 1431 709 efficiuntur
1484 648 1764 711 membra

196 743 473 822 corporis
496 742 664 821 quod
706 742 783 803 ad
834 741 1007 805 illam
1038 743 1259 817 tendit,
1298 742 1520 803 volunt
1552 758 1761 803 secum

196 836 309 915 agi
352 835 475 897 illis
500 834 747 910 mediiS,
774 854 913 915 quae
952 834 1044 897 illi
1072 834 1185 895 fini
1212 841 1361 895 sunt
1382 835 1583 914 magis
1616 852 1763 895 con-

196 936 515 991 sentanea.
552 930 877 1002 Praeterea,
907 930 1053 1008 quia
1081 928 1240 989 sicut
1266 944 1329 989 se
1357 932 1515 988 totos
1544 934 1605 989 et
1632 945 1763 989 om-

196 1022 307 1083 nia
324 1040 435 1083 sua
454 1022 739 1085 dedicant
750 1022 1059 1100 religioni,
1072 1024 1161 1083 ita
1180 1024 1336 1101 ipsa,
1354 1022 1557 1101 potius
1578 1038 1763 1100 quam

194 1116 315 1187 illi,
360 1116 548 1178 habet
584 1116 932 1178 dominium
968 1115 1151 1177 famae
1180 1133 1414 1177 eorum.
1462 1114 1762 1194 Explicite

202 1215 417 1271 autem
442 1211 491 1271 si
517 1210 773 1272 fortasse
801 1212 869 1272 in
902 1210 1223 1289 religionis
1252 1210 1531 1271 instituto
1567 1209 1631 1269 id
1662 1227 1766 1270 ex-

201 1322 405 1383 presse
433 1305 845 1379 contineatur‚
876 1304 1040 1383 quod
1086 1322 1213 1365 non
1243 1310 1333 1365 est
1375 1307 1585 1365 contra
1614 1301 1764 1363 cha-

202 1398 472 1471 ritatem,
510 1398 661 1477 quia
700 1398 845 1459 licet
870 1397 1078 1477 inepte
1118 1403 1180 1458 et
1206 1397 1338 1458 sine
1366 1414 1551 1457 causa
1598 1394 1763 1456 infa-

210 1508 377 1552 mare
398 1508 483 1565 se,
517 1497 627 1551 aut
654 1491 1009 1570 permittere
1034 1510 1099 1552 se
1148 1490 1440 1551 infamari
1478 1489 1767 1561 sitinici-

206 1589 366 1659 tum,
398 1590 605 1647 tamen
628 1586 845 1645 cedere
872 1584 1057 1646 alicui
1086 1585 1267 1645 famoe
1294 1588 1545 1663 propter
1565 1584 1767 1661 majus

204 1677 524 1756 spirituale
572 1678 833 1755 honum,
870 1684 933 1739 et
964 1678 1304 1757 proprium,
1337 1684 1399 1737 et
1426 1676 1769 1739 communi-

204 1772 375 1847 tatis,
406 1779 500 1833 est
536 1772 717 1834 valde
766 1771 996 1833 rationi
1024 1777 1532 1847 consentaneum,
1558 1771 1771 1850 proeci-

207 1884 330 1944 pue
348 1884 509 1945 „cum
540 1865 896 1946 hujusmodi
923 1864 1183 1927 infamia
1204 1865 1333 1925 fere
1354 1865 1531 1925 nulla
1560 1865 1661 1939 sit,
1698 1871 1769 1925 nt

208 1960 281 2018 in
310 1960 617 2038 proposito
644 1975 659 2018 :
692 1965 755 2021 ct
782 1958 899 2019 hoc
937 1976 1117 2020 sensu
1146 1958 1334 2019 habet
1372 1976 1591 2019 verum
1633 1975 1769 2018 sen·

208 2054 409 2113 tentia
434 2052 745 2128 Richardi,
778 2054 847 2113 in
894 2056 956 2128 4,
999 2053 1395 2114 distinctione
1442 2054 1541 2128 19,
1568 2070 1770 2133 quaes-

203 2146 379 2207 tione
408 2146 517 2207 illa
540 2146 768 2227 prima,
799 2146 1057 2209 dicentis
1097 2147 1165 2207 in
1194 2145 1599 2225 religionibus
1640 2165 1767 2207 non

206 2240 439 2301 servari
464 2240 801 2301 necessario
827 2240 996 2301 hunc
1018 2240 1325 2301 ordinem.
1368 2241 1531 2301 Idem
1582 2240 1770 2302 habet

206 2333 506 2411 Angelus,
533 2334 723 2395 verbo
750 2334 1166 2410 Detmntiatio,
1192 2353 1454 2397 numero
1504 2336 1763 2409 decim0,

208 2433 275 2489 et
300 2427 448 2489 dicit
468 2446 597 2489 esse
640 2446 1061 2505 communem,
1104 2434 1167 2490 et
1194 2441 1285 2490 est
1315 2428 1498 2509 plane
1528 2435 1771 2491 senten-

210 2522 299 2582 tia
348 2522 421 2583 1).
474 2522 729 2583 Thomae
777 2523 1007 2603 partim
1034 2522 1221 2584 citato
1274 2528 1393 2583 art.
1446 2524 1510 2598 7,
1548 2522 1774 2584 clarius

210 2614 581 2688 Quodlibeto
614 2618 677 2676 Η
694 2660 713 2691 ,
740 2622 857 2678 art.
894 2618 990 2677 13.
1026 2618 1173 2691 Quae
1201 2622 1410 2677 tamen
1443 2616 1655 2677 omnia
1680 2634 1773 2677 re-

207 2707 508 2787 gulariter
530 2708 935 2788 intelligenda
952 2716 1131 2785 sunt3
1166 2727 1293 2771 non
1320 2709 1468 2789 quia
1486 2709 1603 2769 hoc
1623 2727 1775 2789 proe·

207 2808 457 2883 ceptum
514 2820 641 2863 non
684 2803 917 2883 obliget
956 2813 1193 2877 omnes„
1218 2804 1407 2865 etiam
1434 2804 1771 2883 religiosos,

216 2898 327 2957 sed
366 2898 514 2977 quia
540 2897 985 2961 affirmativum
1014 2903 1128 2971 est,
1160 2904 1217 2958 et
1244 2898 1311 2958 in
1340 2916 1414 2959 eo
1440 2905 1605 2959 statu
1633 2916 1775 2959 raro

218 2997 552 3051 occurrunt
595 3007 811 3052 omnes
836 2992 1317 3052 circumstantias
1369 3009 1511 3052 cum
1551 2991 1776 3071 quibus

218 3085 457 3164 obligat
492 3085 569 3145 ad
598 3085 778 3147 illum
809 3085 1109 3146 ordinem.
1144 3085 1209 3146 Si
1236 3092 1444 3147 tamen
1474 3086 1541 3146 in
1569 3084 1777 3164 aliquo

213 3196 363 3241 casu
386 3189 800 3255 occurrerent,
832 3197 959 3239 non
1014 3185 1106 3239 est
1137 3177 1395 3240 dubium
1424 3177 1575 3257 quin
1626 3178 1779 3239 obli·

214 3278 418 3351 garet,
448 3278 517 3333 ut
548 3274 737 3334 etiam
764 3273 835 3333 D.
868 3272 1139 3333 Thomas
1166 3270 1253 3331 ibi
1286 3270 1492 3346 docet;
1528 3277 1591 3333 et
1616 3272 1778 3332 Basi-

208 3365 357 3442 lius,
389 3365 455 3427 in
505 3364 955 3440 Quaestionibus
1001 3364 1407 3445 longioribus,
1440 3365 1779 3444 quaestione

214 3463 331 3538 463
366 3466 429 3522 ct
454 3460 863 3539 Augustinus,
894 3460 1072 3540 epist.
1120 3462 1258 3521 109.
1292 3459 1471 3519 Ratio
1500 3464 1611 3533 est,
1636 3459 1781 3538 quia

218 3554 490 3615 charitas
526 3570 743 3615 omnes
799 3565 861 3613 et
905 3553 1137 3631 ubique
1172 3551 1430 3631 obligat,
1462 3558 1525 3613 et
1572 3552 1782 3613 nullus

214 3646 379 3709 cedit
406 3646 535 3726 juri
596 3646 949 3721 charitatis;
996 3645 1287 3725 quocirca
1332 3644 1607 3706 notanda
1638 3649 1782 3705 sunt

214 3740 407 3802 verba
439 3742 509 3802 D.
554 3742 832 3815 Thomas,
861 3740 927 3799 in
952 3740 1137 3801 citato
1158 3738 1509 3812 Quodlibet.
1516 3786 1537 3815 ,
1561 3741 1627 3797 in
1656 3736 1781 3797 fine

214 3836 491 3914 corporis
524 3852 539 3895 :
572 3834 729 3910 Quia
761 3838 1009 3917 propter
1043 3832 1251 3896 varias
1287 3834 1783 3897 circumstantias

216 3926 475 4009 (inquit)
506 3946 623 3991 non
637 3934 835 4011 potest
858 3934 1020 3990 certa
1052 3926 1265 4006 rapula
1290 3926 1625 4009 assiqnari,
1656 3926 1781 3987 ideo

217 4023 551 4085 habendum
566 4040 687 4104 pro
706 4024 921 4102 regula
940 4025 1053 4097 est,
1084 4022 1243 4102 quod
1265 4021 1333 4082 in
1352 4020 1622 4082 omnibus
1638 4019 1781 4080 istis

218 4118 519 4179 servanda
546 4122 639 4180 ost
663 4118 960 4192 charitas,
986 4120 1043 4179 et
1084 4115 1243 4195 quod
1262 4114 1478 4176 melius
1506 4118 1562 4176 et
1581 4112 1781 4190 maffia*

220 4210 494 4289 expedire
534 4210 796 4286 videtur,
831 4213 889 4273 et
926 4209 987 4271 si
1035 4209 1141 4271 hoo
1182 4207 1479 4282 intendat,
1525 4206 1779 4281 scilicet,

220 4304 523 4366 emendam
553 4305 811 4382 fratris,
850 4309 905 4367 et
948 4308 1170 4378 servet,
1220 4306 1511 4383 quantum
1556 4302 1777 4379 potest,

218 4396 431 4459 bonum
456 4398 805 4474 charitatis,
827 4403 969 4460 tuno
998 4397 1397 4459 denuntiando
1414 4412 1531 4456 non
1554 4398 1777 4473 peccat.

298 4492 399 4552 13.
444 4490 727 4553 Primum
769 4490 1158 4554 corollarium
1204 4506 1275 4551 ox
1330 4493 1552 4570 quarta
1586 4505 1784 4550 asser·

220 4582 399 4646 tione.
426 4616 508 4629 ——
525 4584 615 4644 Ex
642 4584 760 4644 hac
789 4583 1179 4644 conclusione
1209 4581 1519 4659 colligitur
1544 4580 1778 4659 primo:

220 4676 275 4736 si
339 4676 579 4755 primus
623 4682 795 4738 actus
860 4674 1249 4738 correctionis
1285 4691 1414 4734 non
1463 4673 1650 4733 fucrit
1691 4672 1787 4733 vel

221 4786 353 4830 non
410 4776 695 4849 speratur
739 4769 941 4839 utilis,
992 4786 1120 4831 non
1160 4768 1367 4828 statim
1422 4764 1784 4827 tentandam

221 4878 354 4925 esse
402 4862 963 4938 denuntiationem,
1008 4862 1115 4924 sed
1160 4861 1331 4941 prius
1378 4878 1509 4921 esse
1547 4864 1788 4919 tentan-

222 4955 373 5017 dum
406 4956 746 5018 secundum
777 4962 985 5018 actum
1003 5002 1023 5032 ,
1074 4960 1137 5017 et
1170 4952 1549 5016 adhibendos
1574 4956 1782 5027 testes,

220 5048 274 5109 si
300 5054 513 5111 tamen
544 5050 623 5111 sit
650 5068 809 5131 spes.
844 5052 971 5111 Hoc
1000 5049 1162 5110 clare
1208 5053 1449 5109 constat
1488 5064 1565 5107 ex
1604 5044 1787 5106 ratio-

224 5142 413 5204 nibus
466 5142 685 5205 allatis.
724 5144 901 5205 Unde
960 5162 1035 5205 ex
1089 5141 1435 5204 rationibus
1484 5158 1611 5200 uua
1652 5143 1785 5214 est,

222 5236 395 5315 quod
436 5254 563 5297 non
613 5244 813 5316 potest
862 5237 999 5317 quis
1042 5236 1319 5313 legitime
1368 5234 1735 5295 denuntiare
1764 5276 1785 5308 ,

222 5327 349 5389 nisi
379 5335 583 5408 posset
609 5330 1001 5409 aliquomodo
1043 5328 1329 5409 probare,
1371 5334 1442 5387 ut
1482 5326 1793 5404 colligitur

226 5440 305 5483 ex
346 5423 715 5502 Evangelio,
762 5431 824 5485 et
872 5423 1137 5489 habetur
1163 5440 1296 5502 cap.
1332 5419 1789 5502 Inquisitionis,

222 5516 305 5577 de
350 5516 881 5581 AccusationibuS.
924 5517 1105 5579 Ratio
1148 5522 1263 5593 est,
1294 5519 1444 5597 quia
1496 5516 1629 5577 sine
1666 5512 1795 5577 ulla

547 5640 658 5687 111.

3279 360 3398 421 703

1839 460 2203 541 probatione
2246 460 2536 540 praelatus
2585 480 2713 523 non
2757 466 3008 523 tenetur
3056 480 3172 524 nec
3220 463 3404 527 debet

1840 554 2030 615 fidem
2072 554 2387 631 adhibere,
2430 562 2616 634 atque
2663 554 2818 615 adeo
2859 574 2974 617 nec
3025 574 3140 617 suo
3197 557 3402 619 officio

1842 646 2046 725 fungi.
2092 650 2162 709 In
2187 648 2306 709 hoc
2332 655 2544 709 tamen
2581 648 2712 709 fere
2753 648 2979 709 sufficit
3015 668 3178 709 unus
3203 651 3396 720 testis,

1844 742 1992 821 quia
2014 743 2142 821 ipse
2163 741 2536 803 denuntians
2557 740 2907 802 admittitur
2929 746 3220 820 tanquam
3241 742 3400 805 alius

1842 837 2035 907 testis,
2075 841 2144 897 ut
2174 836 2438 897 habetur
2477 836 2542 896 in
2589 835 2860 915 capitulo
2909 836 2994 897 In
3033 835 3193 897 omni
3227 855 3400 917 noyo-

1845 929 1951 1003 tio,
1975 929 2051 990 de
2078 929 2378 1005 Testibus,
2401 936 2464 991 et
2487 929 2796 1008 colligitur
2811 947 2887 991 ex
2913 930 3249 1008 Evangelio
3277 931 3400 992 ibi:

1858 1024 2060 1086 Unum
2107 1024 2198 1087 vel
2241 1024 2386 1086 duos
2436 1027 2634 1087 testes.
2681 1022 2862 1085 Ratio
2909 1030 3000 1085 est
3020 1067 3041 1098 ,
3094 1024 3242 1102 quia
3275 1044 3404 1085 non

1844 1117 2044 1177 tendit
2077 1117 2195 1177 hoc
2221 1117 2542 1196 negotium
2569 1117 2646 1177 ad
2676 1117 3036 1193 vindictam,
3071 1117 3179 1179 sed
3205 1117 3405 1181 solum

1844 1210 1921 1273 ad
1971 1212 2368 1273 commodum
2399 1219 2461 1273 et
2502 1210 3022 1273 emendationem.

1926 1307 1954 1364 1
1967 1305 2026 1365 4.
2077 1302 2420 1369 observatio
2459 1305 2666 1387 prima
2699 1306 2862 1367 circa
2903 1304 3262 1370 adhibendos
3289 1312 3402 1371 tes-

1846 1404 1935 1461 tes
1989 1399 2150 1459 inter
2193 1398 2631 1477 corriyendum.
2660 1430 2737 1441 —-
2761 1395 2944 1460 Circa
2987 1398 3076 1473 id,
3122 1400 3406 1461 Duo-andi

1846 1497 1905 1555 et
1932 1492 2291 1555 Altisiodor.
2331 1493 2548 1573 opinio.
2572 1524 2656 1539 -
2687 1491 2896 1558 Verior
2927 1489 3144 1572 opinio.
3168 1526 3249 1541 -
3275 1494 3408 1555 Duo

1846 1591 2061 1647 tamen
2113 1586 2499 1648 observanda
2547 1595 2712 1647 sunt.
2761 1586 3063 1661 Primum,
3091 1586 3408 1649 interdum

1848 1698 1980 1741 esse
2023 1686 2342 1759 peccatum
2385 1686 2605 1740 notum
2643 1679 2821 1740 alteri
2859 1680 2993 1755 uni,
3025 1680 3125 1741 vel
3168 1681 3402 1755 multiS,

1848 1780 1911 1835 et
1934 1780 2088 1835 tunc
2114 1775 2182 1834 in
2218 1772 2578 1852 corrigendo
2604 1772 2776 1834 testis
2803 1786 2896 1834 est
2921 1772 3306 1835 adhibendus
3332 1792 3410 1835 ex

1846 1867 1945 1927 his
1981 1867 2089 1946 qui
2129 1873 2436 1928 noverunt
2479 1865 2775 1927 delictum
2806 1912 2823 1941 ,
2856 1873 2929 1927 ut
2971 1867 3204 1927 vitetur
3243 1885 3409 1929 nova

1847 1960 2149 2021 infamia:
2196 1960 2512 2021 interdum
2548 1978 2697 2022 vero
2737 1978 2900 2021 unus
2931 1966 3176 2020 tantum
3225 1960 3413 2022 delic-

1848 2060 1984 2115 tum
2023 2056 2222 2131 novit,
2253 2062 2313 2115 et
2347 2060 2495 2115 tunc
2521 2054 2774 2134 quidam
2807 2052 3163 2129 voluerunt,
3201 2055 3252 2113 si
3289 2054 3412 2133 pri·

1847 2155 1994 2209 vata
2030 2148 2333 2211 correctio
2375 2166 2502 2208 non
2549 2146 2797 2223 sufficit,
2829 2164 2956 2207 esse
3003 2148 3364 2209 cessandum
3387 2192 3408 2224 ,

1850 2260 2052 2322 neque
2079 2261 2211 2303 esse
2243 2240 2628 2303 adhibendos
2655 2247 2876 2318 testes3
2905 2240 2992 2301 ita
3025 2240 3408 2317 Altisiodor„

1848 2334 1960 2397 lib.
1999 2337 2036 2397 3
2065 2336 2358 2411 Summae,
2387 2340 2566 2396 tract.
2600 2336 2704 2409 25,
2735 2352 2867 2413 cap.
2901 2336 2940 2395 2
2968 2355 2985 2408 ;
3018 2334 3314 2405 Durand.,
3347 2334 3413 2395 in

1852 2431 1913 2505 4,
1960 2429 2102 2490 dist.
2139 2433 2238 2489 19.
2271 2430 2427 2503 Quia
2479 2446 2605 2489 non
2652 2434 2853 2507 potest
2884 2427 3174 2490 infamari
3227 2427 3414 2489 frater

1853 2524 1919 2583 in
1961 2522 2221 2584 crimine
2277 2522 2534 2584 omnino
2585 2522 2859 2598 occulto,
2909 2532 2971 2583 et
2999 2522 3148 2601 quia
3193 2521 3416 2583 talium

1853 2618 2108 2677 testium
2141 2616 2423 2677 inductio
2460 2622 2619 2677 esset
2657 2614 2920 2689 inutilis,
2961 2615 3108 2693 quia
3155 2612 3248 2674 illi
3287 2632 3417 2675 non

1853 2715 2111 2789 possunt
2137 2715 2346 2789 postea
2377 2726 2587 2769 coram
2617 2706 2870 2787 praelato
2903 2706 3242 2783 testificari,
3273 2725 3418 2768 cum

1854 2822 1933 2867 ex
1975 2802 2104 2863 solo
2154 2803 2503 2881 corrigente
2553 2800 2850 2862 delictum
2898 2799 3208 2860 noverint.
3263 2800 3419 2861 Con-

1854 2898 2049 2959 traria
2082 2904 2294 2957 tamen
2333 2894 2642 2957 sententia
2670 2899 2837 2955 certa
2879 2898 2994 2967 est,
3030 2898 3094 2952 et
3139 2910 3418 2953 commu-

1856 2992 1957 3051 nis
1979 3035 1998 3064 ,
2048 2989 2481 3068 colligiturque
2535 3004 2612 3047 ex
2655 2985 2767 3046 illo
2807 2984 2996 3046 verbo
3051 2985 3410 3064 Evangelii:

1858 3082 2087 3146 Adhibe
2115 3088 2304 3147 tecum
2321 3126 2342 3157 ,
2378 3088 2494 3143 etc.
2534 3080 2713 3141 Ratio
2743 3084 2834 3139 est
2849 3122 2868 3153 ,
2901 3078 3051 3157 quia
3079 3077 3215 3139 haec
3251 3078 3419 3139 fama

1857 3176 2125 3257 proximi
2153 3173 2572 3255 postponenda
2605 3178 2698 3233 est
2722 3171 2887 3232 bono
2914 3170 3140 3231 animae
3167 3171 3322 3250 eJus,
3347 3176 3420 3233 ut

1852 3270 1988 3348 jam
2031 3269 2257 3344 dicam,
2287 3273 2349 3330 et
2377 3267 2524 3347 quia
2563 3283 2691 3327 non
2720 3270 2812 3326 est
2855 3263 3094 3324 inutilis
3137 3266 3279 3325 talis
3325 3265 3419 3324 in-

1860 3362 2110 3424 ductio:
2145 3380 2288 3423 nam
2321 3362 2594 3441 primum
2623 3356 2904 3419 adhiberi
2931 3362 3187 3436 possunt
3209 3362 3417 3433 testeS,

1858 3464 1929 3519 ut
1961 3456 2287 3519 observent
2313 3468 2375 3515 et
2403 3453 2654 3515 videant
2687 3455 3008 3531 peccatum
3040 3448 3319 3525 alteriuS,
3349 3454 3421 3509 ut

1860 3568 1937 3612 ex
1984 3548 2322 3627 Evangelio
2362 3547 2692 3625 colligitur.
2746 3544 2870 3606 Nec
2921 3544 3037 3604 hoc
3069 3550 3160 3603 est
3191 3544 3298 3620 (ut
3325 3544 3420 3602 in-

1860 3645 1999 3723 quit
2031 3642 2456 3721 Augustinus)
2489 3641 2795 3703 observare
2833 3640 3096 3716 fratrem
3124 3682 3142 3711 ,
3177 3636 3285 3696 sed
3329 3642 3422 3695 est

1862 3736 2139 3798 medium
2203 3735 2612 3796 necessarium
2662 3739 2727 3794 et
2785 3730 3181 3792 commodum
3236 3728 3420 3789 saluti

1862 3831 1996 3909 ejus
2030 3828 2324 3889 adhibere
2351 3850 2366 3901 ;
2412 3825 2636 3888 deinde
2662 3825 2910 3905 quando
2944 3824 3062 3884 hoe
3091 3821 3225 3883 fieri
3255 3840 3421 3881 com-

1862 3924 2047 3985 mode
2069 3942 2197 3985 non
2220 3927 2444 4002 posset,
2481 3919 2854 3981 adhibentur
2881 3916 3098 3978 saltem
3137 3922 3207 3975 ut
3239 3920 3423 3976 testes

1864 4018 2280 4079 correctionis,
2306 4016 2516 4077 Primo
2545 4023 2616 4074 ut
2633 4012 2821 4073 frater
2847 4010 3048 4087 magis
3075 4007 3419 4083 erubescat,

1864 4117 1925 4172 et
1961 4111 2013 4171 si
2051 4115 2238 4187 neget
2279 4127 2433 4188 opus
2483 4124 2666 4167 suum
2695 4122 2820 4167 esse
2867 4108 3216 4183 peccatum,
3251 4104 3424 4162 testi-

1862 4204 1982 4265 bus
2009 4204 2436 4276 convincatur,
2469 4206 2539 4261 ut
2576 4199 2753 4259 divus
2778 4197 3044 4257 Thomas
3071 4194 3244 4269 dicit,
3275 4195 3422 4254 eita-

1861 4305 1927 4359 ta
1955 4315 2016 4377 q.
2055 4298 2156 4373 33,
2193 4300 2309 4357 art.
2341 4296 2416 4370 8,
2441 4294 2520 4353 ad
2547 4294 2603 4353 3.
2636 4293 2790 4353 Item
2812 4336 2832 4366 ,
2864 4296 2935 4351 ut
2977 4289 3031 4349 is
3079 4287 3189 4367 qui
3236 4286 3424 4347 corri-

1864 4391 1979 4469 git,
2021 4390 2212 4471 possit
2251 4387 2512 4468 probare
2553 4384 2818 4447 effecisse
2847 4382 3014 4462 quod
3043 4383 3110 4441 in
3155 4396 3218 4441 se
3265 4385 3418 4441 erat.

1864 4486 2044 4560 ltem,
2080 4489 2148 4545 ut
2189 4482 2344 4543 alter
2389 4496 2595 4540 coram
2623 4476 2884 4538 testibus
2914 4478 3238 4553 cognoscat
3287 4490 3424 4551 pee-

1864 4584 2096 4651 catum,
2129 4594 2274 4635 nam
2304 4580 2456 4634 tunc
2495 4590 2624 4633 esse
2660 4573 2951 4649 poterunt
2976 4573 3162 4627 testes
3205 4565 3274 4625 in
3321 4566 3424 4626 de-

1864 4670 2258 4731 nuntiatione
2283 4688 2301 4743 ;
2344 4666 2450 4727 sed
2495 4665 2560 4725 in
2591 4662 2708 4725 hoc
2735 4658 3078 4723 cavendum
3114 4666 3228 4734 est,
3255 4662 3346 4731 ut,
3373 4658 3425 4717 si

1864 4782 2031 4825 unus
2079 4762 2249 4824 testis
2291 4758 2554 4821 sufficiat
2575 4802 2596 4833 ,
2646 4774 2774 4817 non
2823 4753 3239 4815 adhibeantur
3277 4751 3423 4825 duo,

1867 4863 2118 4938 propter
2149 4854 2432 4917 eamdem
2482 4851 2788 4912 rationem
2838 4847 2940 4909 vel
2989 4844 3285 4921 vitandae,
3326 4844 3426 4905 vel

1868 4948 2226 5013 minuendas
2252 4946 2558 5009 infamiae.

1950 5046 2048 5105 15.
2099 5040 2445 5105 Obsco-vatio
2485 5038 2682 5103 altera
2726 5054 2799 5100 σω
2836 5035 2918 5098 D.
2957 5034 3204 5099 Thomu.
3227 5034 3432 5095 —Se-

1868 5138 2098 5214 cund0,
2133 5135 2588 5199 observandum
2633 5138 2726 5195 est
2744 5177 2766 5208 ,
2815 5150 2893 5192 ex
2941 5130 3010 5191 D.
3045 5128 3315 5201 Thomu,
3347 5127 3430 5189 ci-

1868 5238 1998 5294 tato
2025 5238 2144 5294 art.
2179 5232 2241 5307 8,
2272 5231 2350 5290 ad
2377 5231 2442 5305 4,
2471 5244 2615 5288 eum
2640 5230 2884 5300 testem,
2917 5239 3104 5302 quem
3137 5222 3426 5295 adhibeo,

1870 5344 2048 5407 posse
2087 5342 2216 5387 esse
2269 5324 2474 5403 ipsum
2529 5320 2851 5400 praelatum
2907 5324 2969 5378 et
3019 5316 3423 5396 superiorem,

1866 5438 2000 5481 non
2029 5425 2102 5479 ut
2134 5417 2410 5497 superior
2443 5420 2539 5477 est
2562 5458 2583 5491 ,
2611 5412 2717 5475 sed
2757 5417 2822 5472 ut
2859 5411 3100 5491 privata
3144 5426 3431 5487 persona,

1874 5512 2021 5594 quia
2051 5512 2182 5593 ipse
2211 5516 2412 5592 potest
2439 5505 2780 5571 existimari
2801 5503 3010 5565 utilior
3039 5500 3119 5563 ad
3146 5500 3436 5562 effectum

3079 5608 3160 5669 45
