3900 6217
561 546 778 609 sentiri
803 546 1232 627 propositioni,
1263 564 1376 608 seu
1399 546 1642 608 veritati
1669 546 1814 607 fidei
1841 546 1959 605 sihi
1981 560 2126 623 pro-

561 642 796 723 positae,
815 640 952 701 sine
973 640 1515 703 aliainstructione
1527 641 1626 702 vel
1643 640 1876 703 motivo
1893 658 1971 701 ex
1988 657 2129 719 par-

559 742 624 797 te
651 734 904 815 objecti,
935 752 1012 794 ex
1035 734 1170 795 sola
1205 734 1605 796 inclinatione
1635 733 1910 805 habitus,
1933 750 2129 811 quem

559 829 626 889 in
667 828 986 908 Baptismo
1027 828 1285 907 recepit,
1315 828 1488 907 quod
1515 832 1610 889 est
1649 825 1981 887 manifeste
2010 825 2129 887 sal-

559 940 724 997 sum,
763 927 825 982 et
865 924 1082 981 contra
1118 920 1320 999 ipsam
1358 920 1832 1001 experientiam.
1864 921 1940 981 Et
1982 919 2127 980 ideo

559 1016 696 1095 ipse
720 1016 964 1087 Scottis,
984 1032 1046 1092 q.
1081 1018 1108 1074 1
1137 1014 1411 1093 Prolog.,
1432 1016 1496 1076 et
1514 1014 1578 1074 in
1605 1015 1664 1088 3,
1687 1013 1831 1075 dist.
1852 1013 2129 1084 mistate-

559 1116 662 1170 ιω·
689 1126 818 1169 non
837 1125 1024 1187 posse
1048 1108 1260 1168 lumen
1287 1107 1434 1168 fidei
1457 1108 1744 1187 proebere
1765 1124 2123 1181 assensum,

561 1203 678 1265 nisi
705 1221 782 1263 ex
811 1206 988 1281 parte
1013 1200 1242 1281 objecti
1256 1200 1570 1281 praecedat
1583 1200 1924 1281 propositio
1939 1201 2127 1273 illius,

559 1314 702 1357 cum
773 1294 1101 1356 sufficienti
1155 1294 1562 1357 instructione
1623 1300 1687 1355 et
1747 1294 2129 1356 revelatione

559 1388 887 1468 objectiva.

641 1486 700 1545 3.
741 1480 924 1545 Alius
951 1479 1182 1545 dicendi
1203 1480 1432 1542 modus.
1461 1513 1544 1527 —
1569 1480 1740 1560 Ejus
1764 1480 2131 1558 fundamen-

557 1584 708 1641 tum.
733 1606 818 1621 —
865 1572 1290 1654 Goufimatur.
1327 1606 1410 1621 —
1437 1573 1666 1635 Dicunt
1703 1590 1854 1635 vero
1905 1573 2123 1652 aliqui,

555 1690 686 1733 non
713 1669 983 1731 multum
1019 1668 1388 1729 recedentes
1415 1668 1497 1728 ab
1521 1667 1630 1729 illo
1657 1667 1850 1747 priori
1875 1666 2129 1728 dicendi

556 1766 770 1841 mod0,
805 1770 1002 1827 totum
1029 1765 1170 1837 hoc,
1197 1764 1367 1845 quod
1386 1764 1680 1845 praecedit
1710 1780 1786 1825 ex
1813 1769 1993 1843 parte
2015 1763 2130 1824 ob-

549 1861 725 1941 jecti,
773 1859 979 1921 solum
1031 1876 1170 1919 esse
1221 1858 1644 1921 conditionem
1709 1858 2135 1919 necessariam

557 1956 693 2015 sine
731 1970 856 2033 qua
883 1970 1014 2013 non
1048 1956 1260 2032 posset
1287 1951 1446 2013 fides
1462 1952 1784 2023 assentiri,
1821 1950 2137 2011 nihilomi-

557 2066 678 2109 nus
693 2053 906 2108 tamen
925 2046 1232 2107 rationem
1263 2044 1592 2107 formalem
1613 2051 1676 2107 et
1695 2045 1999 2105 motivum
2018 2060 2135 2122 per

559 2160 626 2203 se
659 2139 1040 2202 assentiendi
1065 2156 1204 2200 esse
1237 2140 1576 2218 ipsummet
1599 2139 1814 2199 lumen
1849 2137 2023 2210 fidei,
2054 2154 2130 2198 ac

557 2232 824 2295 subinde
847 2233 1162 2313 objectum
1185 2232 1394 2310 ipsum
1421 2232 1718 2293 credibile
1739 2230 2033 2293 constitui
2059 2231 2124 2291 in

559 2328 802 2389 ratione
851 2326 1082 2407 objecti
1128 2318 1444 2394 formalis,
1499 2332 1812 2405 quatenus
1863 2331 1963 2386 est
2010 2324 2130 2386 sub

559 2422 724 2484 dicto
739 2420 1002 2495 lumine,
1033 2424 1098 2481 et
1117 2437 1231 2499 per
1251 2418 1406 2479 illud
1433 2418 1818 2479 illuminatur
1841 2436 1918 2478 ac
1947 2436 2097 2479 reve
2114 2450 2131 2465 ·

557 2515 745 2575 latur.
779 2513 960 2577 Unde
1007 2510 1077 2573 fit
1105 2518 1176 2573 ut
1203 2513 1395 2588 Deus,
1435 2517 1750 2589 quatenus
1788 2510 2131 2573 infundens

559 2609 678 2670 hoc
733 2607 972 2679 lumen,
1030 2606 1109 2667 sit
1157 2604 1476 2685 objectum
1527 2604 1790 2665 formale
1835 2604 2006 2677 fidei,
2068 2609 2133 2666 et

559 2704 1020 2779 consequenter
1047 2698 1238 2759 etiam
1283 2698 1567 2777 sequitur
1604 2700 1830 2771 Deum,
1863 2703 1934 2758 ut
1956 2696 2132 2758 auxi·

557 2795 816 2855 liantem
865 2793 946 2854 ad
987 2791 1398 2865 credendum,
1453 2810 1594 2853 esse
1641 2792 1959 2871 objectum
2000 2791 2131 2853 for-

556 2888 722 2949 male
753 2886 925 2961 fidei,
957 2886 1104 2966 quia
1131 2884 1518 2946 infundendo
1543 2886 1663 2945 hoc
1685 2885 1921 2962 lumen,
1956 2886 2131 2947 anxi-

555 2982 768 3044 liatur.
797 2984 1002 3061 Atque
1027 2979 1111 3040 ita
1141 2978 1392 3040 videtur
1417 2978 1646 3039 sentire
1676 2980 1949 3058 Aragon.
1978 2981 2039 3041 2.
2064 2980 2127 3053 2,

559 3094 620 3156 q.
653 3078 710 3148 1,
743 3079 862 3136 art.
893 3077 954 3147 1,
1005 3078 1318 3151 quatenns
1362 3070 1512 3132 dicit
1539 3071 1884 3151 ipsummet
1911 3071 2130 3133 lumen

555 3170 706 3233 fidei
762 3187 904 3231 esse
959 3168 1262 3229 motivum
1311 3172 1372 3227 et
1422 3166 1732 3226 rationem
1795 3165 2128 3239 credendi3

557 3263 727 3325 idem
755 3263 944 3323 sentit
959 3260 1214 3322 Bannez
1239 3259 1352 3335 ibi,
1379 3259 1532 3322 dub.
1564 3262 1624 3334 1,
1653 3259 1852 3321 concl.
1875 3260 1936 3333 6,
1970 3258 2134 3320 etad

558 3359 618 3431 3,
659 3356 766 3416 ubi
795 3355 882 3416 ait
921 3353 1371 3415 revelationem
1399 3354 1602 3415 solum
1641 3370 1782 3413 esse
1825 3352 2135 3413 illumina·-

555 3451 794 3511 tionem
843 3448 1142 3521 veritatis,
1203 3448 1494 3508 veritates
1547 3452 1760 3509 autem
1805 3445 1955 3509 fidei
2000 3464 2129 3507 non

557 3542 894 3604 illuminari
923 3540 1042 3602 nisi
1069 3559 1188 3620 per
1214 3540 1498 3601 habitum
1531 3540 1702 3613 fidei,
1735 3546 1798 3601 et
1819 3540 1963 3602 ideo
1986 3540 2129 3601 illu-

556 3635 965 3697 minationem
989 3653 1100 3696 seu
1117 3634 1594 3709 revelationem,
1613 3627 1754 3713 q'uae
1779 3638 1876 3695 est
1901 3633 2129 3695 forma-

556 3729 632 3790 lis
647 3729 804 3790 ratio
823 3728 990 3804 fidei,
1033 3746 1160 3789 nou
1178 3744 1322 3789 esse
1351 3746 1389 3789 a
1417 3730 1554 3789 Deo
1577 3726 1696 3789 nisi
1739 3728 2047 3804 effective,
2088 3746 2127 3789 a

556 3824 792 3884 lumine
807 3829 1019 3884 autem
1041 3822 1190 3883 fidei
1203 3821 1573 3895 formaliter;
1589 3820 1760 3901 quod
1785 3821 1976 3883 etiam
1992 3822 2129 3901 pla-

556 3935 639 3978 ne
679 3916 868 3979 sentit
905 3918 1100 3992 Cano,
1142 3916 1188 3977 l.
1239 3918 1315 3978 12
1354 3916 1436 3977 de
1467 3915 1666 3990 Locis,
1693 3932 1834 3995 cap.
1867 3916 1930 3988 3,
1976 3932 2129 3976 con-

557 4011 712 4071 clus.
762 4012 801 4073 2
845 4015 907 4072 et
953 4012 1013 4071 3.
1071 4010 1578 4072 Fundamentum
1623 4025 1778 4089 ergo
1829 4014 1946 4082 est,
1976 4008 2128 4087 quia

554 4104 836 4166 formalis
851 4105 1010 4167 ratio
1039 4104 1336 4166 credendi
1353 4111 1448 4166 est
1461 4103 1760 4165 revelatio
1777 4122 1793 4175 ;
1817 4102 1932 4163 sed
1949 4120 2129 4164 reve-

555 4198 704 4259 latio
727 4216 856 4259 non
886 4205 982 4260 est
1009 4198 1130 4258 nisi
1155 4196 1384 4259 infusio
1410 4197 1668 4258 luminis
1691 4196 1861 4272 fidei,
1887 4202 1959 4257 ut
1980 4214 2127 4277 pro-

553 4294 774 4355 batum
820 4297 936 4367 est,
991 4291 1326 4354 referendo
1375 4290 1580 4371 ipsam
1621 4291 2023 4365 sententiam,
2064 4296 2127 4351 et

557 4387 767 4467 colligi
799 4392 1004 4467 potest
1044 4405 1123 4449 ex
1161 4386 1266 4447 illo
1301 4387 1344 4447 2
1383 4384 1468 4447 ad
1491 4388 1630 4449 Cor.
1663 4387 1732 4446 3:
1761 4384 1900 4451 Nos·
1925 4389 2127 4449 autem

555 4482 824 4546 revelata
874 4481 1040 4560 facis
1083 4479 1346 4565 qim-iam
1395 4478 1644 4543 Domini
1699 4480 2077 4561 speculantes
2098 4502 2127 4550 ;

557 4576 812 4649 scilicet,
853 4593 972 4655 per
995 4575 1209 4652 tidem,
1263 4578 1334 4636 ut
1365 4574 1454 4635 ibi
1489 4574 1910 4636 communiter
1939 4590 2129 4653 expo-

553 4672 744 4732 nitur.
777 4671 854 4730 Et
877 4667 1308 4743 confirmatur,
1339 4668 1488 4747 quia
1509 4668 1828 4747 objectum
1861 4667 2125 4729 formale

556 4764 906 4826 intellectus
929 4780 1180 4841 semper
1197 4767 1293 4823 est
1309 4778 1414 4822 res
1439 4759 1897 4841 cognoscenda,
1915 4766 1987 4821 ut
2006 4760 2132 4821 exi·

557 4866 728 4921 stens
773 4856 892 4918 sub
939 4854 1148 4935 aliquo
1177 4854 1440 4929 lumine,
1487 4854 1656 4935 quia,
1709 4860 1780 4916 ut
1831 4854 2125 4930 diximus,

555 4950 950 5015 constituitur
977 4949 1293 5029 objectum
1330 4948 1592 5010 formale
1639 4950 1704 5009 in
1735 4949 1981 5010 ratione
2022 4966 2131 5010 co·

556 5044 948 5127 gnoscibilis;
997 5061 1112 5124 per
1137 5043 1354 5105 lumen
1391 5048 1602 5104 autem
1634 5042 1702 5105 fit
1743 5042 2127 5123 cognoscibi-

554 5140 653 5215 lis,
681 5139 830 5219 quia
857 5154 1025 5201 omne
1048 5136 1208 5218 quod
1241 5136 1707 5213 manifestatur,
1747 5136 1952 5199 lumen
1992 5140 2127 5206 esu

556 5252 708 5313 ergo
751 5232 944 5295 etiam
971 5230 1288 5311 objectum
1315 5229 1464 5291 fidei
1491 5228 1754 5290 formale
1802 5228 2127 5291 constitui-

553 5333 658 5389 tur
671 5346 786 5407 per
807 5324 1064 5405 aliquod
1082 5324 1300 5386 lumen
1317 5322 1490 5399 fidei,
1513 5323 1662 5402 quia
1681 5322 1926 5384 nullum
1956 5322 2127 5383 aliud

557 5417 1036 5501 supernaturale
1071 5418 1288 5479 lumen
1333 5420 1429 5478 est
1465 5416 1532 5475 in
1561 5416 1987 5490 credentibus,
2018 5416 2127 5477 ob-

546 5515 789 5593 jectum
816 5520 1028 5576 autem
1057 5510 1320 5573 formale
1347 5508 1502 5573 fidei
1527 5510 2005 5589 supernaturale
2033 5528 2127 5572 es·

559 5626 626 5671 se
651 5608 862 5671 debet.

1036 444 1274 497 nisPuT.
1309 444 1394 497 111.
1429 442 1512 498 nt:
1544 440 1808 498 omnmo
1839 442 2112 495 runnu
2144 442 2329 504 mel,
2362 440 2445 493 m·
2474 438 2769 504 neolone
2800 438 2885 490 AB
2918 435 3119 497 Eum,
3148 434 3283 491 E‘rc.

2286 547 2349 605 4.
2382 542 2759 607 Pru-cedenti
2784 541 2955 603 modo
2980 534 3205 603 maie
3232 534 3730 602 Molincz--Ratio
3810 532 3812 535 ⁴

2202 638 2515 718 proeoipua
2526 633 3055 712 Melina—Ejus
3066 629 3733 711 confirmantia—Confir-

2204 731 2397 793 matio
2420 730 2681 795 secunda
2704 746 2781 791 ιω
2817 724 3203 809 quadruplici
3242 724 3521 802 exemplo.
3548 758 3623 771 —
3652 726 3734 787 Ad

2206 824 2373 885 hanc
2412 824 2791 885 sententiam
2828 840 2905 882 ex
2950 825 3125 899 parte
3160 817 3421 879 accessit
3446 818 3677 892 Melina,
3708 826 3727 881 t

2208 934 2297 995 p.‚
2334 936 2399 995 q.
2424 919 2479 993 1,
2512 923 2627 979 art.
2666 918 2729 989 3,
2754 916 2917 995 disp.
2944 915 3005 987 2,
3038 912 3185 973 licet
3208 911 3335 972 alio
3362 910 3561 985 modo,
3590 917 3646 972 et
3672 932 3736 973 ex

2206 1010 2495 1073 distincto
2526 1010 2973 1081 fundament03
3016 1007 3247 1067 fatetur
3278 1004 3441 1065 enim
3492 1004 3739 1066 testimo-

2206 1104 2384 1165 ninm
2438 1104 2553 1167 Dei
2600 1104 2915 1183 pertinere
2966 1100 3051 1162 ad
3090 1100 3401 1161 rationem
3442 1096 3739 1159 formalem

2210 1199 2438 1278 objecti
2470 1198 2643 1270 fidei,
2674 1214 2805 1257 non
2832 1203 3047 1258 tamen
3074 1212 3217 1256 esse
3242 1192 3547 1271 integram
3576 1192 3739 1253 ratio-

2210 1312 2383 1369 nem,
2427 1290 2539 1353 sed
2584 1290 2763 1371 quasi
2812 1289 3197 1362 inchoatam,
3240 1292 3306 1347 et
3354 1285 3741 1347 consummati

2208 1406 2325 1467 per
2349 1384 2781 1447 habitudinem
2802 1382 2887 1444 ad
2934 1383 3274 1463 ipsummet
3294 1380 3505 1441 lumen
3522 1396 3626 1439 seu
3648 1397 3743 1438 au-

2206 1483 2425 1543 xilium
2458 1480 2629 1554 fidei,
2672 1480 2761 1540 ita
2790 1485 2857 1540 ut
2896 1478 3141 1557 integra
3186 1474 3347 1536 ratio
3392 1472 3657 1535 formalis
3680 1474 3745 1532 sit

2210 1574 2507 1637 revelatio
2520 1574 2657 1648 Dei,
2672 1580 2745 1635 ut
2764 1570 3078 1634 credibilis
3102 1587 3221 1649 per
3240 1568 3455 1628 lumen
3474 1565 3738 1637 infusum

2208 1672 2274 1731 in
2322 1670 2503 1749 cujus
2535 1668 2816 1731 favorem
2870 1666 3045 1727 citari
3084 1668 3294 1745 potest
3320 1660 3599 1722 Albertus
3638 1658 3744 1718 Ma-

2216 1782 2402 1845 gnuS,
2430 1763 2495 1823 in
2536 1764 2597 1836 2,
2630 1760 2773 1822 dist.
2806 1760 2907 1833 24,
2942 1764 3063 1820 art.
3110 1761 3171 1831 1,
3208 1756 3362 1817 dum
3402 1752 3545 1813 dicit
3580 1750 3744 1812 fidem

2216 1862 2357 1919 esse
2384 1855 2465 1917 de
2494 1856 2615 1927 his,
2644 1872 2785 1934 quas
2814 1870 3003 1933 snpra
3030 1852 3343 1912 rationem
3370 1852 3531 1919 sunt,
3562 1851 3745 1924 quate·

2216 1968 2337 2011 nus
2372 1949 2679 2029 probatur
2714 1966 2829 2027 per
2850 1944 3301 2009 revelationem
3324 1942 3433 2003 Dei
3470 1943 3531 2000 et
3558 1939 3743 1998 lumen

2212 2044 2385 2118 fidei,
2414 2042 2587 2123 quod
2612 2042 2801 2103 etiam
2828 2040 3021 2101 habet
3045 2046 3165 2100 art.
3214 2041 3275 2111 1,
3302 2035 3389 2097 ad
3430 2036 3491 2095 5.
3534 2031 3745 2093 Funda-

2210 2144 2495 2200 mentum
2520 2137 2899 2216 proecipuum
2922 2133 3168 2195 Molinae
3188 2128 3481 2209 fuit‚quia
3502 2126 3748 2188 testimo-

2208 2232 2386 2293 nium
2415 2248 2531 2293 seu
2560 2229 2857 2291 revelatio
2884 2229 2999 2289 Dei
3032 2233 3131 2288 est
3155 2223 3461 2287 motivum
3486 2220 3562 2281 de
3588 2218 3745 2279 sein-

2208 2324 2505 2386 differens
2558 2322 2641 2385 ad
2696 2322 2889 2384 fidem
2934 2320 3209 2381 infusam
3274 2324 3337 2380 et
3410 2313 3741 2395 acquisitam

2212 2418 2579 2479 earumdem
2620 2414 3151 2496 propositionum3
3206 2428 3359 2491 ergo
3398 2426 3525 2471 non
3568 2411 3745 2486 potest

2210 2530 2353 2573 esse
2390 2511 2709 2589 integrum
2752 2509 3071 2588 objectum
3119 2505 3389 2568 formale
3432 2503 3573 2563 fidei
3614 2499 3747 2560 infu-

2212 2622 2321 2666 sae.
2378 2603 2687 2665 Probatur
2730 2600 3201 2683 consequentia,
3256 2599 3407 2678 quia
3470 2598 3747 2672 integrum

2212 2700 2529 2779 objectum
2580 2697 2847 2759 formale
2898 2696 3005 2758 dat
3046 2696 3323 2774 speciem
3358 2690 3647 2761 ultimam,
3698 2692 3749 2746 et

2210 2794 2403 2855 habet
2448 2791 2791 2871 quamdam
2840 2790 3347 2869 adoequationem
3384 2802 3526 2847 cum
3552 2782 3667 2852 illa,
3698 2784 3749 2840 et

2212 2906 2357 2950 cum
2414 2904 2491 2948 ea
2530 2886 2933 2949 convertitur.
2998 2883 3402 2945 Antecedens
3450 2895 3593 2939 vero
3627 2892 3751 2955 pro-

2210 2982 2419 3055 batur,
2488 2981 2635 3060 quia
2704 2980 2899 3041 etiam
2968 2978 3305 3040 haereticus
3378 2973 3485 3055 qui
3555 2970 3752 3031 retinet

2214 3074 2457 3154 aliquas
2520 3074 2979 3154 propositiones
3054 3070 3205 3133 fidei
3238 3117 3255 3146 ,
3334 3070 3469 3131 illas
3535 3063 3709 3127 credit
3731 3104 3747 3135 ,

2214 3170 2363 3249 quia
2386 3170 2581 3244 ‚Deus
2626 3168 2763 3229 illas
2808 3166 3127 3240 revelavit,
3158 3170 3225 3226 et
3253 3170 3469 3227 tamen
3496 3176 3615 3245 non
3642 3172 3749 3216 cre·

2214 3264 2307 3324 dit
2326 3261 2453 3323 fide
2482 3260 2683 3323 infusa
2707 3305 2726 3335 ,
2758 3260 2873 3323 sed
2896 3260 3225 3339 acquisita,
3258 3264 3338 3319 ut
3370 3260 3463 3317 est
3490 3256 3751 3314 constans

2216 3356 2387 3436 apud
2412 3372 2657 3416 omnes.
2684 3354 2863 3417 Unde
2890 3354 3159 3427 sumitur
3182 3346 3605 3413 confirmatio:
3626 3355 3752 3441 nam

2210 3449 2525 3529 objectum
2550 3448 2840 3522 formale,
2870 3447 2925 3509 si
2952 3448 3035 3508 sit
3062 3444 3452 3526 specificam,
3490 3438 3753 3499 determi-

2208 3550 2319 3604 nat
2360 3539 2741 3605 sufficienter
2775 3542 3122 3620 potentiam
3160 3539 3245 3600 ad
3286 3533 3638 3619 specificam
3664 3544 3750 3587 ae·

2211 3644 2379 3711 tum;
2434 3636 2751 3717 objectum
2800 3640 3036 3708 autem,
3090 3638 3162 3694 ut
3184 3633 3531 3695 revelatum
3560 3644 3596 3685 a
3638 3623 3749 3681 Deo

2208 3730 2467 3811 praecise
2484 3734 2827 3811 sumptum,
2850 3746 2981 3789 non
3004 3726 3383 3789 determinat
3398 3720 3755 3785 intellectum

2208 3825 2293 3887 ad
2338 3831 2553 3887 actum
2601 3822 2753 3885 fidei
2800 3822 3044 3898 infusae,
3095 3822 3215 3883 nisi
3268 3817 3531 3883 accedat
3562 3812 3755 3873 lumen

2205 3920 2377 3995 fidei,
2408 3921 2510 3981 vel
2532 3919 2869 3991 auxilium;
2898 3934 3049 3998 ergo
3079 3918 3333 3997 signum
3360 3917 3605 3978 estnon
3634 3916 3754 3964 esse

2205 4013 2360 4074 illud
2388 4012 2773 4093 completum
2802 4010 3121 4091 objectum
3149 4010 3299 4071 fidei
3338 4008 3581 4071 infusas.
3614 4000 3757 4060 Tan·

2208 4107 2354 4169 dem
2398 4107 2829 4179 confirmatur,
2860 4106 3011 4185 quia
3046 4122 3169 4167 nec
3192 4106 3528 4185 repugnat,
3568 4104 3755 4169 neque

2208 4208 2305 4264 est
2326 4218 2583 4274 novum,
2614 4206 2687 4261 ut
2712 4200 2881 4261 idem
2908 4200 3148 4274 lumen,
3176 4199 3353 4278 quod
3378 4216 3456 4259 ex
3480 4192 3647 4273 parte
3672 4184 3757 4242 in·-

2206 4285 2491 4357 tellectu‘s
2520 4300 2615 4355 est
2652 4292 3025 4373 principium
3050 4289 3469 4373 intelligendi,
3498 4302 3573 4347 ex
3596 4281 3756 4360 parte

2206 4390 2435 4470 objecti
2510 4389 2825 4468 compleat
2894 4388 3207 4449 rationem
3262 4382 3591 4447 formalem
3656 4369 3757 4431 ob-

2202 4484 2380 4564 jecti,
2424 4482 2861 4555 illuminando,
2898 4482 3157 4556 scilicet,
3192 4482 3399 4561 ipsum
3434 4474 3753 4565 objectumz

2208 4578 2297 4641 sic
2324 4577 2495 4639 enim
2521 4577 2739 4637 lumen
2784 4574 2999 4656 glorias
3047 4582 3111 4638 et
3152 4580 3251 4637 est
3288 4568 3657 4654 principium
3684 4574 3759 4615 Vl·

2211 4673 2425 4747 sioniS,
2458 4676 2523 4734 et
2564 4670 2837 4750 complet
2862 4670 2927 4731 in
2956 4671 3089 4731 Deo
3112 4670 3421 4731 rationem
3448 4654 3756 4725 formalem

2212 4766 2439 4847 objecti
2488 4765 2653 4827 illius
2698 4764 2990 4838 visionis;
3036 4780 3186 4825 nam
3230 4764 3421 4836 Deua,
3467 4758 3758 4851 quatenus

2208 4858 2637 4922 illuminabilis
2682 4857 2789 4919 illo
2813 4857 3075 4933 lumine,
3108 4872 3221 4919 seu
3250 4862 3559 4937 quatenus
3582 4839 3760 4905 medi-

2209 4959 2357 5015 ante
2410 4952 2517 5013 illo
2570 4956 2779 5031 potest
2812 4950 2979 5012 uniri
3022 4950 3367 5013 intellectui
3408 4949 3479 5009 in
3534 4938 3757 5038 ratione

2206 5045 2461 5126 speciei,
2512 5052 2609 5107 est
2640 5044 2957 5125 objectum
2994 5044 3257 5107 formale
3307 5044 3470 5105 illius
3496 5032 3757 5099 visionis,

2206 5139 2354 5216 quia
2394 5139 2639 5201 nullum
2668 5139 2842 5201 aliud
2868 5139 3133 5200 formale
3156 5138 3471 5218 obiectum
3498 5130 3579 5193 ibi
3594 5136 3761 5186 exco-

2208 5232 2392 5313 gitari
2420 5238 2661 5313 potest3
2694 5250 2843 5295 nam
2871 5234 3039 5295 Deus
3066 5232 3413 5295 secundum
3434 5246 3502 5291 se
3530 5222 3759 5313 tantum

2208 5332 2305 5387 est
2324 5326 2649 5388 materiale
2670 5325 3009 5406 objectum.
3044 5326 3257 5389 Simile
3278 5332 3372 5388 est
3400 5324 3479 5387 de
3502 5304 3761 5379 naturali

2206 5419 2445 5480 lumine
2468 5419 2837 5493 intellectus,
2852 5420 3024 5500 quod
3042 5426 3139 5483 est
3158 5420 3531 5500 principium
3558 5416 3761 5471 assen-

2206 5512 2403 5574 tiendi
2426 5514 2954 5593 propositionibus
2990 5532 3107 5595 per
3150 5532 3219 5575 se
3250 5514 3437 5589 notis,
3467 5513 3531 5570 et
3550 5496 3759 5565 nihilo·

2206 5606 2417 5666 minus
2460 5607 2803 5687 propositio
2836 5624 2953 5688 per
2978 5626 3048 5670 se
3092 5612 3239 5671 nota
3270 5604 3519 5669 nonecst
3566 5591 3760 5671 objec·
