3900 6217
519 425 631 488 lib.
663 427 726 500 2,
759 427 957 506 capite
984 429 1044 498 9,
1079 444 1250 486 ιιιιιιι.
1283 429 1379 488 10.
1413 427 1592 488 Ratio
1617 431 1730 499 est,
1759 428 1906 508 quia
1934 426 2087 488 fides

521 537 649 580 non
704 525 795 580 est
843 519 1321 580 fundamentum
1359 520 1630 582 ,omnino
1676 520 2087 582 necessarium

517 612 960 692 jurisdictionis
988 611 1424 687 ecclesiasticas,
1443 612 1542 672 vel
1568 631 1602 674 e
1631 613 1936 674 contrario
1962 613 2088 674 hae-

521 705 746 766 reticus
765 723 890 764 non
921 713 1013 792 est
1053 704 1316 785 incapax
1359 705 1614 766 omnino
1639 705 2087 785 jurisdictionis

521 798 975 872 ecclesiasticae;
1008 816 1156 876 ergo
1196 817 1322 858 non
1353 799 1630 878 perditur
1671 799 1809 860 talis
1827 800 2085 878 jurisdi-

521 892 643 952 ctio
669 909 777 970 per
821 890 1100 952 haeresim
1153 910 1228 954 ex
1280 893 1342 952 vi
1375 883 1532 970 juris
1589 892 1805 952 divini.
1858 893 2085 954 Conse-

523 985 778 1064 quentia
802 983 1052 1045 evidens
1081 989 1194 1059 est,
1223 985 1372 1064 quia
1423 985 1576 1046 illud
1601 986 1702 1065 jus
1731 1004 1854 1046 non
1882 991 2084 1065 potest

521 1097 649 1140 esse
680 1079 857 1158 quasi
903 1075 1206 1152 naturale,
1250 1098 1392 1140 cum
1447 1098 1524 1141 ex
1553 1088 1776 1162 natura
1832 1081 1925 1141 rei
1960 1081 2083 1142 illae

522 1171 662 1232 duae
689 1191 810 1246 reS,
851 1171 1102 1247 scilicet,
1127 1172 1474 1251 jurisdictio
1503 1180 1565 1235 et
1597 1173 1770 1249 fides,
1801 1192 1928 1234 non
1960 1175 2084 1236 sint

521 1266 866 1346 necessario
896 1283 1227 1340 connexae3
1259 1255 1459 1346 neque
1487 1268 1676 1328 etiam
1703 1267 1827 1330 tale
1850 1267 1951 1346 jus
1993 1267 2087 1329 di-

521 1361 740 1418 vinum
773 1359 1106 1440 positivum
1139 1364 1256 1436 est,
1286 1359 1434 1438 quia
1457 1359 1678 1420 nullibi
1707 1360 1948 1422 ostendi
1976 1379 2085 1441 po-

523 1456 664 1526 test,
694 1469 896 1530 neque
924 1451 988 1510 in
1004 1449 1140 1528 lege
1159 1454 1376 1530 gratiae
1405 1452 1630 1514 similia
1643 1453 1910 1534 positiva
1937 1455 2085 1533 jura

521 1542 947 1604 inveniuntur.
981 1545 1367 1605 Antecedens
1390 1551 1599 1606 antem
1635 1545 1931 1626 probatur
1960 1547 2085 1627 pri-

522 1654 652 1712 mo,
683 1636 829 1716 quia
861 1636 1165 1714 absolutio
1193 1637 1336 1698 data
1363 1638 1442 1698 ab
1468 1637 1760 1700 haeretico
1787 1639 1856 1699 in
1885 1646 2085 1700 extre·

523 1747 628 1789 ma
667 1730 1027 1790 necessitate
1056 1735 1148 1790 est
1199 1730 1424 1804 valida,
1464 1735 1536 1791 ut
1580 1730 1766 1792 habet
1807 1751 2085 1794 commu-

522 1823 620 1884 nis
647 1821 928 1883 doctrina
949 1823 1016 1882 in
1047 1829 1293 1903 quart0,
1339 1825 1729 1886 distinctione
1765 1826 1842 1886 18
1860 1842 1881 1902 3
1938 1843 2086 1906 ergo

522 1914 711 1994 habet
737 1916 1252 2000 jurisdictionem.
1289 1917 1590 1992 Secundo,
1623 1919 1771 1998 quia
1797 1918 1948 1979 alias
1976 1937 2085 1997 per

522 2009 808 2070 haeresim
861 2009 1193 2071 mentalem
1275 2012 1665 2072 amitteretur
1705 2010 2079 2089 jurisdicti0‚

523 2105 712 2165 etiam
738 2104 1124 2184 pontificalia,
1165 2105 1328 2184 quod
1375 2107 1586 2166 Castro
1635 2112 2085 2184 consequenter

522 2198 841 2275 concedit3
868 2202 961 2258 est
987 2204 1192 2259 tamen
1217 2198 1750 2272 absurdissimum,
1783 2205 1845 2259 et
1869 2206 2087 2260 contra

519 2300 754 2353 rectam
819 2290 1104 2352 Ecclesiae
1177 2293 1627 2354 institutionem
1663 2309 1684 2370 ;
1735 2293 1882 2374 quia
1930 2293 2083 2354 alias

521 2386 709 2463 Papa,
741 2383 912 2445 verbi
941 2384 1166 2464 gratia,
1195 2387 1305 2466 qui
1333 2387 1519 2448 semel
1539 2385 1839 2447 incideret
1860 2387 1924 2446 in
1955 2385 2086 2446 hoe-

521 2478 708 2539 resim
736 2477 1096 2554 mentalem,
1139 2479 1390 2561 deberet
1445 2481 1804 2540 renuntiare
1831 2479 2085 2560 pontifi-

521 2573 708 2643 catui,
757 2569 858 2631 vel
879 2571 945 2630 in
970 2571 1077 2632 illo
1105 2589 1468 2651 permanere
1497 2572 1662 2648 ficte,
1687 2580 1750 2634 et
1777 2573 1910 2636 sine
1936 2558 2103 2636 vera'

517 2663 966 2742 jurisdictione,
1017 2682 1284 2742 quorum
1319 2664 1596 2744 primum
1639 2673 1730 2726 est
1770 2667 2085 2728 moraliter

519 2757 918 2836 impossibile,
976 2764 1038 2818 et
1081 2758 1417 2818 secundum
1467 2757 1750 2820 Ecclesiae
1779 2759 2082 2839 pernicio-

522 2867 682 2910 sum.
714 2849 792 2910 Et
813 2851 932 2910 hoc
975 2851 1436 2913 incommodum
1485 2853 1612 2913 fere
1649 2853 1865 2914 eodem
1895 2853 2080 2914 modo

522 2943 822 3022 sequitur,
854 2943 1097 3005 etiamsi
1136 2943 1200 3004 id
1237 2952 1470 3007 asserat
1495 2945 1572 3009 de
1623 2945 1840 3008 haeresi
1878 2960 2082 3009 exter-

522 3054 606 3096 na
626 3055 737 3115 per
758 3035 1041 3098 accidens
1067 3037 1328 3109 occulta,
1361 3045 1424 3099 et
1451 3038 1746 3119 applicari
1779 3046 1979 3118 potest
2005 3039 2083 3100 ad

521 3129 869 3208 Episcopus,
905 3135 969 3190 et
1009 3129 1087 3190 ad
1109 3129 1261 3191 alios
1291 3139 1580 3210 pastores,
1617 3141 1680 3193 et
1696 3133 1938 3210 judices
1976 3134 2083 3194 Ec-

522 3223 746 3284 clesiae.
789 3221 966 3284 Unde
993 3224 1178 3283 etiam
1204 3233 1510 3304 repugnat
1538 3225 1644 3286 illa
1681 3225 1960 3286 doctrina
1974 3245 2084 3286 an-

521 3315 710 3394 tiquae
755 3313 1036 3376 Ecclesiae
1086 3318 1539 3393 consuetudini,
1577 3337 1714 3398 quae
1751 3319 2085 3399 Episcopos

523 3409 840 3470 haereticos
867 3415 1268 3472 retractantes
1294 3411 1605 3486 haeresim,
1642 3411 1976 3490 aliqnando
2018 3411 2085 3472 iu

523 3503 650 3564 suis
675 3503 1038 3564 muneribus
1063 3509 1126 3564 et
1159 3503 1564 3584 dignitatibus
1591 3504 1924 3584 recipiebat
1952 3505 2087 3564 sine

522 3612 686 3656 nova
710 3595 1098 3675 episcopatus
1131 3599 1540 3673 concessione,
1582 3603 1654 3658 ut
1676 3616 1751 3659 ex
1803 3597 2087 3658 Conciliis

522 3689 772 3750 Nicoeno
801 3697 863 3750 et
891 3690 1368 3753 chalcedonensi
1396 3691 1728 3772 colligitur,
1759 3699 1916 3752 etex
1945 3711 2081 3767 cap.

528 3779 1039 3856 Convenientibus,
1087 3801 1228 3844 cum
1267 3784 1426 3860 aliis,
1478 3788 1535 3860 1,
1566 3791 1779 3864 quaest.
1835 3787 1904 3860 73
1938 3803 2088 3863 ergo

523 3875 772 3952 signum
825 3881 940 3951 est,
989 3893 1068 3936 ex
1095 3875 1160 3936 vi
1207 3876 1396 3938 solius
1438 3877 1690 3938 haeresis
1729 3896 1850 3938 non
1885 3877 2089 3938 amitti

524 3967 966 4046 episcopatum,
1005 3968 1102 4029 vel
1140 3969 1635 4048 jurisdictionem
1678 3973 1833 4048 ejus.
1879 3971 2090 4049 Neque

524 4058 726 4120 obstat
788 4059 1266 4123 fundamentum
1329 4064 1654 4124 contrarias
1723 4065 2045 4124 sententiaa
2067 4110 2084 4137 ,

524 4151 697 4229 quia,
724 4151 1202 4216 licethaereticus
1224 4156 1302 4215 sit
1329 4155 1622 4234 indignus
1633 4155 2086 4234 jurisdictione,

525 4250 726 4324 potest
755 4246 822 4306 in
845 4241 950 4308 illa
978 4247 1231 4309 tolerari
1253 4255 1504 4330 propter
1519 4249 1755 4327 justam
1803 4265 2090 4326 causam3

528 4355 730 4417 neque
753 4345 844 4400 est
894 4339 1156 4422 incapax
1188 4341 1372 4416 illius,
1412 4341 1560 4420 quia
1593 4348 1655 4402 et
1699 4341 1922 4402 sufficit
1949 4341 2094 4404 cha·

528 4437 751 4519 racter,
809 4439 872 4492 et
921 4433 1078 4494 Deus
1115 4435 1360 4514 operari
1413 4439 1612 4514 potest
1649 4453 1758 4514 per
1813 4433 2096 4494 membra

529 4522 784 4603 praecisa
837 4531 901 4586 et
929 4532 1231 4606 separata,
1278 4529 1620 4614 praesertim
1671 4529 1816 4608 quia
1846 4527 2096 4588 haeruti·

531 4635 637 4678 cus
665 4636 905 4696 semper
935 4630 1146 4680 manet
1173 4619 1288 4680 sub
1313 4619 1744 4699 jurisdictione
1782 4619 2093 4695 Ecclesiae,

533 4716 595 4771 et
619 4711 707 4770 ita
734 4711 922 4774 etiam
950 4711 1131 4772 durat
1157 4731 1352 4792 capax
1385 4712 1574 4774 illius,

617 4806 712 4866 15.
765 4801 1087 4869 Statuitur
1109 4823 1252 4868 vera
1270 4804 1820 4870 sententia—Sota
1844 4811 1902 4868 et
1940 4804 2101 4868 Azao·

533 4899 1121 4961 animadvertuntur.
1151 4931 1232 4945 —
1259 4898 1596 4962 Dicendum
1652 4916 1800 4975 ergo
1847 4905 1938 4960 est
1978 4898 2101 4958 hae-

533 4991 796 5050 reticum
843 4990 1075 5072 privari
1123 4991 1242 5053 hac
1281 4991 1715 5070 jurisdictione
1760 5009 1866 5069 per
1902 4989 2101 5050 Eccle-

535 5083 714 5157 siam,
747 5083 910 5142 hanc
949 5101 1200 5189 poenam
1251 5085 1694 5163 imponentem.
1743 5083 1880 5148 Non
1929 5085 2101 5145 inve-

535 5176 708 5234 nitur
735 5181 942 5235 autem
967 5177 1069 5253 jus
1097 5177 1160 5236 in
1191 5193 1314 5255 quo
1351 5177 1487 5238 haec
1515 5196 1697 5284 poena
1725 5177 2096 5258 specialiter,

537 5273 602 5328 et
629 5274 698 5326 ut
724 5259 804 5328 ab
832 5265 968 5327 aliis
996 5267 1308 5344 distincta,
1345 5271 1476 5346 ipso
1523 5267 1663 5349 jure
1706 5272 2095 5350 imponatur;

1244 325 1479 380 msam.
1517 329 1644 380 xxi.
1683 329 1762 380 ΒΕ
1797 327 2003 382 Poems
2032 327 2499 382 SPlRlTUALIBUS
2530 326 3002 382 uffinssvlconuu.

2168 430 2238 490 D.
2266 427 2555 503 Thomas,
2590 428 2777 492 etalii
2804 435 3083 490 auctores
3102 431 3377 508 proxime
3400 433 3572 510 citati,
3600 445 3674 498 at·

2168 539 2289 602 que
2310 520 2499 582 etiam
2526 523 2673 584 Soto
2700 529 2762 584 et
2792 523 2947 584 Azor
2974 522 3147 600 prius
3168 523 3449 602 allegati3
3474 545 3575 588 nec
3594 531 3675 592 isti

2170 615 2294 675 duo
2318 632 2445 675 nou
2475 615 2941 678 considerarunt
2970 617 3036 678 D.
3082 615 3379 678 'rhomam
3398 637 3517 680 esse
3540 620 3678 683 locu-

2168 713 2303 768 tum
2324 708 2661 770 secundum
2672 709 2778 787 jus
2805 711 3133 788 antiquum
3147 725 3168 786 ;
3190 716 3252 772 et
3271 710 3405 772 ideo
3430 711 3681 776 dixerunt

2166 801 2354 862 etiam
2403 820 2568 862 nunc
2625 802 2852 880 privari
2896 802 3247 864 haereticum
3268 802 3681 884 jurisdictione,

2165 894 2405 956 etiamsi
2432 898 2512 956 sit
2558 913 2669 974 per
2716 895 2998 956 accidens
3030 894 3323 958 occultus.
3354 896 3479 958 Hoc
3508 905 3685 960 autem

2164 1006 2330 1048 nunc
2352 983 2679 1050 subsistere
2698 1006 2825 1050 non
2852 984 3073 1067 potest,
3098 988 3282 1067 juxta
3308 1007 3486 1070 supra
3524 989 3681 1068 dicta,

2164 1087 2415 1162 propter
2452 1081 2638 1142 Extra
2646 1087 2969 1162 vagantem
3010 1081 3117 1146 Ad
3136 1083 3420 1148 evitanda
3434 1109 3459 1156 ;
3482 1091 3539 1145 et
3572 1086 3686 1148 ideo

2166 1174 2497 1236 dicendum
2524 1181 2617 1236 est
2656 1175 3008 1238 haereticum
3056 1175 3263 1255 quoad
3298 1194 3365 1236 se
3392 1177 3491 1255 (ut
3514 1176 3591 1238 ita
3614 1177 3691 1240 ‹li-

2165 1287 2299 1330 cam
2316 1269 2336 1346 )
2356 1265 2567 1328 statim
2595 1268 2827 1347 privari
2844 1268 3301 1346 jurisdictione,
3350 1271 3575 1332 etiamsi
3600 1289 3691 1350 per

2164 1361 2445 1422 accidens
2476 1361 2751 1421 occultus
2796 1362 2899 1436 sit,
2956 1361 3105 1440 quia
3150 1380 3279 1424 non
3313 1370 3507 1441 potest
3548 1363 3687 1426 licite

2164 1453 2271 1515 illa
2298 1453 2390 1514 uti
2404 1470 2425 1530 ;
2453 1452 2653 1532 quoad
2678 1453 2830 1514 alios
2872 1471 3018 1516 vero
3046 1473 3171 1516 nou
3202 1456 3457 1534 privari,
3482 1455 3579 1516 sed
3616 1463 3691 1518 to·

2164 1547 2392 1610 lerari
2374 1567 2441 1608 ιιι
2469 1546 2599 1621 illa,
2620 1546 2817 1608 donec
2836 1566 2945 1626 per
2970 1549 3345 1610 seutentiam
3362 1547 3689 1625 declaretur,

2166 1648 2237 1702 ut
2265 1648 2429 1704 recte
2477 1642 2636 1704 dixit
2666 1642 2962 1722 Sylvest„
2992 1641 3164 1703 verb.
3210 1642 3515 1718 Hoeresis,
3542 1661 3689 1704 num.

2168 1736 2267 1810 16,
2300 1753 2447 1815 qma
2494 1735 2799 1797 absolutio
2849 1735 2992 1796 data
3018 1735 3097 1796 ab
3128 1733 3487 1816 hujusmodi
3532 1736 3693 1800 haere-

2165 1829 2307 1898 tico,
2342 1848 2454 1908 per
2474 1846 2537 1888 se
2581 1827 2911 1908 loquendo,
2942 1828 3148 1888 valida
3194 1834 3309 1903 est,
3340 1827 3495 1890 sicut
3518 1827 3645 1890 data
3664 1851 3693 1894 a

2164 1922 2441 2001 quolibet
2470 1921 2590 1982 alio
2620 1922 3152 1984 excommunicato
3179 1939 3310 1980 non
3339 1920 3691 1986 denuntiato.

2166 2016 2457 2094 idemque
2480 2021 2573 2076 est
2601 2014 2677 2076 de
2707 2011 2983 2094 qualibet
3030 2013 3153 2074 alia
3180 2013 3511 2090 sententia,
3537 2023 3601 2076 ut
3632 2035 3695 2078 ex

2165 2107 2425 2168 materia
2454 2106 2528 2167 de
2555 2107 3192 2168 excommunicatione
3222 2113 3483 2166 constat.

2246 2201 2343 2260 16.
2390 2201 2477 2262 De
2496 2218 2677 2280 pana
2687 2199 3055 2278 privationis
3089 2197 3697 2278 beneficiorum—An

2164 2294 2249 2355 sic
2274 2293 2405 2372 ipso
2420 2292 2569 2372 juro
2590 2291 2725 2356 lata
2758 2308 2841 2354 an
2875 2293 3139 2372 ferenda.
3165 2323 3248 2336 —
3280 2291 3509 2365 Quinta
3546 2309 3698 2370 poeua

2165 2391 2255 2445 est
2300 2384 2565 2465 privatio
2626 2383 3073 2446 beneficiorum
3143 2383 3692 2458 ecclesiasticorum,

2166 2496 2303 2558 quae
2356 2477 2488 2538 fere
2517 2477 2733 2538 eodem
2776 2477 2961 2537 modo
3017 2495 3088 2537 ac
3138 2477 3489 2556 praecedens
3530 2477 3701 2538 decla·

2164 2571 2361 2632 randa
2384 2575 2497 2632 est.
2528 2571 2685 2632 Nam
2704 2569 3009 2652 imprimis
3024 2575 3117 2632 est
3138 2577 3384 2632 certum
3412 2587 3521 2630 nec
3538 2568 3697 2630 latam

2164 2681 2314 2738 esse,
2344 2682 2459 2724 nec
2480 2664 2657 2744 sequi
2680 2681 2758 2724 ex
2776 2663 2839 2723 vi
2864 2663 3054 2724 solius
3070 2663 3232 2742 juris
3255 2661 3479 2738 divini,
3506 2669 3570 2722 ut
3589 2681 3700 2739 pro-

2166 2757 2318 2821 bant
2364 2777 2550 2840 supra
2602 2759 2867 2820 adducta
2898 2775 3043 2818 cum
3091 2758 3490 2836 proportione
3535 2755 3701 2836 appli-

2167 2859 2325 2914 cata.
2356 2855 2512 2916 Nam
2544 2853 2596 2914 si
2624 2851 3021 2933 pontificatus
3068 2849 3167 2910 vel
3188 2851 3569 2930 episcopatus
3596 2867 3700 2910 non

2168 2945 2541 3006 amittuntur
2582 2945 2699 3006 hoc
2727 2943 2935 3020 mod0,
2979 2961 3055 3004 ex
3082 2943 3147 3004 vi
3198 2943 3391 3004 solius
3418 2941 3601 3002 divini
3621 2941 3701 3021 ju-

2161 3038 2270 3113 riS,
2303 3057 2413 3099 cur
2439 3039 2805 3100 amittentur
2824 3035 3117 3098 inferiora
3136 3035 3481 3100 beneficia?
3507 3033 3701 3096 Deinde

2163 3138 2255 3192 est
2283 3137 2521 3192 certum
2546 3131 2709 3192 hanc
2735 3148 2986 3210 poenam
3033 3148 3163 3192 esse
3216 3129 3565 3208 impositam
3582 3128 3699 3205 jure

2163 3223 2593 3300 ecclesiastico,
2623 3225 2787 3304 quod
2812 3223 3021 3284 statim
3051 3223 3410 3283 afferemus
3441 3220 3701 3280 Dubitant

2164 3327 2372 3378 autem
2394 3323 2699 3390 auctorcS,
2720 3335 2801 3376 an
2822 3316 2900 3376 sit
2916 3315 3045 3376 haec
3058 3332 3245 3394 poena
3273 3315 3289 3373 i
3298 3331 3406 3392 pso
3420 3315 3555 3392 jure
3574 3311 3695 3383 lata,

2164 3409 2251 3469 ita
2276 3415 2347 3468 ut
2372 3408 2700 3470 haereticus
2729 3415 3042 3482 externuS,
3074 3408 3481 3487 quantumvis
3519 3403 3698 3464 occul·

2166 3506 2287 3576 tus,
2314 3503 2523 3562 statim
2550 3503 2794 3572 amittat
2821 3501 3227 3572 beneficium3
3262 3517 3349 3560 an
3377 3495 3607 3558 tantum
3630 3494 3697 3554 sit

2166 3614 2352 3675 poena
2394 3595 2667 3671 ferenda,
2699 3596 2787 3656 ita
2814 3601 2885 3656 ut
2917 3613 3043 3656 non
3072 3595 3294 3673 perdat
3320 3593 3455 3671 quis
3502 3588 3703 3650 benefi-

2167 3689 2353 3764 cium,
2378 3686 2574 3749 donec
2595 3707 2707 3768 per
2732 3688 3105 3750 sententiam
3134 3686 3243 3746 illo
3268 3687 3560 3764 privetur.
3586 3683 3707 3742 Pos-

2168 3788 2313 3842 sunt
2339 3788 2551 3842 autem
2573 3782 2640 3842 in
2660 3779 2959 3842 beneficio
2987 3779 3113 3842 duo
3135 3778 3465 3856 distingui,
3486 3776 3701 3847 scilicet,

2170 3875 2489 3954 spirituale
2514 3876 2633 3953 Jus,
2666 3882 2729 3936 et
2752 3873 3089 3953 temporale
3114 3889 3457 3941 annexum,
3478 3867 3702 3948 quadiu

2169 3967 2471 4030 fructibus
2518 3976 2580 4029 et
2620 3965 3057 4028 emolumentis
3084 3964 3393 4026 consistit.
3422 3963 3557 4026 Haec
3582 3975 3704 4035 ergo

2171 4077 2357 4138 poena
2410 4057 2830 4138 principaliter
2880 4064 3162 4120 versatur
3218 4058 3383 4118 circa
3432 4055 3703 4134 primum,

2171 4171 2317 4214 nam
2351 4153 2533 4231 ,iuxta
2579 4151 2731 4214 illud
2760 4150 3169 4231 judicandum
3224 4156 3319 4211 est
3350 4149 3428 4210 de
3462 4145 3699 4223 reliqum

2174 4247 2581 4308 accessorium
2614 4245 2781 4307 enim
2823 4245 3101 4324 sequitur
3130 4241 3489 4323 principale.

2256 4343 2353 4402 17.
2402 4337 2621 4402 Prima
2644 4341 2962 4404 sententia.
2980 4339 3180 4400 -Est
3196 4355 3349 4414 ergo
3374 4336 3563 4414 prima
3587 4347 3699 4390 sen-

2176 4435 2396 4506 tentia,
2440 4451 2579 4512 quae
2640 4431 2913 4494 affirmat
2958 4431 3321 4492 haereticum
3372 4436 3669 4490 externum
3690 4465 3705 4492 ,

2178 4527 2307 4606 ipso
2329 4526 2495 4606 jure,
2526 4531 2588 4584 et
2635 4531 2781 4586 ante
2810 4541 3064 4584 omnem
3114 4521 3487 4584 sententiam
3524 4517 3702 4580 latam.

2177 4626 2239 4692 et
2291 4618 2435 4680 licet
2464 4616 2739 4678 occultus
2774 4635 2883 4695 per
2911 4615 3194 4676 accidens
3234 4615 3338 4689 sit,
3372 4609 3585 4693 privari
3611 4613 3709 4666 sta·

2181 4715 2289 4773 tim
2319 4710 2610 4772 omnibus
2636 4707 2951 4770 beneficiis
2984 4707 3426 4770 ecclesiasticis,
3456 4705 3541 4766 lta
3568 4701 3709 4762 tenet

2180 4807 2361 4866 Bern.
2386 4805 2551 4878 Diaz,
2578 4802 2645 4864 in
2669 4803 2868 4864 Pract.
2888 4801 3225 4876 criminal.,
3252 4818 3388 4879 cap.
3412 4799 3545 4870 114,
3564 4799 3707 4856 etre-

2182 4897 2301 4958 fert
2328 4897 2578 4971 multos,
2608 4913 2871 4975 quorum
2922 4896 3280 4974 opinionem
3308 4889 3497 4970 magis
3524 4883 3709 4966 probat

2182 4990 2423 5060 Covar„
2461 4988 2569 5050 lib.
2601 4989 2935 5062 2Variar„
2970 4987 3171 5066 capite
3208 4992 3444 5058 octavo,
3482 4991 3709 5040 numero

2178 5085 2242 5159 4,
2286 5089 2349 5145 et
2376 5081 2592 5144 eadem
2618 5081 2909 5162 supponit
2938 5081 3002 5140 iu
3028 5098 3085 5140 c.
3112 5078 3517 5145 Almamater,
3546 5073 3567 5132 1
3596 5087 3709 5148 par·

2180 5181 2262 5249 te,
2294 5193 2428 5254 cap.
2461 5177 2523 5248 2,
2550 5191 2724 5234 num.
2755 5175 2817 5243 9,
2854 5179 3159 5251 quatenus
3186 5169 3333 5232 dicit
3372 5163 3704 5228 beneficium

2180 5267 2451 5329 bominis
2492 5267 2770 5328 haeretici
2797 5282 2973 5344 posse
3000 5261 3319 5342 impetrari
3364 5265 3425 5322 et
3470 5250 3703 5318 conferri

537 5364 600 5418 et
629 5358 765 5420 ideo
813 5359 1184 5442 relinquitur
1227 5361 1429 5422 solum
1481 5361 1738 5441 imponi,
1789 5367 1860 5422 ut
1885 5367 1977 5422 est
2002 5361 2101 5420 in·
2184 5367 2327 5421 ante
2360 5361 2727 5422 sententiam
2760 5365 2973 5418 contra
3002 5355 3182 5417 illum
3208 5353 3414 5416 latam.
3448 5351 3521 5412 Et
3560 5346 3702 5408 idem

539 5450 750 5522 clusa
735 5470 802 5512 ιιι
823 5453 1479 5522 excommunicatione
1521 5455 1600 5524 Et
1629 5456 1716 5515 ita
1740 5453 1984 5522 locutus
2012 5457 2105 5518 est
2184 5450 2541 5518 confirmari
2570 5450 2817 5520 videtur
2852 5467 2929 5511 ex
2968 5447 3241 5535 quodam
3284 5445 3446 5512 Motu
3487 5435 3702 5524 propriO
