3900 6217
469 345 589 409 204

471 453 549 514 ad
592 452 901 533 parvulos,
932 472 1058 514 non
1087 453 1291 533 quoad
1326 451 1589 529 adultoS‚
1622 454 1766 532 quia
1804 453 1871 514 in
1901 453 2032 514 istis

471 553 729 627 possunt
756 547 1088 626 Scripturae
1116 551 1177 607 ct
1206 547 1476 608 Concilia
1511 547 1800 627 explicari
1829 548 1907 608 de
1934 565 2035 608 ac·

470 638 657 714 tibus,
690 658 815 700 non
840 645 1048 700 autem
1072 641 1135 700 in
1168 639 1461 720 parvulis.
1495 639 1614 701 Alii
1645 658 1791 701 vero
1821 657 1855 702 e
1892 658 2037 702 con·

472 735 666 794 trario
694 733 907 793 dicunt
938 751 1067 794 esse
1105 732 1183 794 de
1234 732 1355 794 fide
1402 731 1467 794 in
1502 732 1754 808 adultis,
1788 738 2040 812 propter

472 826 899 888 definitionem
944 825 1315 902 Tridentini,
1345 843 1490 886 sess·
1540 827 1601 900 6,
1638 845 1776 904 cap.
1815 827 1853 887 6
1877 830 1941 886 et
1971 828 2032 901 7,

472 921 585 981 ubi
610 927 749 1001 post
792 927 1003 982 actum
1052 918 1196 982 fidei
1224 919 1373 980 dicit
1413 919 1659 980 inftmdi
1699 919 2031 998 justitiam,

474 1033 611 1095 quae
638 1013 851 1090 fidem,
907 1031 1080 1094 spem
1130 1019 1194 1076 ct
1243 1013 1608 1074 charitatem
1650 1011 1934 1088 includit,
1974 1017 2036 1074 et

474 1117 686 1189 postea
710 1109 861 1170 dicit
888 1108 1079 1169 fidem
1117 1126 1243 1169 non
1285 1109 1487 1169 amitti
1518 1125 1628 1188 per
1661 1125 1846 1168 omne
1892 1125 2032 1187 pec-

472 1210 704 1279 catum,
736 1202 899 1283 quod
946 1219 1189 1263 necesse
1217 1208 1307 1262 est
1352 1200 1617 1280 intelligi
1645 1199 1720 1261 de
1748 1199 2032 1261 habitua-

471 1295 518 1356 li
532 1312 554 1374 3
590 1301 823 1374 negant
850 1302 1059 1356 autem
1102 1295 1177 1354 de
1205 1293 1503 1375 parvuliS,
1528 1295 1675 1374 quia
1704 1295 1769 1354 in
1794 1293 1913 1354 illis
1938 1296 2032 1354 lo·

471 1395 558 1454 cis
600 1388 939 1451 Concilium
969 1389 1169 1450 solum
1196 1388 1471 1468 loquitur
1498 1388 1573 1448 de
1597 1387 1843 1448 adultis.
1876 1387 2032 1448 Mihi

472 1493 682 1548 tamen
715 1484 961 1546 videtur
996 1499 1126 1544 esse
1179 1481 1253 1542 dc
1299 1481 1419 1542 fide
1462 1481 1664 1560 quoad
1689 1499 1927 1555 omnes,
1963 1485 2034 1540 ut

475 1580 542 1640 in
572 1579 833 1639 materia
860 1577 937 1638 de
972 1577 1182 1637 Gratia
1214 1575 1365 1651 dixi,
1391 1573 1500 1634 lib.
1534 1577 1597 1649 6,
1628 1593 1763 1653 cap.
1805 1575 1843 1634 3
1872 1580 1933 1634 et
1968 1575 2031 1635 8.

472 1675 631 1736 Nam
661 1672 838 1732 dictae
864 1669 1251 1732 definitiones
1280 1675 1441 1730 recte
1460 1667 1725 1748 probant
1754 1667 1830 1729 de
1860 1665 2040 1728 adul·

474 1767 573 1840 tis,
626 1775 687 1828 et
719 1766 798 1826 ad
846 1763 1135 1845 parvulos
1184 1762 1624 1834 extenduntur,
1675 1762 1843 1840 quia,
1892 1759 2036 1822 licet

472 1861 671 1942 quoad
706 1859 1135 1940 dispositiones
1160 1858 1236 1920 ad
1274 1859 1583 1939 justitiam
1624 1856 1916 1918 differant
1955 1855 2034 1917 ab

474 1955 725 2030 adultiS‚
773 1971 897 2014 non
948 1961 1159 2014 tamen
1200 1951 1401 2032 quoad
1452 1951 1649 2030 ipsam
1702 1949 2033 2011 formalem

472 2049 803 2128 justitiam,
836 2053 906 2106 ut
928 2045 1246 2106 manifeste
1269 2043 1456 2104 tradit
1475 2041 1638 2104 idem
1664 2041 2029 2116 Concilium,

474 2143 543 2203 in
575 2160 724 2202 sesa.
760 2143 819 2218 5,
857 2147 912 2202 et
935 2137 1074 2200 ideo
1098 2139 1261 2199 inter
1280 2138 1475 2216 justos
1504 2135 1716 2197 fideles
1744 2143 1805 2196 et
1824 2134 2034 2195 catho-

476 2234 649 2311 licoS,
682 2233 1000 2316 aequaliter
1028 2240 1091 2294 et
1122 2233 1381 2292 univoce
1406 2229 1649 2312 parvuli
1693 2247 2034 2290 numeran-

473 2336 597 2389 tur.

556 2423 614 2484 3.
664 2419 1061 2486 Corollarium
1079 2421 1353 2502 primum
1382 2419 1449 2482 de
1475 2417 1734 2499 subjecto
1764 2415 2035 2480 habitua-

408 2513 414 2520 ’
474 2517 555 2578 lis
564 2514 1221 2598 fidei.—Corollarium
1244 2513 1564 2575 secundum
1584 2511 1651 2573 de
1680 2512 1811 2592 ejus
1828 2511 2034 2592 defini-

476 2607 1147 2673 tione.—C'orollarium
1166 2607 1413 2669 tertium
1442 2605 1509 2667 de
1538 2605 1741 2666 causis
1768 2607 1825 2668 et
1850 2606 2033 2684 effec-

476 2704 639 2766 tibus
664 2703 905 2782 σφω.-
918 2699 1314 2764 Corollarium
1345 2703 1653 2779 quartum,
1676 2715 1855 2780 posse
1871 2715 2034 2778 proe·

473 2799 699 2861 dictum
730 2795 1001 2858 habitum
1032 2792 1297 2868 intendi,
1336 2789 1567 2854 remitti
1593 2809 1727 2853 vero
1761 2790 2028 2852 minime.

472 2889 654 2949 —Ex
684 2887 909 2969 quibus
934 2887 1303 2965 intelligitur
1322 2886 1544 2965 primo,
1564 2884 1733 2944 hunc
1746 2881 2032 2942 habitum

476 3001 603 3044 csse
651 2981 986 3059 subjective
1022 2982 1088 3041 in
1120 2979 1470 3054 intellectu3
1516 2978 1835 3057 probatur,
1887 2975 2036 3054 quia

475 3081 649 3137 actus
691 3075 768 3135 ad
822 3092 974 3154 quos
1002 3073 1335 3134 eliciendos
1382 3071 1751 3147 infunditur,
1780 3083 1925 3130 sunt
1965 3069 2032 3129 in

475 3167 813 3242 intellectu,
866 3174 937 3228 ut
964 3185 1169 3246 supra,
1204 3165 1613 3245 disputatione
1639 3163 2029 3244 praecedenti‚

478 3269 623 3322 sect.
659 3265 686 3322 1
724 3267 785 3322 et
810 3265 872 3335 9,
902 3260 1189 3340 probavi3
1213 3258 1463 3320 habitus
1494 3265 1700 3318 autem
1726 3257 1793 3316 in
1820 3262 2034 3335 poten-

480 3355 569 3416 tia
600 3354 881 3415 eliciente
909 3360 1083 3414 actus
1105 3351 1425 3433 ponendus
1454 3358 1567 3426 est,
1616 3352 1763 3430 quia
1790 3348 1881 3410 illi
1930 3349 2036 3409 dat

472 3447 831 3508 facultatem
877 3453 939 3508 et
965 3445 1428 3507 inclinationem
1456 3443 1775 3524 operandi.
1806 3443 2036 3504 Secun-

477 3541 580 3614 do,
612 3547 813 3620 potest
839 3539 1015 3600 iaeile
1039 3557 1117 3599 ex
1145 3537 1325 3598 dictis
1359 3536 1562 3616 colligi
1614 3534 1892 3597 definitio
1916 3533 2035 3594 hu·

468 3635 575 3713 jus
609 3633 855 3694 habitus
880 3651 988 3693 seu
1027 3633 1311 3709 virtutis3
1342 3638 1433 3693 est
1478 3631 1645 3691 enim
1669 3629 1915 3689 habitus
1941 3629 2036 3688 in-

477 3726 715 3789 clinans
772 3729 834 3787 et
875 3727 1029 3788 dans
1082 3723 1613 3806 supernaturalem
1675 3721 2034 3783 facultatem

477 3818 755 3881 eliciendi
785 3835 1121 3892 assensum,
1152 3824 1397 3898 propter
1441 3815 1867 3876 auctoritatem
1914 3815 2037 3893 pri-

478 3929 596 3972 mae
618 3911 896 3972 veritatis
928 3909 1279 3971 revelantis.
1307 3908 1453 3983 Quae
1486 3907 1763 3968 definitio
1795 3912 1921 3967 tota
1940 3924 2036 3965 sa·

476 4005 557 4065 tis
584 4010 754 4085 patet
780 4021 858 4066 ex
883 4004 1060 4064 dictis
1074 4019 1095 4082 3
1144 4003 1297 4064 solet
1323 4004 1512 4064 etiam
1540 4002 1615 4062 ad
1646 4001 1814 4061 hunc
1860 3999 2036 4060 habi·

478 4104 613 4159 tum
645 4097 940 4177 applicari
961 4097 1237 4158 definitio
1270 4095 1461 4172 Pauli,
1496 4095 1575 4156 ad
1606 4094 1795 4155 Hebr.
1828 4097 1929 4168 11,
1970 4098 2041 4152 ιιι

479 4189 677 4251 videri
696 4196 888 4270 potest
913 4209 989 4252 ex
1007 4191 1077 4252 D.
1096 4189 1359 4263 Thoma,
1381 4207 1442 4268 q.
1466 4191 1529 4266 4,
1548 4193 1664 4249 art.
1695 4191 1752 4249 1.
1772 4187 1890 4248 Sed
1920 4187 2038 4246 hoc

480 4284 725 4357 omitto,
765 4285 913 4364 quia
940 4284 1007 4344 in
1037 4289 1178 4344 actu
1207 4283 1283 4345 de
1308 4299 1431 4362 quo
1458 4299 1670 4342 revera
1701 4279 1927 4341 Paulus
1950 4278 2038 4339 ibi

476 4376 717 4438 locutus
744 4384 855 4450 est,
876 4377 1021 4438 satis
1047 4383 1136 4437 est
1164 4393 1373 4457 supra,
1390 4374 1684 4454 disputat.
1704 4375 1765 4449 6,
1796 4380 1941 4434 sec-t.
1971 4375 2033 4444 ἓ,

479 4469 782 4549 explicata
810 4470 1117 4547 definitio,
1144 4477 1205 4532 et
1228 4469 1710 4538 accommodatio
1741 4487 1777 4526 a
1794 4465 2034 4546 quoviS,

480 4561 655 4624 nullo
685 4565 957 4642 negoti0‚
984 4563 1121 4626 fieri
1152 4568 1371 4644 potest.
1390 4562 1620 4636 Tertio,
1646 4560 1823 4621 facile
1840 4565 2038 4639 potest

480 4655 749 4716 exdictis
762 4655 1024 4735 intelligi
1040 4675 1190 4735 quas
1208 4673 1419 4716 causas
1431 4654 1522 4715 vel
1541 4653 1792 4715 effectus
1810 4653 2040 4714 habeat

478 4748 581 4808 hic
601 4747 887 4823 habitus3
918 4768 1063 4810 nam
1091 4749 1337 4828 propria
1372 4754 1435 4809 et
1482 4746 1831 4828 principalis
1858 4764 2040 4807 causa

480 4850 574 4905 est
604 4843 772 4904 solus
805 4844 988 4919 Deus,
1017 4845 1172 4904 sicut
1202 4843 1277 4904 de
1310 4844 1519 4904 Gratia
1550 4841 1852 4903 habituali
1882 4840 2039 4902 dixi-

482 4955 643 5012 muS,
669 4937 713 4999 l.
747 4938 810 5014 8,
837 4956 889 4998 c.
921 4938 979 4999 3.
1012 4937 1165 5010 Quia
1194 4936 1295 4998 hic
1320 4942 1412 4997 est
1436 4955 1596 4996 unus
1623 4954 1701 4996 ex
1723 4933 2038 4995 habitibus

484 5029 728 5108 gratiae,
764 5035 827 5090 et
854 5029 1358 5110 supernaturalis,
1389 5048 1461 5090 ac
1512 5047 1623 5109 per
1667 5045 1732 5088 se
1772 5026 2033 5087 infusus.

480 5127 686 5186 Potest
707 5142 855 5184 vero
875 5123 1427 5184 instrumentaliter
1446 5122 1693 5184 infundi
1712 5139 1821 5202 per
1840 5139 2038 5180 sacra-

484 5221 793 5293 mentum,
822 5223 894 5277 ut
918 5216 992 5278 fit
1041 5215 1105 5278 in
1152 5216 1422 5298 parvulis
1462 5235 1571 5296 per
1607 5214 2032 5295 baptismum3

483 5327 609 5372 non
632 5311 707 5372 fit
733 5316 939 5371 autem
985 5327 1096 5390 per
1135 5317 1307 5371 actus
1348 5309 1687 5372 secundum
1722 5306 2036 5388 propriam

482 5403 874 5465 efficientiam
881 5449 900 5480 ,
931 5404 1079 5485 quia
1108 5403 1223 5464 hoc
1260 5403 1447 5465 etiam
1477 5401 1762 5482 generale
1790 5406 1883 5461 est
1930 5399 2041 5460 ha-

481 5495 711 5559 bitibus
733 5496 950 5560 infusis
960 5513 985 5576 3
1013 5497 1297 5578 quamvis
1345 5497 1534 5578 possit
1558 5505 1733 5556 actus
1758 5490 1904 5554 fidei
1938 5509 2040 5554 es-

1114 352 1347 406 DlSPUT.
1388 352 1487 404 Vll.
1524 351 1603 404 m:
1638 353 1906 406 vm‘rn'rn
1939 351 2103 405 FlDEI
2136 351 2330 414 QuAm
2347 351 2430 402 Uni
2465 351 2549 404 AD
2582 348 2847 403 HABITUS
2879 349 3038 403 mus,

2111 475 2178 518 se
2211 454 2530 535 dispositio
2579 453 2659 514 ad
2691 451 2998 514 habitum.
3058 450 3156 510 An
3211 467 3356 510 vero
3386 470 3494 529 per
3541 449 3682 532 pri-

2115 568 2287 610 mum
2318 554 2523 610 actum
2567 545 2712 608 fidei
2743 546 2951 606 statim
2985 541 3352 607 instuidatur
3395 543 3682 622 habituS,

2116 644 2181 703 in
2211 641 2471 703 materia
2509 640 2586 700 de
2614 639 2848 715 Gratia,
2865 637 2972 699 lib.
3005 639 3067 712 8,
3097 653 3232 715 cap.
3267 639 3368 712 13,
3397 655 3436 697 a
3467 657 3534 700 n.
3573 641 3682 712 14,

2117 737 2496 816 disputatum
2531 740 2645 809 est,
2693 740 2755 795 et
2806 733 3075 794 sectione
3124 732 3162 792 3
3212 731 3449 810 aliquid
3488 733 3684 792 attin-

2116 848 2285 908 gam.
2317 829 2531 904 Quoad
2559 827 2812 890 effectus
2841 845 3011 902 vero,
3035 843 3146 906 per
3173 844 3238 887 se
3263 832 3326 887 et
3351 825 3685 886 immedia-

2115 931 2176 986 te
2227 944 2354 986 non
2403 924 2592 988 habet
2656 921 2758 983 hic
2818 920 3069 982 habitus
3114 919 3309 982 alium
3359 919 3678 995 effectum,

2113 1028 2341 1103 praeter
2383 1038 2528 1082 suos
2567 1024 2758 1094 actus,
2803 1017 2949 1096 quia
2985 1016 3102 1077 hoe
3146 1022 3237 1078 est
3276 1016 3684 1094 adaequatum

2113 1131 2340 1176 munus
2373 1115 2506 1192 ejus
2523 1129 2544 1191 3
2575 1111 2888 1174 mediante
2928 1115 3137 1172 autem
3167 1115 3308 1171 actu
3355 1109 3680 1184 credendi,

2113 1214 2376 1288 possunt·
2413 1207 2561 1268 huic
2623 1203 2866 1266 habitui
2908 1203 3163 1265 attribui
3219 1220 3438 1264 omnes
3495 1201 3682 1266 effec-

2113 1311 2212 1365 tus
2264 1302 2539 1381 ejusdem
2595 1307 2788 1376 actus,
2839 1298 3255 1378 disputatione
3307 1297 3686 1377 praecedenti

2113 1397 2384 1458 sectione
2429 1394 2650 1454 ultima
2680 1393 3016 1468 numerati,
3045 1397 3119 1451 ut
3157 1409 3270 1471 per
3313 1410 3378 1454 se
3409 1397 3680 1454 constat.

2117 1489 2371 1563 Quarto,
2430 1487 2697 1548 infertur
2728 1485 2956 1548 habere
3002 1484 3174 1546 hunc
3196 1483 3475 1546 habitum
3501 1483 3688 1546 illam

2116 1579 2582 1661 proprietatem,
2612 1596 2750 1658 quae
2773 1584 2865 1640 est
2894 1596 3068 1658 posse
3113 1577 3334 1656 augeri
3364 1583 3430 1637 et
3467 1576 3686 1637 inten-

2117 1675 2204 1752 di,
2236 1673 2382 1752 quia
2437 1671 2786 1732 communis
2832 1679 2929 1732 est
2979 1671 3195 1750 gratiae
3227 1670 3555 1744 habituali,
3607 1676 3686 1730 ut

2115 1768 2181 1829 in
2211 1767 2320 1828 lib.
2352 1755 2404 1826 9'
2423 1766 2498 1826 dc
2521 1764 2732 1826 Gratia
2760 1763 3135 1844 explicatum
3164 1770 3280 1826 est.
3309 1763 3485 1824 Unde
3519 1781 3680 1824 eum

2113 1862 2511 1942 proportione
2540 1859 2628 1920 ita
2669 1858 3060 1920 sentiendum
3091 1859 3167 1918 de
3195 1863 3536 1936 augmento
3573 1857 3688 1920 vel

2114 1957 2464 2019 intensione
2495 1955 2686 2035 huJus
2727 1939 2998 2027 habitus,
3029 1953 3187 2014 sicut
3213 1952 3290 2013 de
3335 1957 3684 2030 augmento

2115 2051 2330 2127 gratiae
2358 2056 2468 2110 aut
2496 2047 2817 2110 charitatis
2830 2062 2851 2124 3
2903 2053 2968 2108 et
3017 2046 3234 2108 eadem
3285 2047 3524 2106 ratione
3575 2045 3684 2104 hie

2113 2143 2358 2204 habitus
2385 2143 2654 2204 diminui
2693 2159 2802 2203 seu
2849 2141 3086 2202 remitti
3135 2158 3264 2200 nou
3295 2143 3516 2218 potest,
3551 2139 3684 2198 uti-

2112 2254 2234 2316 que
2260 2236 2327 2296 in
2351 2252 2451 2313 se3
2485 2253 2630 2296 nam
2658 2234 2862 2313 quoad
2893 2233 3126 2313 species
3153 2238 3216 2294 et
3243 2231 3684 2312 apprehensio·

2114 2346 2224 2390 nes
2255 2328 2634 2407 objectorum
2664 2327 2931 2388 diminui
2960 2331 3182 2406 potest,
3209 2326 3368 2386 sicut
3396 2330 3458 2385 et
3486 2342 3685 2402 auge-

2114 2423 2198 2497 ri,
2230 2428 2302 2482 ut
2331 2427 2552 2482 notum
2603 2427 2716 2481 est.
2766 2419 3184 2480 Nihilominus
3209 2424 3418 2479 tamen
3465 2417 3532 2476 in
3585 2424 3684 2477 to·

2120 2522 2254 2576 tum
2285 2513 2700 2593 corruptibilis
2741 2519 2862 2590 est3
2897 2512 3120 2591 quihus
3149 2522 3356 2574 autem
3385 2509 3586 2570 modis
3615 2509 3686 2570 id

2117 2608 2460 2686 contingat,
2499 2613 2646 2668 sect.
2674 2610 2712 2668 3
2738 2613 2798 2667 ct
2819 2609 2860 2675 4
2890 2606 3186 2668 dicemus.

2195 2705 2256 2761 4.
2301 2700 2577 2764 Assertio
2621 2702 2886 2764 secunda
2903 2725 2927 2760 .·
2969 2700 3209 2762 habitus
3233 2699 3378 2776 fidei
3405 2702 3496 2761 est
3525 2696 3684 2760 sim-

2105 2793 2253 2876 pleoe
2279 2795 2570 2875 qual-itas.
2596 2791 2966 2857 -Amrtio
3013 2809 3131 2854 non
3157 2791 3428 2872 loquitur
3453 2791 3522 2852 de
3545 2805 3684 2870 spe—

2115 2884 2309 2950 ciebus
2333 2889 2416 2950 ad
2425 2885 2942 2970 apprehensionem
2958 2882 3515 2966 requisitis.—Sod
3525 2885 3594 2946 do
3607 2900 3682 2944 ea

2115 2979 2407 3061 qualitate
2429 2999 2564 3060 quce
2595 2978 2870 3062 proximo
2911 2976 3219 3042 concurrit
3263 2977 3346 3039 ad
3367 2975 3680 3054 judicium

2115 3091 2250 3136 oum
2269 3073 2826 3138 intellecta—Dico
2849 3071 3154 3134 secundo:
3183 3070 3285 3132 hic
3327 3070 3578 3132 habitus
3603 3068 3680 3130 fi-

2114 3166 2216 3227 dei
2270 3169 2490 3228 unicus
2523 3173 2636 3242 est,
2690 3173 2753 3228 et
2792 3185 2918 3226 una
2959 3165 3218 3244 simplex
3269 3164 3550 3243 qualitas.
3595 3163 3682 3224 Ut

2115 3262 2406 3341 probetur
2456 3273 2518 3323 et
2561 3261 2904 3323 declaretur
2932 3259 3209 3334 assertio,
3239 3255 3680 3336 distinguenda

2114 3361 2260 3415 sunt
2287 3355 2432 3430 duo,
2461 3373 2600 3434 quae
2630 3354 2708 3415 ad
2735 3354 3157 3434 cognitionem
3185 3351 3382 3414 solent
3410 3351 3678 3430 requiri,

2117 3447 2370 3525 scilicet,
2429 3447 2858 3527 apprehensio,
2912 3451 2976 3507 et
3029 3445 3361 3525 judicium,
3425 3450 3682 3523 propter

2115 3559 2252 3620 quae
2284 3541 2431 3616 duo,
2475 3547 2620 3601 sunt
2647 3540 2835 3600 etiam
2883 3539 3006 3600 duo
3059 3538 3361 3618 principia
3402 3554 3683 3598 necessa-

2117 3636 2231 3708 ria,
2255 3634 2552 3694 nimirum
2575 3633 2826 3714 specieS,
2846 3639 3096 3712 propter
3121 3630 3682 3710 apprehensionem

2115 3745 2222 3788 seu
2251 3733 2708 3808 conceptionem
2757 3725 3002 3806 objecti,
3040 3731 3103 3786 et
3127 3723 3398 3798 habitus,
3430 3741 3538 3786 seu
3561 3723 3684 3784 ali-

2115 3821 2278 3900 quod
2302 3821 2540 3898 lumen,
2588 3825 2838 3899 propter
2853 3818 3188 3896 judicium.
3220 3816 3480 3890 Quando
3523 3834 3680 3893 ergo

2115 3913 2377 3974 dicimus
2406 3913 2590 3974 fidem
2622 3931 2752 3974 esse
2780 3913 3032 3972 unicum
3057 3910 3364 3985 habitum,
3393 3926 3506 3970 seu
3529 3926 3684 3988 qua-

2117 4006 2379 4083 litatem,
2437 4023 2566 4067 non
2613 4004 3193 4084 comprehendimus
3221 4002 3480 4082 species3
3525 4019 3680 4062 nam

2119 4097 2265 4173 illae,
2297 4099 2430 4160 sine
2476 4096 2690 4170 dubio,
2723 4097 3024 4158 distinctae
3053 4101 3199 4156 sunt
3209 4112 3230 4174 3
3260 4113 3388 4158 non
3412 4101 3556 4156 sunt
3585 4101 3683 4154 t‘a-

2119 4209 2266 4252 men
2296 4189 2798 4270 supernaturales
2825 4197 2933 4250 aut
2970 4188 3217 4262 infusae‚
3249 4205 3360 4266 per
3387 4205 3450 4247 se
3491 4205 3560 4248 ac
3601 4187 3683 4246 de

2119 4285 2255 4363 lege
2283 4283 2600 4344 ordinaria
2627 4283 2971 4362 loquendo3
3009 4299 3156 4342 nam
3175 4298 3272 4344 res
3293 4279 3436 4342 fidei
3457 4297 3684 4358 appre-

2119 4376 2450 4438 hendimus
2483 4375 2666 4436 modo
2703 4376 2997 4452 naturali,
3031 4381 3094 4434 et
3137 4391 3248 4453 per
3295 4372 3678 4450 analogiam,

2117 4469 2215 4530 vel
2243 4473 2588 4548 respectum
2616 4467 2885 4548 aliquem
2920 4467 3001 4529 ad
3031 4485 3134 4528 eas
3179 4484 3279 4528 res
3306 4481 3462 4544 quas
3487 4466 3681 4526 sensi·

2117 4562 2232 4623 hus
2289 4561 2679 4641 percipimus.
2737 4561 2908 4622 Unda
2951 4568 3098 4622 ante
3143 4560 3418 4640 primum
3468 4565 3684 4620 actum

2118 4654 2288 4729 fidei,
2313 4653 2673 4733 praecedunt
2697 4671 2910 4714 omnes
2950 4654 3180 4732 species
3208 4651 3568 4712 necessariae
3597 4651 3682 4711 ad

2120 4747 2516 4822 credendum,
2542 4753 2602 4808 et
2626 4745 2762 4808 fieri
2787 4751 2988 4826 potest
3011 4753 3083 4806 ut
3103 4744 3346 4824 aliquis,
3369 4743 3682 4806 sufficien-

2120 4847 2216 4901 ter
2259 4837 2730 4920 apprehendens
2779 4858 2878 4900 res
2903 4838 3074 4914 fidei,
3103 4837 3373 4900 infidelis
3401 4845 3678 4914 maneat,

2119 4953 2244 4995 non
2289 4931 2570 5012 praebens
2609 4949 2926 4994 assensum
2943 4948 2964 5010 3
2997 4937 3060 4992 et
3086 4931 3372 4992 similiter
3399 4930 3683 4992 christia-

2119 5049 2237 5091 nus
2259 5029 2366 5108 qui
2395 5027 2468 5088 fit
2491 5027 2832 5103 haereticus,
2859 5028 3001 5089 licet
3026 5027 3214 5088 fidem
3239 5028 3514 5102 amittat,
3548 5045 3682 5090 non

2117 5130 2325 5185 tamen
2353 5121 2602 5201 species,
2633 5127 2705 5180 ut
2734 5121 3118 5202 experientia
3141 5125 3362 5182 notum
3393 5127 3506 5182 est.
3547 5121 3686 5182 Non

2116 5221 2452 5276 tractamus
2512 5213 2704 5291 igitur
2758 5213 2836 5275 de
2880 5214 3220 5294 speciebus,
3269 5231 3408 5292 quae
3475 5213 3685 5293 pturae

2117 5309 2307 5370 etiam
2334 5325 2462 5368 esse
2486 5313 2764 5385 possunt,
2795 5307 2900 5368 sed
2931 5307 3010 5370 de
3035 5305 3332 5387 qualitate
3361 5325 3468 5386 per
3495 5324 3560 5368 se
3585 5307 3688 5368 in·

2119 5403 2276 5462 fusa.
2311 5401 2392 5461 De
2413 5418 2538 5480 qua
2565 5407 2656 5462 est
2681 5399 2951 5462 secundo
2994 5400 3449 5462 advertendum
3491 5399 3686 5462 fidem

2120 5492 2437 5557 interdum
2468 5492 2767 5574 appellari
2796 5493 2861 5555 in
2887 5493 3206 5575 Scriptura
3227 5495 3484 5558 nomine
3501 5494 3689 5557 lumi-
