3900 6217
629 428 790 483 sEc‘r.
827 431 908 483 111.
945 431 1030 482 An
1061 428 1450 484 cnss'rmm
1483 431 1643 484 num
1676 425 1989 484 ln'srssnm
2024 433 2161 485 SINT
2192 431 2563 493 Evtonwrssn,
2600 433 2733 486 ETC.

171 543 409 610 nonnulla
447 537 776 600 differentia
817 559 834 596 t
867 552 1014 598 nam
1045 543 1314 617 utraque
1363 537 1644 598 denomi-

171 642 298 702 natio
319 633 598 697 credibilis
641 636 729 692 est
763 631 1144 702 extrinseea;
1178 647 1402 710 parum
1431 636 1643 692 autem

171 735 332 805 refert,
357 729 488 809 quia
507 726 710 788 sormae
757 727 1116 786 extrinsecas
1170 725 1644 786 denominantes

167 827 404 890 distinctae
443 825 600 897 sunt,
631 824 690 880 et
715 835 845 880 una
885 818 962 880 ad
1004 817 1191 879 aliam
1221 823 1638 897 eomparatur,

169 923 288 981 sieut
307 913 586 994 dispositio
631 911 708 972 ad
753 911 1042 986 formam,
1089 911 1234 990 quin
1287 910 1642 972 testimonia

167 1015 249 1076 illa
269 1027 360 1092 per
379 1025 504 1088 quae
527 1005 836 1085 objectum
871 1005 1252 1086 propositum
1281 1001 1354 1064 fit
1393 1003 1642 1065 eviden-

167 1115 238 1168 ter
255 1099 522 1173 credibile,
541 1104 892 1180 proeparant
919 1097 1088 1158 viam
1113 1097 1194 1158 ad
1223 1096 1412 1157 fidem
1444 1097 1638 1156 intro·

167 1195 458 1269 ducendam,
487 1207 644 1271 quae,
692 1190 1078 1253 considerata
1123 1191 1188 1250 in
1242 1189 1486 1264 habitu,
1529 1205 1639 1249 seu

164 1295 214 1352 in
237 1287 483 1370 potentia,
507 1285 868 1346 denominat
908 1299 1042 1345 rem
1073 1283 1416 1344 romaliter
1443 1281 1638 1344 eredi-

163 1385 338 1458 bilem3
361 1387 590 1460 sumpta
619 1392 768 1439 vero
817 1379 884 1439 in
934 1381 1080 1438 netu
1107 1375 1469 1438 denominat
1515 1393 1640 1436 cre·

165 1480 326 1538 ditum.

223 1574 264 1633 9.
299 1569 388 1632 Aa
426 1567 734 1629 secundam
787 1565 1294 1644 confirmativum
1359 1563 1640 1643 quomodo

171 1663 428 1745 responde-i
453 1662 644 1740 possit
665 1661 984 1723 secundnm
1013 1661 1190 1722 aiios.
1207 1689 1290 1706 --
1327 1653 1480 1724 Vera
1517 1673 1644 1719 res-

166 1756 488 1841 ponsa—ln
517 1753 788 1814 secunda
819 1751 1312 1824 confirmatione,
1345 1750 1418 1811 fit
1445 1767 1638 1830 argu-

171 1857 374 1915 mentum
407 1847 482 1910 ab
516 1847 846 1910 evidenter
890 1845 1166 1908 credibili
1203 1845 1280 1907 ad
1323 1845 1641 1908 evidenter

165 1944 396 2027 possibile,
437 1959 542 2004 seu
603 1957 736 2002 non
797 1937 1172 2019 impossibile
1193 1983 1213 2014 ,
1273 1937 1381 1999 ubi
1437 1945 1638 2018 posset

159 2039 347 2101 tractari
395 2037 598 2116 opinio
647 2033 1069 2115 quorumdam
1133 2032 1591 2111 'theologorum
1615 2079 1634 2108 ,

155 2134 233 2214 qui
248 2133 493 2192 dixerunt
517 2129 819 2208 mysteria
847 2125 994 2188 fidei
1021 2143 1200 2206 posse
1225 2125 1639 2187 demonstrari

155 2243 247 2287 non
285 2243 391 2284 esse
442 2219 867 2302 impossibilia,
918 2219 995 2280 nd
1037 2237 1228 2299 quam
1279 2219 1528 2280 videtur
1563 2234 1639 2280 ex

153 2325 282 2400 parte
309 2315 567 2377 accedere
611 2315 970 2393 cajetanus,
1019 2317 1044 2373 1
1106 2319 1294 2394 part„
1323 2319 1541 2394 quaest.
1575 2317 1634 2387 1,

157 2419 240 2472 art.
279 2411 328 2484 8,
357 2415 648 2488 quatenus
695 2407 846 2467 dieii
877 2423 1050 2487 posse
1095 2405 1480 2485 Theolognm
1510 2405 1636 2466 evi-

157 2506 318 2566 denter
338 2502 556 2564 solvere
583 2508 963 2579 argumenta
996 2519 1136 2581 quae
1173 2500 1254 2561 ab
1287 2499 1639 2560 infidelibus

157 2599 272 2658 fiunt
307 2602 493 2658 eontra
527 2597 834 2675 mysteria
876 2593 1196 2674 probando
1230 2611 1361 2653 esse
1406 2593 1639 2672 impos-

155 2689 328 2766 sibilia;
353 2691 524 2769 idque
549 2707 686 2750 non
710 2694 954 2750 tantum
983 2687 1293 2766 negative,
1315 2685 1418 2746 sed
1447 2686 1640 2746 etiam

155 2785 370 2863 positive,
413 2789 478 2843 ut
523 2784 662 2862 ipse
711 2781 1032 2862 loquitur,
1086 2781 1300 2860 utique
1349 2780 1636 2841 demons-

155 2877 320 2937 trando
355 2877 412 2936 in
455 2873 688 2936 talibus
729 2873 1118 2952 argumentis
1165 2889 1296 2933 esse
1330 2872 1638 2952 ‘deceptio-

163 2989 297 3044 nem3
319 2977 366 3030 et
383 2976 569 3050 potest
589 2971 790 3030 etiam
821 2969 996 3028 uitari
1027 2968 1270 3032 Riehar.
1297 2967 1376 3028 de
1405 2967 1467 3028 S.
1501 2968 1638 3026 Vio-

163 3071 277 3137 tore,
299 3063 377 3124 lib.
413 3067 440 3123 1
471 3064 550 3124 de
575 3063 912 3137 Trinitate,
946 3079 1079 3142 eap.
1109 3063 1172 3136 4,
1211 3067 1516 3141 quatenus
1545 3061 1638 3120 di-

158 3159 218 3215 cit
239 3175 332 3218 non
353 3157 544 3218 deesse
565 3159 848 3218 rationes
877 3155 1252 3216 necessarias
1278 3154 1358 3215 ad
1389 3173 1638 3234 persua-

149 3249 301 3309 denda
341 3251 622 3329 mysteria
657 3249 838 3326 fidei3
871 3250 1078 3310 verius
1121 3254 1333 3310 tamen
1367 3254 1460 3309 est
1511 3265 1640 3309 non

147 3362 273 3422 pssse
295 3345 654 3424 Theologum
700 3345 1122 3405 demonstrare
1167 3359 1296 3403 esse
1325 3343 1640 3422 possibilia

148 3437 432 3514 principalia
467 3440 774 3517 mysteria
813 3436 1308 3516 supernaturalia
1347 3433 1490 3496 fidei
1517 3481 1536 3511 ,
1569 3443 1640 3497 ut

145 3529 198 3587 de
217 3531 496 3604 Trinium,
530 3531 970 3594 incarnatione
1013 3535 1076 3590 et
1105 3528 1486 3590 Eucharistia
1515 3529 1640 3589 suis

145 3621 256 3680 loeis
285 3624 634 3699 ostenditur,
685 3623 826 3685 libr.
873 3627 900 3684 1
957 3621 1034 3683 de
1059 3622 1310 3697 'li-init„
1347 3639 1478 3702 cap.
1527 3625 1636 3697 1¹3

143 3715 197 3774 de
219 3716 504 3790 lucarnat„
541 3717 782 3796 disput.
815 3720 876 3792 3,
919 3723 1064 3776 sect.
1097 3719 1122 3775 1
1150 3733 1170 3792 ;
1217 3715 1294 3775 de
1336 3715 1606 3777 Sacram.
1615 3761 1636 3791 ,

141 3807 316 3885 disput.
343 3809 437 3884 46,
477 3818 629 3872 sect.
682 3814 743 3870 7.
789 3812 866 3871 Et
895 3810 1078 3887 longe
1127 3809 1358 3869 certius
1398 3817 1488 3869 est
1519 3810 1639 3871 hoe

141 3918 232 3960 non
255 3921 364 3963 esse
393 3904 806 3965 neeessariam
854 3903 930 3963 ad
981 3902 1389 3962 sufficientem
1419 3919 1638 3982 propo-

147 3993 372 4055 sitionem
409 3997 636 4077 objecti
681 3995 855 4073 fidei,
883 3996 1115 4076 alioqui
1166 3996 1345 4075 pauci
1391 4001 1638 4075 possent

147 4087 351 4163 credere,
391 4097 450 4150 et
487 4091 694 4152 multo
733 4090 1054 4168 pauciores
1089 4087 1351 4167 obligari
1395 4089 1474 4148 ad
1503 4107 1635 4150 ore·

151 4178 386 4258 nendum
429 4203 546 4246 nee
597 4185 930 4263 cajetanus
981 4185 1172 4244 citato
1215 4183 1350 4243 loco
1395 4189 1635 4244 eontra-

149 4271 262 4334 rium
283 4277 471 4355 sentit,
500 4278 672 4358 quod
697 4279 886 4338 etiam
916 4277 1284 4358 posteriores
1315 4276 1422 4335 alii
1464 4281 1639 4337 nota-

145 4377 250 4426 runt
275 4373 311 4444 ¹,
345 4387 452 4432 nee
487 4371 566 4432 de
593 4371 888 4432 omnibns
915 4370 1280 4444 rationibus,
1312 4387 1450 4448 quae
1478 4369 1640 4430 fiunt

143 4469 300 4526 eontra
347 4465 554 4541 fidem,
609 4467 759 4526 dieit
795 4484 970 4546 posse
1011 4466 1334 4527 evidenter
1381 4465 1639 4542 positive

139 4556 274 4631 solvi,
310 4561 404 4620 sed
449 4561 526 4622 de
571 4559 906 4639 aliquibus,
943 4559 1108 4638 quod
1155 4559 1461 4619 incertum
1505 4565 1634 4632 θεῖς

141 4653 184 4706 et
205 4650 244 4709 si
265 4653 586 4731 contingat,
627 4661 717 4714 est
747 4671 857 4733 per
883 4651 1190 4725 accidens,
1215 4659 1520 4730 quatenus
1547 4657 1640 4710 ta-

141 4739 200 4800 lia
221 4754 554 4821 argumenta
577 4751 902 4808 assumunt
924 4745 1158 4824 aliquid
1199 4749 1412 4803 eontra
1453 4745 1639 4804 ratio·

139 4851 245 4895 nem
279 4839 604 4900 naturalem
630 4863 648 4916 ;
683 4856 791 4920 per
820 4858 884 4900 se
909 4845 1118 4900 autem
1153 4838 1466 4918 loquendo
1494 4835 1640 4896 satis

137 4935 204 4986 est
237 4931 444 4994 solvere
479 4933 839 5012 hujusmodi
891 4933 1160 4993 rationes
1211 4931 1525 5010 negative,
1575 4929 1638 4989 id

137 5027 224 5096 est,
248 5027 507 5104 negando
531 5027 764 5108 aliquid
786 5027 951 5107 quod
981 5027 1228 5106 probari
1257 5043 1384 5085 non
1413 5029 1632 5104 potest,

137 5121 184 5172 et
205 5117 486 5181 evidenter
517 5119 899 5182 ostendendo
927 5135 1054 5180 non
1087 5119 1360 5198 probari,
1391 5117 1637 5178 etiamsi

139 5221 237 5267 non
261 5210 686 5275 demonstretur
726 5231 858 5274 esse
891 5211 1144 5286 falsum,
1191 5217 1262 5272 ut
1314 5211 1479 5292 quod
1510 5228 1637 5271 una

139 5305 351 5363 essentia
377 5323 493 5367 non
519 5306 703 5387 possit
731 5323 863 5368 esse
887 5306 954 5366 in
989 5305 1188 5366 tribus
1220 5306 1517 5384 personia,
1536 5302 1636 5365 vel

205 5489 220 5522 ¹
259 5487 315 5546 ln
341 5488 430 5548 his
453 5495 548 5551 est
575 5489 832 5568 cumel„
873 5491 904 5552 1
930 5507 1020 5570 p.,
1051 5507 1114 5570 q.
1149 5491 1208 5566 1,
1239 5505 1298 5550 a.
1331 5489 1394 5565 8,
1425 5489 1490 5549 in
1523 5505 1636 5550 sua

142 5583 190 5656 q.
217 5579 264 5655 3,
287 5579 420 5643 dub.
446 5586 508 5645 2.

3174 429 3293 490 {19

1724 536 1960 616 aliquid
2013 537 2234 598 simile.
2266 537 2608 599 Richardus
2648 543 2857 598 autem
2886 537 3287 616 exponendus

1724 637 1816 690 est
1843 631 1920 691 de
1945 631 2290 691 rationibus
2316 631 2671 691 necessariis
2701 649 2824 689 non
2854 630 2931 688 ad
2962 630 3287 690 ostenden-

1723 722 1869 784 dam
1907 724 2255 800 veritatem,
2316 723 2423 784 sed
2474 724 2573 784 vel
2616 723 3086 784 credibilitatem
3110 769 3128 797 ,
3185 723 3285 784 vel

1725 817 2189 878 consonantiam
2229 817 2501 896 aliquam
2554 835 2699 877 eum
2734 817 3013 889 veritate,
3044 816 3121 876 de
3162 833 3283 894 quo

1721 911 1920 970 videri
1951 916 2147 989 potest
2187 911 2423 986 ScotuS,
2476 912 2543 970 in
2600 913 2669 986 3,
2720 910 2988 970 distinct.
3040 909 3141 969 24.
3188 907 3283 969 Ad

1721 1002 2257 1070 confirmationem
2286 1022 2433 1082 ergo
2458 1009 2725 1082 ‘negamr
2760 1003 2994 1080 illati03
3026 1002 3173 1081 quia
3196 1001 3286 1062 lo-

1721 1096 1975 1176 quendo
2018 1097 2087 1156 in
2142 1097 2491 1173 communi,
2544 1097 2729 1158 latius
2778 1102 2947 1175 patet
2994 1095 3282 1155 credibile

1719 1207 1908 1271 quam
1936 1189 2222 1268 possibile
2246 1205 2265 1268 ;
2295 1207 2444 1252 nam
2488 1189 2723 1269 aliquid
2770 1189 3146 1268 impossibile
3174 1206 3283 1267 po·

1715 1289 1838 1344 test
1865 1283 2000 1345 fieri
2045 1282 2339 1345 credibile
2356 1327 2376 1359 ,
2426 1281 2572 1363 quia
2604 1281 2978 1343 eredibilitas
3016 1282 3285 1342 sumitur

1719 1395 1796 1438 ex
1847 1376 2054 1438 medio
2090 1377 2441 1437 extrinseco
2472 1381 2537 1436 et
2580 1376 2927 1436 testimonio
2960 1375 3121 1455 quod
3170 1391 3283 1454 po-

1723 1476 1843 1533 test
1874 1471 2089 1533 eadere
2117 1472 2183 1533 in
2223 1489 2354 1534 rem
2382 1469 2822 1551 impossibilem
2848 1491 2863 1542 ;
2894 1473 2957 1528 et
3002 1469 3162 1543 ideo,
3202 1487 3283 1529 ex

1719 1564 2053 1642 negatione
2094 1565 2413 1628 evidenter
2438 1561 2780 1646 possibilis,
2834 1579 2959 1622 non
3004 1561 3283 1641 sequitur

1719 1658 1973 1736 negatio
2026 1659 2345 1719 evidenter
2390 1658 2696 1720 credibilis
2716 1673 2736 1734 3
2786 1661 2847 1717 et
2890 1656 3173 1735 quamvis
3215 1655 3280 1714 in

1723 1758 1936 1812 nostra
1971 1751 2093 1814 fide
2121 1751 2279 1813 nihil
2328 1752 2407 1812 sit
2446 1749 2735 1813 credibile
2758 1795 2778 1824 ‚
2832 1748 2997 1828 quod
3027 1765 3152 1808 non
3198 1747 3280 1807 sit

1719 1844 2031 1925 possibile,
2077 1844 2193 1904 hoo
2230 1851 2441 1906 tamen
2469 1843 2667 1904 solum
2716 1849 2811 1904 est
2856 1847 3118 1916 eertum,
3150 1857 3277 1900 non

1719 1943 1928 1999 autem
1958 1937 2245 2016 evidens;
2278 1945 2341 1999 et
2362 1937 2503 1999 ideo
2528 1955 2611 1997 ex
2636 1937 2949 1998 evidentia
2972 1933 3279 1995 eredibili-

1719 2032 1862 2093 tatis
1883 2049 2009 2093 non
2036 2033 2317 2112 sequitur
2346 2032 2766 2113 possibilitatis
2786 2030 3119 2093 evidentia.

2340 2279 2555 2333 SECTlo
2590 2281 2671 2334 111.

1731 2463 1952 2528 Utrum
1980 2463 2276 2542 mysteria
2302 2464 2447 2540 fidei
2479 2462 2852 2529 Christiano!
2888 2466 3015 2528 siut
3046 2467 3284 2528 widen-

2290 2563 2383 2620 ιω·
2406 2557 2739 2620 credibilia.

1800 2785 1858 2842 1.
1885 2781 2165 2846 Assertio
2196 2784 2265 2844 de
2292 2799 2410 2862 qua
2437 2784 2711 2847 dubitare
2738 2803 2856 2847 non
2883 2787 3285 2849 licen—Pro·-

1722 2875 1902 2937 batur
1931 2876 2293 2938 auctoritate
2322 2875 2857 2939 Scholascioorum.
2888 2911 2973 2928 -·
2995 2881 3089 2943 Et
3115 2882 3280 2944 anti-

1719 2985 1969 3048 quorum
2006 2969 2285 3032 Patr-um.
2310 2969 2703 3031 -Consonat
2732 2970 3084 3049 Scriptura.
3111 2975 3281 3036 -ln

1719 3063 2091 3145 praecedenti
2148 3065 2439 3139 sectione,
2495 3065 2693 3125 solum
2748 3066 3127 3128 declaratum
3192 3077 3282 3130 est

1719 3159 1868 3238 quid
1897 3158 2251 3236 requiratur
2270 3159 2345 3217 ad
2374 3157 2777 3218 sufficientem
2798 3161 3278 3240 propositionem

1717 3252 1900 3328 fidei3
1950 3267 2119 3311 nune
2152 3251 2599 3312 ostendendum
2646 3257 2737 3312 est
2776 3255 3083 3331 quomodo
3124 3253 3281 3315 illud

1719 3350 1922 3404 totum
1976 3343 2418 3422 perfectissime
2474 3345 2827 3406 inveniatur
2864 3345 2931 3407 in
2979 3347 3281 3410 catholica

1715 3436 1878 3514 flde3
1915 3442 1977 3498 et
2018 3437 2311 3517 quoniam
2355 3437 2486 3498 dixi
2524 3438 2871 3500 evidentem
2903 3439 3281 3503 credibilite-

1717 3537 1844 3591 tem
1883 3547 2016 3591 esse
2064 3533 2494 3608 neeessariam,
2538 3549 2663 3592 non
2705 3537 2944 3592 tantum
2973 3535 3275 3610 absolute,

1721 3625 1824 3685 secl
1853 3625 2044 3685 etiam
2078 3633 2452 3704 comparate,
2506 3625 2645 3684 ideo
2692 3625 2798 3686 hie
2827 3628 3094 3705 priorem
3140 3646 3279 3708 par-

1719 3723 1847 3778 tem
1872 3717 2215 3793 ostendam,
2248 3724 2309 3778 et
2340 3718 2403 3778 in
2430 3717 2824 3796 sequentibus
2854 3721 3276 3798 posteriorem.

1719 3811 1866 3871 Diuo
1897 3827 2047 3890 ergo
2077 3814 2374 3890 mysteria
2404 3811 2546 3872 fidei
2576 3811 2938 3874 Christianae
2972 3833 3102 3875 osse
3152 3816 3278 3876 evi·

1719 3905 1937 3965 denter
1972 3905 2289 3966 credibilia
2320 3922 2337 3966 τ
2379 3911 2471 3965 est
2513 3906 2767 3965 assertio
2816 3913 3003 3980 certa,
3042 3907 3117 3967 de
3155 3928 3278 3988 qua

1717 3997 1930 4058 nullus
1954 3999 2299 4059 catholicus
2326 4005 2526 4077 potest
2554 3997 2869 4075 dubitare;
2897 4001 3085 4060 tradit
3110 4002 3280 4064 illam

1718 4093 1788 4152 D.
1817 4092 2087 4153 Thomas
2116 4094 2172 4153 2.
2209 4093 2270 4166 2,
2318 4095 2533 4172 quaest.
2572 4095 2630 4166 1,
2658 4094 2836 4154 artie.
2871 4095 2911 4154 4
2966 4095 3043 4153 ad
3074 4097 3133 4169 ⁶2,
3167 4095 3277 4157 ubi

1717 4185 2043 4264 Gajetanus
2062 4192 2123 4244 et
2146 4198 2393 4259 omnes3
2420 4185 2583 4246 idem
2608 4186 2673 4244 D.
2698 4185 2988 4261 Thomna,
3024 4189 3060 4249 3
3090 4195 3245 4268 part.
3254 4237 3276 4268 ,

1720 4283 1932 4356 quaest.
1966 4281 2067 4350 42,
2104 4279 2181 4339 43
2204 4285 2264 4338 et
2292 4279 2395 4350 44,
2436 4287 2626 4356 agens
2654 4279 2730 4339 de
2768 4279 3046 4341 doctrina
3074 4299 3134 4342 et
3166 4283 3278 4343 mi-

1721 4371 1942 4431 raculis
1972 4371 2217 4444 Christi,
2249 4377 2312 4432 et
2344 4375 2369 4432 l
2412 4372 2635 4432 Contra
2675 4379 2872 4450 gent„
2900 4391 3031 4452 cap.
3067 4377 3105 4436 6
3130 4399 3147 4452 3
3173 4397 3277 4438 re-

1721 4464 1874 4545 liqui
1905 4465 2283 4540 Scholastiei,
2331 4466 2397 4526 in
2439 4465 2679 4543 prolog.
2712 4465 3085 4529 Sententiar.
3107 4515 3125 4544 ‚
3167 4471 3275 4531 ubi

1720 4558 1880 4619 hene
1908 4559 2145 4634 ScotuS,
2178 4565 2393 4638 quaest.
2448 4559 2526 4636 23
2580 4566 2641 4619 et
2687 4579 2757 4621 ex
2798 4561 3111 4623 modernis
3156 4563 3279 4625 late

1721 4651 1891 4712 illam
1951 4653 2218 4713 ostendit
2262 4653 2542 4727 Medina,
2593 4651 2736 4714 libr.
2785 4655 2823 4714 2
2864 4655 2941 4714 de
2989 4657 3173 4718 Recta
3212 4661 3277 4720 in

1721 4745 1914 4805 Deum
1939 4745 2082 4821 fide,
2116 4752 2178 4806 et
2203 4745 2388 4806 latius
2417 4746 2653 4821 Rosius,
2699 4749 2765 4807 in
2810 4747 3049 4810 duobus
3096 4755 3277 4813 tomis

1719 4838 1796 4897 de
1823 4839 2030 4916 Signis
2056 4839 2369 4916 Ecclesioe3
2408 4839 2717 4915 Valentia,
2756 4845 2909 4902 tom.
2953 4843 3012 4919 3,
3046 4845 3273 4924 disput.

1721 4933 1781 5005 1,
1809 4937 2025 5008 quaest.
2053 4934 2112 5006 1,
2145 4937 2357 5009 punct.
2396 4935 2451 4993 t.
2489 4933 2566 4992 Et
2608 4951 2683 4992 ex
2724 4934 2996 5013 antiquis
3044 4939 3109 4998 in
3162 4939 3277 5000 hae

1716 5024 1975 5083 veritate
2004 5023 2488 5084 demonstranda
2515 5025 2819 5088 laboravit
2836 5029 3274 5108 Tertullianus,

1716 5117 1784 5176 in
1810 5115 2014 5195 Apol.;
2036 5117 2261 5178 Justin.
2293 5117 2549 5197 Martyr,
2566 5118 2633 5179 in
2656 5119 2913 5200 Apolog.
2944 5139 3056 5202 pro
3080 5125 3280 5185 Chris-

1715 5209 1903 5269 tianis
1923 5225 1942 5286 3
1965 5209 2187 5271 Euseb.
2206 5212 2453 5286 caesar„
2484 5211 2615 5272 fere
2644 5217 2773 5274 toto
2802 5234 2987 5294 opere
3016 5215 3091 5278 de
3120 5219 3278 5278 Prae-

1718 5321 1850 5381 par.
1910 5303 2175 5382 Evang„
2230 5311 2291 5364 et
2333 5307 2585 5366 nomine
2632 5306 2987 5385 Augustini,
3042 5309 3154 5373 lib.
3200 5311 3277 5372 de

1716 5395 1864 5455 Fide
1908 5413 2118 5456 rorum
2172 5397 2453 5472 invisib„
2505 5399 2845 5477 praesertim
2898 5419 3035 5480 cap.
3098 5405 3171 5478 73
3219 5409 3281 5464 et

1717 5493 1944 5548 eei-tius
1978 5491 2141 5550 idem
2186 5491 2590 5569 Augustinus,
2621 5491 2729 5553 lih.
2777 5501 2991 5554 contra
3042 5495 3275 5575 Episto-

1714 5582 1842 5645 lam
1873 5583 2309 5662 Fundamenti,
2345 5601 2480 5666 cap.
2514 5587 2570 5663 4,
2596 5583 2705 5647 ubi
2730 5585 2918 5648 habet
2950 5587 3060 5650 illa
3084 5589 3277 5652 verba
