3900 6217
665 362 782 424 174

661 467 810 530 fidei
850 466 1213 529 immediate
1237 465 1539 528 fundatur
1571 466 1640 528 in
1663 466 1874 528 divina
1903 467 2233 531 revelatio-

662 576 784 639 ne;
829 579 978 640 ergo
1020 560 1089 622 in
1129 559 1366 622 actibus
1419 558 1566 622 fidei
1611 567 1704 620 est
1753 559 1973 622 saltem
2022 561 2277 622 unitas

660 653 944 734 specifica
983 670 1062 715 ex
1101 652 1162 714 vi
1205 651 1432 733 objecti
1463 651 1762 714 formalis.
1803 652 2036 714 Deinde
2068 653 2229 715 Deus

662 753 793 810 tam
841 747 1202 809 immediate
1245 746 1478 809 revelat
1511 751 1572 807 et
1615 745 1884 808 affirmat
1923 764 2059 808 rem
2086 764 2127 806 a
2161 764 2229 808 se

661 840 918 916 dictam,
947 856 1134 920 quam
1165 839 1329 918 quod
1365 842 1490 919 ipse
1512 838 1706 912 dicat;
1742 838 1868 900 imo
1896 856 2027 900 rem
2054 857 2226 902 reve-

662 934 852 997 latam
889 935 1041 996 dicit
1066 933 1245 1013 quasi
1265 932 1519 1008 directe,
1550 933 1989 996 revelationem
2016 938 2227 994 autem

664 1028 888 1108 ipsam,
909 1046 1020 1090 seu
1041 1026 1201 1107 quod
1229 1026 1360 1106 ipse
1381 1027 1572 1102 dicat,
1597 1027 1776 1106 quasi
1797 1025 2050 1102 reflexe,
2082 1026 2228 1107 quia

661 1121 924 1183 dicendo
967 1138 1126 1192 rem,
1158 1119 1384 1183 virtute
1417 1120 1566 1180 dicit
1605 1138 1672 1180 se
1704 1119 1908 1182 dicere
1917 1135 1940 1199 ;
1980 1120 2099 1181 hoc
2124 1137 2233 1180 au·

647 1219 792 1280 ‚tem
818 1231 944 1276 non
971 1213 1173 1274 obstat
1195 1212 1531 1292 quominus
1555 1218 1888 1292 utrumque
1907 1213 2232 1274 immedia-

660 1317 724 1372 te
746 1308 943 1381 dicat;
969 1325 1120 1387 ergo
1153 1313 1281 1368 tam
1309 1305 1461 1368 fides
1495 1307 1572 1368 de
1596 1306 1762 1367 dicto
1783 1324 1974 1386 quam
1998 1307 2075 1367 de
2096 1307 2231 1386 ipsa

663 1402 964 1478 dictione,
995 1401 1355 1462 immediata
1381 1405 1498 1462 est.
1533 1399 1710 1474 Quod
1742 1407 1951 1461 autem
1980 1397 2068 1460 ibi
2090 1417 2232 1480 sup-

658 1497 915 1577 ponitur
965 1495 1044 1556 de
1097 1493 1490 1555 distinctione
1546 1501 1609 1555 et
1659 1492 2071 1573 dependentia
2124 1509 2231 1553 ac-

661 1597 866 1661 tuum,
891 1587 1120 1668 quibus
1155 1586 1427 1648 creditur
1465 1586 1760 1648 revelatio
1803 1592 1863 1648 et
1913 1604 2013 1647 res
2060 1603 2233 1647 revc-

659 1679 809 1757 lata,
830 1682 897 1743 in
920 1681 1204 1762 sequenti
1231 1680 1502 1742 sectione
1537 1678 2017 1742 examinabitur.
2058 1679 2235 1742 Nunc

661 1774 978 1857 (quidquid
1023 1775 1100 1836 de
1143 1773 1250 1834 ino
1301 1771 1396 1854 sit)
1439 1773 1886 1853 respondemus
1929 1771 2089 1833 nihil
2126 1771 2235 1833 ob·

657 1875 822 1931 stare
847 1869 1002 1948 quin
1031 1866 1184 1929 fides
1221 1867 1298 1928 de
1325 1885 1395 1929 re
1433 1867 1699 1928 mediate
1737 1864 2034 1940 revelata,
2081 1863 2233 1926 fides

657 1963 844 2026 etiam
896 1960 1256 2024 immediata
1305 1960 1386 2022 sit
1412 2006 1432 2037 ,
1486 1959 1635 2040 quia
1681 1959 2039 2020 immediate
2089 1965 2234 2021 ten-

658 2055 752 2116 dit
791 2055 868 2117 ad
922 2054 1044 2116 tale
1081 2052 1390 2133 objectum
1441 2052 1782 2128 materiale,
1820 2069 1896 2112 ex
1940 2052 2003 2112 vi
2053 2071 2228 2114 reve·

656 2149 906 2212 lationis
919 2193 940 2224 ,
997 2149 1124 2210 sive
1186 2147 1476 2210 revelatio
1527 2145 1815 2208 credatur
1873 2164 1985 2224 per
2033 2145 2227 2207 alium

657 2249 886 2320 actum,
909 2243 1036 2305 sive
1067 2262 1192 2305 non
1216 2264 1233 2317 ;
1261 2241 1376 2302 hoc
1404 2241 1574 2302 enim
1601 2241 1680 2302 ad
1701 2259 1832 2302 rem
1859 2244 2229 2320 proesentem

659 2354 881 2417 parum
920 2335 1142 2413 refert3
1171 2337 1329 2397 sicut
1369 2351 1654 2396 assensus
1677 2333 2090 2394 conclusionis
2122 2331 2229 2394 de-

657 2435 1014 2492 monstratae
1045 2436 1137 2492 est
1173 2427 1536 2490 immediata
1563 2428 1822 2490 scientia
1856 2426 2026 2488 illins
2067 2427 2230 2489 veri·

657 2525 828 2597 tatis,
855 2525 1002 2602 quia
1029 2522 1388 2586 immediate
1423 2521 1610 2584 datur
1656 2528 1908 2602 propter
1949 2520 2225 2582 medium

657 2618 1097 2693 scientificum,
1127 2617 1370 2680 etiamsi
1401 2615 1554 2678 illud
1583 2615 1860 2676 medium
1887 2632 1998 2694 per
2030 2613 2226 2675 alium

659 2719 873 2774 actum
907 2715 1332 2790 cognoscatur.

742 2809 843 2869 10.
874 2802 1156 2868 Aliorum
1173 2804 1498 2884 explicatio
1519 2809 1632 2880 eet,
1663 2803 1820 2884 quod
1833 2803 2105 2885 quaedam
2131 2819 2231 2865 ree

653 2915 768 2980 per
793 2917 858 2962 se
881 2899 1236 2974 revelentur,
1277 2896 1420 2960 alioe
1453 2915 1588 2960 vero
1625 2899 1694 2960 in
1723 2897 2004 2960 revelatis
2040 2896 2221 2958 eonti-

656 2998 897 3058 nentur.
921 3023 1006 3040 -
1035 2993 1362 3072 Rejioitur.
1394 3023 1477 3038 —
1500 2990 1638 3052 Alio
1659 2990 1844 3052 modo
1871 2989 2023 3051 solet
2046 2987 2228 3050 intel-

659 3086 769 3165 ligi
798 3087 904 3148 illa
947 3082 1168 3147 divisio
1215 3101 1293 3146 ex
1342 3091 1514 3164 parte
1556 3101 1770 3146 rerum
1820 3083 2222 3157 creditarum,

657 3179 806 3260 quia
833 3177 1068 3260 aliquid
1097 3177 1370 3242 creditur
1399 3184 1698 3258 tanquam
1744 3175 2103 3238 immediate
2130 3194 2228 3236 re-

661 3273 955 3351 velatum,
997 3280 1062 3336 et
1097 3280 1312 3354 postea
1337 3289 1414 3334 ex
1457 3269 1564 3333 illo
1600 3289 1710 3352 per
1754 3270 2099 3333 discursum
2132 3270 2227 3332 in-

659 3366 857 3428 fertur
877 3366 1080 3442 aliud,
1113 3366 1281 3446 quod
1311 3383 1440 3428 non
1477 3365 1545 3426 in
1587 3383 1654 3427 se
1678 3363 1786 3428 sed
1813 3365 1880 3426 in
1910 3364 2105 3426 altero
2130 3380 2226 3424 re·

663 3460 940 3524 velatum
980 3467 1096 3538 ent,
1127 3469 1191 3523 et
1219 3461 1358 3523 ideo
1383 3477 1668 3522 assensus
1695 3459 1772 3520 de
1801 3458 1908 3520 illo
1955 3458 2225 3520 mediato

661 3555 762 3634 obj
769 3560 928 3632 ecto,
949 3554 1179 3616 dicitur
1194 3553 1348 3616 fides
1367 3553 1637 3616 mediata
1653 3567 1676 3630 ;
1697 3569 1821 3633 qua
1834 3550 2229 3613 distinctione

661 3665 808 3708 usus
829 3655 923 3708 est
935 3647 1200 3722 Bannes‚
1221 3648 1284 3709 2.
1311 3648 1374 3722 2,
1394 3653 1618 3727 quaest.
1641 3649 1701 3721 1,
1725 3652 1844 3706 art.
1864 3649 1967 3720 10,
1988 3644 2133 3706 dub.
2158 3645 2223 3706 4.

663 3741 742 3804 Et
762 3742 1046 3804 eamdem
1071 3741 1350 3802 insinuat
1366 3745 1600 3820 postea,
1629 3745 1851 3820 quaest.
1881 3739 1983 3814 11,
2008 3743 2128 3800 art.
2160 3729 2235 3814 2,

663 3833 813 3896 dub.
845 3838 903 3910 1,
935 3833 1044 3896 ubi
1071 3834 1158 3895 ita
1184 3834 1440 3914 exponit
1462 3834 1533 3895 D.
1559 3833 1885 3909 Thomam,
1917 3831 2228 3892 dicentem

663 3929 952 4008 quasdam
983 3929 1290 4008 pertinere
1335 3927 1414 3988 ad
1462 3926 1652 3989 fidem
1700 3927 1951 4002 directe,
2014 3931 2076 3988 et
2104 3924 2230 3987 alia

659 4021 998 4092 indirecte;
1031 4037 1182 4082 nam
1231 4019 1440 4100 priora
1485 4019 1636 4082 dicit
1682 4035 1812 4082 esse
1839 4036 1980 4099 quae
2008 4019 2223 4080 imme·

661 4113 829 4176 diate
853 4111 1250 4188 revelantur3
1300 4111 1636 4192 posteriora
1675 4129 1824 4174 vero
1857 4129 1999 4192 quae
2026 4129 2101 4172 cx
2131 4129 2226 4173 re·

659 4205 876 4268 velatis
914 4205 1286 4268 inferuntur.
1331 4206 1465 4284 Ego
1506 4223 1652 4268 vero
1695 4205 2003 4278 existimo,
2035 4205 2225 4266 etiam

659 4298 780 4362 hoc
805 4299 1006 4375 modo,
1055 4298 1292 4362 nullam
1323 4317 1454 4362 esse
1502 4298 1690 4360 fidem
1733 4298 2093 4373 mediatam,
2136 4297 2227 4359 ita

659 4398 732 4454 ut
757 4409 1043 4454 assensus
1071 4394 1152 4453 sit
1177 4409 1324 4456 vere
1345 4391 1588 4455 elicitus
1611 4391 1692 4454 ab
1714 4390 1934 4452 habitu
1962 4389 2133 4465 fidei,
2164 4395 2227 4454 et

659 4485 939 4565 ejusdem
981 4485 1206 4566 speciei
1247 4503 1392 4548 cum
1431 4481 1703 4567 proprio*
1718 4491 1864 4546 actu
1897 4482 2044 4545 fidei
2076 4504 2093 4544 ε
2127 4501 2227 4544 ra-

659 4581 747 4640 tio
771 4585 890 4655 est,
919 4580 1067 4659 quia
1083 4578 1162 4642 de
1183 4579 1450 4642 essentia
1475 4577 1625 4640 fidei
1647 4583 1740 4640 est
1766 4585 1839 4639 ut
1863 4577 2222 4640 immediate

658 4670 954 4734 fundetur
1001 4672 1070 4733 in
1117 4671 1332 4734 divina
1361 4671 1756 4747 auctoritate,
1809 4677 2110 4750 tanquam
2152 4671 2219 4730 in

661 4782 788 4826 una
809 4765 1051 4826 ratione
1077 4765 1450 4828 assentiendi
1465 4781 1486 4842 3
1518 4782 1669 4845 ergo
1706 4783 1832 4828 non
1863 4771 2064 4845 potest
2090 4782 2220 4826 esse

662 4875 844 4918 verus
864 4864 1038 4921 actus
1057 4857 1226 4934 fidei,
1255 4857 1374 4920 nisi
1395 4859 1476 4920 sit
1493 4857 1571 4920 de
1589 4875 1658 4919 re
1678 4856 2039 4920 immediate
2058 4857 2223 4918 dicta

659 4970 700 5013 a
730 4951 892 5028 Deo;
924 4967 1074 5030 ergo
1097 4949 1279 5014 debet
1305 4968 1436 5014 esse
1479 4949 1632 5012 fides
1659 4950 2045 5013 immediata.
2078 4951 2223 5011 Pro-

657 5043 842 5106 batur
867 5043 1331 5124 consequentia,
1359 5045 1508 5124 quia
1543 5044 1594 5106 si
1623 5061 1723 5106 res
1749 5062 1877 5106 non
1905 5045 1987 5106 sit
1998 5046 2225 5120 ‚imme-

657 5139 824 5202 diate
847 5156 890 5200 a
937 5138 1060 5200 Deo
1106 5138 1293 5215 dicta,
1343 5129 1470 5202 non
1521 5144 1725 5218 potest
1765 5154 1896 5202 esse
1939 5137 2073 5200 sola
2114 5138 2224 5200 Dei

656 5233 990 5296 auctoritas
1053 5233 1212 5297 ratio
1265 5232 1677 5308 assentiendi,
1745 5231 1894 5312 quia
1947 5249 2226 5294 necessa-

654 5326 822 5388 rium
849 5332 940 5388 est
966 5324 1090 5388 alia
1114 5325 1218 5387 via
1241 5343 1633 5404 cognoscere,
1665 5325 1830 5404 quod
1853 5327 1932 5388 sit
1956 5323 2225 5388 mediate

658 5425 724 5482 et
747 5417 926 5498 quasi
969 5423 1207 5483 remote
1252 5423 1546 5488 contenta
1585 5418 1655 5480 in
1705 5418 1900 5480 altero
1947 5419 2230 5498 proxime

657 5511 964 5590 revelato,
989 5510 1158 5574 unde
1185 5512 1373 5574 etiam
1397 5511 1666 5573 sumitur
1689 5511 1868 5587 ratio,
1895 5512 2043 5592 quia
2071 5511 2226 5574 illud

1060 5613 1106 5630 Q

1833 365 2070 420 msPUT.
2105 365 2187 420 Vi.
2224 366 2305 420 ΒΕ
2336 366 2500 420 AcTu
2531 367 2712 422 mut-21.

2306 468 2477 550 quod
2504 469 2745 531 elicitur
2768 487 2847 532 ex
2874 469 3181 548 revelatis,
3210 491 3331 535 non
3350 482 3649 555 potestesse
3668 495 3758 554 tam

2308 570 2569 640 certum,
2600 565 2759 624 sicut
2787 564 2853 626 id
2885 563 3051 644 quod
3075 567 3345 644 proxime
3365 574 3651 642 revelatum
3668 593 3759 664 ως

2313 675 2463 736 ergo
2489 656 2596 718 ille
2629 675 2911 720 assensus
2955 658 3256 721 mediatus
3296 680 3415 724 non
3448 674 3528 728 est
3558 671 3691 750 fidei,
3719 687 3762 740 et

2316 756 2763 830 consequenter
2802 769 2927 814 non
2976 758 3067 813 est
3106 751 3256 814 fides
3302 757 3559 838 mediata,
3594 766 3685 828 nisi
3708 771 3761 832 de
3799 813 3800 840 p

2315 843 2570 906 nomine
2609 845 2691 905 sit
2717 845 2997 924 quaestio.
3028 846 3105 906 Et
3149 847 3523 913 confirmatur
3555 860 3759 938 tandem

2314 939 2463 1016 quia
2497 937 2600 999 ille
2644 955 2923 1000 assensus
2969 939 3271 1000 mediatus
3310 949 3395 1004 est
3432 944 3757 1033 theologiam

2314 1029 2519 1091 nullus
2542 1030 2712 1092 enim
2740 1030 2899 1124 alius
2920 1033 3177 1110 cogitari
3192 1039 3403 1113 potest,
3422 1040 3519 1116 qui
3534 1041 3597 1102 ad
3620 1046 3757 1108 Theo·
3799 1047 3800 1050 ’

2310 1123 2541 1200 logiam
2588 1125 2919 1204 pertineat.
2968 1124 3301 1204 Theologia
3348 1138 3535 1192 autem
3572 1141 3622 1194 ct
3658 1137 3757 1200 fides

2308 1216 2601 1278 distincta
2626 1223 2793 1294 sunt,
2824 1218 3019 1278 sicut
3004 1236 3070 1278 in
3108 1216 3430 1297 habitibus,
3458 1222 3535 1284 ita
3558 1228 3755 1292 etiamn
3799 1215 3800 1286 Ῑ

2309 1309 2571 1386 actibus,
2593 1316 2666 1371 ut
2702 1329 2871 1372 nunc
2896 1328 3212 1390 suppono,
3248 1327 3311 1374 et
3326 1315 3529 1392 juvant
3560 1318 3756 1382 dictasi-
3799 1313 3800 1382 ἦ

2311 1421 2449 1483 pra,
2478 1403 2711 1483 disput.
2745 1404 2807 1480 3,
2838 1411 2983 1466 sect.
3015 1408 3117 1480 11,
3149 1423 3377 1466 anum.
3406 1410 3463 1482 7,
3489 1417 3543 1470 et
3564 1413 3751 1492 attinge·
3799 1399 3800 1402 ¹

2309 1503 2417 1557 tur
2434 1497 2703 1559 sectione
2732 1498 3038 1577 sequenti,
3059 1515 3237 1560 num.
3264 1501 3339 1561 10
3346 1515 3369 1576 5
3396 1517 3527 1579 ergo
3550 1503 3635 1564 illa
3656 1505 3754 1568 fides
3799 1513 3800 1538 l

2310 1590 2582 1652 mediata
2606 1608 2730 1651 non
2774 1598 2869 1652 est
2909 1593 3031 1652 nisi
3074 1591 3430 1670 Theologia,
3472 1601 3527 1656 et
3548 1595 3659 1662 idco
3678 1619 3759 1662 non
3799 1609 3800 1612 ’

2312 1688 2553 1762 oportet
2589 1683 2792 1744 verbis
2826 1684 3157 1763 aequivocis
3180 1685 3295 1746 uti.

2395 1779 2494 1838 11.
2543 1774 2935 1839 Concludam·
2962 1777 3150 1839 totius
3176 1778 3446 1842 sectionis
3466 1781 3759 1846 resolutio.-

2312 1869 2402 1930 Ex
2430 1868 2656 1950 quibus
2680 1868 2973 1932 omnibus
3001 1871 3257 1932 tandem
3284 1869 3588 1950 concludo,
3619 1883 3757 1938 actum
3799 1875 3800 1888 ¹

2308 1963 2454 2026 fidei
2480 1966 2546 2026 in
2574 1984 2664 2041 se,
2694 1966 2851 2026 etin
2878 1965 3223 2028 substantia
3248 1985 3381 2042 sua,
3419 1975 3477 2030 et
3498 1971 3661 2048 specie
3680 1991 3758 2034 non

2310 2057 2734 2138 multiplicari,
2777 2059 3021 2120 etiamsi
3058 2059 3470 2139 nominaejus
3490 2079 3557 2122 ex
3581 2063 3757 2126 diversis

2309 2151 2723 2214 accidentibus
2778 2151 2880 2214 vel
2922 2151 3305 2232 respectibus
3352 2153 3756 2234 multiplicentur.
3799 2153 3800 2232 ᾖ

2310 2246 2438 2306 Hoc
2466 2251 2633 2324 patet
2658 2263 2738 2306 ex
2760 2243 3042 2306 discursu
3065 2244 3235 2306 facto
3256 2263 3364 2325 per
3378 2263 3570 2308 omnes
3586 2250 3759 2327 predic·
3799 2239 3800 2286 3

2308 2343 2403 2398 tas
2422 2337 2794 2416 divisiones3
2834 2345 2897 2399 et
2926 2339 3085 2400 ratio
3110 2355 3149 2398 a
3171 2339 3365 2418 priori
3388 2344 3501 2416 est,
3526 2340 3643 2420 quia
3658 2343 3759 2402 ratio

2306 2430 2586 2492 formalis
2615 2430 2842 2511 objecti
2876 2431 3020 2494 fidei
3060 2440 3151 2492 est
3180 2431 3365 2494 unica
3396 2438 3454 2494 et
3486 2433 3763 2512 simplicissi

2308 2542 2413 2586 ma
2428 2568 2449 2600 ‚
2489 2531 2553 2586 et
2572 2523 2713 2586 ideo
2734 2525 2851 2587 sub
2876 2525 2987 2586 tali
3014 2525 3201 2586 modo
3229 2525 3391 2586 cadit
3412 2526 3477 2588 in
3494 2527 3664 2588 omnia
3677 2545 3760 2588 cm·

2307 2616 2523 2678 dibilia
2535 2662 2557 2694 ,
2596 2635 2672 2680 ac
2694 2623 3019 2698 propterea
3042 2618 3149 2680 dat
3176 2619 3525 2698 proedictam
3546 2621 3759 2682 unitatem

2306 2709 2547 2771 actibus
2578 2709 2763 2786 fidei3
2812 2729 2960 2772 nam
3004 2711 3137 2774 sola
3174 2711 3484 2775 diversitas
3522 2713 3761 2774 materialis

2312 2801 2410 2863 vel
2432 2803 2557 2866 alia
2585 2804 2851 2866 varietas
2882 2804 2952 2865 in
2974 2804 3451 2867 circumstantiis
3472 2805 3759 2866 accidentali·

2309 2895 2449 2973 bus,
2500 2915 2627 2958 non
2670 2897 2991 2958 constituit
3038 2897 3461 2960 diversitatem
3502 2899 3561 2960 in
3603 2898 3762 2958 actibus

2306 2989 2679 3070 specificam,
2704 2991 2811 3052 sed
2836 2991 2917 3052 ad
2938 3008 3259 3052 summum
3278 2994 3641 3069 numericam,
3658 3001 3705 3052 ut
3716 3011 3763 3052 ex
3799 3057 3800 3062 η

2306 3083 2629 3163 principiis
2672 3082 3108 3164 Metaphysicae
3150 3103 3431 3166 suppono
3450 3129 3471 3162 ,
3513 3103 3673 3164 neque
3701 3084 3763 3144 hie

2308 3176 2637 3256 specialem
2667 3175 3093 3240 difficultatem
3122 3186 3235 3240 aut
3260 3181 3551 3242 rationem
3572 3179 3758 3240 invenio.

2924 3421 3143 3475 SECTIO
3176 3423 3263 3475 lv.

2323 3607 2544 3672 Utrum
2578 3623 2859 3672 assensus
2882 3608 3029 3685 fidei
3051 3625 3161 3689 per
3190 3611 3520 3674 discursum
3539 3607 3769 3670 eliciatur?

2389 3839 2418 3898 1
2432 3880 2449 3896 .
2497 3835 2745 3900 Certum
2784 3841 2877 3900 est
2908 3837 3260 3902 discursum
3298 3839 3608 3904 antecedere
3626 3837 3769 3898 mu

2308 3930 2393 3992 ad
2422 3930 2629 4010 fidem.
2683 3964 2761 3975 —-
2818 3930 3069 3992 Duobus
3122 3931 3331 3992 modis
3370 3930 3610 4009 intelligi
3642 3931 3770 4008 potest

2310 4022 2628 4084 discursus
2650 4040 2781 4084 esse
2798 4024 3180 4086 necessarius
3202 4024 3287 4086 ad
3314 4031 3513 4086 actum
3532 4022 3671 4086 fidei:
3691 4035 3770 4080 uuo

2309 4115 2519 4193 modo,
2570 4116 3003 4178 antecedenter
3042 4125 3104 4179 et
3152 4119 3337 4196 quasi
3372 4123 3615 4192 remote,
3642 4123 3691 4177 ct
3710 4131 3773 4172 ve-

2306 4209 2425 4272 luti
2442 4227 2629 4272 causa
2652 4229 2763 4290 per
2786 4209 3091 4287 accidens3
3116 4211 3245 4274 alio
3266 4212 3447 4274 modo
3476 4211 3717 4292 proxime,
3731 4213 3769 4265 et

2304 4310 2603 4383 tanquam
2624 4321 2811 4366 causa
2824 4322 2937 4384 per
2954 4322 3041 4368 se.
3061 4305 3146 4365 De
3166 4307 3360 4384 priori
3382 4323 3591 4384 genere
3610 4304 3771 4364 discur-

2304 4414 2407 4458 sus
2436 4397 2609 4459 nulla
2624 4402 2717 4458 est
2738 4397 3021 4476 quaestio,
3052 4399 3201 4477 quia
3219 4398 3599 4462 manifestum
3614 4399 3701 4468 cst,
3722 4389 3769 4450 ad

2306 4490 2497 4552 fidem
2528 4489 2998 4570 concipiendam
3031 4489 3313 4554 humano
3342 4491 3553 4566 modo,
3578 4503 3771 4550 necessa·

2304 4583 2471 4644 rium
2492 4601 2623 4646 esse
2641 4584 3012 4659 discursum,
3030 4583 3251 4646 saltem
3272 4584 3356 4646 ad
3368 4581 3713 4664 judicandum
3724 4575 3771 4634 de

2304 4675 2711 4738 credibilitate
2752 4674 2977 4755 objecti
3018 4677 3321 4756 propositi
3348 4684 3411 4738 et
3436 4677 3507 4738 de
3536 4665 3773 4736 sufficienti

2306 4769 2745 4849 propositione.
2802 4769 2953 4830 Item
2998 4787 3159 4849 saepe
3198 4776 3403 4850 potest
3436 4787 3555 4832 asse
3580 4779 3773 4828 necessa·

2304 4863 2435 4924 rius
2480 4862 2559 4924 ad
2614 4862 2883 4942 perfecte
2936 4862 3373 4943 concipiendos
3419 4862 3705 4932 termium,
3736 4859 3771 4914 et

2303 4954 2457 5035 quid
2478 4954 2593 5017 sub
2616 4955 2707 5018 eis
2728 4954 3307 5035 comprehendatur,
3334 4968 3404 5020 ut
3422 4957 3555 5018 satis
3574 4972 3637 5016 ex
3652 4963 3771 5027 supa

2304 5050 2485 5112 dictis
2518 5049 2587 5111 in
2626 5050 2859 5130 disput.
2905 5052 2945 5111 4
2982 5059 3246 5114 constat.
3290 5053 3400 5114 Est
3432 5067 3567 5129 ergo
3596 5041 3771 5128 qimstio

2305 5141 2382 5206 de
2409 5142 2735 5224 posteriori
2766 5144 2953 5206 modo
2974 5190 3001 5220 ,
3042 5143 3297 5225 quando
3322 5146 3611 5208 discursus
3634 5133 3769 5218 proxi·

2306 5251 2406 5296 me
2420 5245 2485 5296 et
2498 5251 2609 5315 per
2624 5253 2689 5296 se
2704 5237 3037 5314 concurrit,
3058 5238 3215 5302 sicut
3239 5243 3307 5300 in
3332 5237 3571 5300 scientia
3586 5243 3769 5296 concur·

2304 5346 2440 5390 rere
2464 5327 2641 5390 solet.
2672 5328 2747 5389 Et
2770 5329 2839 5390 in
2862 5329 2979 5391 hoc
3000 5337 3092 5392 est
3118 5331 3377 5394 ulterius
3396 5323 3767 5392 advertendum.

2302 5419 2551 5484 duobus..
2580 5421 2783 5486 modis
2822 5441 3000 5503 posse
3036 5423 3173 5486 fieri
3207 5424 3379 5489 hunc
3416 5422 3705 5486 discursum
3732 5413 3773 5470 in

2300 5513 2543 5594 objecto
2570 5514 2737 5576 fidei.
2776 5515 2981 5577 Primo
3006 5518 3171 5580 inter
3192 5518 3497 5597 objectum
3518 5509 3719 5576 formale
3734 5507 3773 5562 ὑῒ
