3900 6217
486 510 633 553 nem
681 492 763 554 ad
813 492 1128 573 objectum
1182 492 1445 553 formale
1486 493 1632 556 fidei
1680 494 2044 555 suffi·.·e1·e¹.

488 586 636 649 Haec
664 586 925 648 assertio
954 588 1237 667 sequitur
1276 593 1489 665 aperte
1522 606 1599 649 ex
1638 588 2050 651 fundamento

487 679 725 759 posilo;
758 679 867 740 sed
897 687 1193 759 pra’terea
1226 681 1527 760 probatur
1555 680 1757 760 primo
1787 699 1865 741 ex
1894 679 2052 743 Scri-

488 778 694 851 ptura,
715 773 777 832 in
804 791 927 851 qua
946 773 1213 853 legimus
1232 774 1463 834 multas
1492 773 1905 834 revelationes
1928 772 2054 851 pri-

488 864 679 925 vatim
706 863 923 939 factas,
957 866 1143 928 etiam
1169 866 1246 927 de
1277 866 1464 927 rebus
1492 866 1783 928 humanis
1814 872 1876 927 et
1896 872 2056 927 tem-

490 958 830 1037 poralibus,
864 965 924 1019 et
951 958 1355 1019 nihilominus
1390 958 1548 1021 fides
1577 959 1721 1020 inde
1751 962 2054 1037 concepta

490 1052 781 1113 laudatur
824 1060 1125 1133 tanquam
1171 1053 1329 1115 fides
1360 1054 1570 1114 divina
1615 1054 1897 1133 ejusdem
1952 1070 2055 1113 ex·

492 1146 793 1207 cellentiae
856 1164 996 1207 curn
1042 1164 1441 1227 quacumque
1494 1148 1650 1218 alia;
1685 1148 1773 1207 sic
1828 1146 2056 1207 Paulus

492 1239 573 1300 ad
604 1240 789 1300 Hebr.
818 1242 881 1301 11
900 1287 915 1313 ,
933 1239 1150 1301 laudat
1173 1238 1363 1301 fidem
1384 1240 1553 1302 Sarae
1583 1240 1645 1302 in
1672 1238 2054 1301 revelatione

492 1332 571 1395 de
605 1332 813 1393 futuro
842 1332 993 1405 filio,
1026 1339 1088 1394 et
1116 1334 1262 1411 quia
1311 1334 1373 1393 in
1400 1333 1703 1413 principio
1734 1331 1911 1395 tarda
1939 1331 2054 1395 fuit

493 1426 557 1485 in
586 1425 927 1501 credendO,
960 1425 1441 1505 reprehenditur
1487 1427 1551 1486 in
1602 1426 1865 1499 Genesi;
1898 1425 2057 1486 sicut

492 1519 681 1580 etiam
712 1519 1132 1597 reprehensus
1164 1518 1279 1580 fuit
1308 1520 1595 1581 Zachar..
1622 1519 1769 1581 Luc.
1806 1523 1821 1579 l
1846 1534 1865 1597 ;
1892 1523 1956 1579 et
1979 1517 2056 1579 si-

492 1612 674 1672 miles
734 1612 1147 1674 revelationes
1226 1612 1521 1691 leguntur
1578 1612 1941 1691 frequenter
1991 1610 2056 1671 in

496 1704 836 1783 ScrIptura,
874 1705 1219 1785 praesertim
1248 1706 1311 1765 in
1329 1706 1725 1767 Testamento
1743 1706 1933 1765 veteri
1958 1723 1974 1775 ς
1995 1709 2058 1765 et

496 1796 557 1857 in
588 1814 750 1857 novo
781 1817 906 1859 non
934 1798 1163 1859 desunt
1190 1799 1443 1877 aliqum.
1474 1799 1819 1877 pra-sertim
1843 1799 1903 1857 in
1937 1801 2057 1860 Ac-

494 1890 661 1951 tibus
694 1892 1155 1971 Apostolorum,
1201 1893 1367 1953 unde
1400 1892 1588 1953 etiam
1628 1892 1856 1953 Paulus
1880 1892 2055 1969 dixit,

496 1988 525 2045 1
556 1984 633 2045 ad
651 1985 929 2046 Thessal.
957 1990 994 2048 5
1012 2005 1025 2047 ε
1046 1988 1410 2069 Prophetias
1427 1986 1609 2050 nolite
1622 2003 1899 2068 spernere
1914 2001 1933 2061 ;
1967 2004 2062 2046 se-

496 2076 701 2139 cundo
744 2078 1041 2157 probatur
1070 2098 1147 2141 ex
1183 2079 1451 2141 Concilio
1479 2079 1861 2151 Tridentin0,
1900 2096 2056 2139 sess,

494 2174 556 2244 6,
580 2189 633 2232 c.
666 2170 1063 2246 duodecimo,
1094 2172 1196 2233 ubi
1228 2174 1311 2233 5iit
1339 2172 1655 2235 neminem
1682 2190 1871 2251 posse
1900 2172 2058 2233 scire

494 2265 601 2343 qui
632 2266 753 2326 sint
781 2284 817 2325 a
857 2266 987 2327 Deo
1031 2266 1235 2339 electi,
1284 2266 1402 2327 nisi
1440 2285 1555 2346 per
1594 2266 1931 2345 specialem
1962 2283 2059 2326 re-

492 2358 895 2430 velationem,
925 2366 985 2421 et
1022 2359 1083 2420 in
1137 2378 1276 2421 can.
1316 2361 1411 2427 16,
1442 2359 1723 2421 similiter
1756 2358 1902 2420 dicit
1949 2376 2058 2419 ne·

492 2452 729 2512 minem
784 2470 967 2531 posse
1017 2470 1153 2513 esse
1197 2456 1439 2515 certum
1494 2453 1865 2515 certitudine
1907 2451 2056 2513 fidei

493 2544 572 2607 de
618 2563 730 2605 sua
761 2546 984 2623 gratia,
1021 2545 1119 2605 vel
1167 2546 1381 2607 futura
1420 2546 1905 2625 perseverantia,
1936 2544 2057 2605 nisi

492 2656 608 2717 per
635 2637 973 2715 specialem
994 2638 1461 2709 revelationem,
1496 2638 1601 2700 ubi
1636 2638 1803 2699 clare
1832 2656 2058 2717 suppo-

494 2728 583 2788 nit
612 2735 674 2790 et
702 2730 864 2790 hanc
908 2731 1352 2793 revelationem
1394 2750 1530 2793 esse
1582 2731 1966 2811 possibilem,
2001 2734 2062 2793 ct

496 2822 909 2883 sufficientem
952 2824 1031 2884 ad
1062 2825 1445 2885 causandum
1486 2832 1721 2886 certam
1748 2824 1964 2897 fidem,
1999 2829 2061 2885 et

492 2914 643 2977 dum
667 2915 822 2975 nihil
851 2914 1173 2996 distinguit
1208 2916 1287 2977 de
1312 2918 1457 2989 lide,
1488 2918 1637 2978 satis
1666 2917 1899 2979 indicat
1920 2934 2058 2979 esse

494 3008 783 3069 eamdem
825 3028 949 3089 qua
1022 3016 1249 3071 caeiera
1294 3010 1633 3073 creduntur
1670 3030 1684 3071 ε
1722 3010 1951 3071 deinde
1993 3010 2058 3069 iu

493 3100 763 3163 Concilio
794 3100 1195 3163 Later-ancus.
1252 3104 1370 3163 sub
1408 3104 1718 3185 Leone-X,
1765 3122 1919 3164 sess·
1958 3108 2053 3175 11,

493 3195 903 3273 prohibentur
934 3195 1251 3273 praedicari
1282 3198 1701 3258 revelationes
1752 3196 2056 3277 speciales

494 3287 571 3349 de
594 3289 805 3364 rebus,
849 3288 1097 3358 futuris,
1148 3290 1283 3350 sine
1338 3291 1625 3351 examine
1654 3296 1719 3353 et
1744 3290 2056 3369 approba-

492 3378 663 3442 tione
696 3382 1009 3455 Ecclesiae,
1055 3383 1119 3443 in
1158 3400 1281 3461 quo
1329 3384 1519 3444 etiam
1568 3384 1863 3462 supponit
1903 3383 2059 3444 tales

493 3476 903 3537 revelationes
932 3494 1117 3554 posse
1157 3477 1445 3539 sufficere
1478 3476 1560 3537 ad
1586 3493 1804 3537 veram
1824 3475 2056 3550 fidem3

495 3566 581 3627 sic
613 3566 797 3627 etiarn
836 3566 1231 3629 innocentius
1261 3568 1364 3642 111,
1402 3568 1465 3629 in
1510 3584 1647 3645 cap.
1680 3566 1829 3630 Cum
1866 3585 1940 3629 em
1965 3568 2064 3629 in·

480 3661 724 3740 juncta,
756 3659 835 3721 de
868 3660 1209 3731 Haereticis,
1242 3661 1393 3723 dicit
1415 3660 1781 3721 revelationi
1806 3660 2062 3740 speciali

495 3769 622 3811 non
674 3770 813 3813 esse
855 3753 1280 3815 adhibendam
1334 3753 1549 3827 fidem,
1594 3754 1714 3814 nisi
1760 3754 2061 3815 miraculo

497 3846 940 3923 confirmetur;
964 3848 1238 3927 loquitur
1253 3854 1465 3909 autem
1490 3854 1775 3927 respectu
1798 3848 2060 3909 aliorum

496 3939 603 4018 qui
633 3938 801 3999 illam
844 3941 1127 4016 audiunt,
1163 3960 1287 4003 non
1318 3944 1424 4023 qui
1462 3942 1789 4021 recipiunt,
1828 3949 1893 4003 ut
1940 3942 2063 4003 late

498 4033 751 4110 exponit
780 4035 1107 4109 Abulens„
1138 4036 1203 4096 in
1234 4055 1371 4115 cap.
1407 4039 1445 4097 4
1472 4036 1715 4108 Matth„
1736 4055 1810 4114 ,q.
1856 4036 1972 4096 120
2003 4041 2065 4096 et

500 4128 639 4198 121,
675 4127 739 4187 in
770 4146 894 4207 quo
919 4130 1105 4189 etiam
1129 4129 1501 4209 supponitur
1528 4128 1895 4189 sufficientia
1926 4128 2064 4189 talis

497 4220 916 4291 revelationis,
938 4228 1241 4299 quantum
1271 4228 1365 4282 est
1390 4241 1467 4281 ex
1488 4229 1661 4301 parte
1684 4221 1909 4300 obiecti
1939 4221 2062 4282 for-

497 4313 678 4374 malis
714 4312 885 4375 fidei.
918 4315 1126 4377 Tertio
1160 4315 1463 4393 probatur
1492 4316 1759 4388 ratione,
1792 4315 1939 4393 quia
1963 4334 2062 4375 as·-

497 4424 718 4467 sensus
740 4414 1030 4469 causatus
1062 4427 1141 4469 ex
1161 4408 1263 4467 illa
1294 4408 1677 4469 revelatione
1712 4415 1805 4470 est
1844 4426 1923 4469 ex
1961 4426 2062 4470 eo-

497 4500 641 4561 dem
671 4500 911 4563 formali
941 4503 1196 4575 metire,
1226 4508 1287 4565 et
1313 4520 1389 4563 ex
1414 4502 1637 4563 eadem
1680 4502 2060 4581 obligatione

499 4593 848 4670 captivandi
892 4595 1275 4656 intellectum
1302 4596 1369 4655 in
1396 4596 1767 4673 obsequium
1796 4596 1905 4656 Dei
1926 4614 1941 4667 ;
1966 4600 2064 4657 est

500 4688 689 4747 etiam
726 4686 828 4747 ille
879 4695 1056 4749 actus
1112 4689 1628 4765 supernaturaliS,
1688 4688 1771 4749 ita
1802 4694 1871 4749 ut
1930 4706 2060 4749 non

498 4779 693 4857 possit
719 4779 857 4841 fieri
909 4781 1042 4842 sine
1082 4782 1311 4841 auxilio
1344 4780 1450 4841 Dei
1475 4803 1492 4855 ;
1536 4800 1609 4842 ac
1667 4779 1937 4859 denique
1981 4780 2059 4841 de

499 4888 567 4930 se
591 4872 857 4950 pertinet
874 4874 955 4934 ad
976 4873 1145 4933 illam
1170 4874 1383 4945 fidem,
1408 4892 1546 4951 quae
1578 4880 1669 4936 est
1691 4873 2063 4935 fundamen-

499 4970 631 5025 tum
661 4965 941 5044 justitia2,
986 4972 1055 5027 ut
1101 4972 1317 5044 aperte
1367 4966 1677 5045 colligitur
1732 4985 1805 5027 ex
1876 4967 2063 5029 citato

499 5056 634 5117 loeo
676 5058 847 5117 Pauli
893 5058 975 5119 ad
1030 5058 1220 5119 Hebr.
1282 5062 1395 5129 11,
1446 5066 1509 5120 et
1558 5059 1958 5134 inductione,
2003 5066 2066 5121 et

492 5148 626 5227 jam
679 5155 882 5229 potest
924 5150 1105 5211 facile
1155 5150 1398 5211 ostendi
1452 5152 1517 5211 in
1566 5152 1859 5233 Angelis„
1902 5151 2063 5213 Ada-

498 5258 627 5315 m0,
672 5243 1027 5305 abrahamo
1064 5249 1129 5307 et
1184 5242 1343 5316 aliie,
1390 5244 1498 5323 qui
1532 5263 1659 5306 non
1698 5264 1813 5325 per
1854 5246 2063 5307 Eccle-

586 5429 601 5465 ¹
646 5425 799 5487 Vide
838 5424 998 5489 intra
1033 5426 1191 5507 disp.
1235 5428 1297 5504 6,
1330 5434 1479 5491 sect.
1508 5432 1569 5503 3,
1596 5448 1633 5491 a
1668 5449 1734 5491 n.
1758 5430 1821 5506 6,
1854 5436 1917 5492 et
1948 5429 1992 5490 l.
2025 5431 2066 5490 9

500 5518 579 5583 de
606 5520 838 5597 Gratia,
871 5540 925 5584 c.
957 5523 1016 5584 9.
1058 5542 1120 5583 n.
1153 5525 1213 5585 4.

965 390 1203 445 msrm.
1240 392 1321 443 nl.
1360 394 1439 445 DE
1472 392 1735 445 omficTo
1767 389 2036 443 Pomm!
2072 386 2254 449 rint-21,
2291 386 2370 437 ΕΤ
2403 385 2697 449 Quouono
2731 387 2813 438 AD
2849 386 3049 447 lLLUD,
3075 386 3208 441 E'rc.

2131 488 2313 565 siam,
2349 488 2462 551 sed
2503 487 2792 569 privatim
2833 488 3250 553 revelationes
3281 490 3708 569 acceperunt3

2132 602 2305 661 ergo.

2211 683 2274 739 6.
2326 676 2608 741 Secunda
2639 679 2896 741 assertio
2933 675 3231 759 bipartita
3271 679 3340 741 de
3381 675 3582 739 eadem
3609 688 3711 733 re·

2133 771 2430 835 vetativae
2448 771 2722 853 prirata.
2741 804 2822 819 -
2845 771 3134 833 Secundo
3175 770 3480 851 sequitur,
3505 773 3570 828 ct
3597 784 3714 825 as-

2137 883 2300 935 sere,
2329 882 2652 925 assensum
2688 863 2833 925 fidei
2869 864 3198 925 fiandatum
3224 864 3288 925 in
3317 861 3709 923 revelatione

2135 957 2375 1036 privata
2409 958 2789 1019 sufficienter
2817 957 3158 1037 proposita,
3190 975 3329 1017 esse
3367 974 3444 1016 ex
3473 952 3712 1015 eadem

2136 1049 2283 1122 fide,
2315 1069 2453 1131 quoe
2477 1052 2730 1112 realiter
2759 1050 3061 1111 catholica
3097 1056 3216 1123 est,
3249 1046 3536 1129 quamvis
3569 1062 3710 1105 non

2139 1145 2216 1205 sit
2245 1143 2325 1205 ab
2373 1144 2476 1204 illa
2526 1142 2891 1216 formaliter,
2922 1149 2991 1203 ut
3029 1143 3336 1205 catholica
3365 1146 3480 1201 est.
3525 1138 3712 1201 Prior

2139 1258 2284 1319 pars
2313 1237 2644 1299 manifesta
2689 1246 2784 1299 est
2833 1256 2910 1297 ex
2953 1237 3170 1313 dictis;
3201 1254 3350 1298 nam
3388 1235 3494 1295 ille
3525 1237 3714 1295 actus

2139 1338 2234 1393 est
2295 1351 2332 1393 a
2376 1331 2498 1392 fide
2553 1331 2906 1407 theolog-ica
2965 1336 3026 1391 et
3088 1330 3331 1404 infusa;
3375 1327 3486 1389 sed
3541 1324 3714 1387 fides

2137 1426 2488 1501 theologica
2519 1424 2738 1485 eadem
2775 1431 2870 1485 est
2903 1423 3153 1485 realiter
3182 1429 3244 1483 et
3287 1419 3716 1484 essentialiter

2139 1536 2282 1580 cum
2313 1518 2618 1579 catholica
2635 1532 2656 1593 3
2686 1535 2837 1595 ergo
2873 1522 3048 1578 actus
3080 1516 3182 1577 ille
3235 1516 3490 1577 realiter
3519 1518 3617 1573 est
3673 1527 3716 1571 a

2137 1610 2264 1673 fide
2301 1610 2627 1671 catholica.
2663 1608 3120 1687 Consequentia
3151 1609 3318 1669 clara
3347 1612 3462 1677 est,
3495 1610 3560 1667 et
3589 1620 3718 1663 an-

2137 1704 2436 1767 tecedens
2491 1702 2702 1783 quoad
2748 1710 3078 1781 utramque
3109 1708 3348 1781 partem
3379 1700 3529 1761 satis
3558 1714 3720 1775 pro-

2137 1798 2352 1860 batum
2383 1804 2494 1858 est.
2528 1797 2802 1858 Alteram
2832 1801 3072 1875 partem
3103 1796 3278 1874 posui
3309 1798 3567 1873 propter
3595 1808 3718 1851 au-

2140 1898 2344 1953 ctores
2367 1892 2580 1969 primae
2605 1890 2972 1965 sententiae3
3003 1889 3287 1951 videntur
3307 1886 3562 1947 enimin
3585 1884 3718 1943 hoc

2141 2003 2330 2047 sensu
2374 1985 2587 2057 locuti,
2621 1990 2682 2047 et
2727 2001 2854 2045 uon
2897 1988 2992 2045 est
3049 1982 3128 2043 de
3168 1980 3354 2043 modo
3403 1975 3720 2058 loquendi

2141 2096 2285 2141 cum
2317 2078 2408 2141 eis
2456 2076 2988 2147 contendendum,
3019 2094 3164 2137 cum
3205 2073 3310 2135 ille
3365 2070 3719 2151 probabilis

2141 2175 2260 2251 sit3
2292 2190 2440 2234 narn
2483 2172 2640 2234 fides
2685 2178 2944 2233 vocatur
2998 2169 3300 2235 catholica
3337 2187 3415 2229 ex
3439 2165 3719 2227 materia

2139 2266 2469 2327 universali
2487 2288 2504 2341 ς
2525 2266 2628 2332 ille
2648 2271 2862 2327 autem
2891 2282 3184 2325 assensus
3211 2280 3336 2323 non
3363 2268 3460 2323 est
3487 2278 3526 2321 a
3552 2257 3717 2333 fide,

2137 2366 2206 2421 ut
2235 2362 2517 2420 versatur
2565 2360 2729 2420 circa
2775 2359 2964 2419 talem
2995 2357 3360 2431 materiam3
3391 2369 3543 2433 ergo
3581 2350 3720 2413 for·

2137 2454 2384 2515 maliter
2433 2470 2562 2513 non
2609 2458 2703 2515 est
2752 2471 2786 2513 a
2831 2451 2979 2522 fide,
3021 2456 3093 2513 ut
3121 2448 3417 2513 catholica
3443 2450 3556 2519 est,
3591 2462 3718 2505 seu

2137 2554 2206 2607 ut
2245 2546 2486 2607 substat
2511 2545 2616 2606 tali
2647 2544 3163 2606 denominationi.

2217 2642 2278 2701 7.
2325 2640 2650 2703 Privatam
2677 2638 3098 2703 revelationem
3139 2636 3435 2717 νεᾶν-ἰω
3467 2634 3718 2695 tenetur

2141 2735 2392 2803 credere,
2418 2750 2536 2793 non
2563 2734 2656 2795 sie
2681 2731 2797 2793 alii
2821 2727 3546 2793 ordinarie-Rere-'atio
3569 2725 3720 2806 pri·-

2139 2832 2286 2890 tata
2314 2826 2683 2905 sufficie-nter
2724 2822 3044 2905 proposita
3095 2822 3184 2883 obl
3211 2824 3322 2903 yut
3367 2820 3551 2881 etiam
3593 2836 3722 2878 non

2137 2920 2514 3001 recipientem
2541 2918 2678 2979 licet
2707 2916 3076 2979 rara-Est
3109 2920 3318 2975 autem
3349 2912 3512 2971 eirca
3543 2912 3714 2971 hanc

2139 3016 2378 3089 partu-m
2405 3008 2880 3077 advertendum,
2905 3026 3088 3088 posse
3118 3005 3476 3085 hujusmodi
3505 3004 3722 3083 priva-

2139 3112 2266 3163 tam
2315 3103 2762 3163 revelationem
2814 3101 3190 3181 comparari,
3235 3098 3332 3159 vel
3379 3098 3460 3157 ad
3497 3097 3717 3175 ipsum

2139 3196 2546 3275 recipientem
2587 3194 2686 3255 vel
2730 3194 2810 3255 ad
2839 3194 3031 3262 alios:
3071 3210 3218 3253 nam
3251 3192 3484 3253 directe
3527 3196 3592 3251 et
3637 3206 3722 3253 ex

2137 3290 2452 3352 ordinaria
2506 3289 2850 3350 intentione
2902 3288 3044 3349 talis
3107 3286 3404 3349 revelatio
3457 3284 3725 3347 ordina-

2139 3390 2240 3445 tur
2287 3384 2366 3443 ad
2409 3382 2878 3445 instructionem
2935 3388 2998 3443 et
3055 3380 3461 3441 directionem
3513 3377 3721 3455 ipsius

2141 3476 2528 3557 recipientis;
2588 3475 2756 3535 unde
2807 3476 2910 3536 ille
2942 3474 3113 3535 solus
3159 3472 3472 3553 obligatur
3514 3470 3596 3530 ad
3627 3470 3724 3529 illi

2141 3569 2336 3633 fidem
2364 3568 2806 3639 adhibendam,
2841 3567 2943 3628 alii
2971 3583 3119 3627 vero
3145 3564 3365 3627 fideles
3395 3563 3726 3623 ordinarie

2143 3681 2270 3723 non
2302 3667 2592 3723 tenentur
2615 3661 2712 3721 his
2733 3659 2988 3738 privatis
3011 3656 3496 3720 revelationibus
3517 3654 3728 3717 fidem

2143 3756 2467 3829 adhibere,
2521 3754 2667 3833 quia
2717 3754 2836 3813 illis
2883 3770 3010 3813 non
3057 3752 3437 3813 sufficienter
3482 3766 3728 3829 propo-

2143 3856 2400 3909 nuntur.
2453 3850 2522 3909 In
2569 3848 2850 3927 utrisque
2897 3852 3112 3908 autem
3153 3850 3400 3925 oportet
3445 3843 3730 3925 probare

2147 3942 2420 4021 spiritus,
2448 3959 2529 4001 an
2577 3958 2614 4001 a
2645 3942 2768 4001 Deo
2799 3942 2944 4013 sint,
2989 3940 3150 4001 sicut
3199 3937 3444 3999 monuit
3483 3936 3730 4001 Paulus

2151 4041 2175 4097 1
2231 4036 2313 4095 ad
2353 4035 2634 4099 Thessal.
2685 4038 2745 4108 ὃ,
2789 4052 2940 4095 nam
2971 4040 3301 4113 postquam
3335 4031 3522 4092 dixit:
3551 4029 3727 4092 Pro-

2135 4128 2378 4211 phetias
2411 4129 2595 4192 nolite
2634 4145 2937 4209 spernere,
2967 4126 3176 4188 statim
3217 4124 3536 4205 adjungit:
3575 4120 3726 4185 Om-

2143 4221 2250 4285 nia
2276 4228 2476 4285 autem
2499 4222 2788 4304 probatem
2816 4221 3016 4300 prima
3047 4225 3260 4279 autem
3305 4225 3368 4279 et
3393 4217 3724 4297 praecipua

2145 4316 2428 4395 probatio
2457 4334 2596 4377 esse
2629 4314 2840 4389 debet,
2877 4319 2944 4375 ut
2975 4311 3116 4373 talis
3141 4310 3440 4372 revelatio
3467 4326 3596 4369 non
3635 4310 3726 4369 sit

2145 4408 2452 4469 contraria
2476 4408 2796 4468 catholicae
2839 4406 3158 4476 doctrinoe,
3188 4420 3396 4481 neque
3425 4421 3462 4462 a
3491 4401 3726 4473 regula

2143 4502 2432 4563 Ecclesiae
2459 4500 2764 4571 discedat,
2801 4501 2924 4559 hoc
2955 4500 3122 4559 enim
3152 4516 3342 4559 sensu
3369 4495 3520 4557 dixit
3551 4494 3726 4555 Pau-

2141 4595 2239 4655 lus
2269 4594 2349 4655 ad
2379 4594 2534 4655 Heb.
2579 4597 2650 4657 13
2679 4615 2696 4653 z
2731 4593 3040 4657 Doctmis
3066 4590 3261 4655 variis
3289 4595 3349 4653 et
3371 4588 3726 4671 percpi-inis

2141 4688 2324 4752 nolite
2350 4689 2561 4752 abduci
2578 4712 2600 4757 ;
2654 4687 2824 4748 etad
2871 4686 3070 4749 Galat.
3136 4690 3209 4745 1:
3255 4685 3337 4749 Si
3365 4682 3626 4765 angelus
3647 4682 3726 4747 de

2144 4782 2284 4845 coelo
2322 4782 2679 4865 evanqelizet
2723 4780 2928 4851 aliter,
2961 4786 3107 4849 etc.;
3156 4784 3218 4839 et
3245 4778 3432 4840 Joan.
3467 4778 3496 4835 1
3530 4776 3716 4849 Gan„

2146 4892 2198 4933 c.
2235 4876 2274 4932 2
2301 4880 2364 4933 et
2390 4875 2464 4933 4:
2503 4874 2672 4947 Quod
2693 4871 2952 4935 audistis
2981 4872 3052 4933 ab
3080 4869 3204 4932 init
3217 4871 3264 4929 1ὀ
3289 4867 3358 4929 in
3383 4867 3547 4930 vobis
3569 4884 3720 4949 per·

2143 4973 2421 5040 maneat;
2454 4968 2612 5029 etin
2665 4966 2890 5027 eodem
2939 4982 3130 5027 sensu
3157 4962 3304 5023 dicit.
3328 4962 3519 5021 infra:
3567 4960 3728 5023 Non

2146 5060 2373 5123 habetis
2397 5076 2630 5123 neeesse
2667 5064 2738 5121 ut
2791 5058 3018 5138 aliquis
3045 5058 3250 5119 doceat
3297 5071 3425 5127 vos,
3479 5052 3728 5115 scilicet

2145 5152 2378 5232 aliquid
2407 5171 2770 5232 repugnans
2801 5152 2893 5211 his
2927 5168 3067 5230 quae
3095 5148 3444 5227 accepistis,
3487 5152 3558 5208 ut
3585 5146 3724 5209 late

2147 5246 2400 5325 exponit
2423 5245 2760 5307 Anacletus
2796 5245 2988 5324 Papa,
3023 5242 3207 5321 epist.
3254 5245 3310 5314 1,
3343 5247 3407 5303 et
3448 5238 3594 5301 ideo
3630 5238 3728 5301 ait

2149 5338 2557 5419 AugustinuS,
2593 5339 2669 5399 12
2707 5336 2964 5409 Genes.,
3001 5336 3083 5397 ad
3111 5333 3404 5404 litteram,
3439 5350 3579 5411 cap.
3613 5334 3720 5405 14,

2147 5450 2273 5493 non
2325 5448 2464 5492 esse
2511 5447 2812 5511 magnum
2851 5436 3000 5491 tunc
3034 5427 3394 5489 discernere
3433 5424 3720 5506 spiritus,

2149 5522 2400 5602 quando
2427 5522 2508 5584 ad
2537 5522 2745 5602 aliqua
2771 5520 3204 5602 perduxerint,
3229 5536 3370 5599 quoe
3389 5524 3534 5581 sunt
3563 5534 3726 5579 con-
