3900 6217
716 330 885 384 SECT.
919 331 1001 382 lv.
1036 329 1119 381 AN
1152 329 1271 384 PER
1304 329 1591 382 nAEnsssm
1622 329 1745 382 VEL
1776 329 2257 384 lul-'mmmmm
2289 330 2659 395 ommium.
2697 332 2831 386 mc.

156 432 309 494 dem
324 475 351 507 ‚
398 429 510 492 sed
554 425 885 490 articulum
947 426 1413 488 resurrectionis
1461 443 1733 506 negave-

160 531 332 597 rant,
376 530 451 584 ut
481 522 647 584 idem
674 519 899 582 Paulus
914 519 1274 595 declaravit,
1300 519 1503 598 prima
1526 519 1604 580 ad
1632 521 1736 581 Ti-

160 618 365 680 moth.
396 615 699 692 secundm
748 613 1039 675 dicuntur
1066 619 1274 674 autem
1307 613 1729 691 naufragasse,

162 711 311 791 quia
338 729 590 785 navem,
616 708 679 770 id
707 714 819 784 est,
842 709 1170 770 Ecclesiam
1206 705 1627 786 perdiderunt,
1658 713 1728 768 ut

162 805 425 885 exponit
450 803 942 883 Chrysostom11S‚
974 802 1160 864 etiam
1180 819 1365 881 quam
1386 800 1613 862 habere
1638 801 1727 861 vi·

164 900 499 976 dabantur,
529 897 699 960 addit
735 897 1173 976 Hieronymus.
1206 895 1381 960 Unde
1408 895 1475 956 in
1510 894 1727 957 eadem

164 993 449 1076 Epistola
484 993 686 1074 prima
732 991 813 1052 ad
862 991 1161 1067 Timoth.,
1192 990 1391 1069 capite
1418 996 1615 1064 sexto,
1654 988 1732 1050 de

164 1089 467 1152 haeretico
520 1087 693 1148 addit
730 1083 987 1148 Paulus:
1044 1084 1357 1164 Superbus
1413 1087 1526 1157 est,
1568 1082 1729 1146 nihil

163 1184 395 1255 sciens,
424 1181 490 1242 id
519 1187 631 1254 est,
656 1178 819 1240 nihil
867 1185 1033 1240 certo
1063 1184 1127 1240 et
1160 1177 1423 1238 firmiter
1448 1177 1726 1251 credens,

163 1277 271 1340 sed
303 1279 403 1354 (ut
426 1274 771 1353 subjungit)
794 1274 1087 1355 lammam
1105 1271 1273 1336 circa
1291 1271 1651 1352 quoesttones
1672 1275 1729 1334 et

152 1388 402 1454 peyna-r
414 1370 767 1441 verbenam,-
790 1385 863 1428 ac
890 1366 1158 1444 denique
1176 1363 1254 1426 ad
1280 1362 1506 1438 Titum,
1541 1363 1727 1425 tertio

159 1463 397 1542 capite:
444 1461 786 1526 δῶκα-ηε
809 1465 902 1523 est
928 1457 1033 1539 qm·
1056 1455 1401 1535 hujusmodi
1424 1460 1537 1519 est.

244 1557 308 1616 3.
354 1555 668 1620 Probat-m·
705 1553 957 1618 secundo
1000 1568 1073 1614 em
1114 1549 1493 1614 Tridentino.
1527 1581 1610 1596 --
1632 1549 1727 1613 Et

160 1669 233 1714 ese
272 1647 597 1712 Patribus.
618 1677 703 1694 -—
727 1643 1010 1706 Secundo
1050 1643 1261 1706 docuit
1287 1642 1405 1705 hoc
1447 1661 1731 1723 expresse

158 1742 631 1818 Tridentinum,
680 1739 947 1800 sessione
988 1744 1177 1812 sexta,
1233 1738 1433 1817 capite
1490 1738 1729 1799 decimo

160 1837 406 1916 quinte,
431 1835 677 1896 dicens:
705 1831 1112 1896 Asserendum
1135 1834 1227 1895 est
1245 1849 1363 1894 non
1380 1831 1733 1910 infidelitate

156 1949 267 2012 per
298 1947 491 2012 quam
528 1933 587 1992 et
633 1929 775 2008 ipsa
817 1928 964 1998 fides
1006 1927 1338 1998 amittitur,
1394 1925 1503 1988 sed
1546 1925 1730 1988 etiam

160 2041 527 2106 quocumque
573 2022 697 2086 alio
726 2027 971 2102 peccato
1002 2020 1269 2093 mortali,
1310 2017 1582 2100 quamvis
1610 2034 1732 2078 non

160 2119 495 2182 uasis-tatur
512 2117 687 2196 fides,
734 2115 1002 2198 qratiam
1050 2115 1278 2176 amitti.
1331 2112 1555 2174 Dicunt
1583 2127 1731 2172 vero

160 2212 353 2290 aliqui
396 2211 539 2272 haec
583 2209 771 2270 verba
815 2227 944 2268 non
996 2207 1197 2268 facere
1242 2211 1473 2266 certam
1518 2203 1727 2276 fidem,

158 2307 309 2385 quia
350 2310 568 2382 postea
594 2303 663 2362 in
690 2301 1035 2364 canonibus
1065 2299 1272 2380 posuit
1295 2296 1636 2360 Concilium
1659 2297 1731 2356 il-

156 2399 281 2460 lam
306 2403 566 2476 partem
611 2395 993 2474 negativam,
1032 2392 1198 2474 quod
1219 2394 1367 2474 fides
1395 2408 1515 2452 non
1550 2391 1732 2454 amit-

154 2497 328 2556 tatur
344 2509 471 2574 per
496 2491 704 2552 omnia
737 2493 1030 2570 peccam
1074 2505 1201 2546 non
1242 2491 1451 2546 tamen
1492 2490 1733 2563 partem

158 2585 632 2658 affirmativam,
658 2581 981 2662 quodfides
1006 2580 1329 2644 amittatur
1340 2597 1451 2659 per
1475 2576 1733 2657 infideli-

162 2683 363 2742 tatem.
396 2678 523 2739 Sed
550 2677 672 2737 hoc
694 2695 816 2736 uon
846 2675 1113 2735 multum
1136 2673 1347 2748 refert,
1372 2673 1517 2752 quia
1544 2673 1733 2732 etiam

162 2772 447 2834 ‹im-trina
478 2771 761 2850 capitum
778 2769 857 2831 de
888 2768 1009 2828 fide
1030 2766 1297 2828 tenenda
1327 2772 1454 2843 est3
1496 2784 1641 2826 nam
1666 2767 1737 2825 in

170 2867 291 2927 tine
314 2865 541 2944 capitis
572 2865 673 2939 46,
712 2863 864 2924 dicit
886 2861 1253 2934 Concilium,
1288 2859 1399 2938 qui
1426 2858 1596 2920 illam
1624 2858 1737 2918 fir-

178 2963 353 3022 miter
398 2958 797 3036 fideliterque
838 2973 967 3016 non
1013 2953 1362 3028 crediderit,
1412 2951 1734 3030 justificari

172 3072 293 3114 non
330 3071 549 3134 posse;
596 3049 1005 3110 nihilominus
1045 3054 1255 3107 tamen
1294 3045 1497 3106 omitti
1532 3045 1737 3125 potuit

162 3147 265 3208 issa
282 3163 429 3226 pars
446 3147 511 3205 in
531 3161 771 3204 canone
788 3141 1105 3219 trigesimo
1134 3145 1372 3215 oetam,
1386 3140 1532 3218 quia
1558 3137 1731 3198 illam

158 3261 279 3302 non
309 3238 643 3317 negabant
686 3235 983 3310 hoeretici,
1015 3241 1229 3294 eontra
1278 3231 1735 3314 quos'canones

162 3337 299 3398 faeti
330 3339 510 3394 suut.
550 3331 748 3408 Magis
773 3328 1017 3388 videtur
1048 3327 1317 3401 obstare,
1350 3327 1493 3406 quia
1524 3326 1739 3386 Conci-

158 3430 307 3492 lium
336 3447 477 3490 non
502 3425 759 3500 directe,
804 3423 911 3484 sed
947 3423 1122 3502 quasi
1152 3422 1374 3497 obiter,
1401 3427 1465 3482 et
1490 3437 1601 3500 per
1632 3439 1735 3499 pa-

160 3522 535 3596 renthesim,
562 3517 721 3580 illud
740 3518 919 3578 docet
944 3537 959 3588 ;
992 3523 1241 3596 propter
1267 3515 1431 3595 quod
1458 3532 1583 3574 non
1607 3513 1736 3574 dixi

162 3635 287 3677 rem
308 3633 453 3678 oese
471 3613 551 3674 de
572 3611 715 3672 fide.
755 3610 1167 3672 Nihilominus
1185 3617 1418 3684 tamen,
1449 3609 1599 3687 quia
1632 3605 1739 3666 ab·

166 3711 357 3772 solute
408 3706 763 3770 Concilium
812 3703 965 3765 illud
996 3701 1291 3777 affirmat,
1350 3701 1482 3762 sine
1530 3720 1736 3763 errore

162 3803 377 3882 negari
408 3819 547 3862 non
572 3804 797 3879 potest,
842 3799 1183 3878 praesertim
1226 3813 1367 3855 cum
1407 3813 1737 3855 consensus

164 3899 345 3959 etiam
376 3897 647 3956 Pati-um
670 3891 943 3964 accedat,
970 3895 1031 3950 et
1056 3887 1365 3968 praecipue
1402 3887 1597 3948 videri
1624 3907 1739 3968 po-

164 3999 275 4052 test
310 3987 733 4066 Augustinus,
776 3984 975 4063 capite
1006 3983 1226 4062 quinto
1266 3980 1633 4056 Encliiridii,
1678 3985 1741 4043 et

160 4084 311 4144 libro
330 4082 551 4163 primo
574 4084 792 4139 contra
819 4076 1169 4156 Epistolam
1198 4074 1615 4149 Parmeniani,
1644 4093 1742 4135 ca-

164 4179 283 4256 pite
306 4175 609 4255 septimo,
654 4176 717 4232 et
760 4170 919 4230 libro
964 4168 1235 4230 secundo
1270 4167 1349 4228 de
1393 4168 1635 4246 Nuptiis
1678 4177 1741 4228 et

167 4269 654 4348 concupiscent„
691 4265 889 4344 capite
934 4263 1222 4342 septim0,
1272 4273 1335 4320 et
1375 4259 1452 4321 de
1496 4260 1741 4322 Unitate

168 4363 477 4436 Ecclesiae,
505 4357 707 4436 capite
725 4364 967 4436 quarto,
982 4361 1047 4417 et
1072 4356 1149 4414 de
1172 4353 1321 4414 Fide
1337 4359 1397 4413 et
1418 4351 1736 4432 SymbolO,

166 4458 363 4536 capite
392 4452 687 4527 deeim03
710 4457 773 4511 et
800 4449 1183 4525 Ambrosius,
1204 4447 1361 4508 libro
1391 4446 1651 4524 septimo
1674 4447 1741 4506 in

166 4552 339 4626 Luc„
380 4545 593 4625 eapite
636 4542 875 4606 decimo
902 4543 1128 4623 prim0,
1162 4549 1223 4602 et
1258 4557 1537 4601 sermone
1566 4541 1746 4619 quin-

168 4645 541 4724 quagesimo
572 4641 783 4713 tertio,
816 4643 881 4700 et
925 4638 1033 4698 alii
1076 4637 1186 4716 qui
1211 4633 1623 4696 communiter
1650 4634 1743 4693 di-

168 4745 314 4799 cunt
340 4735 682 4797 haereticos
720 4733 850 4793 solo
886 4733 1141 4792 nomine
1183 4747 1309 4792 esse
1344 4729 1740 4802 Christianos,

172 4850 309 4893 eum
334 4845 567 4892 revera
585 4825 827 4887 Christo
848 4843 974 4886 uon
996 4824 1290 4897 credant3
1326 4823 1378 4884 si
1403 4827 1613 4883 autem
1642 4839 1745 4882 ve-

172 4943 305 4985 ram
336 4921 541 4984 fidem
586 4920 657 4981 in
684 4919 927 4995 habitu,
960 4924 1023 4979 ct
1064 4918 1271 4997 quoad
1300 4916 1537 4996 aliquos
1577 4921 1749 4977 actus

178 5018 551 5088 retinerent,
582 5031 728 5074 vere
753 5031 827 5074 ac
850 5012 1097 5092 proprie
1126 5017 1325 5073 essent
1351 5009 1706 5071 Christiani.

252 5116 313 5173 4.
342 5109 451 5174 Aa
472 5107 821 5185 infidelitas
848 5108 1097 5187 physico
1138 5105 1401 5186 expellat
1420 5106 1623 5180 fidem.
1670 5137 1753 5149 -—

178 5205 526 5282 Affirmant
548 5201 1127 5282 quidam—Prima
1163 5197 1511 5261 ratim—Ut
1542 5201 1750 5256 autem

182 5300 423 5362 ratione
455 5293 849 5356 declaremus
884 5291 1049 5352 hanc
1077 5291 1428 5365 veritatem,
1460 5295 1523 5350 et
1566 5307 1756 5366 argu-

1812 429 2024 507 possit,
2049 429 2112 488 id
2151 435 2264 504 est,
2295 447 2378 490 an
2399 429 2672 508 physice,
2701 437 2763 493 et
2797 449 2876 493 ex
2902 430 3234 496 intrinseca
3277 439 3373 498 rei

1813 527 2061 597 natura,
2109 521 2207 584 vel
2235 524 2571 598 moraliter,
2599 531 2661 585 et
2690 542 2766 586 ex
2788 525 3176 590 ordinatione
3215 529 3373 591 divi-

1814 630 1915 673 na.
1977 613 2241 688 Quidam
2291 615 2460 676 enim
2514 616 2804 678 dixerunt
2855 626 3065 680 actum
3119 621 3374 684 haeresis

1814 705 2066 785 physice
2092 707 2398 787 expellere
2425 709 2708 772 habitum
2729 710 2895 786 fidei,
2945 715 3094 792 quia
3122 716 3372 777 moralis

1814 799 2088 878 expulsio
2108 807 2308 880 potest
2333 821 2462 866 esse
2497 821 2607 882 per
2632 804 3026 882 demeritum,
3050 807 3215 886 quod
3243 828 3374 870 non

1814 890 2055 965 sufficit,
2103 897 2176 953 ut
2201 893 2476 973 primum
2507 903 2944 974 argumentum
2975 899 3236 979 probare
3285 903 3376 962 vi-

1812 985 1995 1046 detur
2012 987 2214 1063 3item‚
2245 992 2391 1068 quia
2408 991 2496 1052 ita
2511 990 2844 1053 infidelitas
2867 993 3134 1055 excludit
3155 993 3369 1071 fidem,

1811 1078 1968 1140 sicut
2015 1087 2336 1158 peccatum
2384 1084 2644 1146 mortale
2679 1083 3068 1163 charitatem,
3109 1105 3253 1148 cum
3291 1089 3374 1150 sit

1811 1172 2030 1236 eadem
2075 1176 2390 1256 proportio
2440 1183 2502 1238 et
2549 1179 2896 1257 oppositi03
2952 1180 3058 1242 sed
3114 1182 3373 1244 mortale

1812 1271 2138 1347 peccatum
2167 1268 2416 1350 physice
2433 1270 2682 1351 expellit
2705 1271 3090 1349 charitatem,
3111 1280 3182 1334 ut
3195 1275 3373 1336 vide-

1809 1367 1915 1422 tur
1954 1362 2181 1424 sentire
2223 1366 2293 1425 D.
2328 1361 2618 1441 Thomas„
2656 1366 2726 1426 in
2763 1367 3023 1428 materia
3064 1367 3139 1427 de
3173 1367 3371 1430 chari-

1811 1460 1964 1530 tate,
1995 1474 2066 1517 ac
2107 1456 2289 1518 multi
2333 1457 2467 1537 ejus
2495 1457 2780 1539 discipuli
2806 1466 3184 1540 sequuntur3
3221 1479 3372 1540 ergo

1817 1549 1984 1610 idem
2007 1548 2129 1612 erit
2149 1549 2216 1612 in
2237 1552 2564 1631 praesenti3
2601 1553 2768 1614 unde
2801 1571 2912 1634 pro
2940 1553 3056 1614 hac
3085 1555 3376 1633 opinione

1815 1642 1993 1702 citari
2030 1649 2290 1722 possunt
2340 1662 2554 1706 omnes
2580 1692 2601 1722 ,
2661 1646 2772 1724 qui
2810 1648 2898 1708 ita
2943 1646 3020 1707 de
3077 1645 3374 1712 charitate

1817 1737 2112 1811 sentiunt,
2149 1737 2317 1816 quod
2343 1738 2686 1816 specialiter
2708 1738 2903 1818 aliqui
2927 1739 3207 1802 moderni
3235 1741 3375 1820 opi-

1813 1829 1947 1890 nati
1969 1836 2114 1891 sunt
2133 1853 2150 1904 3
2176 1831 2416 1911 fuitque
2438 1833 2696 1912 antiqua
2712 1833 2948 1912 opinio,
2974 1851 3164 1912 quam
3187 1833 3375 1896 refert

1814 1927 1877 1984 ct
1924 1922 2306 2001 probabilem
2356 1931 2564 1988 censet
2611 1925 2866 2002 Ocham,
2899 1927 2966 1988 in
2987 1926 3121 1988 loco
3163 1927 3372 1990 statim

1812 2016 2082 2078 citando.

1894 2113 1954 2172 5.
2001 2111 2284 2176 Secunda
2317 2113 2568 2177 assertio
2597 2113 2666 2176 in
2691 2113 2896 2178 ordine
2924 2116 3252 2178 communis
3279 2132 3376 2176 no-

1813 2205 2044 2284 yaciva,
2090 2209 2214 2268 tam
2241 2208 2438 2287 quoad
2471 2210 2744 2272 habitum
2789 2209 3150 2282 intellectus,
3199 2225 3374 2289 quam

1812 2299 2010 2378 quoad
2050 2301 2220 2380 piam
2263 2301 2660 2380 affectionem.
2712 2335 2795 2349 —
2837 2304 3144 2366 Probatur
3186 2305 3382 2382 quoad

1814 2392 2084 2454 habitum
2132 2392 2490 2468 intellectus,
2523 2400 2579 2458 et
2613 2396 2811 2475 primo
2833 2397 3230 2479 impuqnatur
3273 2413 3377 2458 σω-

1812 2485 2014 2568 pulsio
2029 2487 2292 2566 physica
2319 2489 2620 2569 effectica.
2643 2523 2718 2534 —-
2735 2491 3147 2552 Nihilominus
3169 2492 3376 2552 dicen·

1815 2581 1964 2641 dum
1987 2597 2226 2650 censen,
2255 2581 2416 2661 quod
2435 2583 2566 2661 jam
2595 2581 2752 2644 libro
2780 2585 3106 2645 undecimo
3133 2586 3206 2646 de
3226 2584 3378 2646 Gra·

1815 2675 1925 2750 tia,
1987 2674 2188 2752 capite
2235 2677 2539 2754 septimo,
2567 2694 2634 2736 ,ει
2691 2695 2952 2740 numero
3005 2679 3372 2755 undecimO,

1814 2769 2052 2847 scripsi,
2078 2767 2362 2829 habitum
2393 2769 2541 2831 fidei
2567 2789 2694 2832 non
2721 2773 2940 2853 expelii
2985 2774 3236 2854 physice
3269 2792 3378 2852 per

1815 2867 2136 2942 peccatum
2187 2862 2587 2924 infidelitatis.
2637 2865 2779 2926 Haec
2847 2873 2938 2928 est
2989 2869 3378 2928 communior

1816 2955 2144 3029 sententia,
2175 2973 2362 3034 quam
2391 2963 2558 3020 tenet
2580 2959 3036 3036 Bonaventura,
3071 2961 3134 3020 in
3162 2961 3372 3036 terti0,

1818 3048 2211 3110 distinctione
2236 3051 2534 3126 vigesima
2553 3053 2838 3130 septima,
2859 3053 3119 3113 articulo
3148 3054 3373 3133 prim0,

1822 3141 2162 3221 quaestione
2204 3149 2447 3220 quarta,
2507 3150 2570 3204 et
2613 3145 3008 3206 distinctione
3059 3147 3376 3224 trigesima
3477 3142 3482 3148 ’

1818 3238 2040 3314 prima,
2086 3236 2344 3297 articulo
2390 3237 2613 3316 primo,
2642 3241 2983 3319 quaestione
3021 3241 3244 3319 prima,
3296 3238 3375 3300 ad

1817 3329 2196 3408 secundum3
2255 3336 2316 3390 et
2363 3330 2710 3404 Durandus‚
2741 3333 2994 3409 ibidem,
3039 3335 3379 3412 quaestione

1817 3425 2048 3505 prima,
2075 3424 2150 3484 ad
2185 3425 2485 3504 primum,
2514 3432 2575 3486 et
2623 3427 2691 3486 in
2736 3427 2956 3506 primo,
2989 3427 3379 3488 distinctione

1818 3518 2056 3578 decima
2103 3518 2390 3596 septima,
2445 3521 2783 3598 qnaestione
2811 3521 3089 3595 decima3
3139 3520 3374 3595 Scotum,

1818 3611 1884 3670 in
1914 3612 1976 3684 3,
2030 3611 2423 3671 distinctione
2467 3613 2764 3685 vigesima
2791 3616 2995 3689 tertia,
3044 3615 3378 3694 quoestione

1818 3704 2044 3784 prima,
2067 3703 2143 3764 ad
2163 3705 2432 3783 primum
2460 3727 2476 3779 ;
2507 3707 2773 3783 Gabriel,
2798 3708 3133 3785 quaestione
3165 3727 3379 3768 secun-

1818 3797 1919 3872 da,
1981 3797 2240 3856 articulo
2295 3801 2496 3869 tertio,
2541 3799 2732 3861 dubio
2783 3801 3105 3878 secund03
3154 3807 3214 3861 et
3264 3801 3380 3862 ihi-

1818 3891 1962 3952 dem
1990 3888 2335 3970 Almaynus
2373 3897 2435 3952 et
2462 3893 2714 3971 Ocham,
2767 3893 3130 3968 Quodlibeto
3167 3896 3374 3970 tertio,

1818 3984 2156 4064 quaestione
2201 3985 2481 4063 septima.
2545 3988 2850 4061 Quoniam
2904 4005 3051 4049 vero
3105 3989 3376 4048 diximus

1818 4077 1972 4138 duos
2013 4095 2142 4137 esse
2169 4077 2420 4138 habitus
2465 4079 2532 4139 in
2581 4079 2728 4156 fide,
2758 4099 2956 4142 unum
3009 4081 3377 4159 intellectus,

1820 4169 2086 4230 alterum
2113 4169 2470 4247 voluntatis,
2500 4179 2844 4252 neuterque
2862 4181 3074 4235 manet
3096 4175 3162 4235 in
3189 4175 3381 4236 haere-

1783 4262 1968 4347 ῥίου,
1993 4263 2067 4324 de
2093 4269 2358 4341 utroque
2381 4265 2697 4341 probanda
2723 4272 2815 4327 est
2845 4268 3121 4329 assertio.
3155 4269 3230 4329 Et
3259 4268 3383 4346 pri·

1824 4373 1927 4416 mo
1963 4355 2040 4417 de
2085 4356 2438 4434 intellectu3
2471 4376 2617 4419 nam
2651 4359 2892 4420 duobus
2939 4360 3136 4421 modis
3185 4363 3386 4438 potest

1823 4466 1949 4509 una
1977 4449 2176 4510 forma
2218 4451 2472 4529 physice
2520 4451 2827 4532 expellere
2869 4452 3080 4529 aliam,
3129 4453 3380 4529 scilicet,

1823 4541 2104 4604 effective
2133 4550 2244 4604 aut
2297 4544 2636 4605 formaliter
2654 4561 2674 4622 ;
2715 4552 2936 4606 neutro
2965 4552 3172 4606 autem
3204 4545 3385 4605 modo

1828 4642 2006 4696 actus
2041 4637 2425 4699 infidelitatis
2465 4637 2738 4699 excludit
2777 4639 3063 4700 habitum
3117 4638 3393 4700 intellec-

1826 4730 2060 4792 tualem
2080 4729 2255 4806 fidei3
2274 4749 2446 4810 ergo,
2464 4737 2583 4793 etc.
2607 4753 2622 4805 3
2647 4731 2942 4811 probatur
2965 4734 3169 4794 minor
3187 4732 3390 4812 quoad

1830 4825 2102 4904 priorem
2133 4831 2376 4902 partem
2401 4824 2478 4886 de
2507 4825 2782 4903 effectiva
2810 4826 3194 4905 expulsione,
3247 4826 3394 4905 quia

1832 4924 1982 4977 tunc
2011 4933 2138 4976 una
2165 4916 2368 4976 forma
2393 4915 2645 4995 expellit
2663 4917 2944 4979 effective
2968 4919 3181 4996 aliam,
3202 4937 3397 4998 quan·

1832 5009 1911 5070 do
1944 5009 2132 5070 efficit
2160 5009 2397 5088 aliquid
2429 5027 2570 5070 cum
2603 5029 2728 5089 quo
2757 5010 2978 5087 forma,
3023 5031 3162 5092 quae
3194 5012 3400 5091 expel-

1834 5102 2004 5177 litur,
2035 5102 2384 5164 conservari
2411 5121 2537 5164 non
2561 5109 2782 5183 potest,
2813 5111 2884 5164 ut
2907 5123 2984 5165 ex
3013 5104 3402 5184 philosophia

1836 5215 2138 5276 suppono,
2173 5215 2243 5257 ac
2291 5196 2488 5258 videri
2536 5203 2737 5275 potest
2764 5197 2831 5258 in
2879 5197 3292 5276 disputatione
3320 5197 3401 5258 45

1834 5291 2133 5370 Metaph.,
2161 5291 2428 5352 sectione
2459 5292 2728 5353 secunda
2744 5309 2764 5369 3
2795 5298 2966 5353 actus
3003 5297 3215 5352 autem
3233 5310 3402 5352 erro-

182 5400 389 5454 menta
410 5389 759 5461 solvamus,
812 5385 1123 5464 explicare
1174 5389 1415 5465 oportet
1446 5383 1758 5464 quomodo
1832 5384 1919 5445 ris
1944 5402 2069 5445 non
2119 5384 2304 5444 efficit
2335 5384 2571 5464 aliquid
2596 5387 2665 5446 in
2690 5385 3036 5461 intellectu,
3060 5385 3405 5476 formaliter

186 5504 347 5549 unus
382 5489 569 5547 actus
594 5479 983 5543 infidelitatis
1010 5485 1205 5542 totam
1236 5478 1426 5542 fidem
1453 5477 1761 5558 expellere
1828 5477 2342 5560 ,incompossibile
2387 5477 2631 5541 habitui
2676 5479 2853 5558 fidei3
2903 5497 3078 5560 ergo.
3105 5478 3407 5542 Probatur
