3900 6217
1274 313 1464 366 INDEX
1495 311 1784 366 Locomm
1817 311 2033 363 SACRAE
2065 313 2441 369 SCRIPTURAE.

245 409 367 461 Cn.
397 400 486 460 XI.
519 405 620 468 Qui
641 408 817 457 minor
853 411 927 458 est
965 407 1022 457 in
1059 421 1218 472 reque
1257 407 1515 474 caeto-rum,
1543 411 1714 472 major
1739 414 1815 460 est

313 485 421 544 itto,
458 491 607 535 tract.
636 488 688 542 3,
709 482 846 548 disp.
879 485 925 544 3,
953 489 1080 534 sect.
1110 488 1157 544 4,
1184 497 1332 536 num.
1359 489 1402 536 8.

245 562 366 612 Cn.
404 561 486 612 xl.
525 560 796 625 Prophetas
822 564 868 609 et
890 559 975 610 tex
997 574 1158 626 usque
1179 561 1249 612 ad
1285 561 1552 623 loannem,
1581 566 1730 612 tract.
1763 563 1814 624 1,

310 637 448 701 disp.
477 641 523 697 8,
549 643 678 687 sect.
705 640 756 693 3,
779 647 924 686 num.
953 639 1000 684 5.

243 713 365 764 Cn.
401 713 531 764 xw.
559 713 770 764 Modica·
789 709 930 776 fidei,
951 723 1116 776 quare
1137 710 1422 764 dubitasti?
1437 719 1586 765 tract.
1607 715 1657 775 1,
1671 709 1808 776 disp.

310 793 360 850 1,
385 793 511 840 sect.
542 791 590 846 1,
623 799 770 838 num.
803 793 832 838 5
859 795 910 838 et
933 791 982 836 8.

247 864 366 914 Cn.
405 864 530 914 xvi.
569 865 707 913 Gara
743 868 790 912 et
825 863 1041 927 sanquis
1060 877 1166 914 non
1186 861 1434 915 revelabit
1450 863 1559 925 tibi,
1589 870 1735 915 traci.
1761 866 1810 923 1,

310 939 444 1004 disp.
477 943 554 996 13,
586 944 714 990 sect.
748 943 794 996 1,
827 951 974 988 num.
1004 943 1050 988 3.
1727 947 1742 960 ·

245 1015 367 1066 Cn.
403 1015 530 1066 xvi.
573 1015 646 1065 Tu
668 1027 721 1065 es
752 1015 953 1074 Petrus,
984 1021 1132 1066 tract.
1157 1019 1204 1074 1.
1243 1015 1384 1081 disp.
1413 1020 1490 1078 10,
1518 1015 1740 1068 semion.
1783 1019 1809 1065 1

311 1102 346 1141 9.
375 1103 522 1141 num.
548 1093 626 1142 12.

248 1165 368 1216 Cn.
417 1166 543 1216 xvi.
589 1164 757 1229 Super
801 1164 936 1214 hane
974 1170 1178 1230 petram
1228 1165 1812 1227 ‹edificabo'Ecctesiam

312 1255 495 1302 meam,
521 1247 670 1292 traci.
696 1245 742 1301 1,
769 1240 908 1306 disp.
935 1245 980 1303 5,
1006 1247 1133 1292 sect.
1161 1245 1207 1302 8,
1239 1254 1386 1293 num.
1423 1245 1470 1304 1,
1493 1249 1545 1293 et
1567 1242 1705 1306 disp.
1730 1245 1810 1304 10,

313 1324 442 1368 sect.
476 1320 522 1376 1,
552 1328 583 1368 a
603 1328 748 1366 num.
776 1318 854 1366 12.

252 1392 370 1444 Cn.
407 1393 535 1443 XVI.
577 1391 671 1443 Ubi
690 1397 814 1442 sunt
834 1391 936 1442 duo
957 1391 1034 1442 vet
1069 1397 1173 1443 tres
1207 1393 1499 1457 conqreqati
1529 1393 1587 1442 in
1611 1393 1816 1444 nomine

311 1481 440 1524 meo.
467 1473 589 1527 etc„
613 1471 764 1518 tract.
790 1470 837 1527 1,
864 1467 1004 1531 disp.
1029 1473 1076 1529 5,
1101 1474 1230 1518 sect.
1259 1471 1304 1523 7,
1330 1481 1477 1519 num.
1501 1473 1550 1518 6.

247 1541 352 1593 Ciu·
405 1541 575 1593 milit.
611 1543 668 1592 si
699 1543 984 1607 peccaverit
1004 1545 1062 1592 in
1084 1543 1316 1606 tesi-ater
1335 1548 1472 1607 tuus,
1499 1549 1620 1604 etc..
1660 1549 1809 1596 tract.

313 1622 367 1676 1,
387 1616 526 1682 disp.
557 1621 640 1678 20,
661 1624 791 1669 sect.
830 1620 875 1678 ⁴,
904 1629 1050 1670 num.
1080 1620 1170 1682 1⁴3
1203 1625 1256 1670 et
1298 1625 1444 1670 tract.
1489 1623 1535 1681 3,
1577 1618 1714 1683 disp.
1763 1623 1814 1682 8,

314 1699 442 1745 sect.
474 1698 524 1753 2,
547 1704 695 1745 num.
722 1697 770 1743 2.

247 1769 366 1821 Cn».
404 1770 559 1820 xxii.
595 1769 702 1820 Hoc
727 1775 802 1820 est
829 1771 1058 1836 primum
1089 1774 1136 1819 et
1159 1771 1450 1821 maximum
1488 1770 1809 1831 mandatum,

315 1851 466 1897 traci.
496 1849 543 1906 3,
569 1845 708 1910 disp.
733 1851 779 1906 5,
803 1853 929 1896 sect.
955 1849 1001 1905 1,
1035 1858 1182 1897 num.
1216 1848 1261 1894 1.

246 1921 368 1972 Cn.
406 1921 576 1974 xxiv.
615 1921 806 1972 Coelum
837 1926 884 1972 et
921 1925 1066 1972 terra
1107 1921 1421 1982 transibunt,
1455 1921 1616 1972 verba
1643 1925 1814 1973 autem

312 2009 428 2046 mea
461 2010 564 2047 non
592 1997 907 2059 transibunt,
935 2004 1084 2048 tract.
1117 2000 1162 2058 1,
1195 1996 1393 2062 disput.
1427 2002 1473 2059 3,
1506 1999 1728 2050 Section.
1760 2005 1804 2062 5,

315 2084 458 2124 num.
485 2077 532 2121 6.

247 2147 368 2198 Gn.
407 2147 557 2198 XXV.
591 2147 664 2198 Ne
683 2149 816 2208 sorte
836 2147 1160 2199 eradicantes
1179 2149 1424 2211 zizania,
1444 2150 1717 2202 eradicetis
1735 2152 1814 2202 si-

312 2223 422 2274 mut
461 2228 508 2274 et
550 2223 801 2286 triticum,
841 2230 1042 2276 traciat.
1076 2228 1124 2285 1,
1164 2224 1360 2289 disput.
1392 2229 1477 2288 23,
1505 2225 1726 2278 section.
1763 2231 1810 2289 1,

317 2311 465 2350 num.
499 2303 546 2350 8.

249 2375 370 2426 Gn.
405 2375 579 2426 xxvi.
613 2375 754 2426 Mitte
781 2373 1010 2441 qladium
1029 2379 1174 2426 tuum
1206 2376 1265 2426 in
1301 2376 1571 2441 vaginam,
1592 2384 1741 2431 tract.
1767 2382 1813 2440 1,

249 2450 394 2514 disp.
417 2454 498 2513 20,
519 2458 648 2502 sect.
673 2455 722 2514 3,
751 2464 896 2502 num.
920 2455 1000 2502 28.

861 2567 944 2618 Ex
977 2567 1206 2620 MARCO.

252 2681 376 2732 Cn.
435 2693 632 2734 υιτιιο.
688 2681 790 2742 Qui
847 2695 954 2732 viora
1007 2683 1310 2748 crediderit,
1368 2683 1786 2736 condemnabitur
1803 2725 1816 2749 ,

321 2765 475 2810 tract.
503 2763 550 2821 1,
573 2757 711 2823 disp.
745 2762 824 2822 14,
851 2767 978 2811 sect.
1009 2763 1055 2818 ⁴.
1089 2771 1236 2812 num.
1260 2763 1338 2811 21.

895 2876 974 2925 ΕΚ
1009 2875 1190 2926 LUCA.

253 2985 375 3038 Cn.
413 2985 474 3037 ΙΙ.
509 2987 716 3038 Positus
740 2989 798 3037 in
815 2991 1004 3040 ruinas
1023 2989 1320 3050 multorum,
1346 2993 1494 3040 tract.
1515 2989 1715 3055 3,disp.
1739 2995 1820 3055 10,

320 3068 449 3113 sect.
483 3066 529 3122 3,
563 3073 712 3114 num.
743 3066 789 3113 7.

258 3137 376 3188 Cn.
423 3137 550 3189 Xlll.
598 3137 850 3203 Compette
891 3152 974 3190 eos
1013 3140 1234 3199 intrare,
1281 3145 1429 3191 tract.
1475 3142 1522 3200 1,
1567 3139 1703 3207 disp.
1738 3146 1816 3204 18,

322 3219 452 3265 sect.
477 3217 528 3274 3,
561 3227 708 3266 num.
734 3218 810 3266 12.

254 3287 375 3338 Cn.
412 3289 561 3340 xvii.
598 3289 655 3340 Si
685 3289 973 3341 habueritis
1002 3291 1167 3354 lidein,
1197 3296 1318 3351 etc..
1346 3297 1492 3342 tract.
1520 3295 1567 3354 1,
1604 3289 1743 3359 disp.
1768 3298 1816 3356 1,

319 3370 448 3416 sect.
473 3368 521 3423 1,
546 3377 694 3417 num.
722 3371 824 3417 sot
844 3371 890 3416 8.

255 3439 379 3491 Cn.
417 3442 568 3491 ΧΧΙΙ.
605 3441 714 3506 qu
737 3443 922 3506 roqavi
946 3455 1046 3506 pro
1078 3447 1139 3503 te,
1181 3443 1346 3504 Petre,
1386 3449 1446 3494 ut
1479 3458 1586 3495 uon
1622 3443 1822 3510 deficiat

319 3516 443 3579 tides
473 3523 584 3577 tua,
609 3523 734 3579 etc..
757 3521 905 3568 tract.
931 3520 980 3577 1,
1007 3515 1144 3582 disp.
1177 3522 1224 3578 9,
1251 3525 1379 3571 sect.
1410 3523 1457 3580 3,
1487 3533 1631 3572 num.
1659 3524 1703 3570 8.

786 3607 798 3614 '
849 3633 935 3686 Ex
973 3633 1224 3686 somma.

256 3745 374 3796 Cn.
413 3746 452 3797 1.
487 3746 654 3810 Super
673 3760 822 3811 quern
841 3747 1080 3797 videritis
1104 3748 1361 3813 Spiritum
1381 3749 1754 3800 descendentem
1777 3755 1822 3800 et

321 3827 628 3882 manentem,
649 3828 799 3874 tract.
825 3827 872 3884 1,
898 3823 1035 3888 uisp.
1067 3828 1113 3878 8.
1139 3831 1266 3875 sect.
1293 3828 1340 3884 6,
1369 3837 1515 3876 num.
1543 3827 1589 3876 8.

258 3895 378 3950 Cn.
415 3899 504 3949 ln.
536 3897 634 3958 Qui
668 3901 832 3950 credit
867 3912 977 3966 ejus
1015 3901 1322 3960 testimonio,
1361 3900 1672 3964 significavit
1695 3903 1824 3965 quia

321 3975 460 4026 Deus
490 3987 659 4026 verax
679 3981 772 4034 est,
810 3981 960 4027 tract.
997 3979 1044 4036 1,
1075 3973 1213 4039 disp.
1243 3979 1290 4035 3,
1325 3984 1452 4028 scot.
1484 3980 1532 4035 8,
1563 3988 1710 4027 num.
1741 3979 1787 4027 1.

257 4050 376 4102 Cn».
413 4051 495 4101 lv.
531 4050 703 4116 Neque
735 4051 792 4100 in
817 4057 984 4102 monte
1019 4050 1134 4112 Ιιοο,
1161 4064 1326 4116 neque
1359 4053 1415 4101 in
1453 4052 1824 4117 Hierosolymis

323 4126 614 4178 adoraberis
645 4128 870 4187 Patrem,
916 4133 1116 4179 tractat.
1144 4129 1191 4187 1,
1217 4126 1413 4192 disput.
1451 4131 1499 4189 9,
1527 4128 1746 4179 section.
1773 4131 1820 4191 8,

323 4217 474 4256 num.
505 4207 550 4256 7.

261 4281 378 4331 Cn.
417 4281 474 4332 V.
509 4281 567 4330 Si
583 4280 857 4332 crederetis
878 4281 1066 4345 Moysi,
1099 4280 1370 4332 crederetis
1409 4281 1588 4346 utique
1609 4286 1655 4332 et
1677 4281 1822 4342 mihi,

323 4355 410 4406 itte
447 4357 580 4406 enim
615 4357 678 4406 de
716 4370 794 4406 me
827 4359 1058 4422 scripsit,
1103 4363 1254 4410 tract.
1289 4361 1336 4418 1,
1367 4357 1503 4421 disp.
1539 4360 1585 4419 4,
1613 4365 1724 4410 scot
1773 4362 1820 4419 4,

322 4444 470 4482 num.
511 4435 555 4481 ⁴.

261 4507 494 4558 cmlvi.
531 4507 686 4558 Nemo
713 4511 876 4571 potest
914 4508 1093 4558 venire
1120 4507 1189 4558 ad
1230 4521 1329 4570 me,
1365 4507 1470 4558 nisi
1501 4509 1654 4558 Pater
1681 4521 1824 4559 meus

326 4584 551 4642 traxerit
579 4597 710 4642 eum,
741 4589 892 4634 tract.
919 4587 966 4640 1,
991 4582 1128 4647 disp.
1156 4587 1202 4640 8,
1228 4591 1356 4634 sect.
1382 4587 1409 4632 5
1456 4596 1602 4634 num.
1627 4587 1673 4634 1.

265 4658 378 4709 Cn.
421 4659 479 4708 X.
521 4659 634 4708 Erit
679 4672 838 4708 unum
879 4658 1014 4709 ovile
1055 4663 1101 4709 et
1145 4672 1279 4709 unus
1321 4664 1538 4724 pastor,
1583 4665 1730 4710 irael.
1771 4663 1820 4718 1,

325 4734 464 4797 disp.
487 4739 536 4794 9,
561 4742 690 4786 sect.
711 4739 754 4786 6.
785 4748 932 4786 num.
959 4739 1006 4784 3.

263 4810 380 4861 Cn.
417 4811 478 4861 X.
513 4811 570 4860 Si
590 4810 705 4862 illos
725 4811 864 4862 dixit
892 4812 1042 4872 Deos,
1068 4810 1138 4861 ad
1164 4823 1294 4876 quos
1323 4823 1489 4862 sermo
1529 4811 1617 4861 Dei
1655 4813 1823 4877 sactus

325 4892 417 4944 est,
441 4893 488 4936 et
514 4901 618 4938 non
647 4893 810 4952 potest
836 4887 969 4938 sotvi
991 4888 1286 4952 Scriptura,
1332 4893 1479 4938 tract.
1519 4891 1565 4948 1,
1601 4887 1738 4952 disp.
1773 4894 1818 4950 5,

323 4971 452 5016 sect.
483 4969 530 5025 3,
563 4977 709 5016 num.
736 4969 781 5016 6.
1392 4967 1402 4974 '

257 5040 374 5091 Cae.
412 5042 520 5092 ΧΙΙ.
556 5041 621 5090 Et
653 5039 982 5090 crediderunt
1010 5040 1068 5090 in
1099 5052 1231 5100 eum,
1261 5043 1386 5096 eie..
1418 5045 1566 5090 tract.
1593 5043 1638 5091 1.
1681 5039 1818 5105 disp.

319 5119 367 5177 2,
393 5123 519 5168 sect.
549 5121 598 5175 5,
621 5129 769 5166 num.
798 5118 875 5165 12.

258 5191 375 5242 Cn.
411 5191 516 5243 XV.
553 5193 608 5243 St
637 5205 742 5242 non
764 5192 1032 5250 venissem,
1058 5195 1105 5241 et
1133 5189 1330 5241 Iocutus
1353 5193 1427 5241 eis
1456 5191 1682 5254 fuissem,
1712 5204 1823 5255 pec-

324 5275 494 5317 catum
533 5280 638 5318 non
657 5265 915 5325 haberent,
939 5273 1088 5317 tract.
1117 5269 1162 5328 1,
1190 5265 1386 5331 disput.
1423 5269 1501 5327 16,
1525 5265 1744 5318 semion.
1775 5269 1826 5329 2,

330 5357 476 5394 num.
502 5347 554 5394 2.

266 5416 385 5468 Ciu».
417 5419 565 5469 xvii.
590 5419 706 5469 Hoec
730 5422 803 5468 est
824 5421 936 5468 vita.
957 5421 1171 5476 oeterna,
1191 5421 1248 5468 ut
1269 5421 1576 5482 coqnoscant
1600 5422 1645 5466 te
1663 5416 1824 5468 solum

330 5495 490 5546 Deum
535 5507 736 5558 verum,
785 5499 831 5544 et
875 5507 1023 5559 quem
1077 5494 1268 5546 misisti
1320 5497 1492 5546 ⁴lesum
1545 5495 1825 5556 Christum,

3332 319 3450 380 765

1962 417 2108 462 tract.
2134 415 2180 472 1,
2206 411 2344 476 disp.
2368 418 2416 474 2,
2443 420 2572 466 sect.
2596 419 2644 476 1,
2668 429 2815 468 num.
2849 422 2906 478 1;
2938 423 2991 470 et
3011 417 3149 484 disp.
3179 425 3226 481 8,
3252 428 3380 472 sect.
3403 426 3453 479 1,

1958 498 2106 537 num.
2136 489 2191 548 ⁴;
2215 494 2267 538 et
2288 487 2427 552 disp.
2454 493 2531 549 12,
2553 498 2681 543 sect.
2706 497 2751 548 5.
2786 505 2931 544 num.
2957 497 3033 544 14.

1895 560 2012 612 Cn.
2052 561 2179 612 xxi.
2216 563 2376 614 Pasce
2408 578 2571 628 aqnos
2594 579 2749 628 meos,
2790 580 2944 630 pasce
2970 582 3089 620 oves
3116 583 3273 631 meas,
3303 577 3451 624 tract.

1958 640 2004 694 1,
2034 635 2173 702 disp.
2194 643 2247 764 ἔ»,
2278 638 2501 692 semion.
2530 643 2575 702 8,
2604 653 2750 693 num.
2788 646 2843 706 13
2877 649 2928 696 et
2956 643 3094 710 disp.
3118 649 3197 707 10,
3238 655 3365 700 sect.
3403 652 3451 709 1,

1958 724 2159 766 anum.
2226 719 2271 765 9.

2236 830 2317 880 Ex
2354 830 2652 883 EPISTOLA
2690 834 2771 885 AD
2804 833 3109 888 ROMANOS.

1893 937 2007 988 Cn.
2047 938 2085 990 1.
2121 938 2338 991 lustitia
2369 941 2460 991 Dei
2490 941 2753 994 revelatur
2779 943 2837 993 in
2868 957 2925 995 eo
2960 944 3020 996 de
3050 945 3147 1009 lide
3190 946 3249 995 in
3286 945 3451 1010 fidem,

1957 1020 2105 1065 tract.
2132 1018 2177 1074 1,
2201 1014 2339 1081 disp.
2364 1019 2409 1078 1,
2440 1025 2567 1069 sect.
2596 1022 2890 1082 1,num.9;
2928 1027 2981 1073 et
3024 1021 3160 1086 disp.
3202 1025 3280 1083 12,
3323 1029 3452 1074 sect.

1957 1093 2005 1151 2,
2033 1102 2180 1140 num.
2218 1095 2265 1142 6.

1893 1164 2006 1216 CAe.
2050 1166 2087 1216 1.
2126 1165 2227 1226 Qui
2264 1180 2377 1218 cum
2416 1170 2769 1234 cognovissent
2802 1172 2977 1231 Deum,
3008 1186 3113 1224 non
3138 1174 3270 1224 sicut
3299 1175 3457 1226 Deum

1956 1240 2393 1306 qtorificaverunt,
2420 1245 2537 1296 ead.
2565 1251 2693 1298 sect.
2724 1250 2773 1309 2,
2795 1260 2942 1299 num.
2967 1253 3045 1299 13.

1895 1317 2012 1367 Cn».
2050 1319 2110 1369 ΙΙ.
2150 1318 2327 1370 Gentes
2351 1333 2467 1385 quoe
2487 1320 2639 1386 quem
2663 1336 2768 1372 non
2786 1323 2987 1385 habent,
3010 1323 3328 1375 naturaliter
3342 1338 3459 1390 quoe

1960 1391 2083 1457 teqis
2110 1400 2233 1444 sunt
2252 1396 2467 1458 faciunt,
2491 1395 2613 1448 eod.
2638 1409 2784 1448 num.
2813 1402 2890 1448 13.

1895 1465 2012 1518 Cn.
2053 1469 2136 1519 ΙΙΙ.
2168 1469 2431 1536 Numquid
2457 1471 2795 1524 incredulitas
2824 1487 3003 1524 eorum
3040 1475 3185 1537 fidem
3211 1477 3303 1526 Dei
3328 1489 3457 1527 eva-

1958 1544 2150 1605 cuabit,
2174 1553 2321 1597 tract..
2346 1551 2391 1596 1.
2414 1546 2551 1612 disp.
2577 1552 2627 1610 1,
2657 1557 2783 1600 sect.
2813 1552 2860 1610 1,
2885 1562 3031 1601 num.
3054 1555 3101 1601 3.

1894 1618 2011 1672 Cn.
2048 1621 2131 1672 111.
2170 1620 2263 1672 Est
2294 1627 2467 1672 autem
2502 1625 2634 1676 Deus
2670 1637 2861 1684 veram,
2899 1627 3067 1676 omnis
3110 1630 3279 1676 autem
3310 1625 3459 1678 homo

1956 1696 2199 1758 mendax,
2226 1704 2375 1748 traci.
2400 1703 2447 1758 1,
2471 1698 2607 1764 disp.
2634 1705 2682 1760 3,
2712 1706 2840 1752 sect.
2866 1705 2911 1761 5,
2940 1713 3086 1752 num.
3114 1705 3162 1752 6,.

1894 1771 2010 1822 Cn.
2050 1772 2128 1822 [V.
2166 1772 2227 1822 tn
2256 1785 2396 1837 spem
2429 1781 2611 1826 contra
2636 1789 2777 1842 spem
2801 1777 3036 1836 credidit,
3062 1783 3213 1828 tract.
3245 1781 3291 1834 1,
3314 1775 3457 1840 disp.

1958 1852 2009 1908 1,
2048 1855 2176 1899 sect.
2213 1851 2261 1910 1,
2304 1862 2450 1901 num.
2488 1855 2547 1915 7;
2580 1857 2633 1903 et
2661 1860 2808 1904 traci.
2838 1856 2889 1914 2,
2926 1851 3124 1918 disput.
3174 1856 3219 1914 1,
3245 1858 3375 1904 sect.
3406 1856 3456 1913 2,

1959 1937 2106 1975 num.
2138 1928 2185 1975 2.

1893 1999 2009 2052 Cn.
2054 2001 2135 2052 Vi.
2174 2001 2359 2052 Gratia
2385 2002 2473 2052 Dei
2504 2004 2618 2054 vita
2657 2009 2869 2070 (eterna,
2914 2009 3061 2058 tract.
3105 2007 3149 2066 1,
3197 2003 3331 2069 disp.
3376 2008 3453 2067 12,

1958 2084 2068 2128 sect
2110 2081 2157 2140 ⁴,
2195 2091 2341 2130 num.
2370 2083 2447 2130 1⁴.

1893 2151 2010 2202 Cn.
2048 2153 2131 2204 lx.
2172 2153 2423 2219 Optabam
2448 2155 2723 2206 anathema
2753 2170 2862 2208 esse
2892 2169 2992 2221 pro
3026 2155 3281 2221 {ratribus
3310 2156 3454 2216 meis,

1960 2235 2109 2282 tract.
2136 2233 2185 2290 3,
2208 2229 2345 2294 disp.
2373 2234 2419 2292 9,
2448 2239 2575 2282 sect.
2600 2235 2647 2293 1,
2673 2244 2705 2282 a
2728 2245 2873 2282 num.
2913 2234 2957 2282 ⁴.

1899 2305 2013 2356 Cu.
2050 2306 2113 2355 X.
2150 2305 2409 2366 Quomodo
2436 2307 2649 2358 audient
2684 2308 2795 2358 sine
2822 2307 3175 2372 praedicante?
3210 2307 3462 2372 quomodo

1962 2394 2087 2432 vero
2128 2381 2485 2446 proedicabunt
2517 2382 2624 2434 nisi
2646 2384 2963 2434 mittantur?
2994 2389 3141 2434 tract.
3167 2386 3214 2444 1,
3246 2382 3384 2448 disp.
3412 2386 3460 2446 ⁴,

1962 2463 2090 2508 sect.
2118 2459 2165 2517 2,
2190 2469 2337 2508 nm.
2366 2462 2411 2508 5.

1898 2532 2015 2584 Cn.
2054 2533 2112 2582 X.
2148 2532 2215 2582 Et
2250 2533 2456 2598 quidem
2496 2534 2555 2584 in
2599 2548 2797 2585 omnem
2848 2539 3045 2585 terram
3090 2535 3257 2585 exivit
3305 2547 3463 2586 sonus

1961 2620 2158 2668 eorum,
2184 2609 2309 2658 etin
2330 2607 2455 2672 fines
2476 2610 2617 2660 orbis
2638 2615 2807 2672 terrie,
2828 2616 2950 2671 ete,
2976 2617 3123 2662 tract.
3149 2615 3199 2672 1,
3221 2609 3359 2674 disp.
3382 2612 3461 2671 17,

1963 2689 2075 2734 sect
2118 2688 2164 2743 1,
2191 2695 2338 2734 num.
2363 2687 2424 2735 12
2446 2691 2498 2735 et
2512 2689 2601 2741 ,13.

1899 2758 2015 2809 Cn.
2052 2759 2161 2810 xit.
2196 2759 2446 2810 Habentes
2472 2766 2641 2811 autem
2676 2759 2977 2812 donationes
3020 2760 3297 2812 secundum
3330 2773 3461 2826 qra-

1964 2837 2109 2896 tiam,
2138 2848 2254 2899 quoe
2272 2835 2401 2885 data
2438 2841 2513 2887 est
2544 2836 2709 2892 uobis.
2739 2837 3049 2900 differentes,
3092 2837 3202 2888 sive
3236 2837 3465 2901 prophe-

1965 2911 2091 2960 tiam
2120 2911 2396 2961 secundum
2418 2915 2673 2962 rationem
2685 2911 2825 2976 fidei,
2848 2918 2997 2964 tract.
3022 2915 3071 2974 1,
3095 2911 3232 2976 disp.
3263 2916 3311 2974 8,
3332 2917 3462 2964 sect.

1967 2990 2015 3047 3,
2040 2997 2188 3036 num.
2217 2988 2263 3035 ⁴.

1903 3061 2019 3112 Cn.
2056 3061 2164 3112 xli.
2213 3061 2329 3112 Non
2366 3075 2461 3113 vos
2501 3062 2817 3127 defendentes
2862 3061 3176 3124 charissimi,
3220 3067 3370 3114 tract.
3414 3065 3464 3124 3,

1963 3135 2101 3203 disp.
2138 3137 2253 3199 ult„
2276 3145 2405 3190 sect.
2433 3142 2478 3201 1,
2508 3151 2653 3190 num.
2688 3143 2733 3189 ⁴.

1902 3214 2017 3264 Cn.
2056 3213 2181 3264 XIV.
2220 3213 2376 3264 Omne
2400 3215 2537 3279 quod
2574 3228 2681 3266 non
2718 3220 2792 3266 est
2826 3227 2893 3265 ex
2929 3213 3043 3278 fide,
3076 3217 3338 3278 peccatum
3371 3218 3462 3272 est,

1967 3295 2113 3340 irael.
2138 3292 2185 3348 1,
2207 3288 2346 3354 disp.
2374 3294 2456 3352 17,
2476 3298 2606 3342 sect.
2640 3294 2685 3354 3,
2720 3302 2866 3343 num.
2892 3293 2921 3338 8
2941 3304 2961 3354 ,·
2982 3295 3035 3340 et
3058 3287 3195 3354 disp.
3230 3293 3309 3351 20,
3331 3295 3460 3339 sect.

1964 3367 2011 3425 1,
2044 3376 2190 3416 num.
2226 3369 2271 3414 3.

2149 3481 2237 3532 Ex
2268 3481 2567 3533 EPISTOLA
2596 3481 2783 3532 PRntA
2812 3482 2897 3534 At)
2928 3481 3214 3532 commu.

1901 3595 2017 3647 Cn.
2056 3593 2138 3646 IV.
2180 3593 2340 3646 Vultis
2377 3597 2435 3646 in
2462 3596 2617 3660 virqa
2646 3599 2851 3645 veniam
2896 3593 2967 3644 ad
3004 3607 3115 3652 vos,
3164 3600 3367 3646 tractat.
3414 3599 3463 3656 1,

1965 3668 2103 3732 disp.
2130 3672 2212 3718 20.

1903 3746 2021 3797 Cn.
2063 3745 2117 3794 V.
2156 3744 2226 3795 De
2248 3745 2315 3795 iis
2340 3745 2433 3810 qui
2456 3746 2589 3809 soris
2608 3749 2747 3806 sunt,
2778 3741 2908 3794 nihil
2932 3743 3003 3794 ad
3033 3756 3146 3805 nos,
3186 3747 3387 3794 tractat.
3416 3747 3465 3806 1,

1969 3819 2107 3884 disp.
2132 3823 2210 3880 18,
2236 3831 2365 3872 sect.
2392 3824 2442 3880 3,
2470 3832 2618 3872 num.
2658 3825 2703 3870 5.
3289 3827 3297 3832 ·

1906 3897 2023 3948 Cn.
2062 3897 2120 3947 Χ.
2159 3896 2346 3946 Omnia
2366 3897 2661 3962 inqtoriam
2682 3895 3121 3958 Deisacite,1ract.
3147 3896 3195 3954 1,
3220 3893 3357 3958 disp.
3384 3895 3464 3954 17,

1968 3979 2096 4023 sect.
2121 3975 2167 4033 3,
2192 3983 2341 4022 num.
2368 3975 2445 4020 10.

1904 4048 2019 4098 Cn.
2058 4049 2141 4098 xl.
2179 4047 2355 4096 Omnis
2395 4047 2483 4096 vir
2529 4059 2709 4107 orans,
2751 4051 2799 4096 et
2841 4045 3175 4112 prophetans,
3223 4049 3372 4096 tract.
3418 4049 3463 4104 1,

1968 4121 2105 4188 disp.
2140 4125 2185 4184 8,
2218 4127 2346 4173 sect.
2380 4125 2427 4177 3,
2460 4135 2607 4172 num.
2640 4125 2687 4172 8.

1904 4198 2020 4249 (ζειν.
2057 4199 2163 4248 xn.
2195 4197 2301 4248 Atii
2334 4197 2536 4263 quidem
2567 4211 2660 4262 per
2699 4197 2945 4261 spiritum
2980 4195 3142 4246 datur
3179 4207 3347 4246 sermo
3375 4205 3467 4245 sa-

1968 4277 2195 4339 pientioe,
2224 4274 2319 4325 atii
2346 4287 2515 4325 sermo
2536 4275 2779 4332 scientio,
2814 4281 2937 4335 ete,
2976 4280 3125 4325 tract.
3154 4275 3200 4335 1,
3238 4271 3378 4336 disp.
3416 4277 3465 4332 8,

1969 4357 2097 4402 sect.
2122 4354 2170 4401 2.
2198 4350 2299 4400 iaie
2321 4362 2351 4400 a
2379 4363 2528 4401 num.
2560 4352 2607 4400 1.

1906 4425 2023 4477 Cn.
2061 4427 2191 4478 ΧΙΙΙ.
2226 4425 2352 4476 Cum
2374 4439 2534 4476 essem
2549 4423 3086 4491 parvulus.toquebar
3104 4427 3161 4472 ut
3184 4420 3471 4488 parvulus,

1968 4509 2242 4568 postquam
2269 4511 2435 4552 autem
2458 4505 2625 4566 factas
2648 4515 2761 4552 sam
2780 4501 2885 4559 vir,
2909 4499 3162 4550 evacuavi
3185 4511 3300 4564 quoe
3319 4501 3471 4548 erant

1966 4579 2203 4644 parvuli.
2231 4584 2378 4630 tract.
2405 4582 2450 4638 3,
2484 4578 2621 4642 disp.
2652 4582 2699 4637 3,
2724 4582 2851 4629 sect..
2886 4579 2932 4636 ⁴,
2961 4588 3109 4627 num.
3136 4581 3183 4625 8.

1903 4653 2019 4705 Cn.
2058 4655 2185 4704 ΧΙῙΙ.
2228 4654 2459 4704 Videmus
2502 4665 2637 4704 nunc
2676 4665 2771 4717 per
2810 4649 3067 4716 speculum
3106 4655 3163 4700 in
3182 4651 3467 4713 oeniqmate,

1968 4736 2118 4781 tract.
2146 4734 2191 4791 1,
2220 4730 2358 4795 disp.
2384 4735 2432 4790 3,
2460 4737 2587 4782 sect.
2616 4733 2665 4792 7,
2690 4741 2835 4780 num.
2874 4731 2921 4778 2.

1905 4808 2019 4858 Cn.
2058 4807 2184 4856 xiv.
2227 4807 2343 4856 Vota
2362 4819 2455 4857 vos
2480 4807 2621 4870 toqui
2644 4805 3037 4870 linquis,maqis
3060 4807 3229 4853 autem
3244 4799 3470 4866 prophe-

1968 4888 2098 4942 tare,
2128 4889 2274 4933 tract.
2300 4885 2347 4940 1.
2377 4882 2513 4946 disp.
2538 4886 2584 4941 8,
2612 4887 2741 4932 soei.
2767 4885 2813 4938 3,
2840 4891 2987 4930 num.
3015 4882 3059 4928 ⁴.

1905 4958 2019 5010 Cn».
2056 4959 2183 5008 xlv.
2220 4958 2319 5018 Qui
2341 4959 2630 5022 prophetat,
2663 4955 2941 5007 Ecclesiam
2962 4954 3197 5019 (edificat,
3222 4951 3350 5014 ibid,

2105 5111 2188 5163 Ex
2221 5110 2521 5169 EPISTULA
2554 5109 2834 5162 SECUNDA
2866 5110 2950 5161 An
2984 5107 3266 5159 comum.

1907 5264 2021 5315 Cn.
2060 5263 2140 5313 vi.
2177 5262 2343 5314 Nolite
2362 5264 2539 5326 jupam
2561 5231 2887 5312 ducere'cum
2914 5255 3222 5322 infidelibus,
3248 5262 3397 5308 irael.
3421 5259 3469 5320 1,

1971 5341 2107 5406 disp.
2135 5345 2215 5402 18,
2238 5347 2365 5392 sect.
2392 5345 2436 5401 5,
2470 5352 2617 5390 num.
2644 5343 2702 5388 13

1909 5418 2024 5468 Cn.
2060 5419 2123 5468 X.
2161 5419 2323 5466 Arma
2356 5415 2551 5465 miiitiae
2580 5420 2773 5464 nosttae
2794 5427 2901 5464 non
2936 5411 3177 5462 carnalia
3217 5415 3358 5470 sunt,
3385 5408 3473 5460 sed

1972 5495 2202 5560 potentia
2224 5494 2344 5558 Deo,
2370 5498 2517 5545 tract.
2546 5495 2593 5554 1,
2624 5489 2763 5557 disp.
2798 5495 2879 5553 20,
2906 5497 3035 5542 sect.
3063 5495 3111 5552 3,
3140 5500 3288 5540 num.
3310 5491 3390 5538 27.
