3900 6217
681 419 848 472 SECT.
888 421 922 470 l.
961 417 1044 470 AN
1077 419 1338 472 scmsma
1373 420 1469 471 sn·
1502 415 1797 473 SPECIALE
1829 415 2155 470 PECCATUM
2186 418 2430 470 CONTRA
2464 417 2877 470 anmTATEM.

167 519 568 580 conscientia.
595 520 775 580 Nunc
797 519 1065 580 breviter
1087 521 1224 581 dico
1251 538 1377 580 non
1407 538 1534 581 esse
1555 535 1742 598 grave

169 621 516 693 peccatum,
565 615 686 675 nisi
727 615 837 675 fiat
879 634 1018 676 cum
1047 615 1255 696 aliqua
1294 616 1467 694 gravi
1513 616 1744 700 injuria

171 709 472 785 proximi3
504 709 624 768 erit
663 714 872 768 autem
905 709 1046 770 talis
1093 710 1346 788 injuria,
1389 711 1434 771 si
1481 710 1616 790 quis
1670 727 1743 769 ea

169 802 410 860 ratione
429 800 778 862 voluntarie
802 801 1016 862 doceat
1045 821 1117 863 ea
1143 821 1280 882 quae
1323 805 1435 863 scit
1469 821 1598 863 esse
1625 801 1737 862 fal-

171 911 264 968 sa,
316 894 498 972 idque
527 893 906 972 frequenter,
951 900 1014 955 et
1059 894 1126 954 in
1176 895 1358 956 rebus
1406 895 1734 974 gravibusj,

171 1004 321 1046 nam
351 986 486 1046 haec
513 993 605 1046 est
648 988 944 1066 injuriosa
971 988 1273 1068 decepti0,
1330 995 1392 1050 et
1438 1005 1738 1067 magnum

171 1079 636 1140 incommodum
669 1082 1114 1158 proximorum.
1147 1081 1324 1142 Unde
1353 1083 1604 1142 tandem
1647 1083 1739 1142 in-

175 1173 372 1252 telligi
383 1181 483 1233 tur
501 1174 648 1252 quid
675 1173 1005 1234 dicendum
1036 1175 1138 1250 sit,
1166 1177 1411 1254 quando
1439 1177 1570 1236 haec
1598 1194 1742 1237 con·

173 1269 371 1326 tentio
396 1285 521 1326 non
552 1266 828 1346 procedit
851 1285 930 1327 ex
958 1267 1064 1327 illa
1094 1267 1440 1330 intentione
1468 1269 1736 1344 formali,

173 1360 280 1420 sed
325 1359 426 1421 vel
465 1377 540 1420 ex
573 1360 842 1439 quadam
885 1362 1256 1437 temeritate,
1301 1363 1398 1422 vel
1440 1381 1511 1422 cx
1565 1363 1740 1441 gravi

173 1453 579 1532 negligentia,
621 1463 692 1513 ut
743 1471 884 1514 cum
935 1456 1072 1532 quis
1107 1455 1242 1514 sine
1289 1455 1616 1515 sufficienti
1646 1456 1739 1515 in-

175 1547 508 1625 quisitione
549 1563 622 1608 ac
671 1548 878 1608 studio
935 1549 1314 1608 contrarium
1361 1549 1630 1610 intendit
1673 1549 1743 1609 in

173 1639 358 1700 rebus
387 1640 680 1720 gravibus
691 1657 713 1718 ;
757 1659 902 1702 nam
951 1642 1068 1702 hoc
1099 1643 1320 1721 poterit
1359 1660 1486 1703 esse
1537 1659 1744 1721 pecca-

175 1739 308 1793 tum
339 1734 615 1812 ejusdem
660 1737 918 1795 rationis
939 1753 1082 1794 cum
1109 1734 1217 1795 illa
1243 1735 1587 1795 intentione
1617 1735 1734 1795 sor·

175 1825 327 1886 mali
375 1845 488 1906 pro
529 1828 770 1888 ratione
815 1829 1186 1907 ignorantias
1225 1835 1286 1888 et
1317 1828 1735 1907 negligentias,

169 1919 494 1998 solumque
524 1919 730 1982 differt
753 1927 1048 2000 tanquam
1090 1921 1317 1982 directe
1351 1926 1414 1982 et
1441 1919 1738 1982 indirecte

169 2012 624 2075 voluntarium.

651 2160 1100 2264 msrnrA‘iio
1142 2201 1270 2265 xn.

707 2405 784 2450 DE
835 2405 1036 2452 SGHISM
1043 2406 1160 2452 ΛΤΒ
1169 2436 1181 2451 ι

251 2577 444 2638 Divus
469 2577 737 2638 Thomas
779 2580 838 2638 2.
885 2581 947 2652 2,
992 2595 1054 2656 q.
1090 2577 1166 2638 37
1195 2583 1256 2638 et
1293 2579 1394 2652 38,
1443 2577 1736 2658 explicuit

172 2671 612 2732 dissensionem
637 2677 699 2730 et
725 2670 1040 2730 laesionem
1072 2672 1262 2750 paciS‚
1297 2689 1436 2750 quae
1460 2673 1737 2733 consistit

169 2768 234 2826 in
259 2765 533 2844 judiciis,
577 2769 640 2824 et
681 2763 1120 2836 voluntatibus,
1171 2771 1233 2824 et
1279 2764 1517 2840 verbis;
1570 2784 1735 2826 nunc

171 2877 312 2920 cum
373 2858 613 2932 eodem,
661 2857 728 2916 in
759 2863 978 2936 quaest.
1017 2859 1117 2930 39,
1162 2857 1592 2936 explicandum
1645 2865 1735 2920 est

171 2955 482 3033 quomodo
529 2952 791 3012 laedatur
827 2971 950 3032 pax
995 2959 1052 3013 et
1097 2954 1450 3032 conjunctio
1496 2955 1737 3016 animo-

171 3065 312 3107 rum
337 3065 445 3126 per
473 3046 778 3106 exteriora
807 3045 989 3106 facta.
1021 3046 1099 3108 Et
1129 3047 1424 3124 quoniam
1455 3065 1575 3126 pax
1595 3067 1738 3108 con-

174 3141 350 3202 sistat
375 3142 442 3199 in
463 3139 900 3218 conjunctione
927 3144 988 3200 et
1015 3139 1269 3213 unione,
1303 3141 1618 3200 sciendum
1647 3147 1740 3202 est

173 3233 483 3312 duplicem
507 3239 828 3294 externam
849 3232 1344 3310 conjunctionem
1375 3251 1550 3311 posse
1576 3233 1740 3296 inter

171 3326 458 3388 homines
495 3325 890 3386 considerari.
925 3325 1062 3386 Alia
1091 3331 1180 3386 est
1207 3325 1564 3405 spiritualiS,
1597 3345 1736 3406 quae

173 3421 222 3480 si
251 3419 522 3498 perfecta
565 3420 664 3494 sit,
699 3419 968 3498 pertinet
1007 3417 1086 3477 ad
1128 3419 1410 3478 ordinem
1441 3435 1737 3498 superna·

171 3514 478 3591 turalem3
511 3513 634 3574 alia
655 3520 745 3572 est
773 3513 948 3590 quasi
966 3512 1321 3590 temporalis
1341 3517 1403 3572 et
1433 3529 1600 3573 mere
1629 3532 1738 3574 na-

172 3607 430 3677 turalis;
463 3606 632 3685 prior
659 3623 784 3665 esse
814 3603 995 3665 debet
1019 3605 1184 3664 inter
1219 3604 1498 3664 membra
1535 3605 1737 3667 Eccle-

171 3701 309 3771 siae,
347 3699 482 3760 haec
513 3698 812 3778 posterior
842 3697 1004 3758 inter
1051 3715 1264 3757 omnes
1295 3695 1611 3770 homines;
1645 3697 1738 3759 illi

174 3793 508 3872 opponitur
549 3791 838 3864 schisma,
879 3789 1026 3850 huic
1063 3790 1316 3863 bellum,
1341 3789 1456 3850 sub
1484 3809 1606 3870 quo
1646 3810 1737 3852 se-

173 3886 476 3947 ditionem
507 3891 570 3946 et
617 3885 816 3946 rixam
848 3882 1424 3962 comprehendimus
1441 3899 1462 3962 3
1497 3885 1572 3944 de
1603 3885 1738 3964 qui·

173 3979 292 4039 hus
321 3985 564 4039 tantum
599 3979 930 4040 dicendum
954 3984 1248 4056 superest.

261 4071 432 4148 (Hac
471 4071 548 4132 de
572 4089 638 4134 re
667 4072 796 4150 egit
823 4072 1010 4132 etiam
1061 4071 1291 4132 Auctor
1318 4077 1532 4132 contra
1567 4071 1742 4132 Jaco-

175 4165 354 4240 hum,
383 4165 622 4244 Anglioe
656 4165 912 4246 Regem,
936 4166 1045 4228 lib.
1082 4170 1141 4242 1,
1175 4185 1309 4247 cap.
1351 4169 1453 4243 21,
1488 4173 1550 4227 et
1569 4173 1739 4227 tomo

175 4259 400 4338 quinto
444 4260 510 4318 in
557 4260 596 4318 3
643 4267 904 4338 partem,
937 4261 1094 4340 disp.
1153 4265 1256 4336 21,
1305 4262 1572 4324 sectione
1602 4263 1663 4339 2,
1701 4281 1740 4324 a

175 4369 353 4414 num.
384 4355 496 4425 123
529 4354 686 4432 disp.
718 4355 816 4427 23,
847 4359 990 4414 sect.
1025 4358 1086 4429 3,
1116 4372 1155 4415 a
1179 4373 1350 4416 uum.
1394 4358 1434 4416 4
1458 4371 1478 4433 ;
1504 4355 1731 4436 disput.

175 4450 280 4520 43,
310 4453 454 4508 sect.
483 4450 546 4522 2,
577 4463 752 4507 num.
785 4450 820 4507 7
840 4463 860 4524 3
904 4447 1154 4524 Sanch.,
1188 4448 1296 4509 lib.
1332 4450 1370 4509 2
1398 4449 1464 4509 in
1489 4451 1736 4510 Det-alo-

177 4557 353 4618 gum‚
377 4559 510 4620 cap.
543 4541 646 4614 36,
675 4541 783 4620 qui
807 4539 1010 4619 plures
1031 4541 1309 4614 adducit3
1341 4541 1608 4604 Joannes
1633 4544 1737 4603 Jo-

175 4635 468 4695 vinianus
503 4636 813 4713 integrum
851 4635 928 4696 de
957 4634 1281 4697 schismate
1333 4636 1525 4697 edidit
1575 4637 1740 4716 Opu-

176 4727 454 4802 sculum3
498 4730 828 4791 novissime
853 4729 897 4790 F
899 4729 1232 4806 arinacius,
1279 4728 1342 4789 in
1369 4735 1638 4792 tractatu
1661 4731 1738 4792 de

179 4823 428 4898 Haeresi,
459 4824 796 4902 quaestione
823 4825 957 4885 187.
985 4825 1004 4900 )

821 5024 1036 5078 sceno
1061 5007 1113 5077 ‘1.

192 5196 412 5261 Utrum
440 5196 706 5260 schisma
755 5199 840 5259 sit
889 5196 1144 5277 speciale
1179 5200 1488 5277 peccatum
1529 5200 1743 5260 contra

773 5288 1154 5354 charitatem.

265 5480 323 5539 1.
367 5477 625 5542 Notat-io
645 5477 875 5556 prima,
913 5477 983 5538 de
1012 5474 1362 5538 schismatis
1385 5473 1641 5537 nomine.
1663 5503 1742 5518 —

181 5570 436 5637 Notatio
482 5569 762 5646 semmaa,
799 5571 866 5632 de
898 5568 1309 5650 conjunctione
1338 5585 1518 5650 quam
1549 5567 1742 5630 solcis·

3258 411 3377 474 733

1820 536 1922 580 ma
1970 517 2694 592 dissolvit.—-Schisma,
2746 523 2817 578 ut
2856 517 3096 578 notavit
3133 517 3377 595 Isidor.‚

1822 611 2431 692 8Etymologiarum,
2450 631 2503 672 c.
2529 611 2588 684 3,
2607 611 2967 672 divisionem
2992 610 3323 690 significat,
3340 630 3380 672 a

1824 723 2023 784 graeco
2071 705 2259 765 verbo
2310 714 2459 780 σχίζω
2506 711 2715 765 ortum
2760 704 3032 775 habens;
3065 705 3231 765 unde
3270 721 3381 764 no-

1823 817 1967 859 men
1996 799 2111 859 hoc
2140 799 2424 876 generale
2453 806 2564 872 est,
2594 804 2910 876 potestque
2934 797 2997 856 in
3028 797 3253 857 bonam
3278 797 3381 858 vel

1819 892 1884 952 in
1908 893 2139 953 malam
2175 899 2413 972 partem
2437 893 2619 952 sumi.
2641 892 2815 953 Unde
2838 893 3015 954 Joan.
3042 893 3082 953 9
3116 908 3131 952 ε
3168 891 3381 955 Schis-

1817 1007 1919 1051 ma
1943 993 2174 1066 factum
2209 995 2297 1052 est
2323 988 2484 1051 inter
2510 1005 2603 1051 eos
2623 1014 2649 1060 ,·
2678 995 2887 1050 tamen
2919 990 3379 1068 appropriatum

1820 1087 1910 1142 est
1966 1082 2045 1143 ad
2092 1081 2566 1161 significandum
2614 1089 2929 1160 peccatum
2982 1081 3229 1141 illorum
3270 1081 3379 1159 qui

1822 1175 2175 1249 Ecclesiam,
2210 1194 2344 1255 quae
2372 1177 2553 1236 unica
2584 1193 2711 1236 esse
2736 1175 2937 1250 debet,
2976 1174 3252 1236 scindere
3281 1191 3381 1234 co·

1821 1275 2073 1345 nantur,
2107 1268 2181 1328 dc
2226 1287 2349 1348 quo
2380 1275 2473 1330 est
2512 1270 2578 1328 in
2602 1268 3018 1330 Decretalihus
3060 1267 3273 1328 titulus
3302 1268 3380 1329 de

1821 1361 2223 1422 schismaticis
2254 1368 2463 1436 extra3
2509 1363 2661 1423 etin
2708 1364 2771 1434 (ἰ,
2815 1369 2877 1422 et
2925 1363 3037 1436 24,
3069 1368 3279 1440 quaest.
3316 1363 3373 1421 l.

1823 1455 2129 1530 Secund0,
2156 1462 2226 1515 ut
2253 1455 2497 1535 propria
2538 1455 2723 1534 hujus
2769 1455 2901 1516 vitii
2928 1454 3088 1515 ratio
3116 1473 3383 1534 expona-

1825 1553 1951 1624 tur,
2010 1548 2480 1629 supponendum
2528 1555 2618 1610 est
2666 1569 2741 1610 ex
2788 1549 3048 1610 materia
3098 1549 3173 1609 de
3220 1549 3377 1626 fide,

1831 1641 2062 1721 disput.
2112 1660 2299 1714 nona,
2344 1641 2566 1703 Christi
2610 1642 2943 1703 Ecclesiam
2978 1661 3106 1703 esse
3136 1644 3382 1704 unicam

1825 1741 2071 1794 tantum
2119 1741 2181 1795 et
2220 1735 2550 1812 visibilem,
2582 1741 2766 1814 atque
2796 1735 2949 1797 adeo
2990 1735 3066 1796 ad
3120 1737 3215 1796 sui
3248 1755 3384 1815 per—

1821 1827 2151 1888 fectionem
2203 1828 2515 1907 requirere
2556 1847 2679 1890 non
2726 1829 3081 1891 interiorem
3112 1835 3375 1906 tantum,

1822 1919 1923 1980 sed
1958 1921 2323 1981 exteriorem
2348 1921 2533 1980 etiam
2558 1923 3053 2000 conjunctionem
3079 1923 3383 1984 membro-

1819 2031 1963 2072 rum
1996 2013 2161 2074 inter
2182 2031 2268 2083 se,
2302 2021 2364 2074 et
2392 2033 2535 2074 cum
2564 2033 2675 2076 suo
2704 2016 2901 2094 capite
2929 2016 3179 2091 visibili,
3206 2023 3266 2076 et
3280 2017 3383 2077 vi-

1822 2107 1987 2167 cario
2008 2107 2229 2167 Christi
2255 2107 2319 2166 in
2349 2109 2552 2184 terriS,
2576 2127 2714 2188 quae
2740 2108 3089 2188 conjunctio
3117 2110 3383 2171 exterior

1821 2201 1956 2261 sine
1984 2200 2174 2260 dubio
2219 2200 2289 2261 fit
2343 2219 2451 2280 per
2493 2219 2677 2280 opera
2714 2202 3105 2280 obedientiae,
3136 2203 3382 2282 religio·

1819 2294 1946 2367 nis,
1987 2299 2049 2353 et
2100 2293 2348 2354 similia.
2382 2295 2523 2354 Haec
2566 2295 2757 2373 igitur
2780 2296 3070 2371 Ecclesia,
3102 2296 3385 2375 quamvis

1817 2404 2033 2446 revera
2054 2405 2177 2446 non
2206 2387 2392 2466 possit
2417 2389 2691 2467 recipere
2719 2387 3083 2450 divisionem
3108 2389 3175 2449 in
3206 2389 3381 2464 duaa,

1819 2485 1888 2537 ut
1924 2486 2091 2539 recte
2141 2480 2319 2541 docet
2373 2481 2652 2560 Pelagius
2680 2483 2840 2560 Papa
2861 2527 2881 2558 ,
2920 2483 2985 2541 in
3033 2499 3167 2560 cap.
3212 2483 3236 2542 1
3268 2527 3288 2558 ,
3322 2487 3385 2544 et

1821 2571 2186 2651 Cyprianus,
2215 2591 2348 2653 cap.
2379 2575 2677 2656 Loquitur
2696 2575 3015 2652 Dominus,
3034 2577 3135 2652 24,
3163 2583 3376 2654 quaest.

1824 2669 1882 2740 1,
1911 2672 2169 2744 possunt
2201 2673 2409 2728 tamen
2452 2667 2733 2728 Ecclesia.¹
2761 2668 3043 2728 membra
3079 2687 3143 2729 se
3170 2668 3248 2730 ab
3276 2669 3383 2731 illa

1815 2759 2114 2836 dividere,
2147 2765 2210 2820 et
2236 2759 2353 2821 hoc
2394 2769 2486 2820 est
2516 2761 2713 2822 facere
2742 2760 3026 2822 schisma.

1897 2856 1959 2914 2.
2010 2852 2298 2916 Schisma
2375 2853 2605 2935 duplici
2677 2857 2843 2916 modo
2926 2857 3243 2936 continyit.
3296 2889 3376 2904 -

1824 2947 2115 3011 Schisma
2149 2950 2257 3012 Ιιοσ
2289 2953 2489 3028 potest
2526 2950 2593 3010 in
2642 2951 2878 3028 Papam
2918 2951 3143 3013 cadere.
3168 2951 3378 3013 —Ac-

1820 3039 2025 3101 cidere
2076 3058 2219 3101 vero
2272 3047 2470 3121 potest
2508 3041 2772 3102 schisma
2819 3061 2943 3103 non
3000 3049 3240 3105 tantum
3270 3063 3380 3126 per

1819 3131 2128 3210 haeresim,
2176 3136 2281 3194 sed
2324 3135 2509 3195 etiam
2547 3134 2849 3210 311101113,
2880 3142 2949 3196 ut
2978 3137 3227 3215 quando
3267 3139 3378 3199 ali-

1819 3228 1957 3306 quis
1983 3225 2169 3287 fidem
2200 3228 2523 3288 retinendo
2550 3245 2677 3288 non
2706 3227 2841 3288 vult
2869 3230 2935 3288 in
2962 3229 3088 3289 suis
3120 3228 3379 3290 actioni-

1819 3319 1935 3381 bus
1978 3327 2041 3382 et
2082 3321 2268 3380 modo
2296 3320 2611 3401 religionis
2640 3323 2943 3382 unitatem
2972 3322 3249 3384 Ecclesiae
3290 3329 3380 3384 te-

1818 3431 2002 3485 nere;
2036 3421 2099 3474 et
2124 3414 2241 3475 hoc
2270 3414 2620 3494 dupliciter,
2648 3417 2850 3495 primo
2877 3416 3217 3495 separando
3251 3435 3314 3478 se
3339 3435 3378 3477 a

1818 3509 2015 3586 capite
2056 3507 2366 3584 Ecclesiae,
2412 3520 2483 3568 ut
2526 3509 2754 3568 dicitur
2791 3509 2856 3568 in
2890 3527 3024 3588 cap.
3072 3509 3219 3574 Non
3248 3527 3375 3586 voa,

1820 3602 1921 3677 23,
1955 3608 2168 3680 quaest.
2205 3604 2264 3676 5,
2295 3602 2403 3661 ubi
2444 3602 2655 3663 Glossa
2691 3601 2779 3662 ait
2806 3601 3067 3663 schisma
3095 3621 3225 3664 0330
3249 3623 3379 3664 non

1815 3693 2047 3756 habere
2090 3702 2273 3776 capnt
2301 3695 2649 3756 Romanum
2674 3692 3057 3770 Pontificem,
3089 3714 3215 3756 non
3244 3699 3381 3777 qui·

1819 3789 1960 3850 dem
2003 3792 2287 3868 negando
2315 3791 2666 3852 Romanum
2716 3789 3073 3850 Pontificem
3115 3810 3245 3854 esse
3280 3811 3379 3855 ca-

1817 3893 1930 3963 put
1980 3884 2301 3960 Ecclesiae,
2352 3903 2500 3946 nam
2548 3886 2680 3965 jam
2728 3884 2846 3945 hoc
2902 3891 3058 3946 esset
3112 3885 3380 3949 schisma

1820 3978 2225 4056 conjunctum
2268 3977 2510 4055 haeresi,
2556 3979 2660 4040 sed
2690 3979 2791 4040 vel
2826 3985 3058 4040 temere
3090 3981 3377 4060 negando

1821 4071 1988 4133 hunc
2026 4073 2093 4132 in
2123 4073 2505 4152 particulari,
2541 4072 2639 4134 vel
2686 4075 2772 4133 ita
2812 4091 2877 4132 se
2919 4074 3191 4152 gerendo
3234 4091 3379 4136 cum

1821 4166 1951 4241 illo,
1984 4185 2055 4226 ac
2082 4167 2132 4226 si
2160 4172 2349 4246 caput
2374 4183 2499 4226 non
2529 4171 2707 4241 esset,
2742 4173 2813 4226 ut
2842 4167 2893 4226 si
2923 4166 3059 4245 quis
3086 4167 3269 4229 vellet
3297 4169 3380 4228 si·-

1819 4278 1900 4320 ne
1940 4259 2074 4338 ejus
2127 4259 2493 4320 auctoritate
2535 4258 2873 4320 Concilium
2902 4258 3190 4338 generale
3236 4278 3380 4320 con-

1817 4371 2103 4433 gregare,
2159 4358 2269 4413 aut
2310 4353 2684 4432 Antipapam
2714 4352 2973 4431 eligere3
3031 4359 3093 4413 et
3142 4351 3244 4414 hic
3288 4359 3379 4415 est

1817 4448 2103 4508 usitatior
2142 4447 2379 4508 modus,
2432 4446 2749 4508 Secundus
2790 4446 3007 4506 modus
3047 4455 3168 4523 est,
3209 4448 3260 4508 si
3290 4449 3377 4510 ita

1817 4560 1881 4601 se
1909 4547 2145 4620 separet
2174 4541 2309 4620 quis
2350 4558 2385 4600 a
2430 4539 2666 4619 reliquo
2699 4557 2948 4620 corpore
2976 4537 3281 4618 Ecclesiae,
3307 4548 3379 4603 ut

1818 4633 1979 4694 nolit
2025 4651 2165 4694 cum
2199 4634 2305 4694 illo
2343 4634 2804 4695 communicare
2850 4635 2917 4695 in
2970 4644 3380 4696 sacramento-

1821 4745 1962 4788 rum
2002 4726 2495 4807 participatione,
2530 4727 2705 4805 cujus
2734 4728 2825 4788 rei
2870 4728 3220 4807 exemplum
3270 4730 3379 4791 ha-

1820 4819 2037 4880 bemus
2082 4837 2159 4880 ex
2198 4819 2571 4898 EpiphauiO,
2619 4821 2685 4880 in
2733 4827 2898 4882 secta
2940 4821 3201 4898 Meletii,
3237 4841 3377 4904 quae

1821 4919 1914 4974 est
1941 4915 2055 4991 683
2092 4912 2195 4974 ille
2226 4914 2395 4974 enim
2424 4913 2788 4975 dissentiens
2829 4934 2866 4974 a
2912 4913 3092 4975 Petro
3114 4915 3379 4978 Alexan-

1824 5005 2029 5080 drino,
2061 5023 2171 5066 suo
2214 5005 2600 5086 patriarcha,
2636 5025 2698 5068 se
2730 5006 2810 5067 ab
2851 5006 2958 5068 illo
2986 5007 3053 5069 in
3091 5010 3379 5071 omnibns

1824 5098 2137 5160 sacrificiis
2164 5099 2506 5178 separavit,
2548 5105 2611 5160 et
2652 5099 2727 5162 de
2766 5099 3091 5162 schismate
3132 5109 3379 5166 notatus

1823 5198 1938 5268 est,
1964 5210 2108 5252 cum
2145 5197 2354 5253 tamen
2406 5193 2570 5253 inter
2611 5211 2716 5254 eos
2761 5193 2934 5254 nulla
2971 5194 3266 5257 dissensio
3312 5197 3379 5259 in

1823 5285 1967 5345 fidei
1998 5285 2280 5345 doctrina
2304 5285 2731 5364 intercederet,
2764 5293 2835 5346 ut
2856 5285 3239 5367 Epiphanius
3262 5296 3381 5351 tes-

1822 5383 2010 5438 tatur.
2042 5379 2117 5437 Et
2158 5377 2274 5438 1100
2302 5378 2571 5438 secundo
2598 5379 2783 5439 modo
2819 5389 3019 5459 posset
3049 5382 3211 5459 Papa
3249 5401 3380 5445 esse

1823 5471 2272 5548 schismaticus,
2316 5472 2366 5531 si
2396 5471 2585 5533 nollet
2614 5479 2823 5534 tenere
2850 5492 2992 5534 cum
3022 5480 3151 5536 toto
3178 5477 3380 5539 Eccle-

1823 5566 1928 5626 siae
1958 5582 2211 5645 corpore
2239 5564 2536 5628 unionem
2566 5571 2629 5627 et
2655 5566 3154 5646 conjunctIOncm
3189 5589 3378 5650 quam
