3900 6217
717 406 886 461 SECT.
922 408 982 460 V.
1018 406 1101 460 ΑΝ
1136 406 1257 461 noc
1290 400 1674 459 PRAEOEPTnn
1708 400 1901 457 mm!
1932 404 2018 455 AD
2051 400 2318 458 lNffllCOS
2347 400 2670 469 AMANDUM,
2706 406 2824 461 ETC

196 512 505 577 necessitas
536 508 990 586 misericordiae,
1021 508 1097 570 de
1122 526 1249 587 qua
1277 524 1490 587 supra,
1508 504 1617 577 ,vel
1638 523 1742 565 ne·

198 606 431 669 cessitas
486 602 722 663 vitandi
754 601 995 677 odium,
1048 600 1415 681 periculum,
1464 605 1624 676 etc.;
1682 603 1744 658 ot

196 706 329 760 tunc
348 703 589 757 tantum
610 694 871 774 obligari
896 693 979 755 ad
998 693 1165 755 hunc
1176 698 1406 766 actum,
1438 698 1745 772 quantum

196 793 265 855 ad
290 791 397 851 hos
420 788 573 849 fines
617 788 804 850 fucrit
830 787 1265 849 necessarium.
1313 787 1388 847 Et
1428 786 1553 845 huc
1574 801 1743 864 spec-

194 890 321 947 tant
348 882 539 945 multa
570 900 707 963 quae
729 882 805 942 de
831 880 1309 959 obligationibus
1336 878 1653 941 charitatis
1676 878 1745 939 in

196 977 495 1059 proximos
520 974 771 1037 tradunt
792 973 1126 1035 scribentes
1156 978 1200 1045 ¹,
1232 978 1295 1033 et
1320 971 1482 1033 infra
1510 972 1737 1052 disput.

202 1074 239 1133 9
276 1075 613 1131 occurrent.
655 1067 827 1128 Unde
865 1066 1123 1127 ulterius
1166 1065 1237 1127 fit
1274 1072 1344 1126 ιιι
1376 1063 1743 1142 regulariter

195 1152 443 1223 sufficiat
466 1179 642 1223 amor
663 1159 984 1234 naturaliS,
1026 1160 1131 1223 hic
1179 1157 1347 1220 enim
1392 1156 1617 1217 sufficit
1662 1156 1741 1217 ad

194 1274 366 1337 opera
394 1272 531 1332 quae
562 1254 917 1333 frequenter
940 1258 1271 1313 occurrunt
1294 1266 1316 1328 3
1344 1268 1507 1329 saepe
1532 1256 1740 1311 tamen

194 1347 487 1427 oportebit
520 1346 691 1406 hunc
734 1355 943 1407 actum
988 1361 1117 1407 esse
1172 1341 1705 1422 supernaturalem
1720 1386 1739 1415 ,

196 1440 429 1521 quando
449 1439 549 1499 vel
572 1457 729 1518 opus
756 1445 848 1499 est
875 1437 1052 1499 valde
1072 1436 1323 1497 difficile
1356 1442 1421 1497 et
1448 1453 1742 1515 superna-

194 1532 399 1605 turale,
431 1530 529 1593 vel
550 1540 643 1591 est
660 1537 786 1591 tam
812 1547 1039 1607 magna
1060 1530 1346 1605 tentatio,
1366 1534 1479 1589 aut
1500 1527 1743 1607 pericu-

197 1625 317 1685 lum
339 1624 463 1685 odii
492 1629 557 1684 et
582 1622 889 1697 vindictae,
917 1630 987 1684 ιιι
1015 1622 1335 1685 moraliter
1368 1620 1616 1681 nonnisi
1642 1638 1743 1681 su·

194 1716 556 1797 perflatur-ali
586 1734 797 1779 amore
824 1716 993 1777 vinci
1016 1734 1199 1797 posse
1222 1715 1534 1777 credatur.

3262 402 3382 469 669

1820 502 1976 576 rius,
2006 504 2322 567 interdum
2360 505 2548 567 licere
2577 506 2928 573 desiderare
2967 510 3201 576 malum
3231 522 3390 577 tem-

1822 596 2036 675 porale
2071 598 2352 677 proximo
2382 606 2632 679 propter
2666 601 2902 663 bonum
2933 604 3147 683 finem,
3177 608 3242 668 id
3269 615 3384 684 est,

1822 696 2072 770 propter
2105 691 2298 770 ipsius
2343 694 2765 769 commodum,
2800 697 2898 757 vel
2939 698 3018 759 ad
3058 700 3386 762 vitandum

1824 784 2026 862 majus
2066 784 2324 845 malum.
2357 785 2536 847 Ratio
2577 792 2692 862 est,
2724 788 2874 867 quia
2901 791 3138 853 malum
3187 812 3388 871 poenoe

1822 892 1950 935 non
1989 883 2082 937 est
2109 878 2440 939 intrinsece
2469 879 2725 949 malum,
2767 887 2955 962 atque
2991 886 3146 947 adeo
3187 904 3388 966 neque

1822 970 2154 1033 intrinsece
2197 972 2483 1034 charitati
2530 976 2908 1038 contrarium
2923 995 2944 1056 3
2975 984 3039 1040 et
3081 981 3133 1041 si
3175 982 3251 1041 sit
3292 982 3388 1041 in-

1822 1062 2068 1125 terdum
2113 1066 2525 1127 necessarium
2577 1068 2656 1128 ad
2698 1068 2930 1130 bonum
2975 1072 3342 1152 simpliciter
3367 1118 3384 1147 ,

1822 1156 1921 1217 vel
1969 1158 2204 1233 utilius,
2243 1165 2312 1218 ut
2359 1160 2449 1221 sic
2489 1161 2692 1239 potius
2733 1169 2825 1223 est
2869 1163 3124 1227 bonum.
3188 1166 3384 1241 Adde,

1822 1250 1970 1327 quia
1991 1249 2136 1311 licet
2177 1250 2332 1313 velle
2360 1251 2539 1313 illum
2569 1252 2756 1315 finem
2781 1278 2798 1329 3
2824 1274 2974 1335 ergo
3013 1264 3078 1319 et
3112 1260 3388 1321 medium

1823 1350 2324 1405 consentaneum.
2373 1344 2493 1407 Sed
2537 1345 2660 1407 duo
2689 1349 2756 1409 in
2788 1348 2886 1409 his
2911 1350 3226 1413 desideriis
3255 1371 3390 1413 ser-

1823 1436 2028 1495 vanda
2055 1442 2224 1511 sunt,
2249 1436 2513 1499 alterum
2549 1445 2792 1501 tantum
2821 1442 3004 1504 licere
3051 1444 3128 1503 ad
3151 1444 3388 1523 justum

1823 1535 1887 1589 et
1908 1528 2238 1590 honestum
2259 1528 2470 1601 finem,
2491 1538 2554 1592 et
2580 1532 2722 1594 ideo
2751 1540 2998 1596 tantum
3025 1542 3086 1596 et
3113 1538 3236 1598 tale
3260 1556 3390 1600 ma-

1823 1619 1958 1681 lum
1985 1621 2170 1683 licere
2197 1622 2580 1701 desiderare,
2609 1634 2914 1705 quantum
2958 1630 3036 1689 ad
3083 1629 3272 1691 talem
3318 1630 3390 1691 fi-

1824 1730 1972 1775 nem
1999 1716 2414 1777 necessarium
2443 1725 2533 1779 est
2549 1740 2564 1793 3
2608 1737 2802 1797 quare
2837 1738 2943 1799 per
2975 1738 3040 1782 se
3067 1741 3388 1803 nunquam

1726 1866 1731 1871 .
1823 1804 1971 1867 licet
1989 1807 2340 1871 desiderare
2367 1810 2592 1871 viatori
2619 1830 2874 1891 poenam
2897 1820 3215 1892 aeternam,
3242 1819 3391 1896 quia

806 1918 1021 1971 Sssc'rlo
1061 1920 1121 1971 V.

208 2096 412 2157 Utrum
435 2094 543 2157 hoc
556 2099 923 2177 praeceptum
944 2094 1126 2157 ctiam
1144 2094 1225 2157 ad
1237 2090 1513 2157 inimicos
1537 2109 1748 2156 aman·

548 2190 691 2251 dum
708 2195 763 2251 et
782 2192 1123 2269 peccatores
1146 2187 1385 2267 obliact.

270 2376 477 2439 Prima
522 2376 847 2440 conclusio.
878 2408 960 2423 --
984 2374 1109 2437 Hoc
1136 2375 1273 2439 loco
1311 2395 1512 2439 sermo
1554 2383 1645 2437 est
1672 2377 1750 2439 de

198 2470 603 2551 peccatoribus
636 2470 1001 2543 viatoribus,
1034 2476 1105 2531 ut
1142 2486 1324 2549 supra
1364 2469 1746 2545 notavimus3

197 2565 433 2625 nomine
476 2570 695 2625 autem
748 2563 1145 2625 inimicorum
1174 2563 1601 2643 intelligentur
1638 2565 1683 2623 ii
1712 2582 1749 2623 a

197 2658 403 2737 quibus
424 2656 513 2734 inj
526 2656 729 2719 uriam
764 2657 925 2736 passi
950 2674 1189 2733 sumna,
1218 2656 1313 2719 vel
1332 2657 1441 2736 qui
1470 2674 1581 2717 nos
1610 2657 1749 2719 odio

196 2754 667 2828 prosequuntur.

268 2848 321 2902 l.
369 2843 515 2903 Dico
564 2842 797 2921 primo:
834 2860 910 2903 ex
960 2841 1025 2901 vi
1054 2840 1241 2920 hujus
1268 2843 1556 2921 prtecepti
1582 2849 1751 2903 tene-

196 2953 324 2995 mur
342 2954 467 2995 ιιοιι
488 2936 696 2996 odisse
720 2940 1083 3013 peccatores,
1110 2935 1298 2995 etiam
1322 2934 1623 2997 inimicos.
1648 2936 1753 2995 Est

198 3028 261 3088 de
308 3027 425 3089 fide
442 3044 463 3106 3
500 3028 664 3089 ratio
692 3045 837 3089 vero
884 3033 995 3101 est,
1052 3026 1197 3105 quia
1245 3028 1347 3087 isti
1376 3034 1519 3087 sunt
1545 3029 1749 3107 proxi-

198 3121 273 3181 mi
290 3137 309 3197 3
343 3129 405 3183 at
434 3121 657 3181 odium
684 3120 955 3198 proximi
984 3126 1075 3181 est
1110 3120 1439 3181 intrinsece
1471 3120 1743 3194 malum;

197 3221 279 3273 est
300 3214 463 3275 enim
495 3213 719 3274 odium
758 3214 849 3274 rei
900 3212 1079 3274 bonae
1118 3219 1181 3275 ιι
1216 3230 1327 3292 per
1350 3231 1415 3275 se
1442 3213 1745 3275 amabilis

196 3308 290 3367 Est
310 3314 517 3367 autem
552 3325 755 3367 sermo
774 3307 851 3367 de
885 3305 1302 3385 peccatoribus
1322 3324 1449 3367 non
1480 3306 1753 3369 formali·

194 3404 299 3475 ter,
325 3400 429 3461 sed
454 3406 531 3459 ut
558 3400 807 3477 quidam
839 3398 1123 3459 homines
1150 3408 1295 3459 sunt
1317 3422 1335 3474 3
1366 3399 1543 3479 culpa
1584 3402 1751 3461 enim

195 3493 325 3552 odio
360 3492 581 3555 haberi
622 3498 842 3571 potest.
888 3491 1007 3552 Sed
1047 3498 1296 3553 contra:
1340 3509 1489 3553 nam
1516 3491 1753 3555 lie-itum

196 3590 275 3645 est
302 3585 621 3646 interdum
666 3584 1013 3645 desiderare
1037 3584 1270 3645 malum
1304 3585 1750 3665 peccatoribus,

194 3684 259 3737 ut
280 3678 517 3739 Psalmo
548 3680 587 3739 9
608 3693 625 3735 ι
656 3676 1093 3739 Convertuntur
1104 3684 1444 3758 peccatores
1468 3676 1535 3739 iu
1562 3679 1755 3755 iuscr-

196 3788 325 3833 num
338 3796 364 3843 ;
398 3779 461 3831 et
480 3771 637 3831 108:
669 3769 974 3833 Constitue
1002 3786 1181 3849 super
1208 3788 1339 3833 cum
1360 3776 1745 3852 peccatorem,

195 3871 243 3925 el
272 3864 539 3927 diabolus
566 3868 683 3926 stet
708 3882 745 3927 a
767 3860 998 3925 dextris
1036 3863 1203 3941 εμπ
1248 3880 1379 3925 cum
1401 3864 1748 3941 judicatur,

198 3961 353 4017 excat
378 3958 663 4020 condemn
674 3961 839 4031 atus,
872 3963 985 4017 etc.
1012 3970 1031 4032 3
1056 3955 1135 4015 ad
1158 3954 1357 4015 Galat.
1385 3957 1449 4016 5:
1502 3956 1752 4019 Utinam

198 4051 622 4113 abscindantur
648 4050 751 4130 qui
774 4065 875 4109 cos
901 4047 1293 4121 couturbant;
1340 4057 1402 4109 et
1422 4049 1641 4109 similis
1667 4047 1755 4109 lo·

200 4144 353 4204 cutio
394 4144 693 4223 frequens
726 4147 819 4203 est
868 4142 931 4201 iu
988 4159 1163 4202 sacra
1207 4142 1548 4221 Scriptura.
1601 4143 1756 4203 Item

202 4238 522 4299 Christiani
566 4237 699 4297 sine
750 4234 1039 4315 scrupulo
1096 4234 1445 4296 desiderant
1493 4240 1755 4296 mortem

200 4330 457 4391 inimicis
488 4330 814 4405 Ecclesiae3
858 4329 974 4389 hoc
1015 4332 1225 4389 autem
1255 4328 1624 4390 desiderium
1664 4334 1756 4389 est

200 4425 503 4500 quoddam
546 4423 779 4485 odium.
830 4420 1253 4502 Respondetur
1295 4421 1497 4501 primo
1524 4420 1605 4483 ad
1648 4420 1755 4483 illa

199 4514 523 4594 Scripturas
574 4516 947 4592 testimonia,
1004 4519 1075 4575 ut
1130 4515 1197 4574 in
1251 4515 1372 4575 illis
1410 4514 1491 4575 sit
1543 4532 1755 4577 sensus

198 4627 319 4669 non
346 4610 641 4689 optantis,
672 4609 779 4669 sed
821 4609 1206 4688 praedicentis
1222 4624 1243 4686 3
1266 4607 1559 4683 secundo,
1590 4615 1655 4670 ut
1676 4608 1757 4669 sit

199 4720 405 4763 sensus
454 4702 749 4781 optantiS,
790 4703 842 4762 si
884 4701 1119 4763 malum
1146 4701 1449 4763 referatur
1496 4700 1575 4761 ad
1624 4700 1754 4761 cul-

196 4814 358 4873 pam,
386 4814 514 4857 ιιοιι
538 4796 617 4857 ad
654 4812 1007 4875 personam,
1051 4797 1137 4856 ita
1162 4802 1233 4857 ut
1264 4795 1457 4875 culpas
1482 4796 1756 4857 destruc-

198 4890 303 4965 tio,
360 4908 487 4951 ιιοιι
533 4908 807 4969 personas
834 4889 1235 4951 desideretur.
1286 4889 1515 4965 Tertio,
1570 4894 1641 4947 ut
1675 4887 1755 4948 sit

198 5000 405 5044 sensus
436 4985 707 5063 optantis
748 4982 985 5045 malum
1027 4982 1145 5062 ipsi
1172 4998 1475 5061 personas,
1522 4998 1648 5041 non
1678 4998 1756 5041 ex

197 5074 353 5151 odio,
386 5076 493 5137 sed
521 5094 597 5137 ex
620 5076 829 5155 aliquo
857 5075 1113 5136 honesto
1150 5074 1275 5136 fine
1298 5074 1397 5135 vel
1430 5072 1757 5136 necessita-

197 5168 293 5243 tis,
315 5169 411 5231 vel
427 5171 607 5247 justae
640 5168 927 5230 vindictae
956 5168 1205 5228 divinae.

274 5262 333 5321 2.
380 5262 665 5327 Secunda
692 5260 1011 5325 conclamo.
1037 5292 1120 5305 —
1142 5260 1232 5321 Ex
1266 5278 1392 5339 quo
1426 5258 1564 5321 dico
1600 5258 1754 5321 ulte-

280 5455 293 5489 ¹
346 5453 511 5513 Inter
550 5452 659 5512 hos
701 5452 841 5513 vide
882 5449 1121 5525 Molin„
1174 5456 1357 5513 tract.
1408 5450 1469 5525 3,
1498 5448 1657 5529 disp.
1690 5450 1753 5523 9,

204 5547 297 5620 10,
332 5548 409 5606 «13
436 5550 501 5607 et
538 5548 635 5607 ιι.
1067 5562 1073 5569 ·

1824 1916 1933 1978 per
1975 1918 2040 1961 se
2081 1919 2209 1961 non
2250 1908 2342 1963 est
2382 1903 2658 1965 medium
2691 1906 2768 1965 ad
2799 1905 2998 1969 ullum
3025 1906 3282 1983 bonum,
3320 1910 3391 1969 li-

1824 2000 1921 2052 cet
1946 1993 2258 2055 interdum
2283 1994 2464 2057 liceat
2491 1998 2848 2075 permittere
2875 2000 3070 2061 illam.
3099 2002 3385 2073 Commu·

1829 2084 1994 2145 niter
2023 2087 2210 2147 etiam
2239 2088 2306 2149 in
2331 2088 2429 2149 his
2457 2090 2773 2152 desideriis
2805 2092 3172 2173 intelligitur
3205 2096 3392 2156 tacita

1830 2178 2126 2255 conditio,
2179 2198 2442 2261 nempe,
2491 2184 2546 2243 si
2588 2184 2710 2244 alia
2759 2186 2863 2246 via
2905 2187 3216 2266 provideri
3261 2208 3390 2251 non

1830 2276 2031 2350 potest
2073 2272 2237 2333 hono
2285 2276 2734 2353 proximorum.
2785 2278 3064 2341 Alterum
3104 2287 3194 2341 est
3212 2327 3233 2357 ,
3280 2283 3388 2343 ali·

1831 2363 2080 2452 quando
2106 2365 2290 2427 licere
2321 2368 2668 2431 desiderare
2709 2370 2958 2451 aliquod
2995 2374 3226 2435 malum
3257 2392 3392 2455 pro-

1829 2457 2024 2533 ximo,
2057 2459 2222 2536 quod
2247 2478 2374 2522 non
2397 2461 2544 2523 licet
2567 2463 2832 2541 inferre3
2861 2483 2988 2526 non
3017 2468 3186 2527 enim
3213 2468 3392 2547 quid·-

1829 2551 1980 2629 quid
2019 2550 2162 2613 licet
2191 2554 2348 2613 mihi
2376 2560 2589 2633 optare
2633 2575 2706 2617 ιιι
2749 2560 3016 2636 eveniat,
3051 2560 3194 2621 licet
3237 2560 3392 2621 mihi

1828 2643 2058 2719 facere,
2086 2653 2158 2705 ut
2193 2653 2359 2725 patet
2395 2647 2472 2707 de
2501 2649 2768 2727 proximi
2805 2658 3027 2713 morte.
3067 2654 3246 2715 Ratio
3273 2661 3388 2730 est,

1831 2740 1982 2818 quia
2009 2740 2204 2801 multa
2226 2741 2540 2803 interdum
2567 2743 2730 2804 licite
2769 2744 2928 2806 fiunt
2960 2746 3040 2807 ab
3071 2746 3216 2823 alio,
3247 2764 3390 2827 quae

1830 2850 1867 2892 a
1898 2850 1998 2893 me
2035 2851 2160 2893 non
2190 2841 2446 2912 possunt
2479 2835 2646 2897 licite
2675 2836 2834 2913 fieri,
2860 2840 3008 2918 quia
3049 2858 3228 2902 careo
3248 2842 3391 2920 jure

1832 2932 1894 2986 et
1937 2932 2270 3004 potestate3
2321 2926 2696 2989 desiderium
2731 2948 2880 3008 ergo
2926 2942 3018 2993 est
3055 2940 3126 2993 ut
3169 2953 3392 2996 uuum—

1832 3018 2118 3097 quodquc
2147 3036 2258 3099 per
2297 3019 2604 3097 legitimas
2633 3040 2848 3083 causas
2873 3024 3002 3087 fiat.

1914 3112 1973 3171 3.
2021 3111 2235 3175 ,Tertia
2279 3113 2582 3176 conclusio
2623 3117 2912 3179 suadetur
2945 3118 3386 3201 mutiplicitcr.

1832 3204 2074 3263 -Dico
2103 3205 2323 3265 tertio:
2354 3223 2432 3267 ex
2473 3207 2591 3268 hoc
2636 3217 2948 3290 praecepto
2977 3221 3260 3273 tenemur
3286 3232 3392 3293 po·

1834 3296 2014 3357 sitive
2045 3315 2255 3359 amare
2286 3306 2652 3377 peccatores,
2691 3304 2882 3363 etiam
2906 3305 3206 3369 inimicos,
3237 3308 3393 3367 Con-

1832 3396 1956 3452 stat
1995 3390 2212 3453 Matth.
2245 3394 2286 3453 5
2318 3410 2333 3454 :
2365 3394 2624 3476 Diliyitc
2648 3395 2922 3460 inimicos
2965 3404 3214 3474 vestros,
3249 3416 3390 3480 quae

1832 3484 2024 3545 verba
2065 3502 2190 3545 non
2236 3492 2478 3547 tantum
2513 3490 2838 3551 consilium
2881 3491 2984 3551 sed
3016 3500 3391 3572 proeceptum

1833 3578 2176 3653 continent,
2223 3584 2294 3639 ιιι
2333 3589 2652 3659 exponunt
2701 3582 2790 3642 ihi
2829 3585 3058 3659 Patres,
3102 3584 3394 3664 idemque

1833 3673 2099 3735 habetur
2119 3692 2192 3735 ex
2224 3675 2504 3737 doctrina
2525 3676 2936 3738 Conciliorum
2966 3678 3252 3758 carthag.
3289 3681 3389 3755 lv,

1831 3786 1886 3828 c.
1913 3770 2017 3843 93,
2040 3775 2102 3828 et
2119 3768 2481 3847 Agathens„
2508 3787 2561 3830 c.
2595 3770 2694 3830 22.
2729 3771 2908 3832 Ratio
2935 3790 3081 3833 vero
3110 3780 3224 3847 est,
3249 3773 3395 3852 quia

1831 3861 2122 3922 inimicus
2159 3866 2252 3922 est
2282 3864 2600 3941 proximus
2630 3871 2694 3925 et
2735 3882 2925 3942 capax
2969 3866 3388 3928 beatitudinis„

1834 3955 2089 4031 Deinde,
2133 3956 2290 4035 quod
2330 3955 2440 4018 tibi
2465 3972 2584 4017 nou
2611 3958 2729 4031 vis,
2761 3959 2945 4021 alteri
2971 3978 3042 4023 nc
3065 3961 3262 4039 facias
3272 3986 3301 4034 ,·
3328 3970 3394 4022 at

1836 4064 2053 4107 omnes
2079 4046 2370 4107 volumus
2395 4050 2616 4124 amari,
2655 4050 2844 4111 etiam
2887 4052 2966 4112 ab
2993 4052 3090 4113 his
3115 4070 3273 4133 quos
3301 4052 3394 4114 of-

1834 4140 2165 4201 fendimus.
2216 4142 2388 4202 Adde
2433 4143 2594 4223 quod
2642 4144 2980 4207 vindictam
3025 4164 3272 4210 sumere
3313 4144 3393 4208 ab

1802 4233 2106 4302 ,inimicis
2143 4235 2390 4313 propria
2421 4240 2807 4309 auctoritate,
2834 4245 2925 4299 est
2953 4250 3167 4302 contra
3205 4242 3394 4301 ratio-

1837 4345 1986 4389 nem
2014 4328 2396 4403 naturalem3
2435 4348 2582 4407 ergo
2629 4338 2690 4391 et
2733 4334 3038 4412 appetitus
3081 4334 3390 4407 vindictis,

1834 4420 1935 4481 cui
1963 4420 2306 4481 contrarius
2335 4429 2426 4483 est
2451 4423 2553 4484 hic
2575 4442 2770 4486 amor.
2795 4426 3066 4487 Tandem
3093 4427 3192 4487 hic
3217 4444 3393 4487 amor

1834 4520 1923 4575 est
1955 4516 2222 4575 maxime
2249 4517 2626 4578 necessarius
2651 4518 2730 4578 ad
2765 4520 3247 4581 conservandam
3266 4522 3394 4600 jus-

1834 4606 2060 4681 titiam,
2093 4614 2155 4668 et
2185 4626 2399 4686 pacem
2443 4610 2606 4669 inter
2635 4609 2936 4681 homines,
2978 4613 3058 4673 ad
3102 4630 3290 4691 quem
3323 4612 3395 4673 fl-

1833 4717 1978 4761 nem
2009 4700 2364 4761 referuntur
2391 4710 2702 4783 praecepta
2731 4705 3015 4765 secundae
3035 4704 3288 4767 tabulae.

1914 4796 1975 4854 4.
2024 4793 2306 4856 Pn'mwm
2359 4796 2747 4858 corollarium
2785 4824 2810 4857 .·
2838 4803 3210 4879 pra-ceptum
3251 4798 3396 4860 dili-

1832 4888 2014 4969 qcndi
2047 4886 2326 4950 inimicos
2360 4906 2476 4950 non
2511 4889 2702 4951 solum
2743 4895 2834 4952 cst
2870 4890 3200 4971 positivum
3237 4893 3396 4953 divi-

1835 4998 2005 5055 uum,
2052 4982 2159 5043 scd
2202 4980 2382 5041 etiam
2419 4983 2724 5044 naturale.
2751 5014 2828 5029 --
2851 4986 2928 5044 Et
2967 4985 3111 5044 hinc
3159 4990 3396 5044 constat

1838 5079 2214 5153 praeceptum
2251 5072 2368 5133 hoc
2427 5092 2555 5134 non
2601 5092 2731 5135 esse
2773 5082 3015 5137 tantum
3065 5076 3395 5155 positivum

1836 5166 2146 5241 divinum,
2175 5164 2282 5225 sed
2313 5166 2498 5227 etiam
2529 5167 2835 5244 naturale,
2867 5175 3001 5228 tum
3031 5169 3221 5228 etiam
3250 5168 3397 5247 quia

1838 5259 1937 5321 lex
1961 5258 2330 5337 Evangelica
2369 5278 2496 5319 uon
2537 5259 2774 5321 addidit
2807 5271 3108 5341 praecepta
3136 5259 3398 5320 moralia

1834 5355 2122 5434 positiva,
2152 5360 2370 5433 praeter
2397 5372 2468 5414 ca
2496 5371 2634 5432 quae
2661 5360 2809 5414 sunt
2837 5358 3391 5427 sacramentorum,

1837 5465 1915 5508 ex
1950 5447 2148 5525 prima
2197 5447 2480 5507 secundae
2503 5490 2520 5519 ,
2569 5447 2892 5524 quaestion.
2940 5448 3076 5508 108.
3125 5446 3302 5507 Unde
3335 5454 3398 5507 et

1840 5538 2191 5621 philosophi
2225 5540 2342 5600 hoc
2389 5548 2756 5620 praeceptum
2783 5547 3193 5619 agnoverunt.
3225 5541 3396 5605 Dices
