3900 6217
782 448 955 510 secr.
992 458 1074 511 tx.
1112 456 1195 508 Aa
1227 456 1348 508 sos
1384 452 1572 507 vise-u
1604 452 1727 505 vel.
1752 450 1877 507 aaa
1908 452 2132 506 sciron
2166 452 2264 506 sn·
2297 452 2601 517 connino,
2637 440 2769 507 mc.

158 572 437 629 sensum,
484 555 597 636 qui
627 556 981 619 eminenter
1021 558 1099 618 sit
1136 554 1295 617 fides
1342 556 1620 616 humana
1666 558 1729 615 et

154 648 395 721 divina,
430 655 497 711 et
530 650 639 731 qui
666 649 1019 712 considerat
1047 649 1174 711 duo
1201 648 1405 711 media
1436 648 1731 709 demons-

152 742 373 803 trativa
403 742 699 822 ejusdem
726 744 1023 817 veritatiS‚
1058 761 1252 804 unum
1285 743 1635 823 physicum,
1666 746 1731 803 et

150 834 315 896 aliud
368 836 921 909 mathematicum,
970 837 1144 897 verbi
1196 837 1418 917 gratia,
1468 852 1733 895 concur-

150 946 285 987 sum
330 927 623 1006 partium
672 934 857 991 terrae
902 930 1065 991 circa
1099 928 1264 992 idem
1316 932 1623 1002 centrum,
1672 933 1736 989 et

150 1020 457 1101 eclypsim
524 1020 693 1083 lunae
750 1022 813 1083 in
870 1022 1133 1083 formam
1190 1022 1547 1093 rotundam,
1604 1038 1733 1081 non

148 1116 329 1177 efficit
366 1135 569 1177 unam
612 1116 1107 1201 conclusionem,
1136 1134 1245 1177 seu
1284 1121 1493 1177 actum
1532 1115 1733 1178 scien-

148 1209 239 1269 a'ae
266 1210 479 1287 (quod
504 1208 806 1271 nimirum
834 1218 1001 1271 terra
1028 1212 1105 1271 sit
1132 1209 1438 1291 globosa),
1458 1209 1563 1287 qui
1588 1208 1737 1268 emi·

144 1308 373 1363 uenter
408 1302 491 1364 sit
520 1309 703 1365 actus
734 1302 1139 1383 philosophiae
1162 1308 1225 1363 et
1253 1301 1732 1373 mathematicae,

144 1394 249 1455 sed
278 1396 505 1473 potius
538 1396 879 1475 duplicem,
912 1403 1252 1475 utrumque
1289 1396 1352 1455 in
1386 1412 1500 1454 sua
1526 1392 1733 1473 specie

140 1487 527 1569 perfeetum.
552 1490 625 1551 Et
656 1488 761 1570 qni
787 1488 1141 1551 considerat
1166 1490 1363 1549 Deum
1394 1506 1533 1549 esse
1564 1504 1735 1548 sum-

136 1600 309 1643 mum
340 1583 595 1643 bonum
624 1588 879 1664 propter
908 1600 976 1643 se
996 1581 1291 1653 amabile,
1312 1588 1375 1643 et
1397 1600 1535 1642 esse
1566 1598 1734 1641 sum-

138 1693 311 1737 mum
368 1676 619 1737 bonum
668 1677 990 1755 proprium
1042 1676 1348 1751 hominis,
1395 1693 1522 1735 non
1567 1672 1730 1736 elicit

141 1787 339 1831 unum
374 1788 695 1841 amorem,
720 1770 827 1849 qni
862 1769 1213 1831 eminenter
1241 1770 1319 1829 sit
1348 1768 1636 1828 amicitiis
1669 1771 1732 1828 et

142 1862 683 1941 concupiscentiae
700 1886 714 1936 3
734 1881 871 1943 qua».
894 1861 1099 1923 omnia
1124 1880 1411 1940 suppono
1434 1868 1730 1941 tanquam

143 1963 307 2029 nota,
340 1974 569 2035 neque
608 1956 738 2018 scio
770 1956 1042 2035 aliquem
1070 1954 1301 2015 dixisse
1325 1954 1726 2015 eontrarium.

140 2048 207 2109 Et
228 2050 401 2109 ratio
434 2048 731 2109 omnium
768 2055 883 2119 est,
914 2049 1061 2127 quia
1088 2048 1191 2109 illa
1222 2048 1451 2109 motiva
1481 2064 1733 2126 semper

142 2148 405 2203 manent
432 2140 717 2218 diversa,
754 2148 815 2203 et
846 2159 973 2201 aon
1000 2147 1387 2221 componunt
1414 2158 1631 2200 unum.
1656 2140 1733 2200 Et

144 2252 213 2295 ex
230 2234 469 2295 eodem
500 2234 843 2315 principio¹
870 2234 937 2294 in
968 2239 1020 2295 t.
1046 2234 1105 2309 2,
1132 2252 1194 2313 q,
1233 2236 1331 2305 18,
1374 2234 1479 2313 qui
1504 2233 1731 2294 melius

144 2329 447 2404 sentiunt,
486 2328 881 2389 concludunt
920 2346 1111 2389 unum
1153 2332 1363 2388 actum
1414 2327 1729 2387 internum

146 2438 267 2481 nnn
287 2438 487 2500 posse
519 2420 712 2483 simul
737 2440 879 2483 esse
906 2439 983 2481 ex
1004 2418 1251 2482 duobus
1275 2420 1572 2501 proximis
1598 2438 1729 2480 mo-

148 2514 277 2575 tivis
301 2516 615 2575 virtutum
670 2515 881 2591 specie
928 2512 1339 2589 diversarum,
1369 2512 1481 2574 sed
1524 2512 1729 2574 solum

150 2606 399 2687 quando
426 2608 675 2669 motiva
706 2607 791 2668 ita
822 2607 984 2668 inter
1014 2626 1083 2669 se
1120 2611 1268 2667 sunt
1297 2606 1748 2680 subordinata,.

154 2708 217 2761 ut
254 2718 457 2759 unum
514 2701 597 2761 sit
654 2698 1035 2779 proximum,
1086 2704 1147 2760 et
1195 2698 1367 2759 aliud
1390 2706 1723 2776 remotum,

160 2793 315 2875 quod
340 2793 403 2853 in
433 2794 735 2869 pra-senti
765 2794 977 2855 locum
1006 2792 1364 2854 nonhabet.

242 2890 333 2947 lt.
372 2886 713 2965 Refellieur
774 2890 1028 2949 secunda
1082 2905 1155 2951 ιω
1198 2893 1378 2966 parto
1416 2890 1613 2949 actus.
1650 2918 1733 2933 —

182 2980 457 3048 Secundo,
512 2979 951 3061 principaliter
985 2988 1388 3054 argumentor
1432 2996 1509 3039 ex
1558 2985 1729 3059 parte

182 3084 353 3141 actas,
370 3080 425 3133 et
450 3074 715 3152 inquiro
742 3091 823 3133 an
850 3074 951 3135 ille
986 3080 1162 3135 aetus
1184 3074 1271 3133 sic
1301 3073 1609 3143 eminens,
1629 3092 1729 3133 su-

170 3167 573 3244 pernaturalis
611 3167 696 3227 sit
738 3167 1017 3240 omnine,
1045 3166 1143 3227 vel
1192 3184 1347 3245 pure
1397 3165 1723 3239 naturalia,

166 3260 249 3319 vel
284 3260 564 3331 mixtus;
620 3266 793 3321 certe
841 3260 958 3321 hoc
986 3259 1275 3320 ultimum
1316 3260 1571 3339 cogitari
1600 3278 1728 3321 nou

156 3358 367 3431 potest,
400 3352 561 3432 quia
588 3352 696 3413 ille
736 3359 913 3415 actus
952 3352 1451 3432 simplicissimus
1492 3358 1608 3427 est,
1664 3359 1729 3416 et

154 3446 569 3513 indivisibilis,
615 3446 965 3526 praesertim
1020 3446 1369 3507 secundum
1442 3444 1728 3507 differen-

156 3538 288 3598 tiam
320 3538 624 3599 ultimam
654 3558 673 3611 ;
726 3556 875 3619 ergo
922 3556 1051 3599 non
1090 3544 1293 3619 potest
1320 3556 1458 3601 esse
1497 3538 1727 3599 mixtus

152 3650 219 3691 ex
244 3632 529 3701 naturali
560 3638 623 3693 et
654 3632 1155 3711 supernaturali;
1206 3630 1287 3692 ad
1329 3630 1599 3693 alterum
1627 3650 1727 3693 er—

152 3742 221 3801 go
252 3743 337 3785 ex
364 3724 466 3785 his
508 3723 837 3787 ordinibus
880 3723 1148 3803 pertinet
1189 3723 1542 3785 secundum
1574 3723 1727 3785 sub-

154 3820 449 3879 stantiam
500 3836 709 3891 suam,
739 3816 817 3879 de
861 3817 967 3878 illa
1017 3818 1185 3879 enim
1230 3817 1567 3896 loquimur.
1606 3818 1727 3879 De-

152 3912 285 3973 inde
323 3930 463 3973 non
494 3917 705 3991 potest
732 3911 990 3991 cogitari
1024 3929 1195 3972 mere
1224 3909 1547 3980 naturalia,
1576 3910 1724 3991 quia

156 4010 237 4063 est
274 4010 496 4067 certus
528 4004 900 4089 certitudine
942 4002 1115 4076 fidei,
1150 4010 1213 4065 et
1238 4002 1454 4065 nititur
1483 4004 1546 4065 in
1575 4022 1725 4065 auc-

154 4097 393 4158 toritate
442 4096 661 4157 divina
702 4096 937 4159 credita
976 4096 1553 4176 supernaturaliter,
1586 4115 1725 4175 quoe

156 4196 237 4250 est
264 4189 582 4251 motivum
624 4190 1147 4269 supernatur-alm
1187 4188 1376 4259 unde,
1415 4194 1725 4269 quatenus

152 4282 281 4343 talis
310 4292 437 4355 est,
469 4300 602 4343 non
651 4289 853 4361 potest
884 4280 1014 4343 fieri
1046 4282 1182 4344 sine
1226 4282 1453 4342 auxilio
1482 4282 1722 4363 gratiae,

158 4394 291 4437 nam
337 4382 435 4439 est
488 4376 988 4455 supernaturalis
1041 4376 1329 4457 quaedam
1370 4374 1715 4455 dispositio,

160 4476 209 4528 et
244 4470 393 4546 quia
438 4468 553 4531 illa
582 4468 888 4531 certitudo
935 4474 1190 4548 superat
1218 4469 1381 4531 vires
1406 4470 1724 4531 naturales

158 4560 441 4631 hominis,
480 4560 892 4641 proceditque
922 4580 959 4623 a
994 4562 1097 4641 pia
1126 4562 1454 4623 affectione
1504 4562 1726 4621 volun-

158 4654 311 4726 tatis,
340 4672 489 4733 quae
536 4654 1028 4734 supernaturalis
1090 4642 1224 4725 est3
1259 4654 1374 4713 erit
1413 4672 1564 4733 ergo
1618 4654 1724 4716 ille

160 4755 321 4807 actus
336 4747 838 4827 supernaturalis
860 4746 1067 4827 quoad
1096 4747 1529 4817 substanfiam,
1558 4754 1617 4809 et
1642 4749 1727 4809 ita

158 4838 423 4901 fatentur
460 4848 755 4903 auctores
785 4840 951 4901 illius
991 4840 1335 4911 sententiae,
1366 4839 1475 4918 qui
1505 4840 1726 4902 melius

162 4934 443 4995 sentiunt.
494 4930 677 5005 Quod
704 4940 917 4995 tamen
961 4952 1086 4993 non
1123 4936 1337 5012 posset
1374 4950 1514 4993 esse
1545 4950 1719 4993 mere

164 5026 673 5102 supernaturalia,
724 5026 1047 5105 probatur,
1085 5026 1235 5105 quia
1263 5030 1357 5086 est
1388 5030 1563 5086 actus
1592 5026 1721 5088 evi-

166 5116 333 5189 dens,
362 5127 427 5179 et
452 5117 561 5179 illa
610 5117 923 5180 evidentia
965 5118 1267 5181 naturalis
1318 5124 1560 5179 tantum
1597 5125 1712 5192 est,

170 5210 305 5285 quia
331 5210 587 5291 praecise
618 5210 813 5273 oritur
853 5230 932 5275 ex
958 5211 1166 5273 medio
1206 5210 1474 5271 naturali
1514 5220 1574 5272 et
1604 5231 1717 5273 na-

172 5304 437 5365 turaliter
462 5304 713 5385 cognito
742 5323 761 5377 ;
794 5304 963 5365 unde
1000 5320 1259 5365 necesse
1298 5308 1487 5363 estut
1518 5304 1584 5364 in
1606 5304 1712 5365 illo

168 5544 181 5553 .
260 5499 275 5531 ¹
314 5495 677 5559 Consulatur
702 5502 945 5570 auctor,
974 5500 1153 5558 tract.
1191 5498 1248 5571 1,
1278 5492 1437 5577 disp.
1468 5497 1530 5574 3,
1560 5502 1710 5561 sect.

184 5588 245 5659 Ξ.
264 5592 321 5649 et
348 5588 657 5652 formalius
674 5596 855 5653 tract.
884 5592 947 5665 3,
968 5588 1129 5669 disp.
1151 5590 1216 5662 ⁴,
1242 5594 1394 5651 sect.
1425 5590 1487 5652 3.

3298 444 3379 509 85

1810 560 1955 616 actu
2001 555 2079 617 sit
2140 556 2329 617 etiam
2383 555 2687 618 certitudo
2724 552 3028 617 naturalis
3075 552 3374 628 scientias,

1811 649 1956 729 quia
1983 652 2113 711 baec
2138 649 2490 712 necessario
2517 650 2854 711 comitatur
2876 648 3226 709 naturalem
3257 648 3378 709 eri·

1811 744 2112 816 dentiam,
2159 744 2334 805 etita
2367 744 2482 805 etit
2517 745 2579 805 in
2624 742 2728 804 illo
2769 750 2908 805 actu
2949 744 3180 823 duplex
3235 760 3381 821 pro-

1815 838 2048 917 prietas
2099 838 2425 908 naturalis,
2459 844 2523 898 et
2582 855 2704 896 una
2755 834 3267 916 supernaturalis,
3316 840 3380 896 et

1816 948 2036 991 omnes
2094 930 2588 1003 substantiales;
2645 930 2959 1009 quomodo
3027 946 3176 1008 ergo
3237 946 3376 989 esse

1814 1029 2018 1103 potest
2047 1042 2202 1103 pure
2232 1025 2777 1102 supernaturalis?
2819 1022 2996 1085 Unde
3055 1023 3241 1083 etiam
3285 1021 3378 1081 in·

1813 1117 2109 1197 telligitur
2148 1136 2274 1177 non
2303 1135 2483 1197 posse
2525 1118 2887 1187 subsistere,
2932 1116 2992 1176 id
3023 1115 3191 1193 quod
3225 1130 3379 1193 prae-

1818 1208 1925 1271 fati
1976 1215 2262 1271 auctores
2293 1217 2584 1274 asserunt
2624 1210 2702 1271 de
2729 1209 2938 1289 speeie
2984 1208 3148 1269 illius
3177 1214 3375 1280 actuS,

1817 1302 2112 1363 nimirum
2155 1302 2324 1382 quod
2372 1302 2448 1364 sit
2497 1322 2624 1363 una
2670 1309 2731 1364 et
2777 1302 3084 1381 superior,
3117 1306 3179 1363 et
3224 1298 3380 1359 emi·-

1816 1403 2048 1459 nenter
2079 1398 2406 1457 continens
2446 1396 2604 1458 duas
2634 1396 3000 1465 inferiores;
3045 1412 3192 1455 nam
3226 1412 3383 1473 qna·

1815 1490 1991 1563 litaS,
2041 1508 2180 1570 qnae
2221 1490 2529 1568 ejusmodi
2582 1495 2699 1564 est,
2743 1507 2868 1549 non
2919 1488 3106 1550 habet
3149 1487 3382 1547 forma-

1814 1582 1956 1644 liter
1991 1582 2402 1663 proprietates
2443 1582 2806 1644 inferiorum
2851 1580 3223 1660 specierum,
3265 1598 3379 1639 seu

1814 1676 2098 1757 ejusdem
2145 1674 2451 1747 rationis;
2503 1682 2566 1736 at
2612 1692 2765 1735 vero
2797 1674 2858 1735 in
2900 1673 3004 1735 illo
3059 1680 3198 1735 actu
3255 1672 3382 1733 for-

1816 1770 2064 1830 maliter
2092 1776 2184 1829 est
2214 1768 2524 1829 evidentia
2562 1766 2864 1829 naturalis
2893 1766 3186 1836 scientim,
3219 1764 3382 1845 ejus-

1816 1860 1962 1923 dem
2009 1862 2237 1941 speciei
2271 1860 2574 1934 camilla,
2615 1866 2676 1921 et
2723 1860 3027 1922 certitudo
3077 1876 3381 1939 superna-

1816 1956 2032 2017 turalis
2062 1956 2346 2036 ejusdem
2373 1954 2601 2035 speeiei
2631 1972 2774 2016 cum
2801 1954 3168 2015 certitudine
3195 1952 3374 2024 fidem

1814 2067 1965 2127 ergo
1998 2067 2121 2111 non
2155 2056 2250 2112 est
2283 2050 2364 2110 ibi
2393 2048 2753 2118 eminentia,
2789 2048 2902 2109 sed
2926 2046 3204 2109 formalis
3231 2064 3379 2106 con-

1810 2141 2071 2206 tinentia
2105 2143 2370 2204 duarum
2403 2142 2757 2221 specierum
2783 2142 3166 2203 inferiorum.
3197 2139 3378 2201 Ratio

1812 2237 2002 2299 etiam
2047 2236 2168 2297 boc
2209 2236 2572 2315 persuadet,
2616 2235 2760 2315 quia
2792 2254 2866 2297 ex
2902 2234 3148 2296 duabus
3176 2232 3382 2294 causis

1810 2348 1935 2391 non
1970 2335 2172 2410 potest
2201 2329 2346 2390 oriri
2374 2346 2539 2389 unus
2570 2330 2828 2391 effectus
2857 2327 3206 2389 eminenter
3236 2344 3381 2386 con·

1811 2422 2018 2484 tineus
2064 2429 2258 2484 totam
2291 2422 2736 2503 perfectionem
2773 2423 3096 2500 utriusque
3141 2438 3373 2493 causas,

1812 2516 1960 2597 quia
2025 2516 2166 2577 talis
2228 2516 2488 2577 effectus
2535 2514 2866 2577 excederet
2927 2514 3376 2595 perfectionem

1812 2608 2183 2670 intensivum
2229 2627 2458 2679 causae,
2504 2608 2674 2689 quod
2703 2626 2840 2668 esse
2891 2626 3016 2667 non
3049 2612 3272 2687 potest,
3313 2611 3378 2668 ut

1812 2719 2122 2781 suppono.
2173 2702 2244 2763 Et
2277 2702 2582 2763 declarari
2615 2707 2816 2781 potest
2861 2700 3123 2761 naturali
3164 2718 3378 2761 exem-

1810 2797 1957 2877 plo;
1994 2812 2139 2856 nam
2170 2796 2222 2855 si
2261 2814 2338 2857 ex
2365 2795 2742 2857 animalibus
2789 2794 3175 2855 diversarum
3233 2812 3377 2873 spe-

1812 2890 2047 2951 cierum
2092 2896 2431 2969 generetur
2479 2908 2672 2949 unum
2724 2888 2920 2949 tertiae
2959 2886 3212 2966 speciei,
3246 2904 3372 2948 non

1811 2988 2015 3062 potest
2041 2983 2168 3043 lare
2199 2983 2379 3043 tertia
2412 2981 2652 3061 species
2681 2980 3030 3043 eminenter
3055 2982 3374 3041 continere

1812 3075 1949 3136 illas
1999 3074 2157 3137 duas
2192 3121 2207 3149 ,
2264 3077 2409 3155 quia
2460 3081 2625 3136 esset
2694 3072 3025 3154 perfectior
3069 3080 3369 3153 utraque,

1810 3171 1957 3251 quia
2000 3188 2100 3231 res
2167 3170 2432 3248 simplex
2485 3169 2836 3229 emine-nter
2875 3168 3198 3230 contineas
3238 3168 3376 3247 plu·

1806 3282 1931 3336 res,
1968 3268 2030 3325 et
2083 3282 2304 3324 omnes
2355 3262 2770 3343 perfectiones
2806 3280 3047 3335 earum,
3079 3278 3375 3323 necessa-

1806 3356 1899 3419 rio
1931 3374 2070 3418 esse
2110 3357 2299 3419 debet
2327 3356 2728 3418 excellentior
2756 3362 3057 3434 utraque3
3100 3356 3219 3416 hoc
3257 3360 3373 3415 a'u·

1807 3454 1933 3510 tem
1976 3449 2041 3511 in
2081 3448 2186 3511 illo
2220 3449 2511 3529 exemplo
2567 3466 2891 3527 nunquam
2935 3448 3266 3520 invenitur,
3304 3453 3374 3509 ut

1809 3544 2191 3625 experientia
2241 3549 2484 3605 constat
2514 3548 2576 3605 et
2614 3542 2890 3615 ratione;
2941 3542 3084 3623 quia
3117 3540 3370 3623 quando

1809 3638 2068 3701 effectus
2097 3644 2191 3701 est
2219 3640 2598 3719 oequivocus,
2629 3637 2836 3719 potius
2853 3636 2984 3717 ipse
3009 3636 3200 3698 debet
3223 3636 3374 3697 emi-

1806 3737 2030 3793 nenter
2076 3732 2378 3794 contineri
2427 3730 2488 3793 iu
2531 3748 2743 3803 causa,
2779 3749 2971 3811 qaam
3026 3728 3376 3792 eminenter

1806 3824 2127 3887 continere
2161 3843 2417 3886 causam
2449 3844 2466 3898 ;
2507 3825 2596 3886 sic
2639 3842 2790 3905 ergo
2827 3822 3013 3885 estin
3042 3821 3366 3903 praesenti:

1805 3934 1956 3979 nam
1983 3918 2260 3979 medium
2305 3918 2601 3989 scientim,
2639 3924 2704 3979 et
2727 3916 3065 3979 auctoritas
3090 3916 3198 3978 Dei
3227 3920 3372 3977 sunt

1803 4008 1996 4071 veluti
2037 4011 2178 4072 duae
2221 4030 2425 4073 causae
2471 4029 2608 4091 quse
2664 4010 3134 4089 conjunguntur
3177 4004 3254 4068 ad
3305 4006 3371 4066 il·

1805 4101 1938 4163 lum
2009 4104 2342 4177 effectum3
2397 4122 2546 4179 ergo
2611 4122 2738 4164 non
2805 4109 3067 4184 possunt
3127 4100 3372 4163 efficere

1808 4212 2003 4257 unum
2059 4198 2348 4259 effectum
2397 4198 2747 4257 eminenter
2798 4195 3218 4258 continentem
3278 4199 3374 4254 to·

1805 4293 1935 4349 tam
1985 4288 2427 4369 perfectionem
2475 4289 2620 4350 fidei
2658 4296 2718 4350 et
2759 4288 3052 4353 scientiae.
3099 4288 3240 4365 quia
3288 4291 3374 4346 ta-

1805 4379 1879 4442 lis
1910 4382 2170 4444 effectus
2214 4384 2569 4446 necessario
2600 4386 2764 4443 esset
2797 4380 3251 4442 excellentioris
3274 4398 3374 4440 ra-

1804 4474 1990 4536 tionis
2021 4495 2212 4555 quam
2255 4477 2412 4539 tides
2460 4484 2521 4537 et
2541 4492 2732 4555 quam
2766 4475 3047 4548 scientia,
3091 4480 3152 4535 et
3180 4490 3369 4553 quam

1807 4570 2006 4630 ambae
2035 4568 2243 4638 simul,
2276 4572 2422 4650 quia
2464 4568 2887 4630 excellentiori
2921 4574 2982 4628 et
3011 4565 3370 4647 simpliciori

1810 4662 1999 4723 modo
2040 4665 2386 4724 contineret
2430 4668 2625 4723 totam
2670 4660 2838 4721 illam
2897 4658 3367 4740 perfectionem,

1810 4760 1871 4815 et
1904 4756 2188 4829 haberet,
2231 4760 2296 4817 ut
2337 4754 2425 4816 sic
2473 4754 2700 4827 dicam,
2739 4754 2935 4833 ipsam
2993 4752 3372 4815 evidentiam

1808 4849 2511 4928 supernaturalizatam‚
2568 4845 2737 4926 quod
2789 4846 3065 4927 profecto
3114 4844 3372 4925 intelligi

1805 4960 1930 5001 non
1979 4949 2198 5021 potest.
2231 4944 2304 5005 Et
2331 4942 2760 5015 confirmatur,
2805 4942 2952 5020 quia
2994 4938 3211 5000 similis
3251 4939 3374 5001 dis-

1799 5052 2020 5096 cursus
2067 5034 2201 5097 fieri
2233 5042 2436 5115 potest
2482 5034 2560 5096 de
2592 5034 2874 5096 libertate
2907 5040 2968 5096 et
2997 5032 3370 5095 necessitate

1799 5125 1966 5187 illius
1996 5132 2216 5201 actus3
2274 5148 2421 5189 nam
2468 5129 2585 5190 erit
2631 5128 3023 5191 necessarius
3061 5134 3372 5208 quatenus

1797 5219 2080 5295 evidenS‚
2127 5227 2189 5283 et
2225 5222 2383 5283 liber
2416 5228 2731 5302 quatenus
2774 5222 3023 5283 certior.
3065 5220 3222 5283 Item
3253 5221 3371 5283 erit

1796 5312 2197 5386 discors-ivus,
2253 5314 2317 5375 id
2375 5321 2492 5387 est,
2548 5331 2666 5394 per
2712 5330 2779 5374 se
2842 5318 2904 5373 et
2953 5313 3370 5373 essentialiter

1796 5406 2082 5486 pendens
2123 5426 2202 5469 ex
2253 5406 2542 5469 discursu
2568 5451 2585 5479 ,
2618 5412 2929 5485 quatenus
2971 5410 3066 5465 est
3105 5422 3220 5484 per
3257 5405 3370 5467 de-

1797 5505 2317 5563 monstrationem
2347 5519 2364 5573 3
2415 5506 2479 5563 et
2507 5498 2692 5561 simul
2722 5497 2837 5561 erit
2864 5503 3042 5560 actus
3072 5496 3362 5577 simplex,

1802 5598 1867 5653 et
1922 5593 2058 5655 sine
2110 5592 2534 5674 dependentia
2581 5592 2663 5653 ab
2725 5594 3024 5653 extraneo
3084 5588 3365 5665 lumine,
