3900 6217
905 375 1076 428 SECT.
1111 375 1173 426 11.
1211 375 1294 426 AN
1327 373 1531 426 OMNES
1563 372 1870 426 nAERETm!
1903 373 2071 426 HANG
2100 375 2431 428 censuum
2463 375 2831 429 mennam.

242 475 472 554 verbis,
504 477 580 538 de
618 477 838 538 Haeret.
861 496 880 550 ;
907 473 1008 534 vel
1034 478 1200 534 certe
1235 472 1380 552 quia
1411 470 1686 532 haeretici
1716 470 1812 530 di-

243 575 494 646 cuntur,
517 569 630 648 qui
661 567 945 630 distincte
971 573 1034 628 et
1055 582 1348 644 expresse
1381 564 1587 624 sciunt
1623 564 1816 624 haere-

242 680 338 722 ses
367 663 739 733 discernere,
771 667 836 722 et
861 659 1000 720 illas
1035 658 1332 732 creduut3
1365 656 1682 717 credentes
1707 672 1818 715 au-

241 761 374 816 tem
421 757 748 828 dicuntur,
789 755 897 834 qui
941 752 1190 814 confuse
1233 750 1494 812 credunt
1549 767 1626 810 ea
1677 766 1816 828 quae

245 849 354 910 alii
411 848 685 910 haeretici
699 897 716 923 ,
771 847 1056 926 magistri
1103 862 1406 920 errorum,
1450 843 1692 918 docent,
1737 841 1820 902 si·

243 947 353 1002 cut
397 941 612 1004 fideles
661 941 967 1018 simplices
1019 937 1283 1000 credunt
1330 955 1480 997 vera
1509 954 1636 997 esse
1682 952 1821 1013 quai

243 1033 519 1095 Ecclesia
545 1032 744 1094 docet.
762 1032 854 1094 Ad
882 1030 1216 1092 secundam
1245 1028 1806 1102 confirmationem,

244 1128 325 1188 de
376 1127 484 1188 ino
535 1126 644 1205 qui
677 1144 883 1186 coram
918 1125 1284 1202 Inquisitore
1328 1121 1654 1183 confitetur
1693 1119 1819 1180 hae-

245 1220 440 1280 resim
469 1219 829 1293 mentalem,
859 1218 1188 1279 dicendum
1225 1222 1338 1290 est,
1375 1216 1426 1276 si
1457 1214 1823 1275 confiteatur

247 1312 452 1388 illam,
469 1331 597 1372 non
619 1312 822 1373 solum
847 1318 917 1371 ut
939 1312 1346 1392 praeteritam,
1371 1308 1475 1370 sed
1501 1307 1648 1386 quia
1671 1312 1820 1366 tunc

249 1406 442 1469 etiam
491 1405 584 1466 illi
634 1405 930 1480 adhaeret,
962 1411 1112 1464 tunc
1135 1404 1358 1464 merito
1381 1419 1557 1481 posse
1579 1398 1816 1479 puniri,

249 1499 408 1576 quia
425 1516 536 1576 per
557 1496 730 1560 illam
751 1497 1202 1560 confessionem
1223 1496 1294 1556 fit
1313 1501 1604 1556 externus
1625 1493 1822 1554 haere-

249 1592 434 1652 ticus.
457 1592 520 1654 Si
544 1596 752 1652 autem
773 1589 1136 1670 simpliciter
1158 1589 1522 1650 confiteatur
1541 1586 1823 1665 aliquan-

249 1685 336 1744 do
397 1685 658 1746 interius
705 1685 792 1746 ita
841 1684 1126 1758 sensisse,
1181 1683 1313 1761 jam
1361 1698 1510 1742 vero
1545 1683 1820 1742 mentem

251 1784 554 1854 munisse,
579 1785 644 1839 et
687 1794 1008 1857 nunquam
1036 1775 1312 1838 exterius
1340 1791 1523 1836 suum
1547 1789 1821 1835 errorem

253 1870 660 1948 significasse,
713 1876 866 1932 tunc
913 1871 979 1931 in
1019 1869 1226 1948 rigore
1279 1886 1407 1930 non
1461 1881 1554 1928 est
1596 1866 1824 1942 dignus

251 1982 469 2043 poena,
505 1981 702 2040 neque
753 1962 1140 2024 absolutione
1189 1979 1227 2021 a
1265 1978 1526 2022 censura
1555 1957 1820 2036 indiget,

253 2058 408 2136 quia
436 2075 546 2138 per
587 2057 762 2118 illam
790 2055 1234 2118 confessionem
1280 2072 1406 2116 non
1445 2051 1520 2114 fit
1558 2051 1826 2112 exterior

247 2149 608 2226 haereticus,
627 2153 810 2230 juxta
837 2168 912 2211 ea
936 2167 1076 2228 quoe
1107 2148 1316 2210 statim
1346 2146 1698 2226 subjiciam.

337 2245 404 2304 8.
445 2245 736 2308 Emterna
802 2241 1102 2323 capo-ossio
1159 2241 1409 2304 Jzoerosis
1467 2238 1660 2302 verbis
1720 2242 1828 2302 aut

249 2337 440 2415 factis
467 2341 726 2402 constat.
745 2336 935 2396 -Ad
959 2335 1481 2413 complementum
1511 2331 1680 2392 enim
1708 2331 1826 2392 hu-

251 2429 360 2506 jus
392 2428 628 2507 puncti,
661 2428 1074 2489 necessarium
1121 2432 1214 2486 est
1243 2443 1550 2503 exponere
1578 2424 1827 2504 quando

257 2522 523 2584 interior
547 2521 796 2582 haeresis
819 2521 1196 2582 sufficienter
1217 2518 1486 2580 exterius
1509 2517 1825 2596 prodatur,

257 2621 336 2675 ut
352 2615 464 2677 fiat
488 2617 746 2678 materia
762 2614 952 2693 hujus
967 2632 1268 2675 censuroe.
1285 2613 1358 2673 In
1375 2629 1498 2690 quo
1523 2611 1829 2690 imprimis

253 2709 736 2788 supponendum
788 2713 882 2768 est
911 2707 1154 2768 duobus
1201 2705 1402 2766 modis
1447 2722 1624 2784 posse
1663 2704 1824 2764 banc

249 2809 579 2864 externam
626 2800 1142 2878 significationem
1185 2798 1357 2873 fieri,
1403 2797 1658 2872 scilicet,
1709 2801 1826 2856 aut

253 2892 488 2964 verbis,
517 2899 624 2954 aut
650 2892 852 2953 factis.
884 2893 972 2954 lta
1001 2892 1179 2952 docet
1204 2890 1592 2970 Eymcricus,
1621 2889 1688 2948 in
1725 2887 1828 2948 Di-

257 2995 484 3046 rector.
511 2986 978 3065 Inquisitorum,
1009 2991 1224 3065 quaest.
1253 2985 1355 3057 50,
1384 2989 1443 3044 et
1471 2982 1557 3042 ibi
1590 2979 1826 3056 Penha,

253 3079 324 3138 in
365 3080 758 3150 Comment.;
802 3087 864 3140 et
911 3079 1117 3158 Boias,
1149 3083 1333 3140 tract.
1375 3076 1452 3138 de
1491 3077 1752 3150 Haeret„
1789 3092 1828 3135 a

247 3191 318 3234 n.
353 3176 500 3246 276,
527 3179 588 3232 et
613 3172 960 3251 specialiter
988 3191 1051 3231 n.
1075 3172 1194 3232 296
1215 3175 1278 3230 et
1305 3166 1728 3246 sequentibuS,
1758 3167 1826 3226 in

251 3268 282 3324 1
325 3273 491 3344 part.
534 3272 856 3327 tractatus.
891 3267 966 3326 Et
1006 3264 1175 3344 prior
1203 3279 1344 3342 pars
1377 3262 1454 3322 de
1486 3260 1688 3322 verbis
1717 3278 1826 3339 per

249 3379 320 3422 se
375 3369 526 3422 nota
555 3367 668 3436 est,
719 3361 866 3440 quia
907 3362 1098 3422 verba
1149 3365 1293 3420 sunt
1337 3374 1622 3438 expressa
1651 3359 1824 3434 signa

249 3461 695 3532 conceptuum,
727 3454 856 3514 sive
891 3455 1017 3514 sint
1047 3471 1194 3514 voce
1221 3450 1498 3532 prolata,
1527 3451 1656 3510 sive
1679 3447 1831 3508 scri-

250 3553 391 3625 pta.
444 3547 658 3608 Altera
717 3547 906 3608 etiam
955 3563 1099 3626 pars
1145 3545 1222 3606 de
1272 3544 1450 3606 factis
1503 3541 1826 3622 probatur,

254 3640 411 3719 qnia
438 3641 630 3700 etiam
671 3638 932 3702 interior
961 3655 1140 3700 mens
1176 3655 1286 3717 per
1325 3641 1654 3698 externum
1701 3635 1828 3696 fac-

259 3739 404 3792 tum
435 3738 732 3810 tanquam
771 3749 884 3810 per
925 3730 1212 3792 effectum
1260 3727 1714 3790 manifestatur.
1749 3728 1827 3789 Et

255 3829 434 3902 patet
479 3826 546 3884 in
595 3823 976 3886 confessione
1027 3822 1218 3892 fidei,
1269 3839 1408 3900 quoe
1457 3837 1588 3880 non
1625 3819 1824 3880 solum

257 3915 494 3990 verbis,
521 3918 627 3978 sed
669 3919 856 3978 etiam
897 3916 1097 3991 factis,
1130 3913 1227 3976 vel
1266 3914 1406 3974 aliis
1439 3912 1712 3976 externis
1747 3913 1828 3974 si-

251 4011 401 4086 gnis
423 4009 520 4081 fit,
563 4016 636 4069 ut
665 4027 854 4088 supra
880 4008 1188 4083 vidimus3
1227 4023 1379 4090 ergo
1408 4005 1597 4067 etiam
1629 4015 1828 4076 exter-

255 4119 346 4163 na
387 4101 688 4164 confessio
748 4101 1000 4163 haeresis
1053 4104 1254 4180 potest
1306 4116 1416 4178 per
1461 4098 1622 4158 facta
1653 4095 1827 4158 suffi-

269 4199 510 4262 cienter
535 4199 707 4276 fieri3
740 4207 887 4262 tunc
909 4209 1118 4261 autem
1151 4197 1401 4258 haeresis
1443 4195 1516 4256 fit
1547 4201 1824 4270 externa,

257 4293 520 4372 quando
559 4294 858 4356 confessio
907 4311 1016 4354 seu
1057 4291 1354 4372 professio
1389 4290 1522 4394 eius
1557 4287 1828 4350 exterius

253 4385 352 4446 fit.
393 4387 522 4448 imo
551 4387 790 4450 addunt
825 4386 973 4448 dicti
1004 4390 1282 4448 auctores
1311 4383 1512 4461 magis
1544 4380 1680 4443 fieri
1709 4380 1832 4441 bas-

253 4479 448 4540 roeim
497 4487 818 4542 externam
859 4497 968 4558 per
1009 4477 1182 4538 facta
1224 4493 1414 4554 quam
1467 4491 1580 4552 per
1612 4473 1833 4536 verba·

255 4589 392 4632 non
422 4573 568 4652 quia
595 4579 724 4634 tam
773 4589 1058 4650 expresse
1089 4576 1154 4632 et
1177 4567 1524 4630 formaliter
1563 4567 1661 4628 fac
1673 4575 1735 4628 ta
1759 4539 1842 4626 si-

255 4665 586 4745 gnificent,
613 4667 774 4726 sicut
791 4664 1004 4739 verba,
1035 4663 1138 4724 sed
1169 4661 1316 4742 quia
1347 4660 1684 4722 ostendunt
1705 4659 1838 4721 ani-

260 4779 442 4820 mum
477 4760 678 4837 magis
697 4758 1096 4820 obfirmatum
1127 4755 1196 4816 in
1227 4753 1335 4816 tali
1371 4770 1602 4830 errore,
1631 4772 1740 4814 seu
1767 4755 1832 4814 in

255 4853 408 4916 talis
443 4860 621 4913 sectae
644 4851 1046 4931 professione.

343 4947 410 5008 9.
451 4945 676 5008 Prima
707 4943 970 5008 conditio
994 4947 1063 5004 ut
1092 4944 1216 5005 koec
1247 4940 1552 5021 caprasio
1589 4941 1672 5004 sit
1708 4944 1836 5014 wf-

251 5041 498 5120 ficions.
535 5069 616 5084 —
645 5038 774 5098 Hoc
823 5054 971 5115 ergo
1013 5036 1352 5114 supposito,
1384 5033 1714 5094 dicendum
1746 5037 1837 5094 est

257 5134 424 5194 duas
455 5130 839 5192 conditiones
867 5129 1100 5208 requiri
1141 5133 1214 5188 ut
1239 5129 1488 5204 signum
1511 5133 1836 5186 externum

261 5227 342 5288 ad
365 5223 860 5286 constituendam
887 5221 1174 5284 haeresim
1199 5227 1520 5282 externam
1545 5218 1830 5280 sufficiat.

263 5321 482 5382 Prima
508 5316 784 5378 conditio
809 5323 926 5390 est,
951 5323 1022 5376 ut
1041 5316 1291 5393 signum
1323 5315 1404 5374 sit
1432 5312 1833 5392 completum,

261 5413 326 5474 id
359 5418 454 5473 est
483 5409 634 5470 satis
661 5408 1144 5470 determinatum
1187 5413 1250 5468 et
1285 5406 1602 5484 integrum
1627 5404 1708 5466 ad
1733 5422 1840 5464 ex-

263 5503 666 5587 primendam
713 5500 1002 5563 haeresim
1062 5500 1398 5562 intes-nam.
1451 5496 1631 5562 Ratio
1692 5503 1784 5559 est
1814 5541 1837 5573 ,

3336 374 3455 434 5:37

1893 473 2041 550 quia
2067 471 2319 536 haeresis
2346 473 2593 536 interna
2606 475 2679 536 fit
2696 481 2953 536 externa
2970 492 3081 554 per
3102 474 3459 538 sensibilem

1895 565 2451 643 significationem}
2495 568 2603 628 sed
2650 569 2788 628 talis
2832 567 3203 646 significatio
3230 587 3357 628 non
3386 569 3459 629 fit

1897 659 2014 718 nisi
2045 678 2155 738 per
2182 660 2557 737 completum
2590 661 2875 738 signum,
2915 678 3027 740 per
3069 660 3235 739 quod
3269 661 3461 740 possit

1897 751 2143 814 iuterna
2159 771 2333 814 mens
2352 753 2433 813 ab
2450 752 2587 814 aliis
2602 754 2919 831 cognosci3
2946 771 3093 830 ergo
3118 753 3313 814 donec
3336 752 3459 814 tale

1901 846 2147 924 signum
2179 846 2542 908 exhibeatur
2565 853 2628 908 et
2654 847 3057 924 compleatur,
3084 864 3211 907 non
3238 853 3329 906 est
3356 864 3461 906 ex·

1901 945 2081 1000 terna
2106 938 2351 1002 haeresis
2382 939 2731 1000 commissa.
2757 939 3031 1000 Sufficiet
3052 946 3263 1002 autem
3294 938 3463 1018 quod

1903 1033 2157 1110 signum
2184 1033 2261 1092 sit
2285 1034 2662 1111 completum
2687 1033 2787 1094 vel
2814 1051 2890 1094 ex
2924 1051 3013 1106 se,
3036 1038 3100 1093 et
3120 1033 3465 1112 impositio·

1901 1144 1982 1186 ne
2020 1144 2155 1200 sua,
2176 1126 2306 1186 sive
2334 1143 2408 1186 ex
2440 1126 2909 1201 consuetudine,
2932 1127 3061 1188 sive
3086 1144 3166 1188 ex
3200 1127 3463 1188 circum-

1900 1217 2142 1278 stantiis
2161 1217 2471 1296 adjunctis
2496 1224 2559 1280 et
2580 1219 3107 1294 antecedentibus,
3130 1219 3229 1281 vel
3252 1235 3463 1280 conse·

1899 1310 2253 1390 quentibus.
2290 1313 2383 1374 Ita
2410 1311 2632 1373 docent
2660 1313 2943 1372 moderni
2983 1311 3279 1392 Theologi
3306 1317 3368 1374 Ξ.
3398 1315 3459 1386 2,

1897 1423 1963 1482 q.
1990 1405 2456 1484 11‚etvasquez
2484 1410 2543 1465 1.
2564 1407 2628 1480 2,
2647 1405 2806 1485 disp.
2842 1405 2981 1479 160,
3008 1423 3063 1466 c.
3088 1408 3235 1480 5‚n.
3266 1406 3370 1480 20,
3402 1411 3464 1466 et

1899 1499 1940 1560 3
1964 1517 2054 1577 p.,
2090 1505 2133 1558 t.
2160 1502 2219 1574 ὁ,
2250 1505 2495 1562 tractat.
2526 1498 2605 1560 de
2625 1500 2905 1573 Excom„
2935 1498 3084 1558 dub.
3108 1501 3209 1574 19,
3231 1518 3297 1560 ιι.
3334 1501 3449 1572 203

1901 1592 2178 1667 Semina,
2203 1591 2313 1654 lib.
2347 1595 2387 1652 2
2412 1591 2635 1666 Decal.,
2664 1609 2719 1652 c.
2752 1593 2813 1666 8,
2836 1609 2875 1651 a
2902 1607 3079 1654 num.
3116 1596 3151 1652 7
3176 1614 3195 1667 3
3226 1597 3290 1652 et
3316 1593 3455 1653 Cas-

1900 1691 2021 1761 tro,
2056 1684 2168 1747 lib.
2202 1685 2340 1746 2de
2380 1685 2557 1746 Justa
2600 1685 2813 1746 haeret.
2846 1686 3080 1764 punit„
3137 1704 3193 1747 c.
3248 1689 3325 1749 18
3339 1701 3360 1765 3
3399 1691 3463 1748 et

1901 1777 2202 1853 Simane„
2244 1779 2345 1840 tit.
2378 1779 2478 1851 45,
2508 1795 2686 1840 num.
2720 1782 2779 1840 7.

1988 1875 2085 1934 10.
2136 1870 2325 1936 Casus
2369 1871 2533 1936 varii
2569 1873 2739 1935 circa
2776 1873 3215 1953 caprasium
3254 1874 3464 1936 verba-

1901 1965 2021 2029 lem
2048 1966 2420 2029 deciduntur.
2442 1965 2617 2027 -Ut
2640 1965 2771 2026 baec
2806 1965 3080 2026 conditio
3116 1965 3339 2027 melius
3368 1968 3464 2027 in·

1907 2058 2246 2136 telligatur,
2270 2064 2333 2120 et
2357 2058 2437 2120 ad
2465 2059 2671 2120 varios
2698 2075 2873 2118 casus
2898 2057 3139 2118 facilius
3166 2058 3466 2138 applicari

1908 2152 2119 2232 possit,
2146 2151 2356 2231 aliqua
2382 2151 2666 2230 exempla
2695 2156 2825 2212 tam
2856 2151 2925 2212 in
2950 2150 3156 2222 verbis
3181 2169 3372 2230 quam
3394 2153 3465 2213 in

1907 2245 2087 2306 factis
2106 2245 2402 2308 adhibere
2427 2243 2578 2306 utile
2606 2245 2743 2306 erit.
2766 2243 2922 2305 Nam
2944 2244 3271 2323 imprimis,
3300 2245 3465 2323 quod

1907 2337 1985 2400 ad
2028 2337 2217 2400 verba
2258 2341 2512 2413 attinet,
2537 2337 2757 2415 siquis
2804 2335 2883 2398 de
2924 2335 3143 2398 hoeresi
3188 2337 3467 2416 cogitans

1905 2449 1979 2492 ac
2014 2430 2384 2505 deliberans,
2421 2432 2797 2510 tandemque
2828 2429 3240 2504 consentienS,
3268 2449 3468 2492 unum

1907 2523 2008 2586 vel
2043 2523 2213 2585 aliud
2255 2524 2519 2588 verbum
2574 2524 2893 2586 concisum
2934 2529 2999 2583 et
3034 2523 3467 2602 imperfectum

1909 2618 2179 2679 exterius
2220 2618 2514 2696 proferat,
2563 2623 2635 2679 ut
2672 2615 2847 2678 verbi
2897 2617 3135 2696 gratia:
3174 2619 3473 2700 Impossi-

1906 2712 2021 2774 bile
2048 2716 2159 2784 est,
2188 2710 2337 2774 Non
2361 2713 2457 2773 ita
2482 2716 2594 2785 est,
2638 2708 2741 2770 vel
2781 2710 2931 2789 qnid
2960 2709 3183 2784 simile,
3214 2729 3343 2772 non
3374 2713 3471 2774 in-

1907 2803 2099 2866 currit
2130 2819 2479 2878 censuram,
2520 2803 2673 2882 quia
2698 2821 2778 2864 ex
2814 2803 2879 2863 vi
2912 2801 3052 2864 talis
3085 2803 3262 2864 verbi
3288 2804 3471 2866 intel-

1904 2896 2020 2976 ligi
2075 2913 2201 2956 non
2235 2901 2437 2974 potest
2478 2896 2557 2957 de
2582 2914 2705 2974 qua
2744 2913 2813 2956 re
2840 2895 3155 2976 loquatur.
3197 2897 3367 2957 idem
3416 2896 3471 2958 si

1907 2989 2047 3068 quis
2073 2987 2328 3049 credens
2360 2987 2595 3068 aliquid
2624 2987 2789 3066 quod
2819 2988 2951 3068 ipse
2982 2993 3161 3068 putat
3182 3005 3313 3048 esse
3340 2986 3471 3048 bse-

1908 3085 2119 3156 resim,
2142 3081 2289 3141 illud
2334 3081 2603 3142 exterius
2641 3081 2937 3161 proferat,
2964 3081 3125 3161 quod
3156 3099 3373 3142 revera
3400 3081 3469 3142 in

1909 3195 1973 3238 se
2000 3175 2361 3236 haereticum
2390 3193 2515 3234 non
2536 3180 2648 3250 est,
2675 3176 2875 3236 sinon
2897 3175 3165 3236 declaret
3184 3173 3469 3235 animum

1909 3286 2117 3342 suum,
2149 3266 2315 3328 nond
2326 3285 2431 3328 um
2459 3285 2783 3328 censuram
2810 3268 3095 3340 incurrit,
3128 3267 3277 3347 quia
3306 3285 3469 3327 nou·-

1909 3361 2059 3420 dum
2084 3358 2353 3422 exterius
2394 3377 2573 3422 suam
2607 3359 2892 3422 haeresim
2936 3359 3293 3435 declaravit,
3322 3375 3463 3438 quae

1912 3455 2110 3532 magis
2135 3454 2202 3514 in
2240 3455 2451 3516 animo
2489 3471 2681 3534 quam
2709 3453 2777 3514 in
2814 3471 2882 3514 re
2920 3452 3149 3514 credita
3178 3453 3469 3513 consiste·-

1909 3546 2041 3606 bat.
2084 3546 2165 3607 Et
2188 3546 2401 3608 eadem
2428 3546 2691 3620 ratione,
2738 3546 2793 3608 si
2821 3546 2961 3626 quis
2990 3562 3205 3606 veram
3228 3562 3467 3624 propo-

1909 3639 2199 3700 sitionem
2244 3638 2454 3700 credat
2505 3657 2647 3700 cum
2696 3638 2911 3700 animo
2956 3637 3293 3698 deliberato
3336 3655 3465 3698 non

1912 3731 2205 3792 credendi
2252 3731 2655 3806 contrarium,
2703 3730 2945 3791 etiamsi
2996 3728 3263 3790 Ecclesia
3310 3727 3465 3788 illud

1906 3823 2187 3897 definiat,
2213 3824 2501 3903 quamvis
2528 3841 2658 3884 rem
2686 3821 2983 3884 creditam
3032 3821 3300 3882 exterius
3325 3839 3466 3900 pro-

1905 3917 2088 3994 ferat,
2127 3919 2178 3978 si
2202 3919 2484 3979 animum
2510 3935 2695 3978 suum
2725 3934 2854 3978 non
2886 3915 3183 3988 declaret,
3209 3931 3337 3974 non
3364 3914 3461 3974 in—

1908 4013 2123 4084 currit,
2154 4011 2303 4090 quia
2348 4012 2627 4072 nondum
2664 4015 2756 4071 est
2800 4010 3123 4070 haereticus
3173 4007 3464 4070 exterior.

1905 4105 2093 4166 Secus
2118 4122 2267 4166 vero
2288 4105 2409 4166 erit
2452 4105 2507 4164 si
2538 4102 2763 4183 aliquis
2794 4102 3051 4163 credens
3077 4100 3340 4161 interius
3365 4117 3471 4161 ve·

1905 4215 2045 4258 ram
2071 4197 2377 4272 haeresim,
2404 4197 2579 4257 illam
2602 4196 2874 4257 exterius
2900 4194 3119 4257 ¹verbis
3142 4192 3471 4273 aequivocis

1909 4289 2309 4368 pronuntiet3
2334 4307 2481 4350 nam
2513 4289 2565 4350 si
2608 4289 2717 4348 illa
2760 4288 2949 4350 verba
2984 4289 3052 4350 in
3092 4287 3303 4366 aliqua
3334 4303 3471 4364 pro·

1914 4381 2052 4461 pria
2102 4381 2555 4460 significatione
2624 4399 2873 4442 sensum
2923 4380 3283 4443 haereticum
3332 4395 3477 4458 pro-

1920 4474 2096 4549 dant,
2125 4473 2269 4536 licet-
2295 4476 2363 4534 in
2382 4475 2506 4535 alia
2525 4474 2972 4553 significatione
2995 4475 3229 4553 possint
3246 4471 3477 4532 habere

1922 4585 2173 4628 sensum
2200 4566 2591 4640 catholicum,
2622 4565 3029 4626 nihilominus
3056 4564 3371 4626 sufficiunt
3394 4561 3477 4623 ad

1920 4661 2203 4722 haeresim
2230 4667 2575 4734 externam,
2604 4665 2666 4720 et
2688 4666 3129 4737 consequenter
3156 4658 3233 4718 ad
3262 4673 3475 4717 censu-

1914 4772 2072 4817 ram.
2121 4755 2299 4814 Ratio
2328 4761 2443 4828 est,
2486 4754 2633 4832 quia
2678 4753 2788 4812 illa
2818 4752 3011 4814 verba
3044 4751 3359 4812 sufficiunt
3396 4749 3475 4810 de

1911 4866 1979 4908 se
2004 4847 2085 4906 ad
2112 4847 2543 4926 explicandam
2577 4846 2859 4906 hoeresim
2902 4845 3195 4918 exterius,
3238 4854 3303 4904 et
3337 4861 3474 4904 ver-

1915 4940 2137 5002 borum
2166 4941 2547 5018 ambiguitas
2568 4938 2769 5000 solum
2793 4944 2994 5020 potest
3036 4957 3147 5018 per
3189 4938 3475 4998 accidens

1914 5033 2205 5094 haeresim
2234 5033 2580 5108 occultare3
2606 5049 2719 5110 per
2760 5050 2825 5094 se
2852 5037 3059 5092 autem
3098 5029 3476 5092 sufficienter

1915 5133 2015 5186 est
2038 5126 2311 5186 exterius
2336 5126 2729 5186 manifestata
2751 5141 2771 5202 3
2814 5130 2878 5184 et
2904 5125 2988 5184 ita
3019 5124 3198 5184 docui
3226 5129 3380 5183 tom.
3410 5123 3472 5198 5,

1917 5218 1985 5279 in
2009 5220 2047 5280 3
2070 5224 2259 5298 part„
2288 5218 2445 5298 disp.
2490 5220 2555 5292 4,
2582 5217 2837 5278 section.
2868 5218 2935 5291 3,
2960 5233 3201 5278 numer.
3236 5218 3310 5275 17
3338 5232 3355 5286 ς
3386 5231 3479 5274 se—

1915 5311 2127 5392 quitur
2154 5312 2361 5386 Sanc„
2413 5312 2459 5372 l.
2510 5313 2549 5372 2
2580 5309 2813 5386 Decal.,
2860 5327 2997 5389 cap.
3037 5310 3101 5385 8,
3152 5327 3326 5369 num.
3372 5309 3473 5370 26.

2001 5407 2099 5466 11.
2146 5405 2305 5466 Item
2344 5403 2457 5466 alii
2484 5405 2649 5467 circa
2685 5403 3125 5483 expressionem
3148 5419 3264 5484 per
3291 5403 3476 5480 facta.

1918 5531 2000 5544 —
2022 5496 2197 5572 Quod
2224 5513 2371 5558 vero
2403 5495 2482 5556 ad
2504 5496 2665 5558 facta
2692 5495 2935 5573 attinet,
2960 5495 3013 5556 si
3040 5496 3177 5578 quis
3208 5493 3361 5554 dum
3386 5491 3483 5554 in-
