<?xml version="1.0" encoding="UTF-8"?>
<!DOCTYPE html PUBLIC "-//W3C//DTD XHTML 1.0 Transitional//EN"
    "http://www.w3.org/TR/xhtml1/DTD/xhtml1-transitional.dtd">
<html xmlns="http://www.w3.org/1999/xhtml" xml:lang="en" lang="en">
 <head>
  <title>
</title>
<meta http-equiv="Content-Type" content="text/html;charset=utf-8" />
  <meta name='ocr-system' content='tesseract 3.04.00' />
  <meta name='ocr-capabilities' content='ocr_page ocr_carea ocr_par ocr_line ocrx_word'/>
</head>
<body>
  <div class='ocr_page' id='page_1' title='image "./rpfranciscisuar00duvagoog_0437.png"; bbox 0 0 3900 6217; ppageno 0'>
   <div class='ocr_carea' id='block_1_1' title="bbox 806 406 2946 469">
    <p class='ocr_par' dir='ltr' id='par_1_1' title="bbox 806 406 2946 469">
     <span class='ocr_line' id='line_1_1' title="bbox 806 406 2946 469; baseline -0.005 -3"><span class='ocrx_word' id='word_1_1' title='bbox 806 411 975 466; x_wconf 73' lang='lat' dir='ltr'><strong>sssc‘r.</strong></span> <span class='ocrx_word' id='word_1_2' title='bbox 1009 413 1093 465; x_wconf 87' lang='lat' dir='ltr'><strong>lv.</strong></span> <span class='ocrx_word' id='word_1_3' title='bbox 1129 413 1210 464; x_wconf 79' lang='lat' dir='ltr'><strong>AN</strong></span> <span class='ocrx_word' id='word_1_4' title='bbox 1245 411 1628 466; x_wconf 74' lang='lat' dir='ltr'><strong>lNFmELms</strong></span> <span class='ocrx_word' id='word_1_5' title='bbox 1661 409 1860 464; x_wconf 74' lang='lat' dir='ltr'>RECTE</span> <span class='ocrx_word' id='word_1_6' title='bbox 1894 407 2235 461; x_wconf 68' lang='lat' dir='ltr'><strong>mvmnmt</strong></span> <span class='ocrx_word' id='word_1_7' title='bbox 2268 407 2327 459; x_wconf 71' lang='lat' dir='ltr'><strong>{N</strong></span> <span class='ocrx_word' id='word_1_8' title='bbox 2362 406 2777 469; x_wconf 54' lang='lat' dir='ltr'><strong>PAGANJSMUM,</strong></span> <span class='ocrx_word' id='word_1_9' title='bbox 2814 406 2946 457; x_wconf 78' lang='lat' dir='ltr'><strong>E‘m.</strong></span> 
     </span>
    </p>
   </div>
   <div class='ocr_carea' id='block_1_2' title="bbox 3350 401 3469 464">
    <p class='ocr_par' dir='ltr' id='par_1_2' title="bbox 3350 401 3469 464">
     <span class='ocr_line' id='line_1_2' title="bbox 3350 401 3469 464; baseline -0.025 -1"><span class='ocrx_word' id='word_1_10' title='bbox 3350 401 3469 464; x_wconf 76' lang='lat'><strong>419</strong></span> 
     </span>
    </p>
   </div>
   <div class='ocr_carea' id='block_1_3' title="bbox 273 501 3468 684">
    <p class='ocr_par' dir='ltr' id='par_1_3' title="bbox 273 501 3468 684">
     <span class='ocr_line' id='line_1_3' title="bbox 276 501 3468 592; baseline -0.003 -18"><span class='ocrx_word' id='word_1_11' title='bbox 276 511 397 574; x_wconf 83' lang='lat' dir='ltr'><strong>fide</strong></span> <span class='ocrx_word' id='word_1_12' title='bbox 457 527 742 592; x_wconf 77' lang='lat' dir='ltr'><strong>expresse</strong></span> <span class='ocrx_word' id='word_1_13' title='bbox 791 511 1102 590; x_wconf 84' lang='lat' dir='ltr'><strong>proposita</strong></span> <span class='ocrx_word' id='word_1_14' title='bbox 1147 511 1218 570; x_wconf 91' lang='lat' dir='ltr'><strong>in</strong></span> <span class='ocrx_word' id='word_1_15' title='bbox 1252 509 1390 588; x_wconf 84' lang='lat' dir='ltr'><strong>lege</strong></span> <span class='ocrx_word' id='word_1_16' title='bbox 1433 508 1826 587; x_wconf 83' lang='lat' dir='ltr'><strong>Evangelica.</strong></span> <span class='ocrx_word' id='word_1_17' title='bbox 1909 505 2255 586; x_wconf 84' lang='lat' dir='ltr'><strong>profitetur,</strong></span> <span class='ocrx_word' id='word_1_18' title='bbox 2299 505 2401 565; x_wconf 89' lang='lat' dir='ltr'><strong>sed</strong></span> <span class='ocrx_word' id='word_1_19' title='bbox 2453 521 2527 566; x_wconf 90' lang='lat' dir='ltr'><strong>eo</strong></span> <span class='ocrx_word' id='word_1_20' title='bbox 2575 503 2759 564; x_wconf 89' lang='lat' dir='ltr'><strong>modo</strong></span> <span class='ocrx_word' id='word_1_21' title='bbox 2794 521 2919 583; x_wconf 88' lang='lat' dir='ltr'><strong>quo</strong></span> <span class='ocrx_word' id='word_1_22' title='bbox 2966 501 3237 564; x_wconf 80' lang='lat' dir='ltr'><strong>diximus</strong></span> <span class='ocrx_word' id='word_1_23' title='bbox 3279 505 3468 566; x_wconf 88' lang='lat' dir='ltr'><strong>etiam</strong></span> 
     </span>
     <span class='ocr_line' id='line_1_4' title="bbox 273 595 3467 684; baseline -0.003 -19"><span class='ocrx_word' id='word_1_24' title='bbox 273 606 346 665; x_wconf 86' lang='lat' dir='ltr'><strong>Et</strong></span> <span class='ocrx_word' id='word_1_25' title='bbox 375 605 597 666; x_wconf 83' lang='lat' dir='ltr'><strong>eadem</strong></span> <span class='ocrx_word' id='word_1_26' title='bbox 636 604 1036 684; x_wconf 83' lang='lat' dir='ltr'><strong>proportione</strong></span> <span class='ocrx_word' id='word_1_27' title='bbox 1076 602 1455 682; x_wconf 87' lang='lat' dir='ltr'><strong>loquendum</strong></span> <span class='ocrx_word' id='word_1_28' title='bbox 1499 607 1592 664; x_wconf 88' lang='lat' dir='ltr'><strong>est</strong></span> <span class='ocrx_word' id='word_1_29' title='bbox 1630 601 1710 661; x_wconf 90' lang='lat' dir='ltr'><strong>de</strong></span> <span class='ocrx_word' id='word_1_30' title='bbox 1753 601 1834 660; x_wconf 88' lang='lat' dir='ltr'><strong>si·</strong></span> <span class='ocrx_word' id='word_1_31' title='bbox 1911 598 2029 659; x_wconf 87' lang='lat' dir='ltr'><strong>sub</strong></span> <span class='ocrx_word' id='word_1_32' title='bbox 2056 597 2193 677; x_wconf 82' lang='lat' dir='ltr'><strong>lege</strong></span> <span class='ocrx_word' id='word_1_33' title='bbox 2218 599 2412 660; x_wconf 85' lang='lat' dir='ltr'><strong>veteri</strong></span> <span class='ocrx_word' id='word_1_34' title='bbox 2438 597 2706 677; x_wconf 88' lang='lat' dir='ltr'><strong>potuisse</strong></span> <span class='ocrx_word' id='word_1_35' title='bbox 2734 615 2843 676; x_wconf 90' lang='lat' dir='ltr'><strong>per</strong></span> <span class='ocrx_word' id='word_1_36' title='bbox 2874 595 3159 658; x_wconf 75' lang='lat' dir='ltr'><strong>haeresim</strong></span> <span class='ocrx_word' id='word_1_37' title='bbox 3196 599 3467 675; x_wconf 79' lang='lat' dir='ltr'><strong>peccari3</strong></span> 
     </span>
    </p>
   </div>
   <div class='ocr_carea' id='block_1_4' title="bbox 271 694 1872 5430">
    <p class='ocr_par' dir='ltr' id='par_1_4' title="bbox 271 694 1844 1708">
     <span class='ocr_line' id='line_1_5' title="bbox 273 694 1834 773; baseline -0.002 -15"><span class='ocrx_word' id='word_1_38' title='bbox 273 697 407 759; x_wconf 90' lang='lat' dir='ltr'><strong>mili</strong></span> <span class='ocrx_word' id='word_1_39' title='bbox 433 697 802 758; x_wconf 78' lang='lat' dir='ltr'><strong>infidelitate</strong></span> <span class='ocrx_word' id='word_1_40' title='bbox 823 697 887 756; x_wconf 89' lang='lat' dir='ltr'><strong>iu</strong></span> <span class='ocrx_word' id='word_1_41' title='bbox 908 695 1046 773; x_wconf 88' lang='lat' dir='ltr'><strong>lege</strong></span> <span class='ocrx_word' id='word_1_42' title='bbox 1072 701 1332 770; x_wconf 83' lang='lat' dir='ltr'><strong>naturae,</strong></span> <span class='ocrx_word' id='word_1_43' title='bbox 1349 713 1458 755; x_wconf 90' lang='lat' dir='ltr'><strong>seu</strong></span> <span class='ocrx_word' id='word_1_44' title='bbox 1483 697 1552 755; x_wconf 89' lang='lat' dir='ltr'><strong>in</strong></span> <span class='ocrx_word' id='word_1_45' title='bbox 1578 694 1834 756; x_wconf 88' lang='lat' dir='ltr'><strong>homine</strong></span> 
     </span>
     <span class='ocr_line' id='line_1_6' title="bbox 273 787 1834 870; baseline -0.003 -20"><span class='ocrx_word' id='word_1_46' title='bbox 273 791 499 870; x_wconf 78' lang='lat' dir='ltr'>gentili</span> <span class='ocrx_word' id='word_1_47' title='bbox 543 790 734 850; x_wconf 87' lang='lat' dir='ltr'><strong>fideli.</strong></span> <span class='ocrx_word' id='word_1_48' title='bbox 785 791 870 850; x_wconf 90' lang='lat' dir='ltr'><strong>De</strong></span> <span class='ocrx_word' id='word_1_49' title='bbox 921 788 1144 848; x_wconf 86' lang='lat' dir='ltr'><strong>ultimo</strong></span> <span class='ocrx_word' id='word_1_50' title='bbox 1189 805 1338 849; x_wconf 82' lang='lat' dir='ltr'><strong>vero</strong></span> <span class='ocrx_word' id='word_1_51' title='bbox 1379 806 1522 848; x_wconf 89' lang='lat' dir='ltr'><strong>casu</strong></span> <span class='ocrx_word' id='word_1_52' title='bbox 1577 787 1834 849; x_wconf 85' lang='lat' dir='ltr'><strong>Gentilis</strong></span> 
     </span>
     <span class='ocr_line' id='line_1_7' title="bbox 271 881 1836 964; baseline -0.003 -21"><span class='ocrx_word' id='word_1_53' title='bbox 271 881 448 964; x_wconf 85' lang='lat' dir='ltr'><strong>prius</strong></span> <span class='ocrx_word' id='word_1_54' title='bbox 475 882 702 956; x_wconf 87' lang='lat' dir='ltr'><strong>fidelis,</strong></span> <span class='ocrx_word' id='word_1_55' title='bbox 731 887 796 942; x_wconf 91' lang='lat' dir='ltr'><strong>et</strong></span> <span class='ocrx_word' id='word_1_56' title='bbox 824 887 1034 962; x_wconf 88' lang='lat' dir='ltr'><strong>postea</strong></span> <span class='ocrx_word' id='word_1_57' title='bbox 1053 897 1182 941; x_wconf 90' lang='lat' dir='ltr'><strong>non</strong></span> <span class='ocrx_word' id='word_1_58' title='bbox 1222 881 1608 942; x_wconf 85' lang='lat' dir='ltr'><strong>admittentis</strong></span> <span class='ocrx_word' id='word_1_59' title='bbox 1635 881 1836 940; x_wconf 87' lang='lat' dir='ltr'><strong>Evan-</strong></span> 
     </span>
     <span class='ocr_line' id='line_1_8' title="bbox 275 970 1838 1054; baseline -0.001 -20"><span class='ocrx_word' id='word_1_60' title='bbox 275 975 541 1054; x_wconf 80' lang='lat' dir='ltr'><strong>gehmn,</strong></span> <span class='ocrx_word' id='word_1_61' title='bbox 589 973 1102 1052; x_wconf 87' lang='lat' dir='ltr'><strong>distinguendum</strong></span> <span class='ocrx_word' id='word_1_62' title='bbox 1150 990 1401 1051; x_wconf 81' lang='lat' dir='ltr'><strong>cense03</strong></span> <span class='ocrx_word' id='word_1_63' title='bbox 1449 990 1598 1034; x_wconf 83' lang='lat' dir='ltr'><strong>nam</strong></span> <span class='ocrx_word' id='word_1_64' title='bbox 1639 973 1689 1034; x_wconf 89' lang='lat' dir='ltr'><strong>si</strong></span> <span class='ocrx_word' id='word_1_65' title='bbox 1732 970 1838 1032; x_wconf 86' lang='lat' dir='ltr'><strong>ille</strong></span> 
     </span>
     <span class='ocr_line' id='line_1_9' title="bbox 271 1065 1837 1144; baseline -0.003 -15"><span class='ocrx_word' id='word_1_66' title='bbox 271 1067 536 1129; x_wconf 86' lang='lat' dir='ltr'><strong>haberet</strong></span> <span class='ocrx_word' id='word_1_67' title='bbox 558 1067 748 1128; x_wconf 84' lang='lat' dir='ltr'><strong>fidem</strong></span> <span class='ocrx_word' id='word_1_68' title='bbox 779 1067 1007 1128; x_wconf 79' lang='lat' dir='ltr'>Christi</span> <span class='ocrx_word' id='word_1_69' title='bbox 1027 1067 1300 1142; x_wconf 88' lang='lat' dir='ltr'><strong>venturi,</strong></span> <span class='ocrx_word' id='word_1_70' title='bbox 1339 1075 1400 1127; x_wconf 89' lang='lat' dir='ltr'><strong>et</strong></span> <span class='ocrx_word' id='word_1_71' title='bbox 1423 1065 1594 1126; x_wconf 87' lang='lat' dir='ltr'><strong>illam</strong></span> <span class='ocrx_word' id='word_1_72' title='bbox 1623 1082 1837 1144; x_wconf 83' lang='lat' dir='ltr'><strong>expec-</strong></span> 
     </span>
     <span class='ocr_line' id='line_1_10' title="bbox 275 1161 1840 1240; baseline -0.001 -18"><span class='ocrx_word' id='word_1_73' title='bbox 275 1161 582 1222; x_wconf 88' lang='lat' dir='ltr'><strong>tationem</strong></span> <span class='ocrx_word' id='word_1_74' title='bbox 618 1162 754 1240; x_wconf 90' lang='lat' dir='ltr'><strong>ejus</strong></span> <span class='ocrx_word' id='word_1_75' title='bbox 799 1167 1210 1238; x_wconf 75' lang='lat' dir='ltr'><strong>conservaret,</strong></span> <span class='ocrx_word' id='word_1_76' title='bbox 1241 1161 1462 1222; x_wconf 89' lang='lat' dir='ltr'><strong>merito</strong></span> <span class='ocrx_word' id='word_1_77' title='bbox 1491 1165 1840 1220; x_wconf 83' lang='lat' dir='ltr'><strong>censeretur</strong></span> 
     </span>
     <span class='ocr_line' id='line_1_11' title="bbox 275 1251 1839 1334; baseline -0.002 -20"><span class='ocrx_word' id='word_1_78' title='bbox 275 1255 557 1316; x_wconf 83' lang='lat' dir='ltr'><strong>incidere</strong></span> <span class='ocrx_word' id='word_1_79' title='bbox 584 1256 652 1315; x_wconf 92' lang='lat' dir='ltr'><strong>in</strong></span> <span class='ocrx_word' id='word_1_80' title='bbox 671 1255 1055 1334; x_wconf 81' lang='lat' dir='ltr'><strong>judaismum</strong></span> <span class='ocrx_word' id='word_1_81' title='bbox 1081 1276 1099 1330; x_wconf 90' lang='lat'>;</span> <span class='ocrx_word' id='word_1_82' title='bbox 1130 1255 1182 1315; x_wconf 88' lang='lat' dir='ltr'><strong>si</strong></span> <span class='ocrx_word' id='word_1_83' title='bbox 1209 1272 1358 1315; x_wconf 87' lang='lat' dir='ltr'><strong>vero</strong></span> <span class='ocrx_word' id='word_1_84' title='bbox 1385 1253 1622 1314; x_wconf 89' lang='lat' dir='ltr'><strong>nullam</strong></span> <span class='ocrx_word' id='word_1_85' title='bbox 1651 1251 1839 1312; x_wconf 84' lang='lat' dir='ltr'><strong>fidem</strong></span> 
     </span>
     <span class='ocr_line' id='line_1_12' title="bbox 275 1347 1839 1428; baseline -0.004 -18"><span class='ocrx_word' id='word_1_86' title='bbox 275 1349 352 1410; x_wconf 89' lang='lat' dir='ltr'><strong>de</strong></span> <span class='ocrx_word' id='word_1_87' title='bbox 369 1347 614 1410; x_wconf 87' lang='lat' dir='ltr'><strong>Christo</strong></span> <span class='ocrx_word' id='word_1_88' title='bbox 637 1349 920 1424; x_wconf 81' lang='lat' dir='ltr'><strong>haberet,</strong></span> <span class='ocrx_word' id='word_1_89' title='bbox 945 1366 1147 1428; x_wconf 90' lang='lat' dir='ltr'><strong>neque</strong></span> <span class='ocrx_word' id='word_1_90' title='bbox 1175 1349 1342 1412; x_wconf 89' lang='lat' dir='ltr'><strong>illius</strong></span> <span class='ocrx_word' id='word_1_91' title='bbox 1368 1347 1554 1410; x_wconf 86' lang='lat' dir='ltr'><strong>fidem</strong></span> <span class='ocrx_word' id='word_1_92' title='bbox 1583 1347 1839 1407; x_wconf 88' lang='lat' dir='ltr'><strong>omnino</strong></span> 
     </span>
     <span class='ocr_line' id='line_1_13' title="bbox 275 1441 1840 1521; baseline -0.003 -19"><span class='ocrx_word' id='word_1_93' title='bbox 275 1441 465 1503; x_wconf 79' lang='lat' dir='ltr'><strong>vellet</strong></span> <span class='ocrx_word' id='word_1_94' title='bbox 491 1443 846 1519; x_wconf 80' lang='lat' dir='ltr'><strong>admittere,</strong></span> <span class='ocrx_word' id='word_1_95' title='bbox 877 1460 1158 1521; x_wconf 86' lang='lat' dir='ltr'><strong>paganus</strong></span> <span class='ocrx_word' id='word_1_96' title='bbox 1192 1441 1530 1502; x_wconf 85' lang='lat' dir='ltr'><strong>censendus</strong></span> <span class='ocrx_word' id='word_1_97' title='bbox 1566 1444 1747 1513; x_wconf 87' lang='lat' dir='ltr'><strong>esset,</strong></span> <span class='ocrx_word' id='word_1_98' title='bbox 1777 1441 1840 1498; x_wconf 89' lang='lat' dir='ltr'><strong>et</strong></span> 
     </span>
     <span class='ocr_line' id='line_1_14' title="bbox 277 1533 1844 1615; baseline -0.003 -18"><span class='ocrx_word' id='word_1_99' title='bbox 277 1536 440 1598; x_wconf 85' lang='lat' dir='ltr'><strong>ratio</strong></span> <span class='ocrx_word' id='word_1_100' title='bbox 469 1537 794 1615; x_wconf 85' lang='lat' dir='ltr'><strong>utriusque</strong></span> <span class='ocrx_word' id='word_1_101' title='bbox 822 1535 968 1596; x_wconf 89' lang='lat' dir='ltr'><strong>satis</strong></span> <span class='ocrx_word' id='word_1_102' title='bbox 995 1540 1236 1596; x_wconf 81' lang='lat' dir='ltr'><strong>constat</strong></span> <span class='ocrx_word' id='word_1_103' title='bbox 1263 1553 1340 1596; x_wconf 84' lang='lat' dir='ltr'><strong>ex</strong></span> <span class='ocrx_word' id='word_1_104' title='bbox 1379 1533 1583 1609; x_wconf 85' lang='lat' dir='ltr'><strong>dictis,</strong></span> <span class='ocrx_word' id='word_1_105' title='bbox 1615 1543 1678 1596; x_wconf 90' lang='lat' dir='ltr'><strong>et</strong></span> <span class='ocrx_word' id='word_1_106' title='bbox 1705 1549 1844 1592; x_wconf 81' lang='lat' dir='ltr'><strong>ma-</strong></span> 
     </span>
     <span class='ocr_line' id='line_1_15' title="bbox 279 1628 1071 1708; baseline 0 -20"><span class='ocrx_word' id='word_1_107' title='bbox 279 1629 374 1708; x_wconf 83' lang='lat' dir='ltr'><strong>gis</strong></span> <span class='ocrx_word' id='word_1_108' title='bbox 404 1629 619 1689; x_wconf 88' lang='lat' dir='ltr'><strong>statim</strong></span> <span class='ocrx_word' id='word_1_109' title='bbox 645 1628 1071 1708; x_wconf 83' lang='lat' dir='ltr'><strong>explicabitur.</strong></span> 
     </span>
    </p>

    <p class='ocr_par' dir='ltr' id='par_1_5' title="bbox 280 1719 1872 5430">
     <span class='ocr_line' id='line_1_16' title="bbox 359 1719 1847 1800; baseline -0.001 -18"><span class='ocrx_word' id='word_1_110' title='bbox 359 1724 460 1784; x_wconf 81' lang='grc'><strong>13.</strong></span> <span class='ocrx_word' id='word_1_111' title='bbox 515 1721 736 1786; x_wconf 60' lang='lat' dir='ltr'><strong>Utrum</strong></span> <span class='ocrx_word' id='word_1_112' title='bbox 763 1721 1037 1796; x_wconf 62' lang='lat' dir='ltr'><strong>haeresis,</strong></span> <span class='ocrx_word' id='word_1_113' title='bbox 1069 1721 1422 1800; x_wconf 72' lang='lat' dir='ltr'><strong>judaismus</strong></span> <span class='ocrx_word' id='word_1_114' title='bbox 1457 1725 1515 1784; x_wconf 76' lang='lat' dir='ltr'><strong>et</strong></span> <span class='ocrx_word' id='word_1_115' title='bbox 1545 1719 1847 1800; x_wconf 71' lang='lat' dir='ltr'><strong>payam&#39;s-</strong></span> 
     </span>
     <span class='ocr_line' id='line_1_17' title="bbox 280 1813 1841 1897; baseline -0.001 -21"><span class='ocrx_word' id='word_1_116' title='bbox 280 1833 416 1878; x_wconf 67' lang='lat' dir='ltr'><strong>mas</strong></span> <span class='ocrx_word' id='word_1_117' title='bbox 449 1814 698 1897; x_wconf 74' lang='lat' dir='ltr'><strong>possint</strong></span> <span class='ocrx_word' id='word_1_118' title='bbox 727 1813 797 1875; x_wconf 71' lang='lat' dir='ltr'><strong>in</strong></span> <span class='ocrx_word' id='word_1_119' title='bbox 821 1815 1016 1877; x_wconf 65' lang='lat' dir='ltr'><strong>eodem</strong></span> <span class='ocrx_word' id='word_1_120' title='bbox 1053 1814 1284 1878; x_wconf 69' lang='lat' dir='ltr'><strong>homine</strong></span> <span class='ocrx_word' id='word_1_121' title='bbox 1327 1815 1516 1877; x_wconf 74' lang='lat' dir='ltr'><strong>simul</strong></span> <span class='ocrx_word' id='word_1_122' title='bbox 1553 1813 1841 1888; x_wconf 73' lang='lat' dir='ltr'><strong>inveniri,</strong></span> 
     </span>
     <span class='ocr_line' id='line_1_18' title="bbox 284 1907 1852 1990; baseline -0.001 -18"><span class='ocrx_word' id='word_1_123' title='bbox 284 1913 338 1972; x_wconf 80' lang='lat' dir='ltr'><strong>et</strong></span> <span class='ocrx_word' id='word_1_124' title='bbox 397 1927 533 1990; x_wconf 66' lang='grc' dir='ltr'><strong>μα»</strong></span> <span class='ocrx_word' id='word_1_125' title='bbox 579 1908 826 1972; x_wconf 80' lang='lat' dir='ltr'><strong>illorum</strong></span> <span class='ocrx_word' id='word_1_126' title='bbox 865 1907 951 1972; x_wconf 71' lang='lat' dir='ltr'><strong>eit</strong></span> <span class='ocrx_word' id='word_1_127' title='bbox 1001 1907 1290 1990; x_wconf 64' lang='lat' dir='ltr'><strong>yravior?</strong></span> <span class='ocrx_word' id='word_1_128' title='bbox 1310 1939 1394 1954; x_wconf 91' lang='lat'><strong>-—</strong></span> <span class='ocrx_word' id='word_1_129' title='bbox 1413 1907 1624 1987; x_wconf 67' lang='lat' dir='ltr'><strong>Opinio</strong></span> <span class='ocrx_word' id='word_1_130' title='bbox 1675 1907 1852 1988; x_wconf 75' lang='lat' dir='ltr'><strong>Caje-</strong></span> 
     </span>
     <span class='ocr_line' id='line_1_19' title="bbox 287 2000 1848 2067; baseline -0.001 -3"><span class='ocrx_word' id='word_1_131' title='bbox 287 2004 416 2064; x_wconf 71' lang='lat' dir='ltr'><strong>tani</strong></span> <span class='ocrx_word' id='word_1_132' title='bbox 460 2009 520 2064; x_wconf 73' lang='lat' dir='ltr'><strong>ot</strong></span> <span class='ocrx_word' id='word_1_133' title='bbox 555 2001 841 2065; x_wconf 76' lang='lat' dir='ltr'><strong>aliorum.</strong></span> <span class='ocrx_word' id='word_1_134' title='bbox 867 2033 948 2049; x_wconf 91' lang='lat'>-</span> <span class='ocrx_word' id='word_1_135' title='bbox 989 2001 1144 2067; x_wconf 77' lang='lat' dir='ltr'><strong>Vera</strong></span> <span class='ocrx_word' id='word_1_136' title='bbox 1169 2000 1474 2065; x_wconf 73' lang='lat' dir='ltr'><strong>resolutio.</strong></span> <span class='ocrx_word' id='word_1_137' title='bbox 1499 2001 1688 2062; x_wconf 85' lang='lat' dir='ltr'><strong>—Ex</strong></span> <span class='ocrx_word' id='word_1_138' title='bbox 1719 2003 1848 2062; x_wconf 87' lang='lat' dir='ltr'><strong>dic-</strong></span> 
     </span>
     <span class='ocr_line' id='line_1_20' title="bbox 284 2093 1846 2174; baseline 0 -20"><span class='ocrx_word' id='word_1_139' title='bbox 284 2096 382 2170; x_wconf 87' lang='lat' dir='ltr'><strong>tis,</strong></span> <span class='ocrx_word' id='word_1_140' title='bbox 410 2093 586 2155; x_wconf 89' lang='lat' dir='ltr'><strong>aliud</strong></span> <span class='ocrx_word' id='word_1_141' title='bbox 613 2094 717 2156; x_wconf 90' lang='lat' dir='ltr'><strong>hic</strong></span> <span class='ocrx_word' id='word_1_142' title='bbox 755 2094 1214 2174; x_wconf 85' lang='lat' dir='ltr'><strong>expediendum</strong></span> <span class='ocrx_word' id='word_1_143' title='bbox 1241 2102 1334 2156; x_wconf 88' lang='lat' dir='ltr'><strong>est</strong></span> <span class='ocrx_word' id='word_1_144' title='bbox 1368 2095 1652 2170; x_wconf 89' lang='lat' dir='ltr'><strong>dubium,</strong></span> <span class='ocrx_word' id='word_1_145' title='bbox 1679 2093 1846 2173; x_wconf 91' lang='lat' dir='ltr'><strong>quod</strong></span> 
     </span>
     <span class='ocr_line' id='line_1_21' title="bbox 284 2188 1845 2266; baseline -0.002 -17"><span class='ocrx_word' id='word_1_146' title='bbox 284 2188 614 2266; x_wconf 86' lang='lat' dir='ltr'><strong>Cajetanus</strong></span> <span class='ocrx_word' id='word_1_147' title='bbox 652 2194 716 2249; x_wconf 84' lang='lat' dir='ltr'><strong>et</strong></span> <span class='ocrx_word' id='word_1_148' title='bbox 746 2188 852 2249; x_wconf 88' lang='lat' dir='ltr'><strong>alii</strong></span> <span class='ocrx_word' id='word_1_149' title='bbox 893 2188 1238 2266; x_wconf 83' lang='lat' dir='ltr'><strong>attingunt,</strong></span> <span class='ocrx_word' id='word_1_150' title='bbox 1273 2188 1573 2250; x_wconf 88' lang='lat' dir='ltr'><strong>nimirum</strong></span> <span class='ocrx_word' id='word_1_151' title='bbox 1601 2205 1683 2248; x_wconf 89' lang='lat' dir='ltr'><strong>an</strong></span> <span class='ocrx_word' id='word_1_152' title='bbox 1713 2188 1845 2247; x_wconf 82' lang='lat' dir='ltr'><strong>istae</strong></span> 
     </span>
     <span class='ocr_line' id='line_1_22' title="bbox 285 2278 1850 2360; baseline -0.001 -20"><span class='ocrx_word' id='word_1_153' title='bbox 285 2279 682 2342; x_wconf 83' lang='lat' dir='ltr'><strong>infidelitates</strong></span> <span class='ocrx_word' id='word_1_154' title='bbox 708 2282 942 2360; x_wconf 83' lang='lat' dir='ltr'><strong>possint</strong></span> <span class='ocrx_word' id='word_1_155' title='bbox 985 2281 1052 2341; x_wconf 90' lang='lat' dir='ltr'><strong>in</strong></span> <span class='ocrx_word' id='word_1_156' title='bbox 1101 2281 1318 2342; x_wconf 88' lang='lat' dir='ltr'><strong>eodem</strong></span> <span class='ocrx_word' id='word_1_157' title='bbox 1364 2280 1620 2341; x_wconf 91' lang='lat' dir='ltr'><strong>homine</strong></span> <span class='ocrx_word' id='word_1_158' title='bbox 1663 2278 1850 2340; x_wconf 86' lang='lat' dir='ltr'><strong>simul</strong></span> 
     </span>
     <span class='ocr_line' id='line_1_23' title="bbox 287 2373 1851 2451; baseline -0.002 -16"><span class='ocrx_word' id='word_1_159' title='bbox 287 2374 580 2436; x_wconf 83' lang='lat' dir='ltr'><strong>inveniri.</strong></span> <span class='ocrx_word' id='word_1_160' title='bbox 608 2376 752 2434; x_wconf 86' lang='lat' dir='ltr'><strong>Dico</strong></span> <span class='ocrx_word' id='word_1_161' title='bbox 773 2379 982 2434; x_wconf 87' lang='lat' dir='ltr'><strong>autem</strong></span> <span class='ocrx_word' id='word_1_162' title='bbox 1029 2373 1238 2447; x_wconf 75' lang='lat' dir='ltr'><strong>simul,</strong></span> <span class='ocrx_word' id='word_1_163' title='bbox 1283 2391 1429 2434; x_wconf 89' lang='lat' dir='ltr'><strong>nam</strong></span> <span class='ocrx_word' id='word_1_164' title='bbox 1472 2391 1582 2451; x_wconf 87' lang='lat' dir='ltr'><strong>per</strong></span> <span class='ocrx_word' id='word_1_165' title='bbox 1615 2389 1851 2434; x_wconf 87' lang='lat' dir='ltr'><strong>succes·</strong></span> 
     </span>
     <span class='ocr_line' id='line_1_24' title="bbox 285 2463 1850 2550; baseline -0.001 -23"><span class='ocrx_word' id='word_1_166' title='bbox 285 2469 552 2550; x_wconf 84' lang='lat' dir='ltr'><strong>sionem,</strong></span> <span class='ocrx_word' id='word_1_167' title='bbox 593 2471 660 2528; x_wconf 89' lang='lat' dir='ltr'><strong>et</strong></span> <span class='ocrx_word' id='word_1_168' title='bbox 687 2467 1018 2527; x_wconf 77' lang='lat' dir='ltr'><strong>transitum</strong></span> <span class='ocrx_word' id='word_1_169' title='bbox 1045 2467 1124 2526; x_wconf 88' lang='lat' dir='ltr'><strong>ab</strong></span> <span class='ocrx_word' id='word_1_170' title='bbox 1159 2484 1284 2527; x_wconf 89' lang='lat' dir='ltr'><strong>una</strong></span> <span class='ocrx_word' id='word_1_171' title='bbox 1321 2465 1400 2526; x_wconf 90' lang='lat' dir='ltr'><strong>ad</strong></span> <span class='ocrx_word' id='word_1_172' title='bbox 1435 2465 1644 2542; x_wconf 87' lang='lat' dir='ltr'><strong>aliam,</strong></span> <span class='ocrx_word' id='word_1_173' title='bbox 1678 2463 1850 2526; x_wconf 89' lang='lat' dir='ltr'><strong>nulla</strong></span> 
     </span>
     <span class='ocr_line' id='line_1_25' title="bbox 287 2558 1851 2640; baseline -0.003 -18"><span class='ocrx_word' id='word_1_174' title='bbox 287 2567 486 2640; x_wconf 86' lang='lat' dir='ltr'><strong>potest</strong></span> <span class='ocrx_word' id='word_1_175' title='bbox 516 2579 654 2622; x_wconf 88' lang='lat' dir='ltr'><strong>esse</strong></span> <span class='ocrx_word' id='word_1_176' title='bbox 695 2559 1024 2621; x_wconf 89' lang='lat' dir='ltr'><strong>dubitandi</strong></span> <span class='ocrx_word' id='word_1_177' title='bbox 1073 2560 1256 2635; x_wconf 87' lang='lat' dir='ltr'><strong>ratio,</strong></span> <span class='ocrx_word' id='word_1_178' title='bbox 1287 2559 1440 2638; x_wconf 87' lang='lat' dir='ltr'><strong>quin</strong></span> <span class='ocrx_word' id='word_1_179' title='bbox 1483 2576 1612 2620; x_wconf 89' lang='lat' dir='ltr'><strong>non</strong></span> <span class='ocrx_word' id='word_1_180' title='bbox 1647 2558 1851 2619; x_wconf 89' lang='lat' dir='ltr'><strong>solum</strong></span> 
     </span>
     <span class='ocr_line' id='line_1_26' title="bbox 287 2651 1850 2734; baseline -0.002 -20"><span class='ocrx_word' id='word_1_181' title='bbox 287 2656 496 2734; x_wconf 84' lang='lat' dir='ltr'><strong>possit,</strong></span> <span class='ocrx_word' id='word_1_182' title='bbox 527 2654 636 2715; x_wconf 63' lang='lat' dir='ltr'><strong>setl</strong></span> <span class='ocrx_word' id='word_1_183' title='bbox 665 2655 854 2714; x_wconf 87' lang='lat' dir='ltr'><strong>etiam</strong></span> <span class='ocrx_word' id='word_1_184' title='bbox 883 2651 1218 2732; x_wconf 84' lang='lat' dir='ltr'><strong>aliquando</strong></span> <span class='ocrx_word' id='word_1_185' title='bbox 1251 2652 1340 2713; x_wconf 85' lang='lat' dir='ltr'><strong>ita</strong></span> <span class='ocrx_word' id='word_1_186' title='bbox 1369 2651 1498 2713; x_wconf 88' lang='lat' dir='ltr'><strong>fiat.</strong></span> <span class='ocrx_word' id='word_1_187' title='bbox 1536 2652 1712 2725; x_wconf 85' lang='lat' dir='ltr'><strong>Quod</strong></span> <span class='ocrx_word' id='word_1_188' title='bbox 1739 2669 1850 2712; x_wconf 90' lang='lat' dir='ltr'><strong>au·</strong></span> 
     </span>
     <span class='ocr_line' id='line_1_27' title="bbox 287 2743 1848 2826; baseline 0 -20"><span class='ocrx_word' id='word_1_189' title='bbox 287 2755 410 2807; x_wconf 86' lang='lat' dir='ltr'><strong>tem</strong></span> <span class='ocrx_word' id='word_1_190' title='bbox 447 2747 691 2826; x_wconf 76' lang='lat' dir='ltr'><strong>possint</strong></span> <span class='ocrx_word' id='word_1_191' title='bbox 733 2764 862 2806; x_wconf 89' lang='lat' dir='ltr'><strong>esse</strong></span> <span class='ocrx_word' id='word_1_192' title='bbox 909 2743 1094 2806; x_wconf 90' lang='lat' dir='ltr'><strong>simul</strong></span> <span class='ocrx_word' id='word_1_193' title='bbox 1136 2745 1354 2806; x_wconf 88' lang='lat' dir='ltr'><strong>saltem</strong></span> <span class='ocrx_word' id='word_1_194' title='bbox 1400 2745 1541 2806; x_wconf 79' lang='lat' dir='ltr'><strong>duae</strong></span> <span class='ocrx_word' id='word_1_195' title='bbox 1573 2745 1848 2819; x_wconf 89' lang='lat' dir='ltr'><strong>illorum,</strong></span> 
     </span>
     <span class='ocr_line' id='line_1_28' title="bbox 291 2838 1854 2916; baseline -0.001 -16"><span class='ocrx_word' id='word_1_196' title='bbox 291 2840 520 2901; x_wconf 86' lang='lat' dir='ltr'><strong>scilicet</strong></span> <span class='ocrx_word' id='word_1_197' title='bbox 569 2840 824 2900; x_wconf 68' lang='lat' dir='ltr'><strong>haeresis</strong></span> <span class='ocrx_word' id='word_1_198' title='bbox 858 2845 920 2900; x_wconf 89' lang='lat' dir='ltr'><strong>et</strong></span> <span class='ocrx_word' id='word_1_199' title='bbox 959 2838 1334 2916; x_wconf 80' lang='lat' dir='ltr'><strong>judaismus,</strong></span> <span class='ocrx_word' id='word_1_200' title='bbox 1379 2845 1442 2900; x_wconf 88' lang='lat' dir='ltr'><strong>et</strong></span> <span class='ocrx_word' id='word_1_201' title='bbox 1483 2838 1734 2899; x_wconf 81' lang='lat' dir='ltr'><strong>haeresis</strong></span> <span class='ocrx_word' id='word_1_202' title='bbox 1781 2855 1854 2898; x_wconf 92' lang='lat' dir='ltr'><strong>ac</strong></span> 
     </span>
     <span class='ocr_line' id='line_1_29' title="bbox 295 2932 1853 3011; baseline -0.001 -19"><span class='ocrx_word' id='word_1_203' title='bbox 295 2933 719 3011; x_wconf 79' lang='lat' dir='ltr'><strong>paganismus,</strong></span> <span class='ocrx_word' id='word_1_204' title='bbox 751 2932 1022 2992; x_wconf 87' lang='lat' dir='ltr'><strong>affirmat</strong></span> <span class='ocrx_word' id='word_1_205' title='bbox 1047 2932 1376 3010; x_wconf 86' lang='lat' dir='ltr'><strong>Cajetanus</strong></span> <span class='ocrx_word' id='word_1_206' title='bbox 1408 2937 1470 2992; x_wconf 88' lang='lat' dir='ltr'><strong>et</strong></span> <span class='ocrx_word' id='word_1_207' title='bbox 1505 2936 1853 3010; x_wconf 87' lang='lat' dir='ltr'><strong>sequuntur</strong></span> 
     </span>
     <span class='ocr_line' id='line_1_30' title="bbox 302 3023 1852 3104; baseline 0 -20"><span class='ocrx_word' id='word_1_208' title='bbox 302 3025 416 3098; x_wconf 81' lang='lat' dir='ltr'><strong>alii,</strong></span> <span class='ocrx_word' id='word_1_209' title='bbox 434 3031 502 3086; x_wconf 88' lang='lat' dir='ltr'><strong>et</strong></span> <span class='ocrx_word' id='word_1_210' title='bbox 519 3024 746 3104; x_wconf 86' lang='lat' dir='ltr'><strong>probat</strong></span> <span class='ocrx_word' id='word_1_211' title='bbox 765 3026 834 3084; x_wconf 90' lang='lat' dir='ltr'><strong>in</strong></span> <span class='ocrx_word' id='word_1_212' title='bbox 853 3023 1106 3084; x_wconf 90' lang='lat' dir='ltr'><strong>homine</strong></span> <span class='ocrx_word' id='word_1_213' title='bbox 1133 3023 1476 3085; x_wconf 62' lang='lat' dir='ltr'><strong>Christiano</strong></span> <span class='ocrx_word' id='word_1_214' title='bbox 1495 3028 1852 3084; x_wconf 76' lang='lat' dir='ltr'><strong>transeunte</strong></span> 
     </span>
     <span class='ocr_line' id='line_1_31' title="bbox 299 3116 1856 3198; baseline -0.001 -20"><span class='ocrx_word' id='word_1_215' title='bbox 299 3117 367 3178; x_wconf 78' lang='lat' dir='ltr'><strong>ad</strong></span> <span class='ocrx_word' id='word_1_216' title='bbox 391 3119 840 3198; x_wconf 74' lang='lat' dir='ltr'><strong>paganismum</strong></span> <span class='ocrx_word' id='word_1_217' title='bbox 878 3117 974 3177; x_wconf 85' lang='lat' dir='ltr'><strong>vel</strong></span> <span class='ocrx_word' id='word_1_218' title='bbox 995 3117 1376 3195; x_wconf 86' lang='lat' dir='ltr'><strong>judaismum</strong></span> <span class='ocrx_word' id='word_1_219' title='bbox 1387 3132 1410 3193; x_wconf 88' lang='lat'>;</span> <span class='ocrx_word' id='word_1_220' title='bbox 1442 3135 1570 3177; x_wconf 90' lang='lat' dir='ltr'><strong>non</strong></span> <span class='ocrx_word' id='word_1_221' title='bbox 1617 3116 1704 3176; x_wconf 89' lang='lat' dir='ltr'><strong>sic</strong></span> <span class='ocrx_word' id='word_1_222' title='bbox 1737 3135 1856 3176; x_wconf 87' lang='lat' dir='ltr'><strong>au-</strong></span> 
     </span>
     <span class='ocr_line' id='line_1_32' title="bbox 297 3208 1854 3289; baseline -0.003 -17"><span class='ocrx_word' id='word_1_223' title='bbox 297 3217 414 3272; x_wconf 86' lang='lat' dir='ltr'><strong>tem</strong></span> <span class='ocrx_word' id='word_1_224' title='bbox 436 3211 722 3272; x_wconf 88' lang='lat' dir='ltr'><strong>sentiunt</strong></span> <span class='ocrx_word' id='word_1_225' title='bbox 749 3210 824 3271; x_wconf 93' lang='lat' dir='ltr'><strong>de</strong></span> <span class='ocrx_word' id='word_1_226' title='bbox 857 3210 1220 3289; x_wconf 77' lang='lat' dir='ltr'><strong>paganismo</strong></span> <span class='ocrx_word' id='word_1_227' title='bbox 1244 3216 1308 3270; x_wconf 89' lang='lat' dir='ltr'><strong>et</strong></span> <span class='ocrx_word' id='word_1_228' title='bbox 1339 3208 1656 3287; x_wconf 85' lang='lat' dir='ltr'><strong>judaismo</strong></span> <span class='ocrx_word' id='word_1_229' title='bbox 1691 3209 1854 3269; x_wconf 87' lang='lat' dir='ltr'><strong>inter</strong></span> 
     </span>
     <span class='ocr_line' id='line_1_33' title="bbox 297 3300 1854 3384; baseline -0.003 -18"><span class='ocrx_word' id='word_1_230' title='bbox 297 3323 378 3381; x_wconf 88' lang='lat' dir='ltr'><strong>se,</strong></span> <span class='ocrx_word' id='word_1_231' title='bbox 425 3305 581 3384; x_wconf 81' lang='lat' dir='ltr'><strong>quia</strong></span> <span class='ocrx_word' id='word_1_232' title='bbox 631 3302 1028 3364; x_wconf 79' lang='lat' dir='ltr'><strong>manifestam</strong></span> <span class='ocrx_word' id='word_1_233' title='bbox 1081 3300 1342 3362; x_wconf 83' lang='lat' dir='ltr'><strong>involvit</strong></span> <span class='ocrx_word' id='word_1_234' title='bbox 1377 3302 1854 3381; x_wconf 80' lang='lat' dir='ltr'><strong>repugnantiam</strong></span> 
     </span>
     <span class='ocr_line' id='line_1_34' title="bbox 299 3393 1849 3474; baseline -0.003 -15"><span class='ocrx_word' id='word_1_235' title='bbox 299 3405 356 3459; x_wconf 82' lang='lat' dir='ltr'><strong>et</strong></span> <span class='ocrx_word' id='word_1_236' title='bbox 399 3396 978 3472; x_wconf 81' lang='lat' dir='ltr'><strong>contradictionem,</strong></span> <span class='ocrx_word' id='word_1_237' title='bbox 1035 3395 1202 3474; x_wconf 85' lang='lat' dir='ltr'><strong>quod</strong></span> <span class='ocrx_word' id='word_1_238' title='bbox 1253 3395 1568 3456; x_wconf 79' lang='lat' dir='ltr'><strong>verissime</strong></span> <span class='ocrx_word' id='word_1_239' title='bbox 1613 3393 1849 3456; x_wconf 87' lang='lat' dir='ltr'><strong>dicunt.</strong></span> 
     </span>
     <span class='ocr_line' id='line_1_35' title="bbox 299 3488 1856 3570; baseline -0.001 -19"><span class='ocrx_word' id='word_1_240' title='bbox 299 3495 422 3570; x_wconf 59' lang='lat' dir='ltr'><strong>tago</strong></span> <span class='ocrx_word' id='word_1_241' title='bbox 443 3497 658 3551; x_wconf 83' lang='lat' dir='ltr'><strong>antem</strong></span> <span class='ocrx_word' id='word_1_242' title='bbox 685 3489 968 3551; x_wconf 87' lang='lat' dir='ltr'><strong>eamdem</strong></span> <span class='ocrx_word' id='word_1_243' title='bbox 1005 3488 1254 3548; x_wconf 86' lang='lat' dir='ltr'><strong>invenio</strong></span> <span class='ocrx_word' id='word_1_244' title='bbox 1299 3505 1409 3566; x_wconf 89' lang='lat' dir='ltr'><strong>per</strong></span> <span class='ocrx_word' id='word_1_245' title='bbox 1435 3505 1500 3549; x_wconf 93' lang='lat' dir='ltr'><strong>se</strong></span> <span class='ocrx_word' id='word_1_246' title='bbox 1546 3488 1856 3566; x_wconf 88' lang='lat' dir='ltr'><strong>loquendo</strong></span> 
     </span>
     <span class='ocr_line' id='line_1_36' title="bbox 298 3581 1858 3662; baseline -0.003 -16"><span class='ocrx_word' id='word_1_247' title='bbox 298 3587 454 3646; x_wconf 86' lang='lat' dir='ltr'><strong>inter</strong></span> <span class='ocrx_word' id='word_1_248' title='bbox 478 3583 770 3644; x_wconf 68' lang='lat' dir='ltr'><strong>haeresim</strong></span> <span class='ocrx_word' id='word_1_249' title='bbox 785 3589 850 3644; x_wconf 90' lang='lat' dir='ltr'><strong>et</strong></span> <span class='ocrx_word' id='word_1_250' title='bbox 873 3581 1214 3662; x_wconf 84' lang='lat' dir='ltr'><strong>quamlibet</strong></span> <span class='ocrx_word' id='word_1_251' title='bbox 1239 3581 1504 3644; x_wconf 87' lang='lat' dir='ltr'><strong>aliarum</strong></span> <span class='ocrx_word' id='word_1_252' title='bbox 1527 3581 1858 3643; x_wconf 86' lang='lat' dir='ltr'><strong>infidelita-</strong></span> 
     </span>
     <span class='ocr_line' id='line_1_37' title="bbox 299 3674 1856 3757; baseline -0.003 -17"><span class='ocrx_word' id='word_1_253' title='bbox 299 3685 428 3740; x_wconf 85' lang='lat' dir='ltr'><strong>tum</strong></span> <span class='ocrx_word' id='word_1_254' title='bbox 445 3701 466 3753; x_wconf 82' lang='lat'><em>3</em></span> <span class='ocrx_word' id='word_1_255' title='bbox 505 3678 658 3757; x_wconf 82' lang='lat' dir='ltr'><strong>quia</strong></span> <span class='ocrx_word' id='word_1_256' title='bbox 701 3676 954 3737; x_wconf 80' lang='lat' dir='ltr'><strong>hoeresis</strong></span> <span class='ocrx_word' id='word_1_257' title='bbox 998 3676 1246 3754; x_wconf 82' lang='lat' dir='ltr'><strong>proprie</strong></span> <span class='ocrx_word' id='word_1_258' title='bbox 1279 3693 1406 3736; x_wconf 85' lang='lat' dir='ltr'><strong>non</strong></span> <span class='ocrx_word' id='word_1_259' title='bbox 1443 3681 1536 3736; x_wconf 88' lang='lat' dir='ltr'><strong>est</strong></span> <span class='ocrx_word' id='word_1_260' title='bbox 1571 3674 1694 3735; x_wconf 90' lang='lat' dir='ltr'><strong>nisi</strong></span> <span class='ocrx_word' id='word_1_261' title='bbox 1743 3675 1856 3736; x_wconf 90' lang='lat' dir='ltr'><strong>sub</strong></span> 
     </span>
     <span class='ocr_line' id='line_1_38' title="bbox 299 3767 1858 3846; baseline -0.003 -13"><span class='ocrx_word' id='word_1_262' title='bbox 299 3773 549 3833; x_wconf 87' lang='lat' dir='ltr'><strong>nomine</strong></span> <span class='ocrx_word' id='word_1_263' title='bbox 599 3769 978 3844; x_wconf 79' lang='lat' dir='ltr'><strong>Christiane,</strong></span> <span class='ocrx_word' id='word_1_264' title='bbox 1033 3768 1096 3829; x_wconf 86' lang='lat' dir='ltr'><strong>id</strong></span> <span class='ocrx_word' id='word_1_265' title='bbox 1135 3775 1246 3844; x_wconf 88' lang='lat' dir='ltr'><strong>est,</strong></span> <span class='ocrx_word' id='word_1_266' title='bbox 1287 3767 1355 3828; x_wconf 90' lang='lat' dir='ltr'><strong>in</strong></span> <span class='ocrx_word' id='word_1_267' title='bbox 1397 3785 1472 3830; x_wconf 91' lang='lat' dir='ltr'><strong>eo</strong></span> <span class='ocrx_word' id='word_1_268' title='bbox 1516 3769 1625 3846; x_wconf 91' lang='lat' dir='ltr'><strong>qui</strong></span> <span class='ocrx_word' id='word_1_269' title='bbox 1661 3769 1858 3829; x_wconf 88' lang='lat' dir='ltr'><strong>credit</strong></span> 
     </span>
     <span class='ocr_line' id='line_1_39' title="bbox 299 3861 1856 3941; baseline -0.003 -14"><span class='ocrx_word' id='word_1_270' title='bbox 299 3865 604 3927; x_wconf 79' lang='lat' dir='ltr'><strong>Christum</strong></span> <span class='ocrx_word' id='word_1_271' title='bbox 625 3862 892 3937; x_wconf 80' lang='lat' dir='ltr'><strong>venisse,</strong></span> <span class='ocrx_word' id='word_1_272' title='bbox 917 3869 990 3922; x_wconf 87' lang='lat' dir='ltr'><strong>ut</strong></span> <span class='ocrx_word' id='word_1_273' title='bbox 1018 3861 1514 3941; x_wconf 88' lang='lat' dir='ltr'><strong>Redemptorem,</strong></span> <span class='ocrx_word' id='word_1_274' title='bbox 1543 3861 1708 3940; x_wconf 91' lang='lat' dir='ltr'><strong>quod</strong></span> <span class='ocrx_word' id='word_1_275' title='bbox 1726 3868 1856 3922; x_wconf 88' lang='lat' dir='ltr'><strong>tam</strong></span> 
     </span>
     <span class='ocr_line' id='line_1_40' title="bbox 297 3955 1858 4039; baseline -0.003 -20"><span class='ocrx_word' id='word_1_276' title='bbox 297 3959 666 4039; x_wconf 84' lang='lat' dir='ltr'><strong>paganismo</strong></span> <span class='ocrx_word' id='word_1_277' title='bbox 689 3974 882 4036; x_wconf 89' lang='lat' dir='ltr'><strong>quam</strong></span> <span class='ocrx_word' id='word_1_278' title='bbox 924 3955 1228 4034; x_wconf 87' lang='lat' dir='ltr'><strong>judaismo</strong></span> <span class='ocrx_word' id='word_1_279' title='bbox 1259 3961 1585 4033; x_wconf 86' lang='lat' dir='ltr'><strong>repugnat.</strong></span> <span class='ocrx_word' id='word_1_280' title='bbox 1632 3956 1858 4015; x_wconf 83' lang='lat' dir='ltr'><strong>Exem-</strong></span> 
     </span>
     <span class='ocr_line' id='line_1_41' title="bbox 298 4047 1858 4132; baseline -0.003 -20"><span class='ocrx_word' id='word_1_281' title='bbox 298 4053 472 4132; x_wconf 81' lang='lat' dir='ltr'><strong>plum</strong></span> <span class='ocrx_word' id='word_1_282' title='bbox 517 4057 732 4112; x_wconf 90' lang='lat' dir='ltr'><strong>autem</strong></span> <span class='ocrx_word' id='word_1_283' title='bbox 770 4048 838 4108; x_wconf 90' lang='lat' dir='ltr'><strong>in</strong></span> <span class='ocrx_word' id='word_1_284' title='bbox 883 4065 1006 4127; x_wconf 89' lang='lat' dir='ltr'><strong>quo</strong></span> <span class='ocrx_word' id='word_1_285' title='bbox 1044 4047 1353 4108; x_wconf 86' lang='lat' dir='ltr'><strong>contraria</strong></span> <span class='ocrx_word' id='word_1_286' title='bbox 1379 4049 1686 4108; x_wconf 88' lang='lat' dir='ltr'><strong>sententia</strong></span> <span class='ocrx_word' id='word_1_287' title='bbox 1713 4049 1858 4108; x_wconf 89' lang='lat' dir='ltr'><strong>niti-</strong></span> 
     </span>
     <span class='ocr_line' id='line_1_42' title="bbox 295 4141 1858 4224; baseline -0.003 -16"><span class='ocrx_word' id='word_1_288' title='bbox 295 4155 436 4222; x_wconf 84' lang='lat' dir='ltr'><strong>tur,</strong></span> <span class='ocrx_word' id='word_1_289' title='bbox 483 4143 764 4224; x_wconf 85' lang='lat' dir='ltr'><strong>procedit</strong></span> <span class='ocrx_word' id='word_1_290' title='bbox 813 4159 890 4204; x_wconf 83' lang='lat' dir='ltr'><strong>ex</strong></span> <span class='ocrx_word' id='word_1_291' title='bbox 933 4141 1058 4202; x_wconf 89' lang='lat' dir='ltr'><strong>alia</strong></span> <span class='ocrx_word' id='word_1_292' title='bbox 1103 4141 1258 4202; x_wconf 81' lang='lat' dir='ltr'><strong>salsa</strong></span> <span class='ocrx_word' id='word_1_293' title='bbox 1307 4141 1637 4220; x_wconf 86' lang='lat' dir='ltr'><strong>opinione,</strong></span> <span class='ocrx_word' id='word_1_294' title='bbox 1691 4141 1858 4221; x_wconf 88' lang='lat' dir='ltr'><strong>quod</strong></span> 
     </span>
     <span class='ocr_line' id='line_1_43' title="bbox 299 4233 1859 4319; baseline -0.004 -19"><span class='ocrx_word' id='word_1_295' title='bbox 299 4238 606 4319; x_wconf 73' lang='lat' dir='ltr'><strong>apostasia</strong></span> <span class='ocrx_word' id='word_1_296' title='bbox 642 4235 722 4295; x_wconf 88' lang='lat' dir='ltr'><strong>sit</strong></span> <span class='ocrx_word' id='word_1_297' title='bbox 738 4235 972 4313; x_wconf 46' lang='lat' dir='ltr'><strong>‚species</strong></span> <span class='ocrx_word' id='word_1_298' title='bbox 1000 4233 1411 4309; x_wconf 85' lang='lat' dir='ltr'><strong>infidelitatis,</strong></span> <span class='ocrx_word' id='word_1_299' title='bbox 1446 4234 1611 4313; x_wconf 87' lang='lat' dir='ltr'><strong>quod</strong></span> <span class='ocrx_word' id='word_1_300' title='bbox 1633 4233 1859 4294; x_wconf 87' lang='lat' dir='ltr'><strong>falsum</strong></span> 
     </span>
     <span class='ocr_line' id='line_1_44' title="bbox 297 4326 1862 4406; baseline -0.004 -14"><span class='ocrx_word' id='word_1_301' title='bbox 297 4349 432 4393; x_wconf 84' lang='lat' dir='ltr'><strong>esse</strong></span> <span class='ocrx_word' id='word_1_302' title='bbox 473 4329 682 4390; x_wconf 85' lang='lat' dir='ltr'><strong>statim</strong></span> <span class='ocrx_word' id='word_1_303' title='bbox 729 4327 1146 4389; x_wconf 84' lang='lat' dir='ltr'><strong>ostendemus.</strong></span> <span class='ocrx_word' id='word_1_304' title='bbox 1197 4326 1371 4388; x_wconf 89' lang='lat' dir='ltr'><strong>Unde</strong></span> <span class='ocrx_word' id='word_1_305' title='bbox 1420 4327 1862 4406; x_wconf 86' lang='lat' dir='ltr'><strong>respondemus</strong></span> 
     </span>
     <span class='ocr_line' id='line_1_45' title="bbox 295 4419 1866 4499; baseline -0.004 -14"><span class='ocrx_word' id='word_1_306' title='bbox 295 4423 718 4486; x_wconf 82' lang='lat' dir='ltr'><strong>Christianum</strong></span> <span class='ocrx_word' id='word_1_307' title='bbox 753 4427 1183 4481; x_wconf 83' lang='lat' dir='ltr'><strong>transeuntem</strong></span> <span class='ocrx_word' id='word_1_308' title='bbox 1211 4420 1292 4480; x_wconf 87' lang='lat' dir='ltr'><strong>ad</strong></span> <span class='ocrx_word' id='word_1_309' title='bbox 1331 4437 1604 4499; x_wconf 87' lang='lat' dir='ltr'><strong>paganos</strong></span> <span class='ocrx_word' id='word_1_310' title='bbox 1634 4419 1728 4481; x_wconf 85' lang='lat' dir='ltr'><strong>vel</strong></span> <span class='ocrx_word' id='word_1_311' title='bbox 1755 4420 1790 4480; x_wconf 83' lang='lat' dir='ltr'><strong>J</strong></span> <span class='ocrx_word' id='word_1_312' title='bbox 1798 4438 1866 4479; x_wconf 96' lang='lat' dir='ltr'><strong>u-</strong></span> 
     </span>
     <span class='ocr_line' id='line_1_46' title="bbox 296 4511 1868 4592; baseline -0.004 -15"><span class='ocrx_word' id='word_1_313' title='bbox 296 4515 470 4577; x_wconf 80' lang='lat' dir='ltr'><strong>doeos</strong></span> <span class='ocrx_word' id='word_1_314' title='bbox 497 4533 629 4577; x_wconf 83' lang='lat' dir='ltr'><strong>esse</strong></span> <span class='ocrx_word' id='word_1_315' title='bbox 671 4513 860 4575; x_wconf 85' lang='lat' dir='ltr'><strong>simul</strong></span> <span class='ocrx_word' id='word_1_316' title='bbox 907 4511 1221 4574; x_wconf 87' lang='lat' dir='ltr'><strong>infidelem</strong></span> <span class='ocrx_word' id='word_1_317' title='bbox 1250 4513 1474 4592; x_wconf 87' lang='lat' dir='ltr'><strong>specie,</strong></span> <span class='ocrx_word' id='word_1_318' title='bbox 1523 4519 1586 4573; x_wconf 89' lang='lat' dir='ltr'><strong>et</strong></span> <span class='ocrx_word' id='word_1_319' title='bbox 1627 4521 1868 4591; x_wconf 85' lang='lat' dir='ltr'><strong>aposta-</strong></span> 
     </span>
     <span class='ocr_line' id='line_1_47' title="bbox 297 4605 1866 4686; baseline -0.004 -14"><span class='ocrx_word' id='word_1_320' title='bbox 297 4617 458 4684; x_wconf 80' lang='lat' dir='ltr'><strong>tam,</strong></span> <span class='ocrx_word' id='word_1_321' title='bbox 477 4627 604 4669; x_wconf 85' lang='lat' dir='ltr'><strong>non</strong></span> <span class='ocrx_word' id='word_1_322' title='bbox 627 4615 838 4668; x_wconf 88' lang='lat' dir='ltr'><strong>autem</strong></span> <span class='ocrx_word' id='word_1_323' title='bbox 881 4609 1130 4686; x_wconf 88' lang='lat' dir='ltr'><strong>proprie</strong></span> <span class='ocrx_word' id='word_1_324' title='bbox 1156 4605 1541 4668; x_wconf 60' lang='lat' dir='ltr'><strong>haereticum.</strong></span> <span class='ocrx_word' id='word_1_325' title='bbox 1574 4607 1712 4668; x_wconf 87' lang='lat' dir='ltr'><strong>Dixi</strong></span> <span class='ocrx_word' id='word_1_326' title='bbox 1757 4623 1866 4666; x_wconf 77' lang='lat' dir='ltr'><strong>au—</strong></span> 
     </span>
     <span class='ocr_line' id='line_1_48' title="bbox 297 4699 1866 4781; baseline -0.004 -15"><span class='ocrx_word' id='word_1_327' title='bbox 297 4711 435 4766; x_wconf 88' lang='lat' dir='ltr'><strong>tem</strong></span> <span class='ocrx_word' id='word_1_328' title='bbox 461 4719 572 4781; x_wconf 89' lang='lat' dir='ltr'><strong>per</strong></span> <span class='ocrx_word' id='word_1_329' title='bbox 595 4719 660 4761; x_wconf 90' lang='lat' dir='ltr'><strong>se</strong></span> <span class='ocrx_word' id='word_1_330' title='bbox 694 4699 810 4760; x_wconf 86' lang='lat' dir='ltr'><strong>has</strong></span> <span class='ocrx_word' id='word_1_331' title='bbox 845 4703 1073 4780; x_wconf 87' lang='lat' dir='ltr'><strong>species</strong></span> <span class='ocrx_word' id='word_1_332' title='bbox 1108 4719 1234 4760; x_wconf 91' lang='lat' dir='ltr'><strong>non</strong></span> <span class='ocrx_word' id='word_1_333' title='bbox 1258 4717 1436 4780; x_wconf 87' lang='lat' dir='ltr'><strong>posse</strong></span> <span class='ocrx_word' id='word_1_334' title='bbox 1461 4699 1651 4760; x_wconf 87' lang='lat' dir='ltr'><strong>simul</strong></span> <span class='ocrx_word' id='word_1_335' title='bbox 1693 4699 1866 4760; x_wconf 86' lang='lat' dir='ltr'><strong>inve-</strong></span> 
     </span>
     <span class='ocr_line' id='line_1_49' title="bbox 299 4792 1869 4874; baseline -0.003 -18"><span class='ocrx_word' id='word_1_336' title='bbox 299 4795 463 4870; x_wconf 86' lang='lat' dir='ltr'><strong>niri,</strong></span> <span class='ocrx_word' id='word_1_337' title='bbox 534 4795 680 4874; x_wconf 84' lang='lat' dir='ltr'><strong>quia</strong></span> <span class='ocrx_word' id='word_1_338' title='bbox 745 4811 856 4872; x_wconf 77' lang='lat' dir='ltr'><strong>per</strong></span> <span class='ocrx_word' id='word_1_339' title='bbox 903 4794 1190 4856; x_wconf 84' lang='lat' dir='ltr'><strong>accidens</strong></span> <span class='ocrx_word' id='word_1_340' title='bbox 1237 4800 1301 4853; x_wconf 91' lang='lat' dir='ltr'><strong>et</strong></span> <span class='ocrx_word' id='word_1_341' title='bbox 1364 4810 1438 4853; x_wconf 86' lang='lat' dir='ltr'><strong>ex</strong></span> <span class='ocrx_word' id='word_1_342' title='bbox 1493 4792 1869 4852; x_wconf 87' lang='lat' dir='ltr'><strong>conscientia</strong></span> 
     </span>
     <span class='ocr_line' id='line_1_50' title="bbox 300 4883 1870 4967; baseline -0.004 -18"><span class='ocrx_word' id='word_1_343' title='bbox 300 4905 564 4950; x_wconf 84' lang='lat' dir='ltr'><strong>erronea</strong></span> <span class='ocrx_word' id='word_1_344' title='bbox 597 4893 802 4967; x_wconf 87' lang='lat' dir='ltr'><strong>posset</strong></span> <span class='ocrx_word' id='word_1_345' title='bbox 841 4890 906 4946; x_wconf 88' lang='lat' dir='ltr'><strong>in</strong></span> <span class='ocrx_word' id='word_1_346' title='bbox 939 4903 1064 4946; x_wconf 89' lang='lat' dir='ltr'><strong>uno</strong></span> <span class='ocrx_word' id='word_1_347' title='bbox 1101 4905 1246 4947; x_wconf 87' lang='lat' dir='ltr'><strong>casu</strong></span> <span class='ocrx_word' id='word_1_348' title='bbox 1292 4883 1540 4946; x_wconf 81' lang='lat' dir='ltr'><strong>haeresis</strong></span> <span class='ocrx_word' id='word_1_349' title='bbox 1573 4885 1870 4962; x_wconf 86' lang='lat' dir='ltr'><strong>conjungi</strong></span> 
     </span>
     <span class='ocr_line' id='line_1_51' title="bbox 295 4978 1867 5062; baseline -0.003 -20"><span class='ocrx_word' id='word_1_350' title='bbox 295 4981 646 5062; x_wconf 80' lang='lat' dir='ltr'><strong>judaism03</strong></span> <span class='ocrx_word' id='word_1_351' title='bbox 691 4986 764 5040; x_wconf 89' lang='lat' dir='ltr'><strong>ut</strong></span> <span class='ocrx_word' id='word_1_352' title='bbox 812 4980 865 5040; x_wconf 91' lang='lat' dir='ltr'><strong>si</strong></span> <span class='ocrx_word' id='word_1_353' title='bbox 907 4997 1076 5040; x_wconf 91' lang='lat' dir='ltr'><strong>nunc</strong></span> <span class='ocrx_word' id='word_1_354' title='bbox 1122 4978 1391 5040; x_wconf 82' lang='lat' dir='ltr'><strong>infidelis</strong></span> <span class='ocrx_word' id='word_1_355' title='bbox 1439 4979 1474 5039; x_wconf 82' lang='lat' dir='ltr'><strong>J</strong></span> <span class='ocrx_word' id='word_1_356' title='bbox 1481 4979 1689 5038; x_wconf 81' lang='lat' dir='ltr'><strong>udaeus</strong></span> <span class='ocrx_word' id='word_1_357' title='bbox 1739 4995 1867 5038; x_wconf 89' lang='lat' dir='ltr'><strong>non</strong></span> 
     </span>
     <span class='ocr_line' id='line_1_52' title="bbox 299 5070 1868 5154; baseline -0.004 -18"><span class='ocrx_word' id='word_1_358' title='bbox 299 5075 507 5136; x_wconf 85' lang='lat' dir='ltr'><strong>solum</strong></span> <span class='ocrx_word' id='word_1_359' title='bbox 536 5079 912 5154; x_wconf 85' lang='lat' dir='ltr'><strong>repugnaret</strong></span> <span class='ocrx_word' id='word_1_360' title='bbox 939 5072 1290 5133; x_wconf 85' lang='lat' dir='ltr'><strong>christianae</strong></span> <span class='ocrx_word' id='word_1_361' title='bbox 1329 5070 1499 5146; x_wconf 86' lang='lat' dir='ltr'><strong>fidei,</strong></span> <span class='ocrx_word' id='word_1_362' title='bbox 1531 5071 1638 5132; x_wconf 88' lang='lat' dir='ltr'><strong>sed</strong></span> <span class='ocrx_word' id='word_1_363' title='bbox 1677 5073 1868 5132; x_wconf 87' lang='lat' dir='ltr'><strong>etiam</strong></span> 
     </span>
     <span class='ocr_line' id='line_1_53' title="bbox 299 5163 1866 5243; baseline -0.004 -15"><span class='ocrx_word' id='word_1_364' title='bbox 299 5170 470 5229; x_wconf 89' lang='lat' dir='ltr'><strong>inter</strong></span> <span class='ocrx_word' id='word_1_365' title='bbox 496 5167 804 5228; x_wconf 81' lang='lat' dir='ltr'><strong>credenda</strong></span> <span class='ocrx_word' id='word_1_366' title='bbox 843 5167 910 5225; x_wconf 90' lang='lat' dir='ltr'><strong>iu</strong></span> <span class='ocrx_word' id='word_1_367' title='bbox 947 5165 1084 5243; x_wconf 85' lang='lat' dir='ltr'><strong>lege</strong></span> <span class='ocrx_word' id='word_1_368' title='bbox 1107 5164 1302 5225; x_wconf 83' lang='lat' dir='ltr'><strong>veteri</strong></span> <span class='ocrx_word' id='word_1_369' title='bbox 1325 5163 1559 5242; x_wconf 87' lang='lat' dir='ltr'><strong>aliquid</strong></span> <span class='ocrx_word' id='word_1_370' title='bbox 1587 5171 1866 5241; x_wconf 84' lang='lat' dir='ltr'><strong>negaret,</strong></span> 
     </span>
     <span class='ocr_line' id='line_1_54' title="bbox 301 5258 1872 5338; baseline -0.004 -16"><span class='ocrx_word' id='word_1_371' title='bbox 301 5269 370 5322; x_wconf 89' lang='lat' dir='ltr'><strong>et</strong></span> <span class='ocrx_word' id='word_1_372' title='bbox 393 5267 554 5322; x_wconf 83' lang='lat' dir='ltr'><strong>esset</strong></span> <span class='ocrx_word' id='word_1_373' title='bbox 579 5260 836 5322; x_wconf 79' lang='lat' dir='ltr'><strong>Judaeus</strong></span> <span class='ocrx_word' id='word_1_374' title='bbox 881 5263 1133 5338; x_wconf 87' lang='lat' dir='ltr'><strong>proptor</strong></span> <span class='ocrx_word' id='word_1_375' title='bbox 1174 5258 1444 5336; x_wconf 86' lang='lat' dir='ltr'><strong>priorem</strong></span> <span class='ocrx_word' id='word_1_376' title='bbox 1495 5275 1762 5329; x_wconf 85' lang='lat' dir='ltr'><strong>causam,</strong></span> <span class='ocrx_word' id='word_1_377' title='bbox 1809 5263 1872 5318; x_wconf 86' lang='lat' dir='ltr'><strong>et</strong></span> 
     </span>
     <span class='ocr_line' id='line_1_55' title="bbox 301 5349 1872 5430; baseline -0.005 -14"><span class='ocrx_word' id='word_1_378' title='bbox 301 5356 374 5416; x_wconf 87' lang='lat' dir='ltr'><strong>in</strong></span> <span class='ocrx_word' id='word_1_379' title='bbox 397 5354 768 5416; x_wconf 82' lang='lat' dir='ltr'><strong>conscientia</strong></span> <span class='ocrx_word' id='word_1_380' title='bbox 799 5351 1126 5413; x_wconf 79' lang='lat' dir='ltr'><strong>haereticus</strong></span> <span class='ocrx_word' id='word_1_381' title='bbox 1161 5356 1412 5430; x_wconf 84' lang='lat' dir='ltr'><strong>propter</strong></span> <span class='ocrx_word' id='word_1_382' title='bbox 1435 5349 1872 5429; x_wconf 83' lang='lat' dir='ltr'><strong>posteriorem3</strong></span> 
     </span>
    </p>
   </div>
   <div class='ocr_carea' id='block_1_5' title="bbox 301 5442 1880 5528">
    <p class='ocr_par' dir='ltr' id='par_1_6' title="bbox 301 5442 1880 5528">
     <span class='ocr_line' id='line_1_56' title="bbox 301 5442 1880 5528; baseline -0.005 -16"><span class='ocrx_word' id='word_1_383' title='bbox 301 5467 434 5512; x_wconf 88' lang='lat' dir='ltr'><strong>non</strong></span> <span class='ocrx_word' id='word_1_384' title='bbox 465 5447 721 5528; x_wconf 86' lang='lat' dir='ltr'><strong>quidem</strong></span> <span class='ocrx_word' id='word_1_385' title='bbox 747 5465 822 5509; x_wconf 87' lang='lat' dir='ltr'><strong>eo</strong></span> <span class='ocrx_word' id='word_1_386' title='bbox 862 5446 1048 5506; x_wconf 90' lang='lat' dir='ltr'><strong>modo</strong></span> <span class='ocrx_word' id='word_1_387' title='bbox 1083 5463 1204 5525; x_wconf 90' lang='lat' dir='ltr'><strong>quo</strong></span> <span class='ocrx_word' id='word_1_388' title='bbox 1233 5463 1400 5506; x_wconf 85' lang='lat' dir='ltr'><strong>nunc</strong></span> <span class='ocrx_word' id='word_1_389' title='bbox 1431 5443 1656 5504; x_wconf 88' lang='lat' dir='ltr'><strong>dicitur</strong></span> <span class='ocrx_word' id='word_1_390' title='bbox 1683 5442 1880 5504; x_wconf 87' lang='lat' dir='ltr'><strong>haere·</strong></span> 
     </span>
    </p>
   </div>
   <div class='ocr_carea' id='block_1_6' title="bbox 1913 688 3531 5518">
    <p class='ocr_par' dir='ltr' id='par_1_7' title="bbox 1913 688 3473 864">
     <span class='ocr_line' id='line_1_57' title="bbox 1914 688 3473 752; baseline 0 0"><span class='ocrx_word' id='word_1_391' title='bbox 1914 708 2059 752; x_wconf 87' lang='lat' dir='ltr'><strong>nam</strong></span> <span class='ocrx_word' id='word_1_392' title='bbox 2090 709 2168 751; x_wconf 84' lang='lat' dir='ltr'><strong>ex</strong></span> <span class='ocrx_word' id='word_1_393' title='bbox 2210 692 2587 752; x_wconf 87' lang='lat' dir='ltr'><strong>conscientia</strong></span> <span class='ocrx_word' id='word_1_394' title='bbox 2628 707 2889 752; x_wconf 88' lang='lat' dir='ltr'><strong>erronea</strong></span> <span class='ocrx_word' id='word_1_395' title='bbox 2914 691 3004 750; x_wconf 83' lang='lat' dir='ltr'><strong>ita</strong></span> <span class='ocrx_word' id='word_1_396' title='bbox 3050 688 3239 751; x_wconf 86' lang='lat' dir='ltr'><strong>homo</strong></span> <span class='ocrx_word' id='word_1_397' title='bbox 3267 689 3371 752; x_wconf 88' lang='lat' dir='ltr'><strong>ille</strong></span> <span class='ocrx_word' id='word_1_398' title='bbox 3407 709 3473 752; x_wconf 87' lang='lat' dir='ltr'><strong>so</strong></span> 
     </span>
     <span class='ocr_line' id='line_1_58' title="bbox 1913 790 2179 864; baseline 0.011 -22"><span class='ocrx_word' id='word_1_399' title='bbox 1913 790 2179 864; x_wconf 85' lang='lat' dir='ltr'><strong>gereret.</strong></span> 
     </span>
    </p>

    <p class='ocr_par' dir='ltr' id='par_1_8' title="bbox 1915 877 3519 5330">
     <span class='ocr_line' id='line_1_59' title="bbox 1998 877 3475 961; baseline 0.002 -23"><span class='ocrx_word' id='word_1_400' title='bbox 1998 879 2099 938; x_wconf 71' lang='lat'><strong>14.</strong></span> <span class='ocrx_word' id='word_1_401' title='bbox 2148 877 2437 952; x_wconf 75' lang='lat' dir='ltr'><strong>Quoenam</strong></span> <span class='ocrx_word' id='word_1_402' title='bbox 2480 877 2698 940; x_wconf 73' lang='lat' dir='ltr'><strong>karum</strong></span> <span class='ocrx_word' id='word_1_403' title='bbox 2738 878 3165 958; x_wconf 77' lang='lat' dir='ltr'><strong>infidelitatum</strong></span> <span class='ocrx_word' id='word_1_404' title='bbox 3204 879 3291 941; x_wconf 73' lang='lat' dir='ltr'><strong>sit</strong></span> <span class='ocrx_word' id='word_1_405' title='bbox 3330 897 3475 961; x_wconf 71' lang='lat' dir='ltr'><strong>qra-</strong></span> 
     </span>
     <span class='ocr_line' id='line_1_60' title="bbox 1916 969 3477 1053; baseline 0.001 -18"><span class='ocrx_word' id='word_1_406' title='bbox 1916 969 2071 1035; x_wconf 71' lang='lat' dir='ltr'><strong>vior.</strong></span> <span class='ocrx_word' id='word_1_407' title='bbox 2102 1003 2185 1018; x_wconf 91' lang='lat'><strong>--</strong></span> <span class='ocrx_word' id='word_1_408' title='bbox 2231 970 2479 1053; x_wconf 70' lang='lat' dir='ltr'><strong>Species</strong></span> <span class='ocrx_word' id='word_1_409' title='bbox 2526 972 2916 1048; x_wconf 71' lang='lat' dir='ltr'><strong>infidelitatis</strong></span> <span class='ocrx_word' id='word_1_410' title='bbox 2965 974 3299 1034; x_wconf 71' lang='lat' dir='ltr'><strong>necessario</strong></span> <span class='ocrx_word' id='word_1_411' title='bbox 3340 991 3477 1052; x_wconf 77' lang='lat' dir='ltr'><strong>ape·</strong></span> 
     </span>
     <span class='ocr_line' id='line_1_61' title="bbox 1915 1065 3480 1144; baseline -0.001 -16"><span class='ocrx_word' id='word_1_412' title='bbox 1915 1065 2129 1128; x_wconf 72' lang='lat' dir='ltr'><strong>rionda</strong></span> <span class='ocrx_word' id='word_1_413' title='bbox 2154 1067 2223 1128; x_wconf 73' lang='lat' dir='ltr'><strong>iu.</strong></span> <span class='ocrx_word' id='word_1_414' title='bbox 2251 1065 2630 1144; x_wconf 64' lang='lat' dir='ltr'><strong>consessione.</strong></span> <span class='ocrx_word' id='word_1_415' title='bbox 2668 1099 2751 1112; x_wconf 91' lang='lat'>—</span> <span class='ocrx_word' id='word_1_416' title='bbox 2778 1065 3085 1140; x_wconf 89' lang='lat' dir='ltr'><strong>Secuud0,</strong></span> <span class='ocrx_word' id='word_1_417' title='bbox 3113 1065 3480 1144; x_wconf 86' lang='lat' dir='ltr'><strong>intelligitur</strong></span> 
     </span>
     <span class='ocr_line' id='line_1_62' title="bbox 1921 1157 3474 1238; baseline -0.001 -17"><span class='ocrx_word' id='word_1_418' title='bbox 1921 1177 1997 1222; x_wconf 85' lang='lat' dir='ltr'><strong>ex</strong></span> <span class='ocrx_word' id='word_1_419' title='bbox 2022 1160 2221 1232; x_wconf 87' lang='lat' dir='ltr'><strong>dictis,</strong></span> <span class='ocrx_word' id='word_1_420' title='bbox 2252 1161 2563 1238; x_wconf 87' lang='lat' dir='ltr'><strong>quomodo</strong></span> <span class='ocrx_word' id='word_1_421' title='bbox 2584 1159 2691 1220; x_wconf 88' lang='lat' dir='ltr'><strong>illa</strong></span> <span class='ocrx_word' id='word_1_422' title='bbox 2716 1160 2837 1220; x_wconf 89' lang='lat' dir='ltr'><strong>tria</strong></span> <span class='ocrx_word' id='word_1_423' title='bbox 2860 1157 3137 1219; x_wconf 88' lang='lat' dir='ltr'><strong>membra</strong></span> <span class='ocrx_word' id='word_1_424' title='bbox 3158 1157 3474 1235; x_wconf 80' lang='lat' dir='ltr'><strong>differant,</strong></span> 
     </span>
     <span class='ocr_line' id='line_1_63' title="bbox 1918 1251 3476 1331; baseline 0 -19"><span class='ocrx_word' id='word_1_425' title='bbox 1918 1253 2134 1312; x_wconf 84' lang='lat' dir='ltr'><strong>saltem</strong></span> <span class='ocrx_word' id='word_1_426' title='bbox 2159 1252 2225 1312; x_wconf 90' lang='lat' dir='ltr'><strong>in</strong></span> <span class='ocrx_word' id='word_1_427' title='bbox 2241 1252 2543 1330; x_wconf 87' lang='lat' dir='ltr'><strong>gravitate</strong></span> <span class='ocrx_word' id='word_1_428' title='bbox 2566 1251 2929 1314; x_wconf 84' lang='lat' dir='ltr'><strong>accidentali</strong></span> <span class='ocrx_word' id='word_1_429' title='bbox 2936 1267 2957 1329; x_wconf 84' lang='lat'>3</span> <span class='ocrx_word' id='word_1_430' title='bbox 2986 1256 3288 1331; x_wconf 87' lang='lat' dir='ltr'><strong>quantum</strong></span> <span class='ocrx_word' id='word_1_431' title='bbox 3308 1254 3476 1313; x_wconf 87' lang='lat' dir='ltr'><strong>enim</strong></span> 
     </span>
     <span class='ocr_line' id='line_1_64' title="bbox 1919 1346 3479 1426; baseline 0.001 -20"><span class='ocrx_word' id='word_1_432' title='bbox 1919 1363 1997 1406; x_wconf 84' lang='lat' dir='ltr'><strong>ex</strong></span> <span class='ocrx_word' id='word_1_433' title='bbox 2029 1346 2153 1406; x_wconf 88' lang='lat' dir='ltr'><strong>div.</strong></span> <span class='ocrx_word' id='word_1_434' title='bbox 2192 1347 2411 1408; x_wconf 84' lang='lat' dir='ltr'><strong>Thum.</strong></span> <span class='ocrx_word' id='word_1_435' title='bbox 2460 1351 2521 1408; x_wconf 93' lang='grc'><strong>2.</strong></span> <span class='ocrx_word' id='word_1_436' title='bbox 2572 1348 2630 1420; x_wconf 98' lang='grc'><strong>2,</strong></span> <span class='ocrx_word' id='word_1_437' title='bbox 2668 1346 2829 1406; x_wconf 89' lang='lat' dir='ltr'><strong>dicta</strong></span> <span class='ocrx_word' id='word_1_438' title='bbox 2870 1365 2932 1426; x_wconf 88' lang='lat' dir='ltr'><strong>q.</strong></span> <span class='ocrx_word' id='word_1_439' title='bbox 2980 1347 3044 1420; x_wconf 76' lang='lat'><strong>9,</strong></span> <span class='ocrx_word' id='word_1_440' title='bbox 3099 1351 3216 1408; x_wconf 87' lang='lat' dir='ltr'><strong>art.</strong></span> <span class='ocrx_word' id='word_1_441' title='bbox 3256 1349 3318 1420; x_wconf 85' lang='lat'><strong>6,</strong></span> <span class='ocrx_word' id='word_1_442' title='bbox 3358 1348 3479 1407; x_wconf 89' lang='lat' dir='ltr'><strong>col·</strong></span> 
     </span>
     <span class='ocr_line' id='line_1_65' title="bbox 1919 1441 3481 1520; baseline 0.001 -18"><span class='ocrx_word' id='word_1_443' title='bbox 1919 1441 2162 1520; x_wconf 81' lang='lat' dir='ltr'><strong>ligitur,</strong></span> <span class='ocrx_word' id='word_1_444' title='bbox 2184 1461 2247 1502; x_wconf 85' lang='lat' dir='ltr'><strong>se</strong></span> <span class='ocrx_word' id='word_1_445' title='bbox 2270 1441 2502 1502; x_wconf 90' lang='lat' dir='ltr'><strong>habent</strong></span> <span class='ocrx_word' id='word_1_446' title='bbox 2526 1447 2820 1520; x_wconf 85' lang='lat' dir='ltr'><strong>tanquam</strong></span> <span class='ocrx_word' id='word_1_447' title='bbox 2853 1441 3153 1502; x_wconf 83' lang='lat' dir='ltr'><strong>excedens</strong></span> <span class='ocrx_word' id='word_1_448' title='bbox 3182 1449 3245 1504; x_wconf 90' lang='lat' dir='ltr'><strong>et</strong></span> <span class='ocrx_word' id='word_1_449' title='bbox 3279 1459 3481 1503; x_wconf 85' lang='lat' dir='ltr'><strong>exces-</strong></span> 
     </span>
     <span class='ocr_line' id='line_1_66' title="bbox 1923 1533 3482 1614; baseline 0.002 -20"><span class='ocrx_word' id='word_1_450' title='bbox 1923 1549 2101 1612; x_wconf 84' lang='lat' dir='ltr'><strong>sum3</strong></span> <span class='ocrx_word' id='word_1_451' title='bbox 2130 1553 2277 1596; x_wconf 88' lang='lat' dir='ltr'><strong>nam</strong></span> <span class='ocrx_word' id='word_1_452' title='bbox 2308 1535 2617 1595; x_wconf 86' lang='lat' dir='ltr'><strong>intensive</strong></span> <span class='ocrx_word' id='word_1_453' title='bbox 2642 1535 2737 1610; x_wconf 89' lang='lat' dir='ltr'><strong>(ut</strong></span> <span class='ocrx_word' id='word_1_454' title='bbox 2759 1534 2847 1596; x_wconf 87' lang='lat' dir='ltr'><strong>sie</strong></span> <span class='ocrx_word' id='word_1_455' title='bbox 2873 1533 3097 1614; x_wconf 86' lang='lat' dir='ltr'><strong>dicam&gt;</strong></span> <span class='ocrx_word' id='word_1_456' title='bbox 3118 1535 3363 1596; x_wconf 83' lang='lat' dir='ltr'><strong>haeresis</strong></span> <span class='ocrx_word' id='word_1_457' title='bbox 3390 1541 3482 1597; x_wconf 87' lang='lat' dir='ltr'><strong>est</strong></span> 
     </span>
     <span class='ocr_line' id='line_1_67' title="bbox 1923 1625 3483 1706; baseline 0.001 -20"><span class='ocrx_word' id='word_1_458' title='bbox 1923 1627 2196 1704; x_wconf 87' lang='lat' dir='ltr'><strong>gravior,</strong></span> <span class='ocrx_word' id='word_1_459' title='bbox 2242 1629 2389 1706; x_wconf 86' lang='lat' dir='ltr'><strong>quia</strong></span> <span class='ocrx_word' id='word_1_460' title='bbox 2436 1625 2845 1688; x_wconf 85' lang='lat' dir='ltr'><strong>committitur</strong></span> <span class='ocrx_word' id='word_1_461' title='bbox 2892 1644 3032 1686; x_wconf 88' lang='lat' dir='ltr'><strong>cum</strong></span> <span class='ocrx_word' id='word_1_462' title='bbox 3075 1626 3299 1706; x_wconf 87' lang='lat' dir='ltr'><strong>majori</strong></span> <span class='ocrx_word' id='word_1_463' title='bbox 3338 1645 3483 1688; x_wconf 88' lang='lat' dir='ltr'><strong>cou-</strong></span> 
     </span>
     <span class='ocr_line' id='line_1_68' title="bbox 1927 1719 3483 1800; baseline 0 -20"><span class='ocrx_word' id='word_1_464' title='bbox 1927 1726 2191 1800; x_wconf 88' lang='lat' dir='ltr'><strong>temptu,</strong></span> <span class='ocrx_word' id='word_1_465' title='bbox 2230 1737 2309 1781; x_wconf 86' lang='lat' dir='ltr'><strong>ex</strong></span> <span class='ocrx_word' id='word_1_466' title='bbox 2336 1737 2561 1798; x_wconf 88' lang='lat' dir='ltr'><strong>genere</strong></span> <span class='ocrx_word' id='word_1_467' title='bbox 2587 1719 2929 1798; x_wconf 87' lang='lat' dir='ltr'><strong>loquendo;</strong></span> <span class='ocrx_word' id='word_1_468' title='bbox 2959 1720 3107 1799; x_wconf 85' lang='lat' dir='ltr'><strong>quia</strong></span> <span class='ocrx_word' id='word_1_469' title='bbox 3154 1719 3483 1782; x_wconf 78' lang='lat' dir='ltr'><strong>haereticus</strong></span> 
     </span>
     <span class='ocr_line' id='line_1_69' title="bbox 1927 1811 3483 1891; baseline 0.001 -17"><span class='ocrx_word' id='word_1_470' title='bbox 1927 1811 2117 1874; x_wconf 88' lang='lat' dir='ltr'><strong>habet</strong></span> <span class='ocrx_word' id='word_1_471' title='bbox 2176 1813 2475 1891; x_wconf 85' lang='lat' dir='ltr'><strong>majorem</strong></span> <span class='ocrx_word' id='word_1_472' title='bbox 2534 1811 2952 1890; x_wconf 84' lang='lat' dir='ltr'><strong>cognitionem</strong></span> <span class='ocrx_word' id='word_1_473' title='bbox 3018 1812 3243 1874; x_wconf 68' lang='lat' dir='ltr'><strong>divinae</strong></span> <span class='ocrx_word' id='word_1_474' title='bbox 3303 1812 3483 1888; x_wconf 79' lang='lat' dir='ltr'><strong>fidei,</strong></span> 
     </span>
     <span class='ocr_line' id='line_1_70' title="bbox 1926 1905 3483 1984; baseline 0 -17"><span class='ocrx_word' id='word_1_475' title='bbox 1926 1923 2067 1967; x_wconf 90' lang='lat' dir='ltr'><strong>cum</strong></span> <span class='ocrx_word' id='word_1_476' title='bbox 2130 1905 2354 1968; x_wconf 86' lang='lat' dir='ltr'><strong>Christi</strong></span> <span class='ocrx_word' id='word_1_477' title='bbox 2420 1912 2485 1966; x_wconf 91' lang='lat' dir='ltr'><strong>et</strong></span> <span class='ocrx_word' id='word_1_478' title='bbox 2544 1905 3012 1984; x_wconf 87' lang='lat' dir='ltr'><strong>Apostolorum,</strong></span> <span class='ocrx_word' id='word_1_479' title='bbox 3079 1911 3141 1966; x_wconf 90' lang='lat' dir='ltr'><strong>et</strong></span> <span class='ocrx_word' id='word_1_480' title='bbox 3201 1905 3483 1967; x_wconf 68' lang='lat' dir='ltr'><strong>Ecclesiae</strong></span> 
     </span>
     <span class='ocr_line' id='line_1_71' title="bbox 1926 1997 3480 2075; baseline -0.001 -15"><span class='ocrx_word' id='word_1_481' title='bbox 1926 1997 2151 2060; x_wconf 89' lang='lat' dir='ltr'><strong>Christi</strong></span> <span class='ocrx_word' id='word_1_482' title='bbox 2200 1997 2549 2059; x_wconf 84' lang='lat' dir='ltr'><strong>doctrinam</strong></span> <span class='ocrx_word' id='word_1_483' title='bbox 2576 1997 2883 2060; x_wconf 84' lang='lat' dir='ltr'><strong>admittat.</strong></span> <span class='ocrx_word' id='word_1_484' title='bbox 2928 1997 3105 2059; x_wconf 89' lang='lat' dir='ltr'><strong>Unde</strong></span> <span class='ocrx_word' id='word_1_485' title='bbox 3152 1998 3340 2060; x_wconf 89' lang='lat' dir='ltr'><strong>etiam</strong></span> <span class='ocrx_word' id='word_1_486' title='bbox 3386 1998 3480 2075; x_wconf 82' lang='lat' dir='ltr'><strong>fit,</strong></span> 
     </span>
     <span class='ocr_line' id='line_1_72' title="bbox 1927 2089 3485 2171; baseline 0.001 -21"><span class='ocrx_word' id='word_1_487' title='bbox 1927 2096 1998 2150; x_wconf 90' lang='lat' dir='ltr'><strong>ut</strong></span> <span class='ocrx_word' id='word_1_488' title='bbox 2050 2092 2351 2170; x_wconf 81' lang='lat' dir='ltr'><strong>majorem</strong></span> <span class='ocrx_word' id='word_1_489' title='bbox 2402 2089 2627 2152; x_wconf 89' lang='lat' dir='ltr'><strong>habeat</strong></span> <span class='ocrx_word' id='word_1_490' title='bbox 2677 2090 3160 2171; x_wconf 88' lang='lat' dir='ltr'><strong>propositionem</strong></span> <span class='ocrx_word' id='word_1_491' title='bbox 3210 2092 3485 2153; x_wconf 61' lang='lat' dir='ltr'><strong>materiai</strong></span> 
     </span>
     <span class='ocr_line' id='line_1_73' title="bbox 1927 2182 3485 2264; baseline 0.001 -20"><span class='ocrx_word' id='word_1_492' title='bbox 1927 2182 2096 2258; x_wconf 88' lang='lat' dir='ltr'><strong>fidei,</strong></span> <span class='ocrx_word' id='word_1_493' title='bbox 2130 2189 2193 2244; x_wconf 89' lang='lat' dir='ltr'><strong>et</strong></span> <span class='ocrx_word' id='word_1_494' title='bbox 2232 2182 2372 2244; x_wconf 90' lang='lat' dir='ltr'><strong>ideo</strong></span> <span class='ocrx_word' id='word_1_495' title='bbox 2415 2185 2665 2262; x_wconf 80' lang='lat' dir='ltr'><strong>gravius</strong></span> <span class='ocrx_word' id='word_1_496' title='bbox 2713 2189 2925 2262; x_wconf 85' lang='lat' dir='ltr'><strong>peccat</strong></span> <span class='ocrx_word' id='word_1_497' title='bbox 2969 2185 3215 2264; x_wconf 88' lang='lat' dir='ltr'><strong>proprio</strong></span> <span class='ocrx_word' id='word_1_498' title='bbox 3254 2184 3485 2263; x_wconf 86' lang='lat' dir='ltr'><strong>judicio</strong></span> 
     </span>
     <span class='ocr_line' id='line_1_74' title="bbox 1929 2275 3487 2356; baseline 0.001 -20"><span class='ocrx_word' id='word_1_499' title='bbox 1929 2275 2195 2337; x_wconf 86' lang='lat' dir='ltr'><strong>errando</strong></span> <span class='ocrx_word' id='word_1_500' title='bbox 2222 2275 2387 2336; x_wconf 89' lang='lat' dir='ltr'><strong>circa</strong></span> <span class='ocrx_word' id='word_1_501' title='bbox 2413 2276 2699 2338; x_wconf 88' lang='lat' dir='ltr'><strong>eamdem</strong></span> <span class='ocrx_word' id='word_1_502' title='bbox 2726 2277 3097 2352; x_wconf 84' lang='lat' dir='ltr'><strong>doctrinam,</strong></span> <span class='ocrx_word' id='word_1_503' title='bbox 3128 2277 3307 2356; x_wconf 81' lang='lat' dir='ltr'><strong>juxta</strong></span> <span class='ocrx_word' id='word_1_504' title='bbox 3332 2277 3487 2339; x_wconf 89' lang='lat' dir='ltr'><strong>illud</strong></span> 
     </span>
     <span class='ocr_line' id='line_1_75' title="bbox 1928 2367 3489 2451; baseline 0.003 -21"><span class='ocrx_word' id='word_1_505' title='bbox 1928 2369 1969 2430; x_wconf 87' lang='grc'><strong>2</strong></span> <span class='ocrx_word' id='word_1_506' title='bbox 2010 2367 2172 2428; x_wconf 89' lang='lat' dir='ltr'><strong>Petri</strong></span> <span class='ocrx_word' id='word_1_507' title='bbox 2222 2370 2261 2428; x_wconf 85' lang='grc'><strong>2</strong></span> <span class='ocrx_word' id='word_1_508' title='bbox 2302 2387 2319 2428; x_wconf 76' lang='grc' dir='ltr'><strong><em>ε</em></strong></span> <span class='ocrx_word' id='word_1_509' title='bbox 2376 2368 2607 2432; x_wconf 73' lang='lat' dir='ltr'><strong>Melius</strong></span> <span class='ocrx_word' id='word_1_510' title='bbox 2648 2373 2781 2432; x_wconf 78' lang='lat' dir='ltr'><strong>erat</strong></span> <span class='ocrx_word' id='word_1_511' title='bbox 2808 2367 2939 2432; x_wconf 72' lang='lat' dir='ltr'><strong>illis</strong></span> <span class='ocrx_word' id='word_1_512' title='bbox 2978 2387 3098 2432; x_wconf 73' lang='lat' dir='ltr'><strong>non</strong></span> <span class='ocrx_word' id='word_1_513' title='bbox 3146 2387 3489 2451; x_wconf 73' lang='lat' dir='ltr'><strong>coquoscere</strong></span> 
     </span>
     <span class='ocr_line' id='line_1_76' title="bbox 1929 2458 3492 2545; baseline 0.002 -23"><span class='ocrx_word' id='word_1_514' title='bbox 1929 2458 2091 2522; x_wconf 78' lang='lat' dir='ltr'><strong>viam</strong></span> <span class='ocrx_word' id='word_1_515' title='bbox 2116 2461 2411 2540; x_wconf 64' lang='lat' dir='ltr'><strong>justitiae,</strong></span> <span class='ocrx_word' id='word_1_516' title='bbox 2440 2479 2619 2543; x_wconf 81' lang='lat' dir='ltr'><strong>quam</strong></span> <span class='ocrx_word' id='word_1_517' title='bbox 2664 2469 2808 2542; x_wconf 76' lang='lat' dir='ltr'><strong>post</strong></span> <span class='ocrx_word' id='word_1_518' title='bbox 2861 2463 3230 2545; x_wconf 70' lang='lat' dir='ltr'><strong>aquitlonem</strong></span> <span class='ocrx_word' id='word_1_519' title='bbox 3266 2470 3492 2525; x_wconf 78' lang='lat' dir='ltr'><strong>retror-</strong></span> 
     </span>
     <span class='ocr_line' id='line_1_77' title="bbox 1931 2552 3486 2634; baseline 0.003 -20"><span class='ocrx_word' id='word_1_520' title='bbox 1931 2569 2067 2614; x_wconf 73' lang='lat' dir='ltr'><strong>sum</strong></span> <span class='ocrx_word' id='word_1_521' title='bbox 2101 2552 2383 2617; x_wconf 76' lang='lat' dir='ltr'><strong>converti.</strong></span> <span class='ocrx_word' id='word_1_522' title='bbox 2443 2556 2519 2615; x_wconf 90' lang='lat' dir='ltr'><strong>Et</strong></span> <span class='ocrx_word' id='word_1_523' title='bbox 2568 2555 2969 2634; x_wconf 87' lang='lat' dir='ltr'><strong>Augustinus,</strong></span> <span class='ocrx_word' id='word_1_524' title='bbox 3026 2558 3100 2617; x_wconf 97' lang='grc'><strong>21</strong></span> <span class='ocrx_word' id='word_1_525' title='bbox 3154 2557 3231 2617; x_wconf 89' lang='lat' dir='ltr'><strong>de</strong></span> <span class='ocrx_word' id='word_1_526' title='bbox 3280 2557 3486 2632; x_wconf 65' lang='lat' dir='ltr'><strong>civit„</strong></span> 
     </span>
     <span class='ocr_line' id='line_1_78' title="bbox 1932 2647 3491 2728; baseline 0.003 -22"><span class='ocrx_word' id='word_1_527' title='bbox 1932 2663 2067 2726; x_wconf 89' lang='lat' dir='ltr'><strong>cap.</strong></span> <span class='ocrx_word' id='word_1_528' title='bbox 2092 2648 2174 2708; x_wconf 79' lang='grc'><strong>25</strong></span> <span class='ocrx_word' id='word_1_529' title='bbox 2195 2668 2209 2706; x_wconf 91' lang='lat'><strong>:</strong></span> <span class='ocrx_word' id='word_1_530' title='bbox 2233 2647 2443 2728; x_wconf 73' lang='lat' dir='ltr'><strong>Pejor,</strong></span> <span class='ocrx_word' id='word_1_531' title='bbox 2476 2648 2703 2727; x_wconf 73' lang='lat' dir='ltr'><strong>inquit,</strong></span> <span class='ocrx_word' id='word_1_532' title='bbox 2734 2655 2823 2713; x_wconf 78' lang='lat' dir='ltr'><strong>est</strong></span> <span class='ocrx_word' id='word_1_533' title='bbox 2849 2650 3116 2713; x_wconf 76' lang='lat' dir='ltr'><strong>desertor</strong></span> <span class='ocrx_word' id='word_1_534' title='bbox 3137 2650 3304 2727; x_wconf 72' lang='lat' dir='ltr'><strong>fidei,</strong></span> <span class='ocrx_word' id='word_1_535' title='bbox 3334 2657 3389 2712; x_wconf 77' lang='lat' dir='ltr'><strong>et</strong></span> <span class='ocrx_word' id='word_1_536' title='bbox 3417 2667 3491 2711; x_wconf 69' lang='lat' dir='ltr'><strong>ex</strong></span> 
     </span>
     <span class='ocr_line' id='line_1_79' title="bbox 1933 2741 3493 2824; baseline 0.001 -22"><span class='ocrx_word' id='word_1_537' title='bbox 1933 2741 2229 2805; x_wconf 71' lang='lat' dir='ltr'><strong>desertore</strong></span> <span class='ocrx_word' id='word_1_538' title='bbox 2279 2747 2653 2824; x_wconf 71' lang='lat' dir='ltr'><strong>oppuynator</strong></span> <span class='ocrx_word' id='word_1_539' title='bbox 2702 2743 2834 2822; x_wconf 73' lang='lat' dir='ltr'><strong>ojus</strong></span> <span class='ocrx_word' id='word_1_540' title='bbox 2867 2746 3145 2823; x_wconf 75' lang='lat' dir='ltr'><strong>effectus,</strong></span> <span class='ocrx_word' id='word_1_541' title='bbox 3184 2743 3493 2822; x_wconf 72' lang='lat' dir='ltr'><strong>quantillo</strong></span> 
     </span>
     <span class='ocr_line' id='line_1_80' title="bbox 1929 2834 3491 2916; baseline -0.001 -21"><span class='ocrx_word' id='word_1_542' title='bbox 1929 2835 2039 2914; x_wconf 75' lang='lat' dir='ltr'><strong>qui</strong></span> <span class='ocrx_word' id='word_1_543' title='bbox 2093 2851 2211 2897; x_wconf 78' lang='lat' dir='ltr'><strong>non</strong></span> <span class='ocrx_word' id='word_1_544' title='bbox 2264 2834 2544 2907; x_wconf 73' lang='lat' dir='ltr'><strong>deseruit,</strong></span> <span class='ocrx_word' id='word_1_545' title='bbox 2600 2851 2780 2915; x_wconf 80' lang='lat' dir='ltr'><strong>quam</strong></span> <span class='ocrx_word' id='word_1_546' title='bbox 2821 2853 3128 2916; x_wconf 77' lang='lat' dir='ltr'><strong>nunquam</strong></span> <span class='ocrx_word' id='word_1_547' title='bbox 3170 2836 3399 2905; x_wconf 50' lang='lat' dir='ltr'><strong>tenui&amp;</strong></span> <span class='ocrx_word' id='word_1_548' title='bbox 3429 2841 3491 2896; x_wconf 86' lang='lat' dir='ltr'><strong>et</strong></span> 
     </span>
     <span class='ocr_line' id='line_1_81' title="bbox 1934 2927 3489 3009; baseline 0 -21"><span class='ocrx_word' id='word_1_549' title='bbox 1934 2927 2420 3007; x_wconf 77' lang='lat' dir='ltr'><strong>chrysostomus„</strong></span> <span class='ocrx_word' id='word_1_550' title='bbox 2479 2927 2694 2988; x_wconf 89' lang='lat' dir='ltr'><strong>homil.</strong></span> <span class='ocrx_word' id='word_1_551' title='bbox 2755 2929 2856 3003; x_wconf 81' lang='lat'><strong>50,</strong></span> <span class='ocrx_word' id='word_1_552' title='bbox 2906 2929 2983 2989; x_wconf 90' lang='lat' dir='ltr'><strong>ad</strong></span> <span class='ocrx_word' id='word_1_553' title='bbox 3037 2929 3366 3009; x_wconf 87' lang='lat' dir='ltr'><strong>Populum,</strong></span> <span class='ocrx_word' id='word_1_554' title='bbox 3426 2927 3489 2988; x_wconf 90' lang='lat' dir='ltr'><strong>id</strong></span> 
     </span>
     <span class='ocr_line' id='line_1_82' title="bbox 1933 3021 3491 3102; baseline 0.001 -22"><span class='ocrx_word' id='word_1_555' title='bbox 1933 3022 2165 3100; x_wconf 89' lang='lat' dir='ltr'><strong>optime</strong></span> <span class='ocrx_word' id='word_1_556' title='bbox 2222 3021 2553 3101; x_wconf 83' lang='lat' dir='ltr'><strong>explicavit</strong></span> <span class='ocrx_word' id='word_1_557' title='bbox 2598 3022 2843 3098; x_wconf 88' lang='lat' dir='ltr'><strong>dicens,</strong></span> <span class='ocrx_word' id='word_1_558' title='bbox 2905 3023 3013 3102; x_wconf 87' lang='lat' dir='ltr'><strong>qui</strong></span> <span class='ocrx_word' id='word_1_559' title='bbox 3062 3023 3178 3082; x_wconf 90' lang='lat' dir='ltr'><strong>sub</strong></span> <span class='ocrx_word' id='word_1_560' title='bbox 3238 3023 3491 3082; x_wconf 89' lang='lat' dir='ltr'><strong>nomine</strong></span> 
     </span>
     <span class='ocr_line' id='line_1_83' title="bbox 1933 3113 3487 3194; baseline 0.002 -21"><span class='ocrx_word' id='word_1_561' title='bbox 1933 3115 2268 3175; x_wconf 88' lang='lat' dir='ltr'><strong>christiano</strong></span> <span class='ocrx_word' id='word_1_562' title='bbox 2292 3114 2523 3174; x_wconf 81' lang='lat' dir='ltr'><strong>recedit</strong></span> <span class='ocrx_word' id='word_1_563' title='bbox 2544 3132 2581 3174; x_wconf 89' lang='lat' dir='ltr'><strong>a</strong></span> <span class='ocrx_word' id='word_1_564' title='bbox 2602 3113 2745 3190; x_wconf 81' lang='lat' dir='ltr'><strong>fide,</strong></span> <span class='ocrx_word' id='word_1_565' title='bbox 2767 3133 2893 3176; x_wconf 90' lang='lat' dir='ltr'><strong>esse</strong></span> <span class='ocrx_word' id='word_1_566' title='bbox 2922 3115 3194 3194; x_wconf 87' lang='lat' dir='ltr'><strong>pejorem</strong></span> <span class='ocrx_word' id='word_1_567' title='bbox 3222 3114 3487 3176; x_wconf 87' lang='lat' dir='ltr'><strong>Gentili:</strong></span> 
     </span>
     <span class='ocr_line' id='line_1_84' title="bbox 1937 3205 3491 3287; baseline -0.001 -20"><span class='ocrx_word' id='word_1_568' title='bbox 1937 3207 2096 3281; x_wconf 78' lang='lat' dir='ltr'><strong>Quia</strong></span> <span class='ocrx_word' id='word_1_569' title='bbox 2156 3206 2441 3287; x_wconf 64' lang='lat' dir='ltr'><strong>impietas</strong></span> <span class='ocrx_word' id='word_1_570' title='bbox 2508 3205 2839 3270; x_wconf 72' lang='lat' dir='ltr'><strong>Gentilium</strong></span> <span class='ocrx_word' id='word_1_571' title='bbox 2891 3207 3210 3286; x_wconf 81' lang='lat' dir='ltr'><strong>quamdam</strong></span> <span class='ocrx_word' id='word_1_572' title='bbox 3244 3207 3491 3286; x_wconf 88' lang='lat' dir='ltr'><strong>(inquit)</strong></span> 
     </span>
     <span class='ocr_line' id='line_1_85' title="bbox 1935 3297 3495 3379; baseline 0 -19"><span class='ocrx_word' id='word_1_573' title='bbox 1935 3299 2109 3361; x_wconf 74' lang='lat' dir='ltr'><strong>habet</strong></span> <span class='ocrx_word' id='word_1_574' title='bbox 2137 3297 2637 3370; x_wconf 75' lang='lat' dir='ltr'><strong>oomcutionem;</strong></span> <span class='ocrx_word' id='word_1_575' title='bbox 2675 3300 2799 3362; x_wconf 73' lang='lat' dir='ltr'><strong>hoeo</strong></span> <span class='ocrx_word' id='word_1_576' title='bbox 2839 3304 3037 3361; x_wconf 75' lang='lat' dir='ltr'><strong>autem</strong></span> <span class='ocrx_word' id='word_1_577' title='bbox 3065 3299 3347 3379; x_wconf 72' lang='lat' dir='ltr'><strong>impietas</strong></span> <span class='ocrx_word' id='word_1_578' title='bbox 3392 3316 3495 3360; x_wconf 78' lang='lat' dir='ltr'><strong>ne·-</strong></span> 
     </span>
     <span class='ocr_line' id='line_1_86' title="bbox 1935 3391 3493 3472; baseline -0.002 -18"><span class='ocrx_word' id='word_1_579' title='bbox 1935 3409 2049 3471; x_wconf 75' lang='lat' dir='ltr'><strong>quo</strong></span> <span class='ocrx_word' id='word_1_580' title='bbox 2092 3393 2569 3472; x_wconf 73' lang='lat' dir='ltr'><strong>consequentiam</strong></span> <span class='ocrx_word' id='word_1_581' title='bbox 2620 3391 2829 3464; x_wconf 49' lang='lat' dir='ltr'><strong>kaben-</strong></span> <span class='ocrx_word' id='word_1_582' title='bbox 2882 3393 3180 3453; x_wconf 86' lang='lat' dir='ltr'><strong>nimirum</strong></span> <span class='ocrx_word' id='word_1_583' title='bbox 3233 3392 3377 3471; x_wconf 85' lang='lat' dir='ltr'><strong>quia</strong></span> <span class='ocrx_word' id='word_1_584' title='bbox 3426 3392 3493 3451; x_wconf 88' lang='lat' dir='ltr'><strong>in</strong></span> 
     </span>
     <span class='ocr_line' id='line_1_87' title="bbox 1937 3483 3496 3564; baseline -0.001 -20"><span class='ocrx_word' id='word_1_585' title='bbox 1937 3483 2153 3544; x_wconf 83' lang='lat' dir='ltr'><strong>eadem</strong></span> <span class='ocrx_word' id='word_1_586' title='bbox 2186 3483 2307 3546; x_wconf 84' lang='lat' dir='ltr'><strong>fide</strong></span> <span class='ocrx_word' id='word_1_587' title='bbox 2347 3503 2535 3564; x_wconf 87' lang='lat' dir='ltr'><strong>quam</strong></span> <span class='ocrx_word' id='word_1_588' title='bbox 2569 3484 2916 3564; x_wconf 80' lang='lat' dir='ltr'><strong>profitetur,</strong></span> <span class='ocrx_word' id='word_1_589' title='bbox 2948 3491 3136 3560; x_wconf 86' lang='lat' dir='ltr'><strong>errat,</strong></span> <span class='ocrx_word' id='word_1_590' title='bbox 3170 3485 3366 3545; x_wconf 88' lang='lat' dir='ltr'><strong>Deum</strong></span> <span class='ocrx_word' id='word_1_591' title='bbox 3405 3489 3496 3562; x_wconf 91' lang='lat' dir='ltr'><strong>(ut</strong></span> 
     </span>
     <span class='ocr_line' id='line_1_88' title="bbox 1937 3575 3497 3657; baseline 0.001 -22"><span class='ocrx_word' id='word_1_592' title='bbox 1937 3578 2051 3654; x_wconf 89' lang='lat' dir='ltr'><strong>ait)</strong></span> <span class='ocrx_word' id='word_1_593' title='bbox 2076 3576 2448 3654; x_wconf 85' lang='lat' dir='ltr'><strong>confitendo,</strong></span> <span class='ocrx_word' id='word_1_594' title='bbox 2476 3586 2537 3638; x_wconf 86' lang='lat' dir='ltr'><strong>et</strong></span> <span class='ocrx_word' id='word_1_595' title='bbox 2571 3579 2637 3638; x_wconf 92' lang='lat' dir='ltr'><strong>in</strong></span> <span class='ocrx_word' id='word_1_596' title='bbox 2679 3577 2756 3638; x_wconf 89' lang='lat' dir='ltr'><strong>iis</strong></span> <span class='ocrx_word' id='word_1_597' title='bbox 2786 3596 2925 3657; x_wconf 80' lang='lat' dir='ltr'><strong>quoe</strong></span> <span class='ocrx_word' id='word_1_598' title='bbox 2962 3577 3135 3651; x_wconf 87' lang='lat' dir='ltr'><strong>dicit,</strong></span> <span class='ocrx_word' id='word_1_599' title='bbox 3168 3577 3345 3637; x_wconf 89' lang='lat' dir='ltr'><strong>illum</strong></span> <span class='ocrx_word' id='word_1_600' title='bbox 3374 3575 3497 3637; x_wconf 89' lang='lat' dir='ltr'><strong>fide</strong></span> 
     </span>
     <span class='ocr_line' id='line_1_89' title="bbox 1939 3669 3499 3749; baseline -0.001 -18"><span class='ocrx_word' id='word_1_601' title='bbox 1939 3671 2203 3749; x_wconf 88' lang='lat' dir='ltr'><strong>dignum</strong></span> <span class='ocrx_word' id='word_1_602' title='bbox 2244 3688 2372 3731; x_wconf 91' lang='lat' dir='ltr'><strong>non</strong></span> <span class='ocrx_word' id='word_1_603' title='bbox 2407 3671 2734 3732; x_wconf 85' lang='lat' dir='ltr'><strong>censend0.</strong></span> <span class='ocrx_word' id='word_1_604' title='bbox 2769 3671 2936 3732; x_wconf 89' lang='lat' dir='ltr'><strong>ldem</strong></span> <span class='ocrx_word' id='word_1_605' title='bbox 2964 3671 3141 3731; x_wconf 85' lang='lat' dir='ltr'><strong>docet</strong></span> <span class='ocrx_word' id='word_1_606' title='bbox 3186 3671 3255 3730; x_wconf 88' lang='lat' dir='ltr'><strong>D.</strong></span> <span class='ocrx_word' id='word_1_607' title='bbox 3286 3669 3499 3730; x_wconf 89' lang='lat' dir='ltr'><strong>Hiero·</strong></span> 
     </span>
     <span class='ocr_line' id='line_1_90' title="bbox 1938 3763 3500 3842; baseline -0.001 -18"><span class='ocrx_word' id='word_1_608' title='bbox 1938 3781 2186 3842; x_wconf 84' lang='lat' dir='ltr'><strong>nymus,</strong></span> <span class='ocrx_word' id='word_1_609' title='bbox 2214 3764 2382 3824; x_wconf 75' lang='lat' dir='ltr'><strong>Isaiae</strong></span> <span class='ocrx_word' id='word_1_610' title='bbox 2414 3765 2511 3824; x_wconf 89' lang='grc'><strong>18.</strong></span> <span class='ocrx_word' id='word_1_611' title='bbox 2546 3765 2621 3824; x_wconf 87' lang='lat' dir='ltr'><strong>Et</strong></span> <span class='ocrx_word' id='word_1_612' title='bbox 2643 3764 2859 3825; x_wconf 88' lang='lat' dir='ltr'><strong>eadem</strong></span> <span class='ocrx_word' id='word_1_613' title='bbox 2888 3763 3129 3824; x_wconf 89' lang='lat' dir='ltr'><strong>ratione</strong></span> <span class='ocrx_word' id='word_1_614' title='bbox 3154 3781 3225 3823; x_wconf 85' lang='lat' dir='ltr'><strong>ac</strong></span> <span class='ocrx_word' id='word_1_615' title='bbox 3249 3779 3500 3842; x_wconf 85' lang='lat' dir='ltr'><strong>propor-</strong></span> 
     </span>
     <span class='ocr_line' id='line_1_91' title="bbox 1936 3855 3500 3936; baseline -0.001 -21"><span class='ocrx_word' id='word_1_616' title='bbox 1936 3861 2127 3927; x_wconf 85' lang='lat' dir='ltr'><strong>tione,</strong></span> <span class='ocrx_word' id='word_1_617' title='bbox 2158 3857 2505 3934; x_wconf 83' lang='lat' dir='ltr'><strong>judaismus</strong></span> <span class='ocrx_word' id='word_1_618' title='bbox 2534 3863 2624 3916; x_wconf 88' lang='lat' dir='ltr'><strong>est</strong></span> <span class='ocrx_word' id='word_1_619' title='bbox 2658 3856 2907 3935; x_wconf 82' lang='lat' dir='ltr'><strong>gravior</strong></span> <span class='ocrx_word' id='word_1_620' title='bbox 2934 3857 3320 3936; x_wconf 76' lang='lat' dir='ltr'><strong>paganismO,</strong></span> <span class='ocrx_word' id='word_1_621' title='bbox 3342 3855 3500 3915; x_wconf 89' lang='lat' dir='ltr'><strong>scili-</strong></span> 
     </span>
     <span class='ocr_line' id='line_1_92' title="bbox 1937 3947 3501 4026; baseline -0.002 -16"><span class='ocrx_word' id='word_1_622' title='bbox 1937 3955 2035 4010; x_wconf 86' lang='lat' dir='ltr'><strong>cet</strong></span> <span class='ocrx_word' id='word_1_623' title='bbox 2073 3951 2400 4025; x_wconf 86' lang='lat' dir='ltr'><strong>intensive,</strong></span> <span class='ocrx_word' id='word_1_624' title='bbox 2433 3956 2503 4010; x_wconf 91' lang='lat' dir='ltr'><strong>ut</strong></span> <span class='ocrx_word' id='word_1_625' title='bbox 2539 3949 2841 4012; x_wconf 83' lang='lat' dir='ltr'><strong>declaravi</strong></span> <span class='ocrx_word' id='word_1_626' title='bbox 2857 3965 2879 4026; x_wconf 82' lang='lat'><em>3</em></span> <span class='ocrx_word' id='word_1_627' title='bbox 2921 3957 2985 4009; x_wconf 90' lang='lat' dir='ltr'><strong>at</strong></span> <span class='ocrx_word' id='word_1_628' title='bbox 3012 3967 3159 4010; x_wconf 76' lang='lat' dir='ltr'><strong>vero</strong></span> <span class='ocrx_word' id='word_1_629' title='bbox 3188 3947 3501 4008; x_wconf 83' lang='lat' dir='ltr'><strong>extensive</strong></span> 
     </span>
     <span class='ocr_line' id='line_1_93' title="bbox 1938 4042 3502 4124; baseline -0.003 -20"><span class='ocrx_word' id='word_1_630' title='bbox 1938 4044 2167 4124; x_wconf 86' lang='lat' dir='ltr'><strong>pagani</strong></span> <span class='ocrx_word' id='word_1_631' title='bbox 2187 4043 2323 4122; x_wconf 86' lang='lat' dir='ltr'><strong>plus</strong></span> <span class='ocrx_word' id='word_1_632' title='bbox 2344 4051 2617 4124; x_wconf 87' lang='lat' dir='ltr'><strong>peccant,</strong></span> <span class='ocrx_word' id='word_1_633' title='bbox 2636 4043 2781 4122; x_wconf 89' lang='lat' dir='ltr'><strong>quia</strong></span> <span class='ocrx_word' id='word_1_634' title='bbox 2796 4044 2860 4102; x_wconf 89' lang='lat' dir='ltr'><strong>in</strong></span> <span class='ocrx_word' id='word_1_635' title='bbox 2884 4042 3166 4121; x_wconf 89' lang='lat' dir='ltr'><strong>pluribus</strong></span> <span class='ocrx_word' id='word_1_636' title='bbox 3184 4048 3417 4112; x_wconf 89' lang='lat' dir='ltr'><strong>errant,</strong></span> <span class='ocrx_word' id='word_1_637' title='bbox 3440 4046 3502 4101; x_wconf 91' lang='lat' dir='ltr'><strong>et</strong></span> 
     </span>
     <span class='ocr_line' id='line_1_94' title="bbox 1939 4133 3494 4215; baseline -0.003 -17"><span class='ocrx_word' id='word_1_638' title='bbox 1939 4136 2155 4198; x_wconf 85' lang='lat' dir='ltr'><strong>eadem</strong></span> <span class='ocrx_word' id='word_1_639' title='bbox 2196 4143 2287 4198; x_wconf 85' lang='lat' dir='ltr'><strong>est</strong></span> <span class='ocrx_word' id='word_1_640' title='bbox 2330 4137 2709 4215; x_wconf 89' lang='lat' dir='ltr'><strong>comparatio</strong></span> <span class='ocrx_word' id='word_1_641' title='bbox 2745 4135 3034 4214; x_wconf 86' lang='lat' dir='ltr'><strong>judaismi</strong></span> <span class='ocrx_word' id='word_1_642' title='bbox 3078 4134 3157 4194; x_wconf 87' lang='lat' dir='ltr'><strong>ad</strong></span> <span class='ocrx_word' id='word_1_643' title='bbox 3184 4133 3494 4194; x_wconf 70' lang='lat' dir='ltr'><strong>haeresim.</strong></span> 
     </span>
     <span class='ocr_line' id='line_1_95' title="bbox 1942 4228 3502 4307; baseline -0.003 -16"><span class='ocrx_word' id='word_1_644' title='bbox 1942 4229 2117 4291; x_wconf 89' lang='lat' dir='ltr'><strong>Unde</strong></span> <span class='ocrx_word' id='word_1_645' title='bbox 2144 4228 2344 4290; x_wconf 90' lang='lat' dir='ltr'><strong>obiter</strong></span> <span class='ocrx_word' id='word_1_646' title='bbox 2397 4233 2695 4289; x_wconf 87' lang='lat' dir='ltr'><strong>annotare</strong></span> <span class='ocrx_word' id='word_1_647' title='bbox 2744 4233 3007 4307; x_wconf 88' lang='lat' dir='ltr'><strong>oportet,</strong></span> <span class='ocrx_word' id='word_1_648' title='bbox 3038 4228 3321 4306; x_wconf 78' lang='lat' dir='ltr'><strong>quamvis</strong></span> <span class='ocrx_word' id='word_1_649' title='bbox 3370 4229 3502 4287; x_wconf 81' lang='lat' dir='ltr'><strong>istae</strong></span> 
     </span>
     <span class='ocr_line' id='line_1_96' title="bbox 1944 4320 3505 4403; baseline -0.003 -19"><span class='ocrx_word' id='word_1_650' title='bbox 1944 4323 2175 4403; x_wconf 86' lang='lat' dir='ltr'><strong>species</strong></span> <span class='ocrx_word' id='word_1_651' title='bbox 2221 4323 2285 4381; x_wconf 90' lang='lat' dir='ltr'><strong>in</strong></span> <span class='ocrx_word' id='word_1_652' title='bbox 2317 4323 2522 4400; x_wconf 84' lang='lat' dir='ltr'><strong>rigore</strong></span> <span class='ocrx_word' id='word_1_653' title='bbox 2555 4339 2683 4382; x_wconf 90' lang='lat' dir='ltr'><strong>nou</strong></span> <span class='ocrx_word' id='word_1_654' title='bbox 2709 4321 2833 4382; x_wconf 90' lang='lat' dir='ltr'><strong>sint</strong></span> <span class='ocrx_word' id='word_1_655' title='bbox 2859 4321 3141 4396; x_wconf 64' lang='lat' dir='ltr'><strong>diversae,</strong></span> <span class='ocrx_word' id='word_1_656' title='bbox 3186 4320 3505 4381; x_wconf 84' lang='lat' dir='ltr'><strong>nihilomi-</strong></span> 
     </span>
     <span class='ocr_line' id='line_1_97' title="bbox 1945 4414 3503 4492; baseline -0.003 -14"><span class='ocrx_word' id='word_1_657' title='bbox 1945 4436 2065 4478; x_wconf 86' lang='lat' dir='ltr'><strong>nus</strong></span> <span class='ocrx_word' id='word_1_658' title='bbox 2092 4415 2493 4477; x_wconf 86' lang='lat' dir='ltr'><strong>declaraudas</strong></span> <span class='ocrx_word' id='word_1_659' title='bbox 2530 4433 2658 4476; x_wconf 85' lang='lat' dir='ltr'><strong>esse</strong></span> <span class='ocrx_word' id='word_1_660' title='bbox 2696 4417 2765 4474; x_wconf 88' lang='lat' dir='ltr'><strong>in</strong></span> <span class='ocrx_word' id='word_1_661' title='bbox 2806 4414 3212 4490; x_wconf 87' lang='lat' dir='ltr'><strong>confessione,</strong></span> <span class='ocrx_word' id='word_1_662' title='bbox 3256 4415 3503 4492; x_wconf 89' lang='lat' dir='ltr'><strong>quando</strong></span> 
     </span>
     <span class='ocr_line' id='line_1_98' title="bbox 1946 4505 3506 4588; baseline -0.003 -17"><span class='ocrx_word' id='word_1_663' title='bbox 1946 4509 2333 4571; x_wconf 76' lang='lat' dir='ltr'><strong>Christianus</strong></span> <span class='ocrx_word' id='word_1_664' title='bbox 2357 4506 2701 4588; x_wconf 86' lang='lat' dir='ltr'><strong>baptizatus</strong></span> <span class='ocrx_word' id='word_1_665' title='bbox 2732 4507 2801 4567; x_wconf 90' lang='lat' dir='ltr'><strong>in</strong></span> <span class='ocrx_word' id='word_1_666' title='bbox 2824 4505 3095 4586; x_wconf 86' lang='lat' dir='ltr'><strong>aliquam</strong></span> <span class='ocrx_word' id='word_1_667' title='bbox 3124 4506 3375 4567; x_wconf 86' lang='lat' dir='ltr'><strong>illarum</strong></span> <span class='ocrx_word' id='word_1_668' title='bbox 3411 4507 3506 4566; x_wconf 87' lang='lat' dir='ltr'><strong>in·</strong></span> 
     </span>
     <span class='ocr_line' id='line_1_99' title="bbox 1947 4598 3507 4680; baseline -0.003 -17"><span class='ocrx_word' id='word_1_669' title='bbox 1947 4601 2193 4676; x_wconf 89' lang='lat' dir='ltr'><strong>ciderit,</strong></span> <span class='ocrx_word' id='word_1_670' title='bbox 2226 4600 2375 4680; x_wconf 86' lang='lat' dir='ltr'><strong>quia</strong></span> <span class='ocrx_word' id='word_1_671' title='bbox 2404 4599 2760 4661; x_wconf 78' lang='lat' dir='ltr'><strong>notabiliter</strong></span> <span class='ocrx_word' id='word_1_672' title='bbox 2792 4599 3087 4660; x_wconf 82' lang='lat' dir='ltr'><strong>differunt</strong></span> <span class='ocrx_word' id='word_1_673' title='bbox 3120 4599 3187 4660; x_wconf 88' lang='lat' dir='ltr'><strong>iu</strong></span> <span class='ocrx_word' id='word_1_674' title='bbox 3231 4598 3414 4660; x_wconf 89' lang='lat' dir='ltr'><strong>modo</strong></span> <span class='ocrx_word' id='word_1_675' title='bbox 3444 4605 3507 4660; x_wconf 89' lang='lat' dir='ltr'><strong>et</strong></span> 
     </span>
     <span class='ocr_line' id='line_1_100' title="bbox 1949 4690 3510 4774; baseline -0.003 -18"><span class='ocrx_word' id='word_1_676' title='bbox 1949 4697 2017 4756; x_wconf 87' lang='lat' dir='ltr'><strong>in</strong></span> <span class='ocrx_word' id='word_1_677' title='bbox 2034 4696 2359 4774; x_wconf 83' lang='lat' dir='ltr'><strong>gravitate,</strong></span> <span class='ocrx_word' id='word_1_678' title='bbox 2378 4700 2444 4755; x_wconf 92' lang='lat' dir='ltr'><strong>et</strong></span> <span class='ocrx_word' id='word_1_679' title='bbox 2460 4694 2715 4755; x_wconf 87' lang='lat' dir='ltr'><strong>diversis</strong></span> <span class='ocrx_word' id='word_1_680' title='bbox 2730 4693 3021 4755; x_wconf 87' lang='lat' dir='ltr'><strong>remediis</strong></span> <span class='ocrx_word' id='word_1_681' title='bbox 3034 4690 3320 4771; x_wconf 85' lang='lat' dir='ltr'><strong>indigent</strong></span> <span class='ocrx_word' id='word_1_682' title='bbox 3332 4693 3510 4772; x_wconf 84' lang='lat' dir='ltr'><strong>3quin</strong></span> 
     </span>
     <span class='ocr_line' id='line_1_101' title="bbox 1951 4785 3509 4868; baseline -0.003 -20"><span class='ocrx_word' id='word_1_683' title='bbox 1951 4787 2157 4868; x_wconf 85' lang='lat' dir='ltr'><strong>potius</strong></span> <span class='ocrx_word' id='word_1_684' title='bbox 2199 4788 2388 4848; x_wconf 86' lang='lat' dir='ltr'><strong>etiam</strong></span> <span class='ocrx_word' id='word_1_685' title='bbox 2416 4787 2583 4847; x_wconf 90' lang='lat' dir='ltr'><strong>intra</strong></span> <span class='ocrx_word' id='word_1_686' title='bbox 2610 4787 2894 4849; x_wconf 87' lang='lat' dir='ltr'><strong>eamdem</strong></span> <span class='ocrx_word' id='word_1_687' title='bbox 2944 4785 3207 4866; x_wconf 88' lang='lat' dir='ltr'><strong>speciem</strong></span> <span class='ocrx_word' id='word_1_688' title='bbox 3236 4786 3509 4860; x_wconf 83' lang='lat' dir='ltr'><strong>hoeresis,</strong></span> 
     </span>
     <span class='ocr_line' id='line_1_102' title="bbox 1951 4881 3514 4960; baseline -0.003 -16"><span class='ocrx_word' id='word_1_689' title='bbox 1951 4883 2123 4944; x_wconf 85' lang='lat' dir='ltr'><strong>verbi</strong></span> <span class='ocrx_word' id='word_1_690' title='bbox 2150 4882 2375 4960; x_wconf 88' lang='lat' dir='ltr'><strong>gratia,</strong></span> <span class='ocrx_word' id='word_1_691' title='bbox 2402 4881 2754 4943; x_wconf 89' lang='lat' dir='ltr'><strong>declarandi</strong></span> <span class='ocrx_word' id='word_1_692' title='bbox 2786 4889 2932 4943; x_wconf 90' lang='lat' dir='ltr'><strong>sunt</strong></span> <span class='ocrx_word' id='word_1_693' title='bbox 2974 4899 3234 4957; x_wconf 79' lang='lat' dir='ltr'><strong>erroreS,</strong></span> <span class='ocrx_word' id='word_1_694' title='bbox 3262 4881 3331 4942; x_wconf 91' lang='lat' dir='ltr'><strong>in</strong></span> <span class='ocrx_word' id='word_1_695' title='bbox 3359 4898 3514 4959; x_wconf 89' lang='lat' dir='ltr'><strong>quos</strong></span> 
     </span>
     <span class='ocr_line' id='line_1_103' title="bbox 1947 4973 3519 5059; baseline -0.003 -21"><span class='ocrx_word' id='word_1_696' title='bbox 1947 4984 2230 5059; x_wconf 86' lang='lat' dir='ltr'><strong>peccator</strong></span> <span class='ocrx_word' id='word_1_697' title='bbox 2243 4977 2485 5052; x_wconf 85' lang='lat' dir='ltr'><strong>incidit,</strong></span> <span class='ocrx_word' id='word_1_698' title='bbox 2502 4981 2751 5055; x_wconf 86' lang='lat' dir='ltr'><strong>propter</strong></span> <span class='ocrx_word' id='word_1_699' title='bbox 2763 4975 3007 5035; x_wconf 87' lang='lat' dir='ltr'><strong>easdem</strong></span> <span class='ocrx_word' id='word_1_700' title='bbox 3029 4975 3297 5036; x_wconf 86' lang='lat' dir='ltr'><strong>rationes</strong></span> <span class='ocrx_word' id='word_1_701' title='bbox 3309 4989 3331 5052; x_wconf 84' lang='lat'>3</span> <span class='ocrx_word' id='word_1_702' title='bbox 3351 4973 3519 5053; x_wconf 85' lang='lat' dir='ltr'><strong>quod</strong></span> 
     </span>
     <span class='ocr_line' id='line_1_104' title="bbox 1950 5068 3511 5151; baseline -0.002 -21"><span class='ocrx_word' id='word_1_703' title='bbox 1950 5070 2288 5151; x_wconf 89' lang='lat' dir='ltr'><strong>prudenter</strong></span> <span class='ocrx_word' id='word_1_704' title='bbox 2341 5075 2723 5131; x_wconf 87' lang='lat' dir='ltr'><strong>annotarunt</strong></span> <span class='ocrx_word' id='word_1_705' title='bbox 2760 5068 3035 5143; x_wconf 69' lang='lat' dir='ltr'><strong>Valent„</strong></span> <span class='ocrx_word' id='word_1_706' title='bbox 3070 5069 3131 5128; x_wconf 89' lang='grc'><strong>2.</strong></span> <span class='ocrx_word' id='word_1_707' title='bbox 3178 5069 3243 5142; x_wconf 86' lang='grc'><strong>2,</strong></span> <span class='ocrx_word' id='word_1_708' title='bbox 3290 5085 3351 5146; x_wconf 83' lang='lat' dir='ltr'><strong>q.</strong></span> <span class='ocrx_word' id='word_1_709' title='bbox 3410 5068 3511 5142; x_wconf 83' lang='lat'><strong>10,</strong></span> 
     </span>
     <span class='ocr_line' id='line_1_105' title="bbox 1951 5159 3507 5244; baseline -0.003 -21"><span class='ocrx_word' id='word_1_710' title='bbox 1951 5168 2169 5244; x_wconf 87' lang='lat' dir='ltr'><strong>punct.</strong></span> <span class='ocrx_word' id='word_1_711' title='bbox 2224 5164 2285 5234; x_wconf 83' lang='lat'><strong>3,</strong></span> <span class='ocrx_word' id='word_1_712' title='bbox 2341 5165 2404 5223; x_wconf 86' lang='lat' dir='ltr'><strong>et</strong></span> <span class='ocrx_word' id='word_1_713' title='bbox 2448 5181 2509 5241; x_wconf 82' lang='lat' dir='ltr'><strong>q.</strong></span> <span class='ocrx_word' id='word_1_714' title='bbox 2563 5164 2661 5236; x_wconf 86' lang='grc'><strong>11,</strong></span> <span class='ocrx_word' id='word_1_715' title='bbox 2716 5167 2929 5240; x_wconf 86' lang='lat' dir='ltr'><strong>punct.</strong></span> <span class='ocrx_word' id='word_1_716' title='bbox 2987 5163 3053 5235; x_wconf 84' lang='grc'><strong>1,</strong></span> <span class='ocrx_word' id='word_1_717' title='bbox 3117 5159 3398 5221; x_wconf 84' lang='lat' dir='ltr'><strong>difficult.</strong></span> <span class='ocrx_word' id='word_1_718' title='bbox 3446 5162 3507 5235; x_wconf 80' lang='lat'><strong>13</strong></span> 
     </span>
     <span class='ocr_line' id='line_1_106' title="bbox 1958 5253 3084 5330; baseline -0.002 -14"><span class='ocrx_word' id='word_1_719' title='bbox 1958 5255 2211 5330; x_wconf 87' lang='lat' dir='ltr'><strong>Sauch.,</strong></span> <span class='ocrx_word' id='word_1_720' title='bbox 2242 5255 2351 5314; x_wconf 87' lang='lat' dir='ltr'><strong>lib.</strong></span> <span class='ocrx_word' id='word_1_721' title='bbox 2384 5258 2423 5315; x_wconf 90' lang='grc'><strong>2</strong></span> <span class='ocrx_word' id='word_1_722' title='bbox 2458 5253 2685 5326; x_wconf 88' lang='lat' dir='ltr'><strong>Decal.,</strong></span> <span class='ocrx_word' id='word_1_723' title='bbox 2720 5271 2777 5314; x_wconf 90' lang='lat' dir='ltr'><strong>c.</strong></span> <span class='ocrx_word' id='word_1_724' title='bbox 2802 5255 2864 5329; x_wconf 85' lang='lat'><strong>7,</strong></span> <span class='ocrx_word' id='word_1_725' title='bbox 2886 5271 2950 5316; x_wconf 90' lang='lat' dir='ltr'><strong>n.</strong></span> <span class='ocrx_word' id='word_1_726' title='bbox 2988 5256 3084 5314; x_wconf 81' lang='lat'><strong>17.</strong></span> 
     </span>
    </p>

    <p class='ocr_par' dir='ltr' id='par_1_9' title="bbox 1959 5345 3531 5518">
     <span class='ocr_line' id='line_1_107' title="bbox 2039 5345 3530 5427; baseline -0.001 -18"><span class='ocrx_word' id='word_1_727' title='bbox 2039 5349 2139 5409; x_wconf 79' lang='lat'><strong>15.</strong></span> <span class='ocrx_word' id='word_1_728' title='bbox 2180 5346 2291 5410; x_wconf 73' lang='lat' dir='ltr'><strong>Fit</strong></span> <span class='ocrx_word' id='word_1_729' title='bbox 2342 5348 2501 5410; x_wconf 70' lang='lat' dir='ltr'><strong>satis</strong></span> <span class='ocrx_word' id='word_1_730' title='bbox 2549 5345 2782 5410; x_wconf 76' lang='lat' dir='ltr'><strong>rationi</strong></span> <span class='ocrx_word' id='word_1_731' title='bbox 2832 5347 3155 5410; x_wconf 68' lang='lat' dir='ltr'><strong>dubitandi</strong></span> <span class='ocrx_word' id='word_1_732' title='bbox 3203 5345 3530 5427; x_wconf 60' lang='lat' dir='ltr'><strong>propositos</strong></span> 
     </span>
     <span class='ocr_line' id='line_1_108' title="bbox 1959 5439 3531 5518; baseline -0.004 -14"><span class='ocrx_word' id='word_1_733' title='bbox 1959 5445 2027 5504; x_wconf 76' lang='lat' dir='ltr'><strong>in</strong></span> <span class='ocrx_word' id='word_1_734' title='bbox 2046 5459 2109 5502; x_wconf 73' lang='lat' dir='ltr'><strong>n.</strong></span> <span class='ocrx_word' id='word_1_735' title='bbox 2145 5443 2175 5502; x_wconf 86' lang='lat'><strong>1</strong></span> <span class='ocrx_word' id='word_1_736' title='bbox 2211 5448 2272 5501; x_wconf 90' lang='lat' dir='ltr'><strong>et</strong></span> <span class='ocrx_word' id='word_1_737' title='bbox 2292 5442 2354 5501; x_wconf 87' lang='grc'><strong>2.</strong></span> <span class='ocrx_word' id='word_1_738' title='bbox 2382 5469 2464 5486; x_wconf 89' lang='lat'><strong>--·</strong></span> <span class='ocrx_word' id='word_1_739' title='bbox 2490 5439 2746 5514; x_wconf 83' lang='lat' dir='ltr'><strong>Ultimo,</strong></span> <span class='ocrx_word' id='word_1_740' title='bbox 2770 5457 2845 5499; x_wconf 82' lang='lat' dir='ltr'><strong>ex</strong></span> <span class='ocrx_word' id='word_1_741' title='bbox 2866 5439 3044 5499; x_wconf 81' lang='lat' dir='ltr'><strong>dictis</strong></span> <span class='ocrx_word' id='word_1_742' title='bbox 3071 5445 3243 5518; x_wconf 88' lang='lat' dir='ltr'><strong>patet</strong></span> <span class='ocrx_word' id='word_1_743' title='bbox 3282 5457 3531 5517; x_wconf 82' lang='lat' dir='ltr'><strong>respon-</strong></span> 
     </span>
    </p>
   </div>
   <div class='ocr_carea' id='block_1_7' title="bbox 306 5531 3530 5622">
    <p class='ocr_par' dir='ltr' id='par_1_10' title="bbox 306 5531 3530 5622">
     <span class='ocr_line' id='line_1_109' title="bbox 306 5531 3530 5622; baseline -0.004 -18"><span class='ocrx_word' id='word_1_744' title='bbox 306 5544 474 5604; x_wconf 83' lang='lat' dir='ltr'><strong>ticus</strong></span> <span class='ocrx_word' id='word_1_745' title='bbox 488 5587 511 5618; x_wconf 97' lang='lat'><strong>,</strong></span> <span class='ocrx_word' id='word_1_746' title='bbox 541 5543 652 5622; x_wconf 84' lang='lat' dir='ltr'><strong>qui</strong></span> <span class='ocrx_word' id='word_1_747' title='bbox 704 5538 824 5603; x_wconf 86' lang='lat' dir='ltr'><strong>sub</strong></span> <span class='ocrx_word' id='word_1_748' title='bbox 881 5543 1138 5602; x_wconf 86' lang='lat' dir='ltr'><strong>nomine</strong></span> <span class='ocrx_word' id='word_1_749' title='bbox 1197 5537 1538 5599; x_wconf 87' lang='lat' dir='ltr'><strong>christiano</strong></span> <span class='ocrx_word' id='word_1_750' title='bbox 1591 5536 1882 5598; x_wconf 82' lang='lat' dir='ltr'><strong>haeresim</strong></span> <span class='ocrx_word' id='word_1_751' title='bbox 1965 5536 2055 5598; x_wconf 86' lang='lat' dir='ltr'><strong>sio</strong></span> <span class='ocrx_word' id='word_1_752' title='bbox 2084 5533 2163 5595; x_wconf 90' lang='lat' dir='ltr'><strong>ad</strong></span> <span class='ocrx_word' id='word_1_753' title='bbox 2194 5533 2498 5595; x_wconf 85' lang='lat' dir='ltr'><strong>rationem</strong></span> <span class='ocrx_word' id='word_1_754' title='bbox 2536 5531 2863 5594; x_wconf 88' lang='lat' dir='ltr'><strong>dubitandi</strong></span> <span class='ocrx_word' id='word_1_755' title='bbox 2902 5532 2970 5592; x_wconf 89' lang='lat' dir='ltr'><strong>in</strong></span> <span class='ocrx_word' id='word_1_756' title='bbox 3016 5532 3318 5612; x_wconf 88' lang='lat' dir='ltr'><strong>principio</strong></span> <span class='ocrx_word' id='word_1_757' title='bbox 3364 5531 3530 5611; x_wconf 84' lang='lat' dir='ltr'><strong>posi·</strong></span> 
     </span>
    </p>
   </div>
  </div>
 </body>
</html>
