3900 6217
730 424 901 476 SECT.
936 424 996 476 11.
1033 422 1198 485 Quor
1231 422 1368 475 SlNT
1401 422 1642 477 GRADUS
1679 421 2109 476 DAMNABILIUM
2144 420 2652 482 PROPOSlTlONUM.
2689 422 2822 478 m'c.

3246 420 3362 485 467

215 528 360 592 Unde
383 526 450 587 fit
477 530 560 600 ut,
585 523 907 587 deficiente
935 524 1301 586 certitudine
1337 524 1404 585 in
1429 524 1626 586 altero
1645 542 1724 586 ex
1803 524 2101 585 nifestum
2130 533 2243 601 est,
2273 526 2417 605 quia
2446 532 2583 606 post
2610 525 2960 586 haereticam
3000 530 3369 607 propositio-

211 624 290 683 his
327 619 567 693 duobus,
593 617 928 696 propositio
955 616 1248 677 haeretira
1293 636 1418 677 non
1448 618 1550 693 sit,
1579 618 1726 697 quia

1805 636 1949 679 nem
1974 618 2161 679 habet
2196 638 2503 681 summam
2528 622 3005 699 repugnantiam
3035 639 3177 683 cum
3209 627 3365 683 veri·

211 716 327 777 talis
357 712 695 792 propositio,
716 716 790 771 ut
823 710 976 785 dixi,
1007 710 1194 771 habet
1213 728 1570 791 supremum
1587 730 1728 791 gra·
1805 718 1931 773 tate
1962 711 2129 787 fidei,
2174 714 2424 789 scilicet,
2461 712 2814 787 mediatam,
2874 732 2983 793 per
3014 716 3365 777 evidentem

209 809 334 867 dum
375 804 794 885 propositionis
851 803 1022 863 falsas
1075 810 1287 865 eontra
1333 803 1518 865 fidem
1537 822 1557 883 3
1617 805 1727 885 qui

209 900 404 979 gradus
441 917 562 958 non
587 898 926 977 consurgit,
955 898 1178 960 nisiex
1213 896 1502 959 omnibus
1520 900 1728 961 condi-

209 992 442 1055 tionibus
467 991 650 1052 simul
691 990 952 1071 sumptis
990 992 1057 1051 in
1100 1006 1344 1051 summo
1373 992 1558 1053 etiam
1591 1010 1729 1071 gra-

209 1090 278 1147 du
300 1085 680 1148 existentibus
697 1101 717 1162 ;
761 1091 822 1145 et
877 1084 1038 1160 ideo,
1084 1084 1406 1147 deficiente
1451 1086 1730 1147 absoluta

209 1179 536 1241 certitudine
582 1180 650 1238 in
695 1177 972 1257 quolibet
999 1178 1250 1239 illorum
1279 1179 1725 1254 membrorum,

209 1275 406 1351 eoipso
447 1290 569 1332 non
623 1277 717 1333 est
749 1270 1084 1352 propositio
1127 1271 1438 1347 haeretica,
1469 1272 1572 1331 sed
1619 1270 1728 1331 ali-

207 1367 326 1447 quid
353 1366 575 1425 mimis.
615 1365 688 1425 Et
725 1365 812 1424 ita
859 1370 1240 1443 consurgunt
1269 1364 1374 1425 alii
1415 1364 1540 1423 duo
1563 1364 1731 1424 modi

207 1458 600 1541 propositionis
627 1474 936 1519 erronem:
968 1476 1130 1518 nlius
1159 1464 1271 1532 est,
1312 1459 1362 1518 si
1393 1458 1730 1537 propositio

207 1553 287 1612 cui
309 1552 632 1631 opponitur
657 1568 782 1612 non
811 1552 890 1611 sit
915 1552 1174 1613 omnino
1201 1551 1628 1612 indubitanter
1655 1551 1732 1613 de

209 1646 324 1721 fide,
341 1645 618 1723 quamvis
633 1660 865 1723 magna
883 1644 1264 1720 auctoritate,
1285 1650 1346 1705 et
1369 1644 1546 1723 quasi
1565 1660 1733 1703 com-

209 1740 350 1799 muni
377 1754 674 1798 consensu
697 1737 776 1798 de
800 1736 922 1799 fide
953 1744 1292 1818 reputetur.
1335 1736 1729 1816 Exemplum,

209 1830 503 1893 secundum
581 1830 938 1911 opinionem
1007 1832 1383 1910 aliquorum,
1453 1828 1736 1890 adhiberi

208 1931 371 2005 potest
397 1928 460 1984 in
503 1923 618 1985 illo
647 1924 958 2003 dogmate,
1017 1926 1176 2005 quod
1217 1925 1441 1987 dantur
1497 1924 1738 1986 habitus

208 2020 390 2102 qratioe
400 2036 510 2101 per
526 2036 594 2081 se
607 2019 806 2098 infusi
820 2044 848 2091 ,·
875 2019 1158 2098 quamvis
1171 2020 1340 2079 enim
1362 2016 1738 2097 probabilius

205 2116 266 2172 sit
282 2113 418 2171 illud
464 2130 597 2173 esse
627 2112 704 2173 de
747 2112 894 2188 fide,
927 2110 1184 2173 fortasse
1209 2112 1328 2173 hoc
1367 2128 1492 2170 non
1523 2117 1616 2171 est
1650 2110 1739 2171 ita

209 2212 427 2281 eertum,
463 2210 532 2265 ut
567 2207 952 2266 contrarium
979 2206 1058 2265 sit
1081 2205 1348 2279 haeresis,
1381 2206 1499 2265 erit
1529 2210 1739 2265 tamen

209 2318 363 2359 error.
388 2299 556 2359 Alius
593 2300 816 2359 modus
853 2316 886 2359 e
912 2300 1222 2359 contrario
1241 2298 1384 2372 erit,
1426 2300 1474 2357 si
1518 2314 1740 2378 propo·

213 2393 324 2453 sitio
342 2394 414 2452 sit
438 2394 704 2453 omnino
723 2398 890 2452 certa
909 2391 984 2452 de
1013 2390 1155 2466 fide,
1189 2390 1382 2452 altera
1413 2408 1581 2465 vern,
1605 2408 1742 2469 quae

212 2487 448 2566 opposita
485 2494 780 2547 censetur
811 2487 995 2565 juxta
1023 2500 1417 2560 communem
1467 2502 1738 2556 sensum,

213 2595 309 2639 non
343 2580 416 2638 sit
467 2579 796 2640 evidenter
843 2584 952 2639 aut
1005 2578 1344 2640 certissime
1397 2577 1704 2638 contraria
1721 2597 1738 2650 ;

213 2682 362 2752 atque
381 2688 598 2734 omnes
615 2674 714 2733 isti
741 2673 906 2733 modi
928 2671 1274 2753 probabiles
1295 2666 1546 2752 quidem
1573 2675 1739 2744 sunt,

215 2768 436 2845 satisque
461 2767 863 2846 distinguunt
889 2766 1370 2847 propositionem
1419 2781 1741 2825 erroneam

219 2859 276 2918 ab
305 2860 577 2921 heretica
603 2882 625 2935 3
679 2859 1078 2920 nihilominus
1117 2876 1242 2918 non
1275 2858 1560 2917 videntur
1597 2857 1743 2915 satis

231 2952 353 3011 illam
378 2952 766 3032 distinguere
788 2972 826 3013 a
857 2953 1274 3033 propositione
1313 2950 1586 3029 sapiente
1615 2949 1747 3009 hoe-

227 3046 381 3120 resim,
417 3052 476 3106 et
505 3046 654 3106 aliis
676 3047 882 3107 statim
909 3046 1265 3106 tractandis

279 3140 355 3199 u.
396 3138 696 3203 Auctoris
747 3139 1072 3220 «implicatio
1115 3140 1314 3222 maffia
1359 3141 1624 3221 prescire
1669 3172 1746 3184 -

217 3231 552 3311 Quapropter
596 3232 748 3292 addi
797 3238 996 3311 potest
1022 3231 1179 3291 alius
1223 3230 1440 3292 modus
1469 3232 1747 3312 proposi-

214 3325 364 3385 tionis
389 3344 689 3402 erroneoe,
721 3327 1044 3385 nimirum.
1071 3331 1140 3385 ut
1169 3326 1247 3385 sit
1273 3326 1380 3385 illa
1405 3344 1540 3405 quoe
1560 3344 1748 3404 oppo-

217 3419 352 3478 nitur
395 3420 650 3480 veritati
705 3426 884 3479 certae
929 3418 1301 3497 Theologica
1350 3420 1740 3492 certitudine,

217 3528 326 3588 quae
365 3529 483 3571 non
523 3513 786 3589 attingit
837 3504 1096 3589 gradssm
1139 3511 1524 3571 certitudinis
1575 3510 1742 3584 fidei,

217 3606 334 3682 quia
358 3604 522 3665 nullo
569 3605 764 3665 modo
803 3612 892 3665 est
921 3604 1274 3665 immediate
1321 3603 1614 3677 revelata,
1675 3609 1745 3661 ut

217 3698 577 3776 supponitur,
617 3698 724 3757 sed
753 3704 846 3757 est
889 3696 1203 3757 conclusio
1231 3696 1550 3757 evidenter
1575 3696 1747 3755 illata

219 3808 278 3849 ex
296 3810 404 3851 una
418 3793 490 3852 de
507 3791 664 3865 fide,
687 3796 750 3851 et
775 3808 852 3851 ex
876 3790 1068 3851 altera
1083 3790 1368 3851 evidente
1386 3789 1626 3850 lumine
1641 3806 1751 3849 na·

221 3884 404 3961 tiu-ali3
433 3902 577 3945 nam
605 3885 775 3963 quod
807 3884 942 3944 talis
973 3883 1284 3943 conclusio
1311 3884 1389 3942 sit
1429 3888 1597 3947 certa
1625 3900 1752 3941 cer-

219 3978 447 4039 titudine
473 3977 877 4054 Theologica,
919 3976 1312 4036 manifestum
1343 3982 1455 4051 est,
1491 3975 1635 4053 quia
1663 3980 1754 4034 est

223 4069 513 4131 scientifica
539 4072 611 4130 in
655 4070 762 4150 illo
791 4069 1004 4130 ordine
1022 4084 1042 4146 ;
1071 4068 1234 4147 quod
1275 4073 1480 4128 autem
1515 4084 1640 4126 non
1662 4072 1753 4125 at-

223 4162 386 4239 tingat
407 4163 848 4224 certitudinem
870 4162 1044 4237 fidei,
1081 4162 1289 4221 docuit
1319 4161 1474 4220 bene
1521 4160 1754 4221 Gerson

227 4252 276 4311 in
311 4260 561 4316 tractatu
605 4256 688 4317 de
729 4256 872 4316 Vita
899 4253 1227 4334 spirituali,
1283 4252 1422 4313 lect.
1478 4253 1538 4326 3,
1591 4258 1654 4311 et
1686 4252 1754 4312 in

225 4345 432 4425 alphab.
453 4351 553 4427 14,
585 4356 654 4410 et
681 4355 772 4410 est
799 4355 1282 4409 consentaneum
1308 4347 1379 4405 D.
1409 4346 1684 4420 Thomoe,
1721 4347 1746 4404 1

229 4449 381 4518 part„
406 4449 622 4523 quaest.
659 4446 702 4503 l·
714 4458 734 4519 3
785 4441 894 4502 ubi
933 4442 1122 4502 etiam
1152 4457 1282 4500 esse
1313 4439 1560 4499 videtur
1590 4456 1756 4498 com-

227 4536 402 4597 munis
426 4538 734 4599 sententia
761 4534 1038 4609 tundata,
1069 4532 1169 4594 vel
1194 4535 1264 4591 in
1288 4532 1396 4593 illo
1421 4532 1754 4611 principio,

231 4630 362 4705 quod
400 4630 715 4691 conclusio
753 4628 1034 4708 sequitur
1081 4625 1442 4687 debiliorem
1490 4634 1752 4705 partem,

229 4721 306 4781 rel
344 4722 401 4783 in
443 4724 572 4797 itio,
629 4723 791 4803 quod
839 4720 1134 4782 revelatio
1187 4720 1456 4779 mediata
1511 4724 1757 4779 tautum

233 4816 462 4875 secundo
519 4817 710 4877 modo
747 4832 934 4894 supra
991 4832 1062 4875 ex
1071 4813 1316 4893 plicato,
1366 4829 1492 4874 non
1549 4816 1761 4872 causat

233 4912 434 4969 tantam
461 4910 924 4983 certitudinem,
969 4918 1269 4987 quautam
1319 4906 1612 4967 revelatio
1645 4906 1760 4964 im-

236 5003 493 5080 mediata,
524 5006 684 5065 sicut
721 5004 975 5063 scientia
1022 5018 1148 5061 non
1195 5009 1288 5061 est
1341 5008 1467 5061 tam
1497 5007 1662 5060 certa
1691 5017 1762 5059 ac

237 5093 452 5158 habitus
511 5098 973 5177 principiorum.
1034 5096 1162 5155 Hoc
1215 5112 1364 5171 ergo
1423 5094 1758 5172 supposit0‚

239 5190 527 5250 manifeste
555 5191 834 5268 sequitur
879 5188 1359 5267 propositionem
1391 5186 1764 5245 contrariam

242 5278 331 5339 tali
367 5282 760 5362 propositioni
805 5298 930 5341 non
971 5280 1280 5357 attingere
1321 5279 1585 5356 gradum
1627 5296 1768 5357 pro-

243 5376 526 5449 positionis
553 5376 881 5452 haereticae,
911 5375 1058 5454 quio
1081 5390 1206 5435 non
1231 5372 1418 5433 habet
1461 5388 1770 5431 summam

246 5470 658 5546 oppositionem
693 5486 834 5537 cum
885 5466 1300 5547 propositione
1352 5464 1520 5536 fidei,
1573 5465 1772 5544 qualis

251 5564 326 5617 est
360 5561 741 5641 immediata3
773 5561 940 5641 quod
969 5566 1178 5622 autem
1204 5560 1284 5620 sit
1327 5576 1608 5633 erronea,
1641 5574 1774 5619 ma-

1810 804 2175 880 illationcm,
2215 814 2276 866 et
2313 807 2399 866 ita
2436 806 2841 883 distinguitur
2868 806 2945 865 ab
2974 807 3370 869 inferioribus

1809 898 2102 975 gradibus
2134 900 2619 979 propositionum
2648 898 3119 978 damnabilium,
3166 909 3236 962 ut
3284 904 3373 962 vi-

1809 990 2119 1052 ciebimus.

1891 1086 1990 1144 15.
2040 1082 2316 1165 objectio.
2354 1118 2435 1131 —
2468 1086 2771 1147 Diluitur.
2802 1120 2885 1133 --
2912 1088 3084 1149 Dicet
3110 1090 3367 1171 aliquis:

1809 1178 1917 1256 qui
1937 1185 2147 1256 negat,
2188 1178 2361 1239 verbi
2403 1178 2623 1257 gratia,
2652 1179 2815 1241 hanc
2841 1183 3317 1262 propositionem
3354 1203 3371 1248 ε

1815 1269 2091 1333 Christus
2124 1276 2215 1333 est
2245 1272 2526 1346 risibilia,
2564 1273 2781 1333 merito
2816 1281 3101 1336 censetur
3125 1276 3371 1340 haereti-

1811 1380 1941 1435 οιιε,
1998 1365 2145 1443 quia
2196 1384 2317 1425 non
2362 1366 2636 1426 creditur
2686 1366 2759 1426 de
2798 1368 2928 1442 illo,
2976 1371 3138 1448 quod
3192 1379 3378 1450 negat

1813 1457 2293 1535 propositionem
2338 1459 2698 1520 evidentem
2740 1482 2754 1520 τ
2804 1459 3017 1524 Omnis
3072 1464 3239 1526 homo
3289 1473 3380 1529 est
3471 1444 3488 1455 ⁶

1811 1550 2103 1625 risibilis,
2134 1557 2194 1610 et
2232 1551 2371 1612 ideo
2396 1570 2624 1631 negare
2650 1555 3041 1615 convincitur
3074 1557 3259 1617 aliam
3302 1560 3380 1620 de

1814 1642 1936 1702 fide
1964 1660 1981 1703 t
2016 1642 2301 1707 Christus
2332 1651 2425 1707 est
2450 1646 2615 1707 homo
2640 1670 2658 1714 .·
2686 1664 2833 1725 ergo
2862 1650 2927 1707 in
2970 1648 3255 1711 haeresim
3293 1652 3382 1713 la-

1815 1733 1983 1795 bitur
2004 1737 2289 1814 negando
2316 1738 2488 1799 illam
2517 1740 3011 1816 conclusionem;
3044 1758 3195 1821 ergo
3242 1762 3383 1825 pro·

1815 1828 2037 1907 positio
2064 1830 2151 1889 illi
2194 1831 2575 1891 conclusioni
2612 1836 2895 1913 opposita
2934 1835 3229 1897 haeretica
3266 1846 3381 1899 est.

1817 1920 2241 2002 Respondetur
2268 1924 2437 1985 aliud
2482 1944 2612 1987 esse
2656 1926 2827 2007 loqui
2860 1928 2937 1989 de
2983 1928 3089 1989 illo
3122 1930 3383 1993 'homIne

1817 2017 2154 2078 secundum
2216 2020 2764 2098 praesumptionem
2833 2020 3212 2100 humanam,
3278 2044 3388 2087 seu

1819 2115 2140 2170 externam
2160 2126 2178 2187 3
2230 2111 2395 2171 aliud
2438 2114 2777 2174 secundum
2825 2116 3148 2177 veritatem
3194 2120 3385 2180 iuter-

1822 2220 1992 2262 nam.
2044 2206 2250 2265 Primo
2290 2204 2473 2265 modo
2503 2208 2779 2285 procedit
2826 2210 2983 2269 ratio
3014 2210 3195 2285 facta,
3242 2216 3390 2293 quia

1821 2295 2107 2357 homines
2134 2298 2421 2377 judicant
2459 2301 2799 2362 secuudum
2830 2302 2895 2361 id
2926 2304 3089 2381 quod
3120 2307 3389 2366 exterius

1823 2396 2101 2470 apparet,
2135 2399 2197 2452 e't
2218 2410 2344 2452 non
2388 2392 2715 2453 intuentur
2740 2410 2878 2471 cor3
2921 2396 3179 2477 ideoque
3206 2398 3255 2458 si
3285 2398 3393 2459 ho-

1821 2498 1928 2541 mo
1958 2483 2060 2542 ille
2090 2483 2169 2543 sit
2196 2485 2484 2562 pertinax
2524 2486 2591 2545 in
2636 2488 2748 2547 tali
2802 2490 3131 2565 sententia,
3171 2492 3393 2552 merito

1823 2580 1896 2635 ut
1921 2575 2251 2637 haeretieus
2275 2577 2599 2657 punietur3
2632 2586 2697 2640 at
2727 2598 2874 2641 vcro
2904 2582 2955 2641 si
2984 2581 3239 2645 interius
3263 2602 3393 2646 cre-

1823 2668 1929 2727 dat
1970 2668 2277 2730 Christum
2336 2687 2466 2731 esse
2516 2664 2859 2749 hominem,
2906 2682 2966 2735 et
3006 2694 3129 2736 non
3182 2678 3394 2739 credat

1824 2778 1959 2821 esse
1986 2762 2311 2831 risibilem,
2336 2764 2435 2825 vel
2466 2765 2612 2843 quia
2640 2766 2824 2827 stulte
2852 2775 3040 2845 negat
3069 2770 3221 2830 iilud
3252 2772 3391 2831 uni·

1826 2855 2063 2915 versale
2120 2858 2519 2936 principium,
2582 2852 2689 2919 vel
2736 2861 2881 2939 quia
2930 2868 3161 2924 temere
3212 2864 3398 2944 fingit

1827 2948 2019 3008 Deum
2048 2966 2357 3029 sep-arasse
2384 2950 2451 3009 in
2482 2951 2719 3012 Clu-isto
2747 2953 2918 3013 illam
2951 2956 3391 3034 proprietatem

1826 3040 1906 3100 ab
1931 3044 2215 3113 essentia,
2247 3060 2374 3102 non
2402 3041 2520 3103 erit
2544 3044 2886 3107 formaliter
2910 3047 3255 3124 haereticus,
3288 3052 3395 3111 sed

1827 3150 2121 3194 erroneus
2149 3136 2216 3194 in
2240 3133 2384 3211 fide,
2418 3136 2612 3197 donec
2640 3135 2743 3198 illa
2768 3141 3103 3219 propositio
3135 3164 3148 3201 t
3188 3142 3393 3207 Osiris-

1828 3232 1930 3289 ωε
1955 3231 2047 3289 est
2074 3228 2363 3305 risibilis,
2394 3248 2505 3309 per
2520 3228 2859 3312 ,Ecclesiam
2894 3233 3246 3296 immediate
3292 3236 3397 3296 de-

1825 3321 2102 3382 finiatur.

1910 3414 2009 3473 16.
2053 3416 2141 3475 De
2158 3418 2570 3496 propositione
2599 3417 2869 3499 sapiente
2896 3421 3289 3484 hoeresz’m.—
3318 3423 3401 3487 Ut

1827 3508 2073 3587 quidam
2102 3508 2278 3569 illam
2306 3510 3400 3593 declarent.-Improba·ntur.—‘l'er-

1827 3603 1950 3658 tius
1988 3602 2214 3678 gradus
2246 3608 2335 3661 est
2362 3606 2794 3683 propositionis
2839 3622 2978 3684 quoe
3028 3606 3253 3667 dicitur
3298 3628 3399 3671 sa·

1823 3694 2002 3773 piens
2033 3694 2333 3767 haeresim,
2372 3696 2447 3755 de
2478 3714 2599 3773 qua
2634 3699 2731 3758 vel
2774 3715 2847 3758 ex
2905 3700 2921 3759 i
2930 3718 3035 3777 psa
3080 3718 3224 3761 voce
3254 3704 3401 3762 satis

1831 3791 2073 3845 constat
2122 3786 2431 3865 quomodo
2474 3788 2891 3867 distinguatur
2938 3792 3017 3851 ab
3070 3793 3391 3867 limi-etiem

1831 3894 1980 3937 nam
2035 3878 2185 3938 illud
2232 3880 2491 3940 verbum
2533 3898 2774 3963 sapere,
2810 3902 2923 3962 per
2974 3886 3399 3965 metaphoram

1831 3971 2137 4049 significat
2165 3990 2289 4032 non
2320 3992 2447 4035 esse
2478 3973 2706 4035 claram
2737 3986 2797 4036 et
2828 3982 3059 4037 certam
3084 3978 3393 4053 haeresim,

1834 4064 1938 4124 sed
1981 4064 2208 4125 habere
2238 4067 2571 4145 quemdam
2616 4086 2896 4147 saporem
2940 4071 3092 4148 ejus.
3152 4072 3235 4132 De
3278 4072 3402 4131 dis-

1833 4158 2131 4217 tinctione
2156 4166 2371 4221 autem
2418 4161 2551 4238 ejus
2596 4179 2635 4221 a
2674 4164 3092 4241 propositione
3138 4180 3396 4225 erronea

1835 4254 2072 4312 nonita
2102 4258 2361 4328 constat,
2398 4256 2542 4332 quia
2566 4256 2753 4314 etiam
2780 4258 3116 4335 propositio
3142 4274 3403 4318 erronea

1833 4346 1997 4423 sapit
2040 4345 2351 4423 haeresim,
2386 4354 2455 4408 ut
2504 4366 2579 4409 ex
2628 4348 2804 4411 dictis
2841 4350 3237 4410 manifestum
3266 4357 3402 4427 est3

1835 4437 2003 4499 unde
2030 4439 2220 4518 aliqui
2258 4440 2369 4501 hos
2406 4441 2561 4501 duos
2606 4442 2838 4519 gradus
2887 4442 3303 4520 confundunt,
3341 4458 3402 4503 et

1837 4531 1924 4591 ita
1965 4532 2270 4594 definiunt
2312 4536 2787 4616 propositionem
2834 4538 3175 4615 sapientem
3204 4536 3402 4599 litere-

1837 4624 1979 4701 sim,
2016 4632 2089 4685 ut
2115 4626 2395 4687 definitio
2444 4628 2631 4687 etiam
2678 4628 3083 4707 propositioni
3132 4648 3405 4690 erroneae

1839 4718 2189 4785 conveniat.
2238 4720 2465 4779 Dicunt
2508 4720 2676 4781 enim
2722 4720 2893 4780 illam
2924 4724 3407 4801 propositionem

1839 4828 2053 4891 sapere
2077 4812 2389 4887 haeresim,
2418 4830 2556 4891 quae
2602 4812 2919 4873 hominem
2960 4805 3161 4875 reddit
3198 4834 3405 4895 suspe-

1839 4912 2032 4980 ctum,
2068 4905 2230 4983 quod
2270 4905 2596 4966 haereticus
2639 4907 2717 4965 sit
2738 4928 2756 4981 3
2788 4906 2887 4967 vel
2932 4925 3060 4969 esse
3102 4907 3299 4984 illam,
3330 4928 3405 4968 ex

1843 5016 1987 5076 qua,
2038 5014 2179 5056 cum
2229 4998 2367 5058 aliis
2421 4998 2777 5078 principiis,
2834 5002 3111 5079 sequitur
3160 5002 3407 5062 haeresis

1845 5090 2195 5165 manifeste,
2222 5096 2293 5151 ut
2325 5092 2535 5151 videre
2578 5092 2720 5151 licet
2758 5092 2824 5152 in
2872 5093 3163 5168 Simanc„
3220 5092 3407 5153 citato

1845 5184 1942 5242 tit.
1978 5185 2079 5257 54,
2110 5197 2173 5243 et
2200 5184 2337 5244 aliis
2378 5202 2530 5263 quos
2558 5184 2743 5245 refert
2772 5202 2787 5244 ε
2818 5190 3153 5264 utrumque
3198 5192 3409 5246 autem

1850 5276 2101 5336 illorum
2132 5278 2422 5337 convenit
2451 5277 2855 5356 'propositioni
2906 5296 3045 5356 quo-3
3094 5280 3251 5357 sapit
3289 5278 3413 5337 ha.»-

1851 5370 2058 5445 resim,
2095 5376 2167 5429 ut
2208 5386 2284 5430 ex
2312 5370 2490 5430 dictis
2512 5378 2789 5449 apparet.
2823 5372 2939 5430 Sed
2981 5369 3409 5445 nihilominus,

1853 5468 2219 5543 argumento
2257 5480 2442 5543 supra
2488 5468 2733 5541 sumpto
2783 5480 2861 5523 ex
2909 5462 3179 5523 Concilio
3228 5464 3415 5524 Cons-

1851 5562 2039 5632 tant„
2082 5562 2145 5619 et
2188 5572 2263 5617 ex
2318 5556 2497 5617 Bulla
2550 5556 2643 5617 Pii
2696 5556 3097 5635 V,‘cogimur
3144 5557 3414 5635 aliquam
