3900 6217
509 373 631 441 404

512 490 728 547 contra
765 483 954 545 fidem
983 480 1182 543 solum
1207 498 1336 542 esse
1356 486 1557 560 potest
1582 479 1651 540 in
1697 478 2075 560 ignorantia,

511 597 697 658 quam
727 575 1042 656 appellant
1063 591 1266 652 pravas
1295 572 1734 652 dispositionis,
1762 578 1823 633 et
1837 571 1903 631 in
1931 576 2077 631 actu

513 675 772 751 positivo
811 668 1152 730 intellectus
1207 667 1484 727 consistit
1524 681 1541 725 t
1589 665 1815 746 duplex
1862 671 2072 725 antem

511 770 709 844 potest
737 781 866 824 esse
894 763 958 822 in
983 761 1294 840 proesenti,
1323 760 1576 836 scilicet,
1609 758 1706 819 vel
1733 758 1955 837 aliquis
1978 776 2072 817 er-

512 875 614 917 ror
675 864 891 918 contra
937 853 1123 914 fidem
1143 897 1163 927 ,
1212 852 1311 914 vel
1363 850 1699 913 deliberata
1766 848 2071 911 dubitatio

511 951 652 1011 fidei
677 966 696 1026 3
731 965 874 1009 nam
903 947 1033 1008 haec
1073 945 1262 1008 etiam
1291 945 1390 1006 vel
1422 945 1791 1021 formaliter,
1824 943 1924 1005 vel
1951 942 2072 1003 vir·

509 1042 761 1104 tualiter
809 1039 1071 1101 includit
1115 1056 1434 1100 assensum
1492 1037 1570 1100 de
1626 1035 2073 1098 incertitudine

507 1134 676 1198 fidei.

589 1233 648 1292 2.
695 1230 880 1294 Ratio
905 1226 1222 1292 dubitandi
1243 1247 1358 1310 pro
1375 1231 1557 1310 parte
1581 1227 1863 1308 neqativa
1887 1243 2078 1308 quaes-

511 1326 717 1390 tionis.
741 1355 824 1371 —
850 1321 1008 1384 Hinc
1049 1340 1198 1402 ergo
1242 1322 1513 1382 nascitur
1551 1323 1710 1382 ratio
1750 1318 2077 1380 dubitandi

509 1420 576 1480 in
616 1416 904 1499 praesenti
947 1425 1204 1496 punct03
1238 1421 1348 1475 aut
1390 1415 1559 1476 enim
1577 1413 1888 1494 judicium
1927 1431 2077 1474 con-

508 1519 604 1573 tra
633 1512 958 1572 veritatem
1020 1508 1117 1570 vel
1159 1515 1374 1570 contra
1415 1507 1846 1570 certitudinem
1904 1504 2069 1582 fidei,

509 1612 600 1667 est
627 1601 1084 1678 voluntarium,
1137 1601 1238 1662 vel
1287 1600 1824 1662 involuntarium:
1874 1600 1926 1659 si
1982 1599 2078 1659 in-

507 1698 953 1771 voluntarium,
991 1695 1236 1756 nullum
1270 1700 1364 1755 est
1389 1701 1728 1774 peccatum,
1769 1711 1840 1753 ac
1867 1690 2077 1771 proin·

507 1791 606 1868 de,
637 1789 878 1852 etiamsi
915 1794 994 1849 sit
1040 1789 1107 1848 in
1155 1786 1409 1847 homine
1453 1783 1646 1858 fideli,
1694 1803 1821 1845 non
1877 1789 2077 1864 potest

505 1885 627 1946 dici
678 1889 994 1964 peccatum
1042 1882 1198 1960 cjuS,
1240 1879 1364 1941 uisi
1403 1879 1583 1940 valde
1633 1877 2069 1952 materialiter3

505 1981 558 2042 si
617 1995 763 2039 vero
803 1978 886 2038 sit
940 1975 1359 2036 voluntarium
1383 2018 1405 2049 ,
1457 1973 1574 2034 erit
1633 1971 1884 2051 quidem
1937 1987 2075 2049 pec-

507 2078 716 2134 catum
768 2069 1210 2132 commissionis
1270 2071 1485 2127 contra
1529 2065 1742 2141 fidem,
1795 2083 1924 2125 non
1980 2069 2073 2123 ta-

506 2184 651 2227 men
680 2163 799 2225 erit
824 2160 1098 2223 hominis
1124 2159 1325 2221 fidelis
1353 2180 1368 2220 ε
1403 2159 1570 2239 quia,
1601 2163 1675 2218 ut
1701 2175 1887 2236 supra
1915 2155 2068 2231 dixi,

505 2260 656 2321 illud
703 2274 994 2318 vocamus
1021 2261 1337 2335 peccatum
1366 2253 1566 2314 fidelis
1589 2251 1882 2325 hominiS,
1904 2249 2070 2329 quod

507 2371 630 2414 non
655 2351 976 2412 constituit
1001 2347 1180 2410 illum
1214 2345 1560 2409 formaliter
1589 2343 1932 2419 infidelem,
1964 2360 2073 2402 ne-

513 2465 633 2528 que
664 2443 849 2506 fidem
881 2439 1168 2521 expellit3
1207 2441 1327 2502 hoc
1367 2446 1578 2501 autem
1616 2443 1933 2519 peccatum
1963 2454 2074 2516 per

513 2559 576 2601 se
618 2557 691 2600 ac
759 2535 1100 2597 formaliter
1155 2535 1303 2596 facit
1353 2533 1673 2595 hominem
1726 2529 2069 2605 infidelem,

505 2633 655 2713 qnia
679 2629 864 2691 fidem
891 2627 1142 2708 expellit
1159 2643 1180 2705 3
1216 2627 1294 2688 ad
1325 2625 1754 2706 expellendam
1782 2623 1951 2684 enim
1992 2623 2070 2684 fi-

507 2726 650 2786 dem
677 2743 842 2784 unus
864 2728 1036 2783 actus
1055 2720 1278 2782 erroris
1293 2719 1540 2793 sufficit,
1564 2725 1636 2778 nt
1658 2717 2075 2778 communiter

515 2819 836 2880 asseritur.
864 2828 926 2877 et
944 2815 1010 2875 in
1039 2812 1455 2894 superioribus
1473 2818 1703 2873 tactum
1739 2816 1853 2872 est.

587 2913 646 2975 3.
695 2909 916 2973 Prima
957 2908 1213 2971 assertio
1252 2931 1275 2967 .·
1315 2925 1448 2970 cwm
1500 2911 1738 2987 peccato
1795 2903 2071 2966 commis-

507 3005 698 3068 sionis
726 3010 934 3068 contra
957 3003 1137 3082 fidem
1157 3005 1324 3062 stare
1346 3005 1544 3080 potest
1566 2999 1712 3078 fides
1736 2997 1806 3059 in
1835 2999 2069 3059 homine

501 3092 1224 3177 fideli—Nihilominus
1282 3091 1616 3152 dicendum
1656 3097 1746 3151 est
1789 3107 1965 3170 posse
1997 3089 2067 3150 in

506 3193 758 3251 homine
779 3187 1048 3249 habente
1077 3185 1288 3262 fidem,
1321 3191 1384 3245 et
1405 3183 1710 3245 retinente
1746 3183 1941 3256 illam,
1972 3181 2068 3240 in-

506 3282 706 3344 veniri
756 3286 1075 3361 peccatum
1119 3283 1334 3340 contra
1379 3282 1758 3357 praeceptnm
1791 3273 1935 3335 fidei
1958 3291 2067 3353 per

507 3392 781 3436 errorem
815 3373 1148 3451 positivum
1177 3375 1599 3441 commissum,
1648 3365 1815 3448 quod
1853 3368 1922 3426 in
1949 3366 2067 3428 hac

507 3469 767 3530 materia
804 3473 1125 3548 peccatum
1173 3464 1620 3525 commissionis
1659 3461 2060 3542 appellamus,

505 3563 647 3624 Haec
665 3563 914 3622 assertio
929 3559 1115 3620 latius
1146 3557 1463 3639 probanda
1489 3564 1582 3619 est
1605 3555 1765 3617 infra
1799 3560 2067 3615 tractan-

507 3657 586 3716 do
613 3655 689 3716 de
708 3654 950 3725 haeresi,
975 3659 1039 3713 et
1065 3651 1154 3711 ibi
1183 3649 1488 3712 constabit
1513 3667 1640 3711 esse
1669 3665 2065 3710 communem

509 3747 1048 3811 Scholasticorum.
1083 3746 1257 3805 Nunc
1291 3761 1440 3821 ergo
1469 3742 1767 3822 probatur
1797 3741 2069 3802 breviter

511 3861 588 3904 ex
615 3841 796 3901 dictis
831 3840 897 3899 in
946 3837 1214 3900 sectione
1255 3836 1650 3917 praecedenti,
1682 3835 1825 3915 quia
1867 3833 2067 3894 fidelis

510 3941 709 4016 potest
737 3933 1022 4012 ignorare
1075 3929 1463 4010 culpabiliter
1499 3929 1737 4008 aliquas
1776 3928 2067 3989 veritates

509 4029 699 4090 fidei:
732 4045 880 4106 ergo
923 4042 1064 4086 cnm
1111 4023 1218 4084 illa
1255 4023 1606 4103 ignorantia
1633 4026 1832 4101 potest
1858 4020 1957 4082 vel
1992 4021 2067 4082 de

509 4122 634 4181 illis
679 4119 984 4190 dubitare,
1031 4117 1132 4178 vel
1168 4117 1357 4177 etiam
1408 4114 1731 4176 contrariis
1785 4114 2066 4193 proposi-

510 4213 782 4276 tionibus
802 4212 1122 4286 assentire,
1163 4211 1310 4289 quia
1329 4208 1492 4288 quod
1521 4209 1842 4287 ignoratur
1870 4213 2069 4287 potest

510 4309 698 4368 etiam
725 4307 1033 4366 incertum
1059 4303 1348 4383 judicari,
1385 4308 1446 4363 et
1467 4300 1848 4362 contrarium
1870 4306 2069 4379 potest

510 4400 624 4462 sub
659 4399 868 4478 aliqua
898 4399 1136 4459 ratione
1169 4403 1502 4475 apparente
1533 4394 1631 4456 vel
1657 4393 1932 4454 humana
1957 4412 2068 4454 au·-

509 4494 790 4554 ctoritate
817 4490 1266 4570 repraesentari,
1293 4495 1354 4549 et
1379 4489 1518 4549 ideo
1545 4494 1741 4568 potest
1763 4487 1949 4547 homo
1978 4505 2071 4546 as-

509 4588 738 4647 sentire
768 4606 782 4645 :
812 4593 962 4645 tunc
992 4591 1199 4644 autem
1229 4583 1332 4643 ille
1360 4599 1639 4642 assensus
1675 4598 1802 4640 non
1826 4581 2068 4641 estsine

511 4679 724 4758 aliqua
770 4677 992 4756 culpa3
1039 4695 1186 4754 ergo
1226 4694 1304 4736 ex
1354 4673 1649 4754 culpabili
1714 4673 2069 4752 ignorantia

511 4771 805 4853 procedit.
844 4772 950 4831 Est
993 4788 1140 4848 ergo
1166 4769 1316 4828 illud
1347 4776 1662 4848 peccatum
1690 4767 2040 4827 commissio

509 4880 647 4942 ms3
672 4882 842 4938 nam,
879 4862 1022 4924 licet
1047 4863 1402 4940 ignorantia
1422 4861 1501 4921 sit
1523 4861 1797 4935 omissi0,
1827 4860 2069 4939 operari

510 4977 586 5020 ex
616 4956 971 5037 ignorantia
998 4962 1090 5015 est
1112 4955 1460 5015 commissio
1473 4970 1494 5032 3
1534 4954 1650 5014 hoc
1677 4971 1826 5032 ergo
1857 4969 2070 5033 pecca-

507 5059 644 5111 tum
672 5054 739 5111 in
767 5049 1019 5110 homine
1047 5046 1215 5108 fideli
1243 5047 1514 5108 inveniri
1546 5053 1783 5127 potest3
1810 5047 1933 5106 tale
1962 5065 2071 5106 au-

510 5152 638 5205 tem
689 5148 1008 5223 peccatum
1045 5159 1173 5202 non
1215 5141 1440 5201 sufficit
1491 5141 1571 5200 ad
1616 5139 2069 5201 excludendam

507 5237 718 5312 fidem,
747 5237 894 5315 quia
921 5254 1046 5296 nou
1071 5241 1250 5295 estex
1273 5233 1636 5315 pertinacia,
1669 5233 1775 5293 sed
1799 5251 1874 5294 ex
1894 5233 2069 5311 igno-

504 5333 745 5406 rantia,
807 5329 905 5390 vel
961 5329 1417 5390 inadvertentia
1464 5327 1778 5408 culpabili,
1825 5335 1886 5390 et
1927 5328 2067 5389 ideo

505 5443 633 5485 non
670 5431 759 5484 est
787 5423 1060 5498 haeresis,
1091 5441 1200 5484 seu
1247 5421 1578 5484 infidelitas
1624 5421 1896 5502 propria,
1929 5439 2068 5503 quae

504 5516 635 5580 sola
664 5516 850 5579 fidem
875 5515 1165 5578 excludit.
1194 5517 1398 5580 Potest
1430 5533 1578 5596 ergo
1600 5515 1718 5576 hoc
1744 5521 2065 5595 peccatum

923 378 1160 434 DISPUT.
1195 375 1298 434 XV.
1333 377 1416 432 DE
1447 373 1744 432 PECCATIS
1776 371 2071 431 finanum
2103 373 2347 430 CONTRA
2382 373 2763 432 PnAEcEr‘tuu
2798 373 3111 432 m'rEssNuu
3144 375 3317 432 Fini-21.

2159 480 2603 542 commissionis
2650 479 2919 540 inveniri
2968 479 3039 540 in
3086 478 3327 542 homine
3374 479 3542 561 fideli,
3573 505 3651 550 re-

2155 579 2326 635 tenta
2349 573 2493 635 fide.

2235 668 2293 728 4.
2342 665 2442 729 An
2466 668 2665 747 possit
2700 668 2840 732 dari
2890 685 3060 730 error
3092 665 3158 728 in
3194 667 3305 746 fide
3350 665 3412 728 in
3462 671 3656 736 homine

2146 761 2314 839 fideli
2338 764 2469 822 sine
2496 761 2627 824 ulla
2654 758 3158 842 culpa—Opinio
3192 757 3653 826 Allisiodorensis.

2149 886 2233 900 —
2249 851 2530 916 Aliorum
2581 855 2983 918 sententia.—
3010 851 3244 932 Inquiri
3270 851 3445 914 etiam
3469 861 3655 934 potest,

2152 963 2234 1007 an
2262 965 2297 1007 e
2344 950 2652 1008 contrario
2700 949 2893 1028 possit
2939 947 3082 1008 talis
3128 965 3294 1008 error
3332 947 3569 1008 inveniri
3604 951 3661 1012 in

2152 1038 2407 1100 homine
2432 1041 2601 1102 fideli
2625 1041 2755 1102 sine
2782 1039 2908 1102 ulla
2936 1040 3031 1100 cul
3039 1057 3138 1120 pa.
3154 1040 3305 1100 Nam
3325 1039 3659 1120 Altisiodor.,

2156 1131 2313 1194 libro
2342 1135 2379 1195 3
2410 1135 2677 1208 summ„
2716 1139 2891 1198 tract.
2942 1136 3004 1210 3,
3045 1131 3246 1212 capite
3272 1135 3340 1207 2,
3367 1135 3663 1212 qua-stione

2156 1227 2360 1303 tertia,
2399 1227 2561 1288 circa
2600 1227 2815 1304 finem,
2858 1227 3219 1307 simpliciter
3252 1233 3429 1304 negat
3440 1242 3461 1302 3
3498 1234 3552 1288 et
3577 1247 3664 1308 po-

2157 1321 2279 1381 tuit
2309 1320 2585 1397 fundari,
2615 1321 2762 1400 quia
2810 1321 2861 1381 si
2914 1321 3058 1381 talis
3106 1338 3277 1382 error
3320 1318 3568 1398 procedit
3602 1341 3665 1382 ex

2156 1414 2509 1492 ignorantia
2536 1413 2834 1489 vincibili,
2864 1419 3181 1494 peccatum
3202 1418 3313 1488 est,
3335 1412 3662 1487 utdixim1153

2156 1509 2209 1567 si
2251 1525 2395 1568 vero
2439 1507 2717 1587 procedit
2784 1525 2861 1568 ex
2924 1505 3280 1585 ignorantia
3325 1505 3665 1585 inculpabili,

2156 1601 2343 1661 etiam
2372 1599 2488 1660 hoc
2518 1601 2701 1660 modo
2730 1619 2854 1660 non
2879 1605 3208 1660 excusatur
3243 1616 3281 1657 a
3305 1597 3473 1676 culpa
3502 1599 3669 1676 cnjus·
3730 1637 3735 1642 -
3827 1579 3828 1654 ἶ

2157 1693 2302 1754 dam
2324 1693 2707 1765 temeritatis,
2739 1693 2886 1772 quia
2912 1710 3143 1770 magna
3182 1689 3575 1770 imprudentia
3596 1698 3670 1751 est

2155 1785 2223 1847 in
2251 1785 2433 1848 iebus
2454 1785 2763 1846 (liviniset
2798 1783 3370 1866 supernaturalibus
3404 1783 3669 1864 judicium

2156 1877 2318 1940 serre
2351 1879 2485 1939 sine
2532 1879 2859 1940 sufficienti
2896 1877 3143 1938 illarum
3168 1878 3406 1937 notitia.
3432 1877 3503 1936 Et
3552 1896 3671 1937 con-

2158 1969 2467 2048 firmatur,
2526 1973 2695 2051 quia,
2727 1973 3088 2052 priusquam
3145 1971 3333 2030 homo
3375 1969 3588 2049 judicet
3610 1970 3671 2033 de

2156 2065 2461 2144 ejusmodi
2511 2066 2721 2141 rebuS,
2747 2063 2929 2125 debet
2958 2065 3123 2144 quod
3162 2065 3228 2123 in
3268 2083 3331 2124 se
3370 2069 3457 2124 est
3481 2063 3670 2140 faccre,

2153 2165 2214 2218 et
2243 2159 2629 2238 diligentiam
2654 2156 2946 2218 adhibere
2972 2164 3042 2218 ut
3081 2158 3403 2218 veritatem
3423 2174 3675 2236 assequa-

2152 2257 2292 2327 tur3
2338 2253 2391 2312 si
2418 2257 2626 2312 autem
2662 2251 2778 2311 hoc
2831 2249 3040 2324 faciat,
3082 2251 3244 2310 Deus
3278 2249 3453 2310 illum
3503 2267 3677 2310 errare

2152 2363 2280 2406 non
2310 2347 2644 2425 permittet.
2702 2345 2825 2406 Alii
2874 2343 3271 2422 distinguunt
3321 2343 3475 2403 inter
3533 2357 3677 2404 actus

2151 2438 2318 2514 fidei,
2355 2457 2508 2519 quos
2555 2457 2771 2500 omnes
2818 2437 3029 2499 fideles
3078 2438 3235 2497 scire
3282 2443 3578 2512 tenentur,
3628 2444 3678 2497 et

2151 2532 2303 2594 alias
2320 2553 2416 2594 res
2434 2533 2599 2609 fidei,
2620 2552 2774 2614 quas
2801 2531 3169 2593 subtilitates
3194 2531 3339 2592 fidei
3366 2531 3675 2612 appellant3

2153 2632 2215 2687 et
2261 2627 2327 2687 in
2382 2627 2695 2706 prioribus
2744 2632 2979 2704 negant
3028 2644 3205 2704 posse
3234 2621 3477 2685 fidelem
3503 2642 3678 2685 errare

2154 2719 2287 2780 sine
2309 2720 2510 2800 culpa,
2552 2720 2615 2780 in
2642 2718 3076 2799 posterioribus
3102 2723 3317 2779 autem
3340 2717 3672 2778 concedunt.

2154 2815 2243 2874 lta
2292 2815 2453 2874 sumi
2479 2821 2676 2893 potest
2703 2831 2779 2873 ex
2809 2813 2879 2872 D.
2930 2812 3170 2873 Thoma
3212 2815 3274 2872 2.
3307 2813 3365 2886 2,
3401 2817 3597 2890 quaest.
3626 2813 3677 2887 2,

2150 2913 2267 2966 art.
2301 2907 2362 2976 6,
2410 2906 2486 2967 ad
2539 2905 2931 2982 secundum3.
2972 2911 3034 2965 et
3081 2905 3401 2982 CaietanO,
3438 2901 3675 2978 ibidcm3

2150 2999 2441 3078 Sylvcst„
2492 2998 2679 3059 verbo
2727 2997 2939 3072 Fides,
2972 3001 3191 3076 quaest.
3228 2999 3293 3072 4,
3342 3015 3510 3056 num.
3534 2997 3587 3055 6.
3616 2995 3679 3056 Hi

2149 3106 2358 3152 tamen
2388 3097 2665 3153 auctores
2710 3098 2949 3171 partem
2994 3089 3413 3152 affirmantem
3459 3087 3529 3149 de
3558 3087 3679 3147 sub-

2146 3184 2475 3246 tilitatibus
2503 3183 2651 3246 fidei
2680 3202 2963 3264 expresse
2986 3183 3242 3261 docent3
3285 3183 3431 3264 quia
3454 3199 3595 3262 vero,
3616 3180 3680 3240 dc

2146 3279 2266 3339 illis
2320 3279 2664 3359 specialiter
2731 3277 3092 3357 loquuntur,
3156 3276 3423 3338 alteram
3468 3281 3679 3356 partem

2146 3379 2485 3450 negantem
2531 3371 2808 3432 indicare
2830 3371 3141 3432 videntur.

2229 3469 2287 3528 5.
2342 3463 2624 3528 Secunda
2666 3464 2733 3525 in
2770 3465 2976 3526 ordine
3005 3466 3290 3528 assertio.
3314 3462 3555 3526 —Mihi
3580 3461 3684 3521 alia

2146 3558 2539 3620 distinctione
2573 3557 2869 3618 utendum
2912 3559 3214 3634 occurrit3
3250 3565 3362 3619 aut
3393 3558 3553 3618 enim
3591 3555 3683 3615 ho·

2147 3652 2307 3712 mini
2343 3651 2510 3712 fideli
2558 3668 2884 3729 nunquam
2926 3649 3048 3710 suit
3092 3649 3305 3730 aliqua
3352 3652 3570 3711 veritas
3612 3650 3685 3708 ita

2148 3746 2523 3808 sufficienter
2557 3745 2902 3826 proposita,
2944 3750 3014 3804 ut
3054 3764 3158 3824 per
3209 3745 3404 3807 fidem
3444 3744 3685 3804 infusam

2147 3841 2319 3900 illam
2348 3839 2596 3899 credere
2625 3839 2896 3918 potuerit
2924 3845 2985 3898 et
3012 3837 3295 3899 debuerit
3311 3856 3333 3917 3
3364 3839 3459 3899 vel
3488 3837 3558 3897 dc
3578 3836 3685 3896 fac-

2147 3939 2211 3993 to
2245 3932 2415 3993 illam
2444 3931 2726 4006 credidit,
2766 3941 2875 3991 aut
2903 3930 3125 3991 habuit
3150 3930 3458 4010 ejusmodi
3488 3945 3687 4010 propo·

2148 4026 2435 4086 sitionem
2484 4023 2893 4086 sufficientem
2942 4022 3088 4084 fidei
3138 4025 3495 4104 aliquando.
3562 4024 3686 4082 Dico

2150 4118 2340 4196 igitur
2366 4135 2543 4197 posse
2589 4116 2833 4177 fidelem
2864 4117 2996 4177 sine
3039 4115 3222 4196 culpa
3246 4115 3576 4196 aliquando
3606 4132 3686 4175 er-

2148 4229 2288 4271 rare
2317 4213 2479 4271 circa
2504 4211 2829 4272 veritatem
2860 4208 3004 4270 fidei
3030 4227 3357 4290 nunquam
3400 4209 3515 4270 sibi
3558 4206 3687 4267 satis

2150 4304 2557 4383 propositam3
2582 4303 2700 4364 hoc
2725 4304 3027 4382 imprimis
3050 4308 3287 4364 certum
3313 4310 3406 4364 cst
3430 4303 3497 4362 in
3518 4300 3689 4362 subti-

2149 4395 2427 4456 litatibus
2451 4394 2619 4471 fidei,
2646 4395 2707 4456 id
2739 4403 2851 4471 est,
2884 4397 2950 4456 in
2983 4395 3273 4457 omnibus
3305 4415 3445 4476 quae
3469 4413 3587 4455 non
3614 4400 3691 4452 te·

2151 4493 2379 4550 nentur
2410 4487 2620 4548 fideles
2666 4507 2741 4548 ex
2784 4495 3084 4568 praecepto
3140 4489 3315 4550 scire.
3374 4487 3688 4558 Probatur,

2150 4583 2297 4661 quia
2324 4581 2457 4642 haec
2483 4581 2923 4642 invincibiliter
2947 4581 3349 4660 ignorantur,
3396 4587 3465 4641 ut
3501 4599 3603 4660 per
3635 4595 3689 4638 sc

2148 4682 2339 4756 patet,
2381 4681 2443 4736 et
2480 4681 2680 4736 stante
2706 4675 2815 4735 illa
2855 4674 3228 4754 ignorantia,
3260 4681 3463 4756 potest
3500 4691 3689 4735 occur·

2148 4788 2283 4831 rere
2311 4771 2470 4830 ratio
2500 4767 2597 4828 vel
2638 4770 2993 4845 auctoritaS,
3028 4787 3165 4848 quae
3212 4767 3609 4849 probabiliter
3638 4771 3690 4825 ct

2149 4863 2282 4924 sine
2314 4862 2661 4923 temeritate
2685 4861 3005 4922 hominem
3028 4861 3315 4941 decipiat,
3360 4867 3430 4922 ut
3470 4859 3690 4922 contin-

2150 4957 2243 5036 git
2272 4958 2337 5017 in
2356 4973 2745 5036 quacumque
2771 4955 3032 5017 materia
3068 4974 3196 5016 non
3223 4955 3531 5030 evidenti;
3558 4969 3689 5029 ergo

2150 5051 2215 5110 in
2262 5049 2382 5110 tali
2433 5066 2684 5110 assensu
2720 5047 2891 5109 nulla
2931 5054 3079 5109 tunc
3124 5050 3242 5110 erit
3294 5048 3513 5128 culpa,
3560 5045 3690 5125 quia

2150 5143 2504 5223 ignorantia
2550 5142 2925 5203 invincibilis
2970 5149 3119 5203 tunc
3156 5149 3407 5204 excusat
3449 5160 3486 5202 a
3530 5139 3690 5217 culpa

2150 5244 2363 5300 contra
2384 5238 2573 5299 fidem
2591 5253 2613 5315 3
2657 5238 2960 5298 motivum
3006 5244 3216 5298 autem
3247 5253 3565 5298 occurrens
3596 5251 3691 5293 cx·

2150 5338 2325 5392 cusat
2350 5350 2389 5392 a
2416 5331 2760 5391 temeritate
2784 5330 3024 5408 judicii,
3058 5339 3120 5394 et
3152 5332 3237 5392 ita
3265 5329 3524 5390 solvitur
3548 5327 3690 5387 ratio

2147 5423 2664 5486 AltisiodorensiS.
2698 5423 2819 5484 Nec
2848 5423 2914 5483 in
2943 5423 3039 5485 his
3076 5423 3261 5485 rebus
3288 5423 3308 5501 (
3326 5428 3395 5482 ut
3422 5421 3581 5496 dixi)
3609 5423 3691 5479 est

2148 5515 2366 5596 regula
2400 5521 2590 5593 certa,
2618 5515 2783 5597 quod
2820 5516 2975 5579 Deus
3002 5535 3209 5581 errare
3232 5535 3357 5578 non
3388 5513 3691 5596 permittat
