3900 6217
745 366 918 423 amr.
951 368 1012 421 V.
1047 368 1131 423 Ar«
1163 370 1254 423 ΒΕ·
1273 370 1548 424 RATIONE
1580 370 1790 425 Pium
1819 370 2151 425 vsmu'ns
2180 372 2279 428 sn·
2309 370 2433 426 NON
2464 368 2671 435 POSSE,
2706 368 2843 423 mc.

183 468 343 531 Pauli
371 489 390 527 :
419 468 700 549 Empta·
731 470 890 551 quod.
923 470 1190 536 traalait
1231 486 1326 537 ao«
1367 472 1534 534 Dm
1561 472 1630 533 in
1653 488 1750 535 ro-

175 562 422 647 proboem
459 578 736 627 smm-
779 563 953 625 Multi
981 562 1174 625 etiam
1201 564 1504 645 Theologi
1528 564 1748 629 dicunt

179 655 502 729 inclinare,
535 655 666 716 imo
699 661 764 717 et
795 656 1224 719 determinare
1247 658 1637 719 voluntatem
1665 658 1746 719 ad

173 749 450 825 malum,
495 750 730 812 saltem
773 766 890 829 pro
937 744 1287 824 materiali3
1341 768 1492 831 ergo
1539 756 1780 831 potest·

173 843 357 905 etiam
406 844 726 906 inclinare
761 844 869 908 vel,
893 844 1312 908 determinare
1355 845 1437 906 ad
1483 846 1738 921 falsum,

175 936 314 1017 qnia
332 932 501 997 illud
521 945 770 999 tantum
795 944 894 1000 est
919 940 1245 1003 materiale
1271 939 1591 1018 quoddam
1613 958 1747 1003 ma-

175 1032 298 1091 lum
325 1048 408 1092 ex
445 1038 636 1110 parte
659 1032 798 1112 ejus
837 1033 948 1113 qui
975 1032 1305 1111 decipitur,
1355 1040 1418 1094 et
1453 1052 1530 1095 ex
1565 1038 1743 1113 parte

177 1126 278 1187 Dei
307 1142 443 1187 non
471 1132 574 1187 est
609 1144 726 1187 cur
761 1127 996 1190 haheat
1035 1128 1342 1208 majorem
1370 1128 1746 1199 ,deformita-

181 1228 360 1281 tatem
401 1221 530 1283 hoc
571 1222 886 1300 posterius
919 1238 1113 1301 quam
1137 1221 1294 1283 iilud
1334 1225 1542 1301 prius;
1589 1240 1744 1303 ergo

179 1314 390 1379 eadem
421 1315 676 1377 ratione
697 1321 904 1395 potest
929 1317 1100 1377 Deus
1125 1315 1458 1377 testificare
1490 1317 1740 1391 falsum,

179 1408 312 1487 quia
339 1424 476 1471 non
512 1409 729 1470 miuus
763 1409 1099 1473 efficaciter
1131 1414 1232 1473 est
1277 1428 1466 1471 causa
1515 1412 1744 1473 erroris

179 1502 533 1563 inclinando
561 1502 824 1565 interius
864 1520 1056 1583 quam
1093 1502 1526 1577 testificando;
1561 1510 1623 1565 et
1661 1506 1745 1565 si-

179 1596 315 1657 mile
356 1601 813 1674 argumentum
852 1596 1018 1658 sumi
1059 1601 1288 1677 potest.
1315 1612 1394 1658 ex
1442 1614 1520 1659 eo
1571 1598 1742 1678 quod

179 1690 332 1749 Deus
359 1694 575 1766 potest
601 1687 935 1749 infundere
958 1688 1241 1750 habitum
1281 1688 1454 1750 falsas
1495 1690 1742 1769 opinio—

179 1782 286 1854 nis,
339 1788 408 1843 et
441 1781 704 1858 similia,
759 1781 826 1843 in
869 1780 1102 1860 quibus
1153 1782 1560 1845 contradictio
1611 1800 1742 1845 non

175 1882 450 1954 apparet.

239 1968 300 2031 6.
342 1968 582 2032 Prima
621 1968 882 2031 anemio
915 1966 1230 2047 bipertita.
1279 2000 1364 2014 ··--
1402 1970 1496 2033 Do
1544 1972 1744 2051 yradu

173 2064 555 2126 certitudinis
613 2078 737 2125 non
793 2063 1152 2127 convenient
1206 2064 1493 2127 Dootom
1551 2066 1749 2145 quoad

167 2159 307 2221 dnae
327 2162 578 2237 por-ees.
623 2186 710 2202 —
737 2156 1046 2219 Probum
1085 2160 1288 2221 tamen
1325 2174 1452 2219 esse
1501 2156 1570 2219 do
1597 2158 1740 2237 fide,

155 2251 350 2333 prino
373 2268 455 2315 w
485 2249 858 2332 Scriptum.
861 2280 946 2295 —-
961 2250 1376 2311 Nihilominus
1401 2250 1740 2313 dicendum

157 2350 244 2406 est
283 2345 522 2423 primo,
560 2344 770 2405 Deum
809 2360 928 2405 nec
971 2343 1052 2405 de
1083 2344 1366 2423 potentia
1399 2344 1738 2419 ordinaria,

153 2454 264 2499 nec
311 2437 400 2499 de
452 2436 762 2497 absoluta
793 2436 1023 2497 falsum
1063 2442 1176 2500 aut
1211 2437 1610 2499 mendacium
1651 2438 1747 2499 di-

147 2548 287 2592 cere
311 2546 538 2611 posse.
585 2531 766 2591 Hanc
797 2530 1208 2592 assertionem
1243 2531 1456 2610 quoad
1477 2532 1744 2611 primam

145 2630 415 2704 partem,
447 2626 543 2686 de
589 2626 874 2704 potentia
915 2623 1256 2699 ordinaria,
1299 2625 1581 2687 fatentur
1613 2642 1748 2686 om-

144 2738 254 2781 nes
301 2719 636 2798 Theologi
677 2734 824 2781 esse
867 2719 948 2781 de
997 2719 1161 2793 fide,
1146 2738 1160 2755 ·
1216 2720 1427 2797 quoad
1473 2721 1738 2783 alteram

147 2832 316 2887 vero,
339 2815 566 2876 solum
591 2814 835 2877 docent
855 2814 1024 2875 illam
1057 2820 1126 2877 ut
1153 2816 1516 2895 opinionem
1537 2816 1740 2878 Theo-

153 2908 442 2987 logicam,
469 2909 644 2969 dum
685 2908 1054 2987 simpliciter
1087 2909 1410 2970 resolvunt
1433 2909 1580 2971 fidei
1607 2926 1737 2971 non

167 3018 348 3079 posse
391 2988 661 3061 subesse
709 3000 960 3061 falsum.
1005 3001 1359 3076 Dur-andus,
1399 3002 1466 3062 in
1496 2988 1556 3079 3,
1589 3002 1731 3065 dist.

165 3096 260 3167 2⁴,
289 3112 350 3173 q.
375 3096 436 3165 2,
467 3098 538 3156 et
557 3093 762 3155 latius
781 3093 1005 3173 Major,
1036 3094 1098 3169 3,
1133 3094 1196 3155 d.
1233 3094 1337 3170 38,
1365 3112 1429 3173 q.
1462 3096 1521 3171 ὁ,
1555 3112 1734 3159 conc.

151 3190 220 3259 ις
247 3189 466 3261 Μαι-3.,
499 3188 578 3248 iu
619 3189 683 3260 3,
721 3202 785 3266 q.
811 3190 914 3260 14,
947 3195 1063 3249 art.
1093 3189 1167 3262 23
1191 3185 1600 3269 GregoriuS,
1583 3208 1650 3251 m
1675 3194 1737 3265 1,

151 3284 284 3344 dist.
315 3284 422 3355 42,
455 3297 532 3362 q.
565 3284 636 3355 4,
667 3286 792 3343 art.
820 3284 879 3355 1,
899 3288 1204 3344 etomnes
1225 3282 1511 3344 moderni
1539 3284 1741 3345 Theo-

147 3376 262 3455 logi
305 3376 416 3435 hie
435 3424 454 3449 ‚
507 3381 638 3436 art.
677 3376 757 3447 33
814 3375 1117 3449 Valentia,
1164 3374 1354 3437 citato
1413 3382 1628 3457 punct.
1663 3376 1700 3438 3
1719 3422 1736 3453 ,

151 3468 316 3549 subg
345 3466 497 3531 Nee
519 3470 604 3531 de
631 3467 916 3550 potentia
936 3468 1232 3541 absoluta,
1265 3474 1427 3541 etc.;
1462 3469 1736 3543 etCanO,

149 3562 186 3621 l.
215 3564 256 3621 Ξ
297 3561 386 3622 de
419 3562 640 3635 lancie,
671 3576 812 3639 cap.
859 3562 918 3621 3.
951 3560 1100 3622 Mihi
1130 3566 1262 3621 tarn
1288 3565 1460 3623 certa
1495 3561 1742 3624 videtur

151 3674 286 3734 pars
314 3654 660 3734 posterior
715 3654 872 3715 sicut
926 3653 1138 3733 prior,
1196 3660 1332 3716 tum
1383 3654 1532 3733 quia
1571 3655 1742 3733 prior

155 3751 281 3810 sine
313 3748 694 3829 posteriore
735 3750 917 3807 certa
955 3764 1096 3808 esse
1122 3764 1251 3808 non
1287 3750 1516 3829 potest,
1551 3750 1622 3809 ut
1648 3764 1745 3809 os·

155 3842 406 3903 tendam
435 3860 454 3913 ς
497 3844 650 3901 tum
683 3840 877 3901 etiam
913 3841 1058 3919 quia
1089 3840 1404 3919 Scriptura
1435 3846 1498 3903 et
1529 3842 1744 3903 Patres

157 3935 484 4014 aequaiiter
539 3938 840 4013 utramqu
853 3950 891 3994 e
935 3933 1185 3995 docent.
1219 3932 1526 3995 Probatur
1586 3954 1738 4014 ergo

157 4030 348 4107 primo
397 4026 742 4105 Scriptura
785 4026 868 4087 ad
921 4026 1112 4089 Hehr.
1155 4028 1196 4088 6
1229 4046 1245 4087 2
1299 4027 1382 4093 Ut
1414 4044 1530 4112 per
1585 4028 1740 4093 duas

159 4142 244 4185 m
273 4121 655 4190 immobiles,
711 4121 926 4202 quibus
962 4120 1328 4203 impossibile
1367 4128 1460 4185 est
1489 4120 1740 4185 mentiri

159 4218 366 4289 Dum,
385 4214 836 4295 firmi-remum
861 4210 1144 4278 solatium
1184 4216 1501 4279 habeamus
1517 4240 1544 4288 ‚·
1594 4215 1738 4276 duae

161 4316 364 4371 autem
407 4306 542 4369 mue
599 4324 704 4369 res
743 4312 900 4368 sunt·
927 4308 1190 4370 assertio
1239 4324 1352 4369 seu
1413 4308 1740 4386 promissio

155 4405 277 4479 Dei,
311 4408 382 4465 et
417 4402 910 4483 juramentnm3
957 4405 1054 4464 est
1108 4407 1318 4463 autem
1365 4401 1690 4462 sciendum
1718 4404 1738 4442 ¹

149 4497 595 4574 juramentum
650 4495 764 4555 Dei
820 4509 950 4555 non
1015 4492 1250 4557 addere
1306 4494 1742 4558 certitudinem

159 4590 328 4651 dietis
355 4590 478 4650 Dei
507 4587 864 4649 secundum
893 4606 985 4663 se,
1029 4586 1177 4649 licet
1203 4586 1385 4650 nobis
1423 4588 1738 4649 interdum

157 4681 234 4742 ita
271 4682 616 4762 loquatur,
657 4681 807 4759 quia
850 4680 957 4742 illo
983 4681 1174 4743 modo
1215 4682 1490 4742 solemus
1537 4680 1740 4741 conci-

159 4794 300 4855 pere
327 4776 662 4856 maiorem
691 4774 1241 4849 asseverationem,
1275 4778 1340 4837 et
1366 4774 1730 4848 certiorem3

159 4887 295 4930 enm
337 4874 576 4931 tamen
626 4868 798 4929 Deus
858 4884 985 4928 non
1045 4868 1278 4930 habeat
1321 4868 1624 4948 majorem
1665 4886 1736 4930 se

157 4980 264 5041 per
289 4980 492 5044 quem
512 4963 710 5043 juret,
733 4960 974 5023 tautum
999 4978 1114 5043 per
1138 4980 1204 5023 se
1224 4960 1434 5041 ipsum
1451 4962 1644 5042 jurat,
1675 4968 1740 5024 et

159 5056 292 5118 ideo
331 5058 784 5137 juramentum
830 5054 968 5135 ejus
1011 5072 1142 5117 non
1203 5054 1379 5117 addit
1408 5055 1738 5116 auctorita-

161 5156 280 5211 tem
320 5150 504 5213 dieto
561 5148 739 5230 ejus3
781 5148 943 5211 sicut
990 5166 1143 5229 ergo
1192 5148 1574 5227 impossibile
1613 5154 1732 5223 est,

239 5342 258 5376 ⁸
299 5334 584 5399 conside
633 5339 982 5408 auctorem,
1021 5334 1086 5396 in
1134 5331 1368 5396 Relect.
1399 5333 1478 5396 de
1519 5332 1734 5397 Liber-

173 5436 286 5491 tate
325 5430 462 5505 Dei,
493 5426 665 5509 disp.
709 5432 772 5497 1,
803 5433 955 5491 sect.
989 5428 1050 5499 Ξ,
1083 5432 1148 5488 et
1173 5426 1217 5487 l.
1253 5429 1282 5487 1
1337 5424 1416 5488 de
1458 5430 1727 5498 Juram.,

177 5540 224 5581 t.
261 5528 348 5587 u.

3313 367 3389 428 ΞΠ

1827 477 1989 534 teste
2019 474 2235 550 Panlo,-
2262 476 2463 535 Deum
2488 472 2739 534 mentiri
2768 490 2912 533 cum
2941 472 3219 553 loquitur
3248 490 3393 535 cum

1807 574 1814 579 '
1820 568 2207 645 juramento,
2254 569 2339 629 ita
2384 566 2574 629 etiam
2614 582 2758 628 cum
2792 566 3157 645 simpliciter
3192 564 3393 645 loqui-

1826 665 1948 721 tur.
1998 661 2175 733 Quod
2202 666 2414 724 autem
2450 660 2603 721 illud
2644 660 3027 741 impossihile
3056 658 3135 721 sit
3160 658 3393 739 simpli·

1827 754 2002 830 citer,
2030 755 2508 836 intelligendum
2534 754 2601 815 in
2632 754 2849 816 ordine
2886 753 2968 814 ad
2994 770 3249 815 omnem
3278 770 3393 835 po-

1821 850 2127 911 tentiam:
2166 850 2488 931 probatur,
2541 851 2685 930 quia
2730 849 2899 910 alias
2938 866 3069 910 non
3108 848 3394 927 firmissi-

1825 958 2002 1002 mum
2044 944 2335 1005 solatium
2372 945 2799 1005 haberemus:
2840 940 3176 1003 formidare
3222 942 3393 1003 enim

1825 1052 2153 1113 possemus
2195 1054 2277 1097 an
2304 1039 2472 1098 Deus
2522 1038 2803 1099 uteretur
2828 1054 2942 1096 sua
2968 1034 3393 1117 potentia-ab·

1825 1129 2051 1191 soluta.
2103 1130 2343 1193 Deinde
2418 1137 2512 1193 est
2582 1130 2885 1210 optimum
2940 1126 3389 1204 testimonium,

1825 1224 2080 1285 Numer.
2116 1222 2197 1286 23
2230 1242 2245 1284 ε
2276 1223 2422 1289 Non
2460 1230 2551 1288 est
2601 1224 2765 1288 Deus
2800 1224 2875 1287 ut
2899 1222 3089 1296 homo,
3120 1226 3195 1285 ut
3230 1240 3394 1285 men-

1825 1317 2045 1391 tia-tur,
2094 1334 2201 1381 neo
2226 1322 2298 1381 ut
2334 1315 2509 1395 filius
2552 1316 2832 1391 hominis,
2862 1320 2935 1380 at
2964 1320 3233 1380 mutetur
3261 1340 3289 1389 ;
3321 1311 3391 1377 in

1821 1426 1949 1491 quo
1970 1411 2326 1473 testimonio
2351 1412 2478 1473 duo
2518 1410 2793 1473 notanda
2822 1415 3007 1471 sunt:
3044 1428 3240 1470 unum
3272 1414 3389 1480 est,

1821 1520 1952 1565 non
1981 1506 2189 1566 minus
2216 1504 2303 1566 ibi
2336 1502 2657 1579 affirmari,
2684 1503 2816 1567 Deo
2843 1520 3198 1583 repugnare
3218 1520 3394 1563 men-

1823 1597 2073 1659 dacium
2130 1616 2320 1678 quam
2376 1594 2829 1670 mutationem3
2881 1601 2975 1658 est
3014 1598 3221 1657 autem
3272 1595 3395 1656 im-

1823 1692 2123 1773 possibile
2148 1692 2225 1754 de
2248 1692 2533 1772 potentia
2558 1692 2842 1754 absoluta
2872 1690 3071 1753 Deum
3116 1690 3344 1753 mutari
3369 1708 3388 1764 ;

1823 1804 1977 1865 ergo
2011 1784 2401 1865 impossibile
2444 1791 2535 1847 est
2587 1786 2811 1847 eodem
2846 1785 3036 1847 modo
3088 1784 3337 1846 mentiri
3354 1802 3385 1857 ·;

1822 1878 1996 1940 aliud
2042 1884 2157 1953 est,
2200 1896 2349 1940 cum
2382 1880 2561 1941 Deus.
2582 1879 2664 1941 ad
2707 1876 3027 1940 hominem
3069 1892 3393 1957 compara-

1823 1978 1944 2046 tur,
1998 1990 2129 2033 non
2178 1971 2525 2052 comparari
2580 1972 2931 2034 secundum
2976 1976 3219 2045 actum;
3268 1971 3391 2031 hoc

1823 2066 1995 2127 enim
2037 2066 2227 2128 modo
2256 2112 2271 2140 ‚
2327 2084 2451 2127 non
2510 2084 2730 2127 omnes
2798 2066 3087 2127 homiues
3139 2062 3393 2126 mentiti

1823 2163 1976 2221 sunt
2008 2158 2368 2238 aliquando,
2408 2164 2479 2221 ut
2523 2166 2695 2239 patet
2738 2160 2819 2221 de
2872 2159 3128 2241 Virgine
3166 2162 3379 2232 beata,

1827 2255 1891 2314 et
1931 2252 2011 2314 de
2032 2254 2277 2315 Joanne
2306 2253 2583 2332 Baptista
2611 2272 2627 2327 ς
2676 2260 3075 2333 comparatur
3116 2272 3264 2335 ergo
3290 2270 3393 2314 se-

1826 2344 2103 2409 cundum
2146 2347 2554 2426 capacitatem
2582 2394 2598 2421 ,
2648 2348 2795 2429 quia
2846 2348 2953 2409 Dei
2989 2352 3211 2409 natura
3258 2366 3389 2409 non

1824 2446 1920 2502 cst
1943 2458 2143 2521 capax
2170 2438 2502 2512 mendacii,
2536 2441 2697 2503 sicut
2716 2445 2809 2503 est
2836 2442 3116 2504 humana
3136 2448 3383 2517 natura,

1825 2540 1892 2595 et
1919 2533 2061 2594 ideo
2081 2550 2195 2614 per
2233 2534 2732 2596 antonomasiam
2762 2534 2988 2597 dicitur
3004 2536 3174 2597 Deus
3202 2552 3389 2599 verax

1827 2626 1890 2685 in
1934 2626 2273 2706 Scriptura,
2306 2633 2368 2687 et
2405 2642 2534 2687 non
2578 2626 2853 2704 mentiri,
2886 2627 3120 2689 scilicet
3158 2628 3239 2689 ad
3262 2627 3383 2689 Tit.

1819 2722 1857 2781 3
1885 2738 1899 2780 ε
1935 2720 2054 2793 Qui
2080 2738 2199 2781 non
2224 2721 2519 2783 mentitur
2551 2722 2715 2786 Deus
2732 2748 2753 2796 ,⁶
2786 2729 2851 2784 et
2888 2722 2968 2783 ad
3008 2724 3269 2783 Roman.
3304 2724 3381 2783 3:

1816 2812 1946 2877 Est
1997 2818 2197 2877 antem
2241 2815 2405 2878 Dour
2459 2832 2648 2879 verax
2662 2861 2677 2886 ‚
2735 2816 2929 2878 omnis
2967 2820 3168 2879 autem
3218 2814 3387 2877 homo

1816 2908 2121 2978 mendam·
2151 2912 2212 2967 et
2239 2906 2465 2970 Joann.
2501 2910 2575 2970 3:
2626 2904 2745 2983 Qui
2790 2908 3014 2991 accipit
3049 2907 3181 2989 ejus
3216 2906 3388 2971 testi-

1817 2999 2105 3073 monium,
2134 2998 2503 3083 siym'fioavit
2537 3002 2681 3084 quia
2717 3002 2879 3065 Deus
2920 3018 3109 3066 veram
3135 3004 3247 3077 est,
3278 3018 3389 3061 ve-

1819 3093 2023 3167 ritate,
2068 3092 2324 3167 scilicet,
2358 3111 2501 3173 quae
2538 3112 2667 3155 non
2714 3094 2984 3157 admittit
3026 3094 3385 3167 falsitatem,

1821 3186 1968 3267 quia
2010 3187 2131 3247 hoc
2178 3186 2369 3248 modo
2417 3188 2731 3268 accipiunt
2776 3188 2913 3269 ejus
2958 3188 3387 3251 testimonium

1820 3280 1928 3361 qui
1974 3279 2237 3343 credunt
2290 3282 2360 3341 in
2397 3280 2574 3343 illum
2610 3301 2626 3356 ;
2656 3282 2745 3344 sic
2805 3283 2995 3343 etiam
3035 3282 3261 3347 Joann.
3296 3282 3334 3343 8
3366 3298 3381 3341 ε

1827 3372 1947 3447 Qui
1970 3374 2147 3439 misit
2184 3392 2277 3438 me
2317 3392 2503 3439 ceraso
2540 3382 2649 3440 est.
2700 3376 2872 3438 Facit
2920 3375 3192 3455 denique
3233 3373 3387 3437 illud

1820 3466 2039 3528 Matth.
2072 3469 2191 3529 24:
2229 3464 2451 3533 C'oelum
2498 3474 2559 3532 et
2600 3474 2769 3533 terra
2812 3470 3184 3544 transibunt,
3212 3468 3389 3533 verba

1821 3564 2023 3623 autem
2054 3580 2187 3625 mea
2215 3580 2334 3625 non
2364 3564 2721 3627 transibunt
2738 3586 2763 3637 ;
2800 3560 3065 3641 perinde
3097 3562 3264 3623 enim
3294 3564 3391 3623 est

1827 3668 1901 3715 ac
1936 3656 1989 3715 si
2016 3652 2255 3717 diceret
2286 3675 2302 3715 ε
2357 3654 2595 3717 Coelum
2630 3660 2691 3717 et
2716 3662 2884 3717 terra
2927 3654 3197 3717 deficere
3242 3672 3390 3733 pos-

1825 3752 1993 3821 sunt,
2035 3746 2251 3828 utique
2300 3748 2379 3810 de
2420 3749 2705 3829 potentia
2752 3746 3063 3821 absoluta,
3108 3766 3258 3807 nam
3305 3748 3385 3808 de

1825 3840 2137 3903 ordinaria
2164 3860 2293 3904 non
2322 3842 2615 3904 deficient
2630 3864 2648 3918 ;
2680 3840 2872 3903 verba
2902 3848 3113 3902 autem
3165 3838 3387 3902 Christi

1821 3951 1936 4015 per
1961 3934 2199 3997 nullam
2212 3936 2558 4015 potentiam
2582 3935 2740 3997 falsa
2773 3952 2911 3997 esse
2938 3936 3299 4015 potuerunt.

1901 4031 1962 4090 7.
2009 4024 2321 4093 Probatur
2344 4030 2592 4093 secundo
2607 4046 2679 4093 ⁶oe
2705 4028 3023 4093 Patribus.
3048 4062 3128 4075 —
3150 4030 3385 4091 Secun-

1820 4122 1901 4183 do
1927 4120 2231 4203 probatur
2249 4138 2327 4184 ex
2356 4120 2676 4183 Patribus:
2702 4122 2999 4201 Dionysio
3018 4168 3034 4198 ‚
3062 4138 3199 4203 cap.
3232 4122 3271 4182 8
3305 4116 3384 4182 de

1819 4213 2022 4277 Divin.
2054 4214 2293 4277 nomin.
2325 4232 2341 4276 :
2387 4212 2442 4278 A
2476 4216 2738 4279 veritate
2762 4214 2999 4289 cadere,
3053 4232 3093 4279 a
3133 4211 3256 4278 Deo
3297 4220 3389 4279 est

1824 4310 2071 4383 omen,-
2093 4326 2241 4389 quo,
2276 4306 2425 4388 quid
2448 4306 2897 4387 impossibilius
2924 4306 3051 4370 Deo
3074 4326 3090 4381 ;
3122 4306 3387 4370 Ambro-

1824 4402 1938 4475 sio,
1985 4399 2049 4463 in
2104 4399 2627 4463 Annotation-ibus
2667 4399 2749 4464 ad
2783 4418 2919 4481 cap.
2968 4399 3048 4462 23
3094 4400 3381 4475 Numer„

1824 4494 1979 4555 alias
2016 4492 2123 4555 lib.
2168 4494 2231 4569 6,
2264 4494 2443 4574 epist.
2477 4496 2513 4557 3
2554 4492 2637 4556 ad
2690 4491 3093 4569 cromatium,
3124 4493 3232 4555 uhi
3282 4512 3384 4555 ex·

1823 4585 2107 4669 pendens
2128 4586 2320 4649 verba
2336 4586 2501 4648 illius
2522 4584 2761 4667 capitis»,
2782 4593 2855 4648 et·
2870 4584 3071 4663 Pauli,
3086 4586 3168 4649 ad
3188 4586 3378 4648 Hebr.

1816 4681 1857 4742 6
1889 4726 1904 4755 ,
1937 4698 2127 4761 supra
2194 4680 2462 4743 adducta
2496 4725 2512 4755 ‚
2556 4675 2760 4760 inquit
2789 4697 2806 4739 :·
2852 4676 3233 4762 Impossibile
3281 4680 3387 4743 7⁴00

1815 4790 1936 4835 non
1946 4776 2333 4855 infirmitatis
2352 4778 2465 4847 esc,
2498 4772 2606 4836 aad
2626 4771 2883 4840 virtutis
2912 4780 2973 4837 et
2995 4774 3339 4855 majestatis
3355 4798 3381 4848 ;

1817 4873 1912 4931 est
1933 4868 2090 4930 enim
2109 4866 2479 4949 impossibile
2506 4866 2631 4932 Deo
2654 4866 2812 4949 quod
2835 4872 3075 4931 παίω-ω
3102 4868 3234 4947 ejus
3250 4882 3385 4929 oon-

1819 4958 2082 5025 tran‘wm
2110 4967 2221 5035 est,
2260 4976 2379 5023 non
2416 4962 2574 5042 quod
2614 4958 2834 5024 virtuti
2871 4969 2966 5026 est
3004 4960 3284 5037 arduum,
3325 4966 3386 5024 et

1816 5054 1909 5119 ita
1941 5057 2171 5119 veritas
2207 5070 2327 5119 mm
2363 5052 2583 5137 recipit
2612 5053 2982 5121 mendacium
2993 5079 3022 5127 ,·
3059 5055 3148 5119 sic
3192 5053 3381 5115 etiam

1818 5147 2197 5209 Athanasius
2226 5194 2242 5225 ,
2292 5147 2400 5211 lib.
2447 5146 2526 5209 de
2575 5146 2888 5214 Incarnat.
2916 5148 3103 5211 Verbi
3132 5196 3148 5225 ‚
3196 5146 3381 5211 infert

1814 5240 2214 5304 mendacium
2238 5257 2371 5303 non
2415 5254 2599 5321 posse
2630 5240 2894 5303 inveniri
2929 5242 2995 5302 in
3027 5244 3181 5318 De0,
3232 5242 3380 5322 quia

1817 5332 1969 5395 alias
2013 5352 2141 5395 non
2190 5342 2356 5397 esset
2391 5335 2595 5408 Deus;
2630 5350 2819 5415 quam
2850 5332 3189 5397 illationem
3240 5352 3379 5415 pro-

1813 5428 1922 5489 bat
1951 5426 2306 5501 AnselmuS,
2352 5429 2393 5489 l.
2443 5433 2469 5489 1
2514 5428 2636 5489 Cur
2685 5426 2851 5487 Deus
2896 5424 3084 5487 homo
3112 5471 3128 5501 ‚
3165 5444 3219 5487 c.
3257 5428 3373 5487 12:

1819 5519 1979 5597 Quia
2016 5537 2137 5586 non
2178 5520 2309 5586 mdc
2366 5520 2613 5605 mentiri
2658 5520 2935 5585 voluutas
2984 5518 3113 5583 nisi
3149 5515 3216 5583 in
3259 5536 3381 5600 qua
