3900 6217
597 466 764 519 SECT.
802 467 864 520 11.
899 468 983 520 AN
1015 466 1310 521 Eccmsm
1341 466 1542 519 RECTE
1573 462 1922 517 Paolum-:AT
1955 464 2413 518 RAEREnconuM
2446 464 2681 528 LIBROS,
2716 464 2851 518 Em.
3214 462 3327 523 501

218 574 274 631 7.
321 568 586 649 ,Denique
640 585 714 631 em
767 567 1026 631 ratione.
1081 600 1162 613 -
1215 568 1446 629 Ultimo
1501 564 1685 627 facile
1767 562 1922 625 alios
1947 564 2137 625 refert
2184 565 2251 626 in
2292 565 2544 641 Direct.,
2598 568 2634 626 2
2664 570 2851 644 part„
2882 582 3017 644 cap.
3053 568 3116 641 4,
3156 566 3333 627 Com-

145 681 442 747 possumus
498 661 614 723 hoc
671 662 912 723 ratione
975 663 1298 725 ostendere
1361 684 1377 721 :
1435 662 1638 741 primo
1666 706 1680 733 ‚
1765 668 1962 718 ment.
1988 660 2061 732 33
2096 658 2405 735 Farinac.,
2438 658 2515 719 de
2546 657 2792 733 Haeresi,
2826 663 3042 737 quaest.
3086 660 3236 736 1803
3273 664 3339 721 et

145 760 274 838 quia
299 757 372 819 ad
393 755 860 817 detestationem
885 772 1165 817 errorum
1199 756 1288 816 ita
1329 755 1464 816 fieri
1505 771 1682 834 opor·
1762 750 2159 829 Reginaldus,
2198 750 2267 811 in
2296 752 2502 826 Praxi,
2537 750 2647 811 lib.
2690 752 2752 822 9,
2786 768 2918 830 cap.
2954 753 3031 813 14
3047 768 3066 829 ;
3110 756 3171 812 et
3214 770 3331 831 ego

143 858 221 913 tet
260 872 276 909 :
319 847 584 909 secundo
631 846 711 907 ad
755 846 1176 925 defensionem
1230 847 1506 909 fidelium
1528 895 1545 923 ,
1591 865 1674 908 ne
1761 842 1993 924 aliquid
2048 844 2227 921 attigi
2278 844 2347 904 in
2397 846 2435 905 5
2486 850 2669 919 tom„
2720 846 2783 906 d.
2836 848 2938 921 21,
2991 850 3136 906 sect.
3194 847 3256 922 Ξ,
3297 865 3338 908 a

143 944 306 1005 latius
329 939 544 1001 talium
586 938 886 1001 librorum
923 958 1235 1002 venenum
1263 938 1672 1012 diffundatur,
1758 956 1935 1000 num.
1989 941 2087 1000 10.
2144 940 2321 1000 Nunc
2370 945 2579 1001 autem
2628 946 2925 1020 tanquam
2959 940 3025 1000 in
3073 942 3338 1022 proprio

143 1036 272 1114 quia
289 1033 534 1093 haeresis
549 1037 623 1094 ut
637 1050 848 1097 cancer
858 1032 1071 1113 serpit,
1087 1034 1246 1093 sicut
1259 1033 1416 1093 dixit
1430 1031 1675 1094 PauluS.

142 1127 350 1200 Terti0,
389 1125 735 1187 declaratur
782 1128 1038 1206 optime,
1079 1127 1227 1207 quia
1267 1126 1684 1187 communica-

141 1222 216 1283 tio
237 1237 374 1281 cum
395 1218 700 1283 haereticis
725 1238 836 1299 per
855 1220 1068 1292 verba,
1099 1220 1678 1281 convenientissime

139 1313 480 1395 prohibetur
525 1320 779 1392 propter
825 1314 1172 1393 periculum
1227 1313 1674 1393 perversionis3

141 1424 270 1486 ergo
299 1404 497 1467 multo
519 1406 720 1484 magis
741 1406 990 1485 expedit
1033 1405 1362 1487 prohibere
1403 1423 1676 1467 commu·

140 1501 488 1563 nicationem
533 1517 646 1580 per
691 1499 904 1561 libros.
961 1500 1260 1561 Probatur
1307 1517 1681 1580 consequen-

143 1595 236 1670 tia,
257 1592 396 1672 quia
421 1610 534 1672 per
559 1610 624 1654 se
657 1592 972 1673 loquendo
999 1592 1198 1672 magis
1225 1600 1406 1655 nocet
1423 1591 1681 1654 verbum

142 1687 414 1766 scriptum
459 1704 650 1766 quam
697 1686 1042 1767 prolatum3
1082 1704 1231 1747 nam
1267 1686 1410 1747 licet
1457 1704 1576 1746 vox
1614 1686 1682 1746 in

143 1780 371 1857 energia
397 1785 462 1839 et
503 1779 776 1841 efficacia
811 1791 1082 1859 superet,
1133 1780 1440 1859 scriptura
1467 1786 1680 1840 tamen

145 1875 198 1934 in
225 1873 354 1933 aliis
385 1872 604 1933 multis
629 1873 890 1935 excedit.
929 1874 1157 1949 Primo,
1190 1874 1338 1953 quia
1361 1892 1485 1933 non
1519 1872 1685 1934 limi-

142 1971 286 2025 tatur
303 1965 378 2025 ad
408 1983 607 2026 unum
631 1965 860 2042 locum,
875 1965 982 2028 sed
1001 1985 1112 2045 per
1135 1967 1346 2027 omnia
1361 1965 1646 2027 discurrit
1658 1980 1679 2044 3

146 2058 410 2132 secundo,
438 2058 592 2137 quia
615 2064 709 2119 est
731 2076 1125 2139 permanens,
1142 2065 1206 2120 et
1223 2058 1417 2119 multo
1439 2064 1683 2139 tempo-

143 2152 210 2211 re‘
225 2152 426 2226 durat,
481 2151 652 2213 unde
675 2150 748 2212 fit
779 2158 852 2211 ut
877 2152 1160 2231 pluribus
1199 2170 1420 2213 nocere
1454 2153 1678 2231 possit3

145 2246 270 2305 item
316 2244 458 2323 quia
505 2252 711 2325 potest
749 2249 977 2306 iterum
1026 2252 1214 2325 atque
1256 2246 1482 2307 iterum
1531 2246 1679 2325 legi,

145 2344 196 2397 et
233 2337 314 2397 ita
359 2339 564 2417 magis
603 2345 890 2418 penetrat
929 2340 1212 2400 animum
1246 2360 1260 2400 ε
1293 2341 1444 2401 item
1483 2340 1684 2401 solent

147 2430 266 2491 libri
289 2450 416 2493 esse
435 2432 802 2493 accuratius·
817 2432 1166 2511 compositi,
1200 2440 1262 2495 et
1292 2432 1566 2495 haeretici
1587 2451 1686 2495 so·

147 2524 254 2584 lent
289 2525 470 2585 etiam
505 2524 924 2603 eloquentiam
959 2524 1208 2602 addere,
1257 2534 1328 2586 ut
1373 2526 1450 2587 ad
1479 2527 1674 2587 lectio·

147 2634 265 2679 nem
284 2618 592 2693 invitent3
639 2635 710 2679 ac
735 2617 1002 2697 denique
1029 2617 1097 2679 in
1147 2618 1234 2679 eis
1261 2626 1684 2697 congeruntur

147 2711 326 2771 omnia
351 2728 492 2790 quoe
521 2729 748 2771 nocere
775 2716 1055 2790 possunt,
1085 2711 1250 2790 quod
1279 2730 1406 2771 uno
1431 2712 1531 2773 vel
1559 2712 1681 2774 alio

146 2820 392 2864 sermone
418 2822 550 2864 non
581 2803 760 2864 facile
799 2803 892 2864 fit.
942 2804 1051 2864 His
1093 2822 1266 2883 erge,
1293 2811 1356 2865 et
1397 2805 1534 2866 aliis
1575 2805 1682 2867 ob·

147 2894 246 2955 viis
293 2896 638 2957 rationibus
694 2896 1274 2958 convenientissima
1341 2898 1684 2960 ostenditur

157 2986 258 3051 hec
279 2989 638 3070 prohibitio.

211 3084 260 3145 8.
299 3082 584 3147 Socanda
627 3087 907 3148 assertio.
943 3116 1027 3132 -
1071 3086 1460 3151 Tradatores
1503 3087 1682 3149 balloe

149 3175 324 3239 Coenoe.
362 3210 444 3225 —
483 3179 774 3239 Secundo
815 3178 1148 3239 dicendum
1191 3184 1286 3240 est
1321 3179 1682 3259 prohibitio-

147 3286 266 3331 nem
291 3270 448 3331 hanc
485 3271 720 3333 factam
763 3288 894 3333 esse
927 3271 1010 3332 ab
1047 3271 1337 3347 Ecclesia,
1369 3272 1680 3351 praecipue

150 3380 236 3441 per
267 3365 548 3426 Summos
593 3364 944 3440 Pontifices,
987 3372 1049 3426 et
1095 3365 1370 3426 maxime
1397 3366 1462 3426 in
1507 3365 1680 3427 bulla

149 3456 340 3519 Goenae.
370 3458 710 3520 Advertere
733 3457 900 3518 enim
929 3464 1171 3537 oportet
1193 3457 1678 3537 prohibitionem

149 3546 282 3609 hanc
327 3551 576 3631 proprie
609 3557 673 3610 et
715 3550 1060 3611 formaliter
1103 3568 1231 3612 non
1283 3550 1556 3612 inveniri
1607 3551 1677 3611 in

151 3646 422 3705 communi
459 3647 614 3725 jure
651 3646 968 3707 canonico.
1011 3645 1224 3707 Solum
1271 3646 1440 3705 enim
1478 3644 1678 3707 obiter

151 3736 434 3815 attingitur
455 3739 522 3799 in
549 3738 724 3800 dicto
763 3756 896 3818 cap.
940 3738 1182 3802 Sancta
1214 3737 1517 3813 Romana,
1547 3756 1674 3799 non

152 3834 324 3891 tamen
361 3833 744 3893 sufficienter
771 3832 1172 3910 exprimitnr3
1209 3830 1676 3911 expressiusque

153 3917 426 3985 invenitur
469 3925 538 3985 in
575 3926 714 4003 jure
745 3924 936 3999 civili,
980 3924 1048 3983 in
1075 3924 1120 3985 1.
1162 3925 1489 3998 Damnum,
1529 3931 1592 3985 et
1624 3925 1668 3985 1.

157 4012 496 4096 Quianam,
521 4016 561 4097 §
591 4013 802 4087 Nulli,
845 4020 910 4076 et
937 4015 974 4096 §
1007 4014 1247 4090 Omnes,
1281 4034 1336 4076 c.
1365 4017 1442 4077 de
1469 4018 1674 4079 Haere-

157 4105 300 4181 ticis3
327 4115 384 4169 et
427 4108 568 4170 inl.
599 4109 1088 4181 Mathematicos,
1129 4126 1180 4169 c.
1226 4109 1304 4169 de
1331 4108 1674 4189 Episcopali

159 4198 448 4263 audientia.
497 4202 666 4263 Olim
737 4201 908 4261 enim
961 4200 1208 4262 videtur
1251 4218 1366 4261 usa
1409 4202 1676 4264 Ecclesia

161 4286 372 4353 brachio
404 4293 718 4374 imperiali
744 4312 854 4354 seu
889 4293 1190 4368 saeculari,
1228 4292 1310 4352 ad
1351 4293 1512 4353 hanc
1538 4312 1676 4373 pro·

161 4378 478 4447 bibitionem
505 4386 838 4449 efficaciter
861 4386 1284 4466 exequendam
1303 4408 1321 4462 3
1340 4392 1552 4466 postea
1575 4404 1676 4446 ve·

161 4490 216 4529 ro
235 4476 560 4555 Pontifices,
583 4480 658 4541 in
681 4479 862 4540 Bulla
887 4480 1115 4553 Coenae,
1147 4478 1423 4541 clausula
1451 4482 1674 4557 prima,

162 4568 326 4629 verbis
343 4573 672 4652 conceptio,
691 4577 756 4632 et
781 4572 896 4633 sub
920 4571 1168 4650 speciali
1197 4589 1475 4645 censura,
1505 4571 1676 4631 illam

165 4661 518 4726 tradiderunt.
552 4665 732 4727 Unde
753 4665 1081 4725 materiam
1105 4663 1292 4745 hujus
1313 4664 1677 4743 prohibitio·

166 4752 242 4811 nis
261 4760 316 4815 et
347 4774 618 4819 censurae
651 4758 773 4819 late
801 4762 1074 4819 tractant
1099 4774 1314 4817 omnes
1345 4755 1508 4816 illius
1536 4756 1679 4816 Bul-

167 4840 224 4903 lae
245 4850 594 4924 expositores
611 4866 634 4928 3
667 4850 986 4926 Rebufius‚
1013 4852 1080 4911 in
1111 4851 1358 4929 proprio
1391 4868 1574 4928 opere
1598 4850 1676 4911 de

166 4934 248 4995 illa
269 4957 328 5001 re
341 4962 358 5014 3
385 4943 713 5018 Navarrus,
731 4944 800 5004 in
826 4943 1122 5018 Manuali,
1153 4960 1288 5021 cap.
1313 4946 1426 5018 273
1445 4943 1674 5018 Tolet.,

166 5027 248 5091 lib.
271 5034 566 5097 tsuarum
603 5038 842 5113 Instit.3
867 5042 930 5097 et
963 5037 1146 5112 Amr,
1177 5042 1330 5097 tom.
1379 5040 1438 5110 1,
1468 5036 1578 5097 lib.
1609 5038 1671 5113 8,

167 5140 272 5202 cap.
299 5128 369 5187 16
390 5144 410 5204 ;
435 5128 688 5208 Ηιιςοὶ.,
731 5130 810 5190 de
837 5129 1089 5190 Casibus
1117 5131 1298 5209 Papoe
1327 5131 1672 5206 reservatis,

168 5215 196 5271 2
219 5226 379 5294 part„
406 5239 535 5302 cap.
567 5226 594 5283 1
619 5239 640 5300 3
667 5225 920 5302 Samus,
961 5224 1032 5284 in
1068 5223 1392 5298 Thesanr.,
1423 5229 1580 5285 tom.
1615 5228 1674 5297 1,

169 5305 254 5371 lib.
279 5313 336 5386 3,
357 5332 484 5393 cap.
515 5318 588 5391 ὃς
617 5315 897 5395 Graphis,
921 5315 990 5377 in
1007 5314 1424 5375 Decisionibus
1451 5316 1675 5393 aureis,

171 5398 256 5459 lib.
289 5407 344 5477 h,
381 5424 510 5487 cap.
548 5410 628 5470 18
648 5431 666 5483 3
697 5410 905 5484 Sanc„
935 5408 978 5471 l.
1008 5410 1048 5469 2
1083 5408 1152 5469 in
1189 5407 1502 5486 Decalog„
1540 5425 1675 5487 cap.

177 5492 268 5567 ¹03
299 5496 509 5571 Castro,
541 5499 606 5561 d.
641 5499 746 5562 lib.
809 5504 839 5561 1
893 5502 971 5560 de
1009 5500 1169 5561 Just.
1218 5499 1432 5562 haeret.
1497 5518 1677 5579 pun„

177 5600 282 5663 cap.
335 5593 404 5651 15
455 5599 516 5653 et
564 5592 958 5673 sequentibus
973 5610 996 5671 3
1043 5591 1276 5669 Penha,
1317 5593 1424 5673 qui
1472 5593 1681 5675 plures

1761 1030 1896 1093 loco
1922 1030 2057 1092 haec
2092 1049 2189 1092 res
2216 1032 2562 1093 accuratius
2592 1032 2961 1093 declaranda
2988 1038 3099 1095 est.

1847 1127 1906 1187 9.
1945 1124 2243 1188 Clausala
2264 1125 2471 1188 Buzloe
2506 1125 2701 1189 C'oenoe
2728 1126 2798 1189 do
2823 1126 2999 1188 libris
3028 1126 3333 1190 Interdico-

1758 1238 1894 1283 rum
1915 1218 2368 1301 quadripartita
2377 1219 2569 1282 .—Ac
2595 1220 2794 1299 primo
2808 1200 2876 1281 de
2900 1217 3105 1300 prima
3121 1209 3329 1300 parte,

1757 1311 2005 1395 quinam
2027 1312 2313 1376 dicantar
2334 1312 2479 1375 libri
2497 1313 3022 1377 koeroticoram.—-
3035 1311 3134 1374 An
3154 1311 3333 1377 etiam

1754 1423 1908 1488 pars
1936 1405 2083 1468 libri
2103 1404 2519 1487 prohibeatur.
2546 1436 2628 1451 -
2658 1405 2819 1478 Quia
2839 1406 3073 1485 quando
3096 1406 3163 1467 iu
3182 1407 3333 1487 pla-

1760 1516 1860 1561 rea
1901 1497 2354 1563 mamaeam
2384 1502 2494 1561 ost.
2527 1528 2611 1544 -
2648 1497 2729 1559 Ut
2764 1504 2972 1559 autem
3022 1498 3243 1560 melius
3272 1506 3335 1561 et

1763 1592 2111 1653 distinctius
2136 1590 2715 1670 comprehendatur,
2746 1598 3011 1671 quatuor
3037 1598 3241 1672 partes
3264 1592 3333 1655 in

1761 1685 1880 1747 hac
1907 1684 2047 1765 lege
2073 1702 2181 1745 seu
2206 1700 2467 1745 censura
2492 1684 2941 1763 distinguendae
2967 1691 3133 1761 sunt,
3171 1684 3331 1745 scili-

1764 1783 1885 1854 cet,
1906 1777 2169 1839 materia
2198 1778 2333 1857 ejus
2364 1782 2626 1852 remota,
2644 1784 2707 1837 et
2733 1778 2994 1840 materia
3023 1780 3326 1858 proxima,

1762 1889 2027 1952 persona
2054 1872 2151 1933 cui
2182 1870 2261 1931 sit
2288 1870 2698 1951 prohibitum,
2732 1878 2795 1931 et
2822 1871 3085 1950 qualitas
3118 1891 3333 1934 censu-

1763 1982 1870 2027 ras.
1917 1966 2096 2027 Circa
2124 1964 2395 2046 primam
2446 1973 2709 2043 partem,
2760 1965 3083 2026 materiam
3132 1984 3332 2027 remo-

1762 2064 1894 2120 tam
1943 2076 2096 2119 voco
2154 2056 2386 2118 librum
2440 2059 2650 2137 ipsum
2699 2055 3033 2136 objectum,
3086 2058 3154 2119 in
3204 2074 3329 2138 quo

1763 2158 2031 2233 quatuor
2056 2151 2246 2212 verba
2274 2152 2342 2212 in
2390 2152 2569 2213 Bulla
2598 2151 2797 2230 posita
2840 2150 3113 2211 notanda
3158 2157 3324 2227 sunt,

1761 2244 2049 2326 prohibet
2066 2246 2237 2307 enim
2257 2245 2447 2308 libros
2466 2244 2885 2307 lam-eticorum
2900 2245 3177 2306 hoeresim
3197 2260 3334 2305 ron·

1765 2340 2047 2414 comtos,
2076 2338 2173 2400 vel
2202 2341 2270 2404 de
2296 2340 2586 2422 reziyione
2614 2342 2947 2403 tractantes
2961 2362 2988 2409 ,·
3014 2344 3077 2398 et
3103 2339 3326 2416 primo,

1763 2434 2017 2497 nomine
2044 2432 2191 2496 libri
2216 2434 2359 2494 satis
2388 2440 2604 2493 notum
2652 2438 2749 2494 est
2770 2432 2919 2511 quid
2946 2430 3333 2509 intelligatur

1763 2546 1839 2589 ex
1869 2528 1930 2588 vi
1960 2526 2154 2589 verbi.
2192 2525 2543 2588 Notandum
2580 2531 2673 2587 est
2703 2530 2935 2599 autem,
2962 2542 3089 2585 non
3122 2522 3325 2589 solum

1761 2621 2076 2699 integrum
2097 2618 2478 2693 librumjsed
2504 2619 2695 2679 etiam
2714 2635 3169 2698 quamcumque
3192 2617 3245 2696 ej
3256 2634 3326 2679 us

1761 2721 2003 2797 partem
2060 2712 2418 2792 prohiberi,
2475 2716 2547 2773 ut
2608 2729 2821 2773 omnes
2877 2712 3131 2787 «locent3
3188 2716 3325 2773 tum

1764 2808 1912 2887 quia
1978 2824 2123 2887 pars
2178 2803 2292 2866 sub
2344 2809 2475 2865 toto
2531 2803 3075 2884 comprehenditur
3103 2826 3121 2879 3
3188 2809 3326 2865 tum

1763 2902 1952 2963 etiam
1980 2900 2131 2979 quia
2179 2898 2246 2958 in
2296 2914 2685 2979 quacumque
2721 2903 2895 2977 parte
2929 2895 3076 2957 libri
3124 2902 3326 2977 potest

1761 3010 1891 3057 esse
1937 2991 2309 3073 periculum,
2352 2990 2521 3069 quod
2563 2990 2664 3052 lex
2705 3006 2919 3053 cavere
2966 2989 3224 3065 studuit,
3261 2995 3323 3051 et

1760 3089 1848 3149 ita
1888 3089 2047 3148 ratio
2094 3085 2251 3163 legis
2302 3085 2370 3146 in
2418 3100 2807 3164 quacumque
2852 3090 3025 3163 parte
3072 3083 3317 3144 militat.

1763 3180 2012 3241 Dubitat
2048 3184 2258 3239 autem
2288 3177 2546 3256 Hugol„
2576 3178 2655 3238 de
2700 3178 2953 3239 Censur.
3002 3178 3181 3256 Papae
3223 3194 3319 3238 re-

1762 3273 2040 3347 servatis,
2063 3276 2103 3333 2
2118 3276 2280 3351 part.
2290 3317 2310 3347 ,
2332 3288 2386 3332 c.
2413 3274 2472 3346 1,
2494 3270 2645 3351 quid
2670 3269 2721 3331 si
2740 3288 2895 3349 opus
2913 3270 3182 3331 auctoris
3198 3270 3321 3332 hae·

1760 3368 1934 3429 retici
1957 3368 2027 3427 in
2050 3366 2257 3445 plures
2282 3370 2484 3425 tomos
2516 3366 2597 3425 sit
2622 3365 3043 3439 distributum,
3068 3370 3129 3425 et
3154 3382 3320 3426 unus

1757 3459 2071 3521 contineat
2088 3476 2349 3533 errores,
2370 3463 2433 3517 et
2464 3476 2593 3518 non
2618 3458 2799 3534 aliae,
2834 3476 2917 3520 an
2952 3469 3212 3537 uterque
3236 3456 3315 3519 sit

1757 3552 2127 3633 prohibitus,
2170 3552 2269 3612 vel
2316 3556 2560 3613 tantum
2599 3552 2706 3631 qui
2748 3569 2987 3615 errores
3020 3552 3313 3614 continet.

1757 3648 1832 3707 Et
1873 3646 2059 3706 sentit
2100 3644 2365 3707 alterum
2416 3662 2541 3705 non
2574 3662 2703 3706 esse
2735 3644 3141 3723 prohibitum,
3174 3644 3319 3723 quia

1756 3747 2017 3819 uterque
2046 3744 2136 3800 est
2166 3756 2279 3818 per
2317 3758 2381 3801 se
2416 3741 2657 3818 integer
2699 3738 2880 3815 liber,
2924 3744 2987 3801 et
3026 3738 3094 3799 in
3126 3738 3318 3799 altero

1754 3851 1882 3895 non
1911 3832 2316 3893 inveniuntur
2342 3832 2721 3893 conditiones
2748 3832 2827 3893 ad
2856 3832 3018 3893 hanc
3042 3831 3316 3911 prohibi-

1757 3928 1989 3988 tionem
2012 3926 2367 3986 necessariae
2385 3948 2403 4001 3
2434 3931 2496 3986 et
2541 3926 2609 3985 in
2642 3926 2803 3987 hanc
2849 3938 3090 4005 partem
3134 3925 3314 3987 incli-

1753 4026 1863 4082 nat
1895 4020 2105 4091 Sanc.,
2136 4018 2244 4078 lib.
2278 4020 2341 4093 2,
2373 4036 2505 4097 cap.
2542 4022 2643 4092 10,
2679 4036 2923 4081 numer.
2948 4020 3031 4080 30
3048 4035 3069 4096 3
3108 4018 3316 4079 existi·

1756 4131 1983 4193 meque
2027 4110 2257 4172 habere
2292 4110 2520 4187 locum,
2574 4110 2821 4191 quando
2852 4112 3006 4170 tomi
3050 4116 3195 4171 sunt
3226 4110 3315 4171 ita

1755 4204 2050 4275 distincti,
2112 4210 2183 4264 ut
2230 4204 2485 4263 omnino
2526 4204 2650 4264 sint
2695 4203 2773 4264 de
2825 4202 3082 4264 diversis
3132 4221 3315 4281 argu·

1757 4299 2007 4373 mentis,
2038 4314 2239 4375 neque
2282 4295 2551 4375 aliquam
2586 4294 2859 4356 habeant
2884 4296 3050 4357 inter
3074 4314 3137 4355 se
3162 4314 3313 4356 con-

1756 4391 2113 4465 nexionem,
2141 4396 2290 4448 tunc
2316 4390 2479 4449 enim
2514 4389 2786 4467 procedit
2812 4390 2970 4449 ratio
3000 4389 3179 4449 facta.
3208 4388 3313 4449 Se·-

1756 4502 1862 4543 cus
1887 4500 2035 4543 vero
2058 4500 2186 4543 esse
2206 4482 2426 4555 sentin,
2456 4484 2506 4541 si
2534 4488 2792 4560 uterque
2818 4488 3023 4542 tomus
3048 4482 3127 4541 sit
3151 4483 3313 4558 ejus-

1757 4574 1898 4634 dem
1921 4575 2275 4652 argumenti
2294 4592 2437 4633 cum
2458 4574 2841 4636 connexione
2868 4577 3028 4635 inter
3048 4590 3138 4649 se3
3167 4580 3315 4635 tunc

1759 4668 1926 4727 enim
1964 4672 2027 4727 et
2068 4666 2201 4727 fieri
2232 4684 2355 4726 non
2388 4671 2585 4746 potest
2614 4668 2763 4746 quin
2800 4675 3056 4747 uterque
3098 4668 3173 4726 de
3218 4684 3312 4727 re-

1756 4759 1987 4838 ligione
2039 4764 2277 4835 tractet,
2322 4759 2484 4838 quod
2531 4760 2609 4820 ad
2652 4759 3133 4839 prohibitionem
3173 4760 3317 4819 satis

1758 4857 1872 4926 est,
1905 4859 1967 4913 et
2000 4870 2214 4913 revera
2242 4858 2499 4933 uterque
2546 4859 2639 4913 est
2682 4872 2824 4931 pars
2870 4854 3055 4913 unius
3088 4852 3311 4931 operiS,

1757 4945 1900 5006 licet
1931 4964 2044 5025 per
2070 4944 2354 5006 accidens
2390 4944 2771 5021 dividantur,
2820 4951 3069 5025 propter
3116 4946 3315 5005 vitan-

1757 5041 1902 5101 dam
1937 5056 2233 5117 magnam
2261 5041 2449 5100 unius
2486 5038 2631 5099 libri
2663 5040 2912 5101 molem.

1841 5134 1938 5193 10.
1962 5130 2063 5193 Aa
2084 5134 2475 5211 prohibeatur
2499 5135 3003 5213 manuscriptam.
3028 5168 3105 5177 —
3141 5132 3320 5194 Dein-

1761 5225 1838 5286 de
1874 5226 2033 5285 circa
2074 5224 2236 5284 hanc
2278 5233 2515 5303 partem
2560 5226 2934 5305 interrogari
2976 5232 3197 5305 potest,
3236 5242 3318 5286 an

1761 5324 2040 5399 oporteat
2094 5318 2323 5379 librum
2364 5336 2491 5379 esse
2528 5320 2920 5399 impressum.
2966 5320 3042 5381 Et
3071 5338 3320 5399 respon-

1760 5412 1876 5473 deo
1905 5411 2093 5471 etiam
2118 5428 2307 5472 manu
2338 5414 2633 5491 scriptum
2660 5430 2789 5472 esse
2820 5414 3221 5488 prohibitum,
3252 5412 3318 5473 in

1761 5520 1884 5581 quo
1912 5520 2127 5563 omnes
2155 5505 2555 5577 conveniunt,
2586 5511 2648 5565 et
2675 5511 2929 5585 potesta
2956 5504 3145 5565 simili
3181 5522 3324 5584 pro-

1761 5593 1898 5655 bari
1919 5612 1997 5655 ex
2037 5595 2307 5656 Concilio
2350 5596 2733 5667 Tridentino.
2782 5597 3050 5659 sessione
3078 5603 3321 5679 quarta,
