3900 6217
666 448 833 503 sEc‘r.
869 450 953 503 111.
982 450 1248 512 QUANDO,
1286 450 1365 501 ET
1398 449 1618 512 QUlBUS
1652 446 2160 500 clncuusr.xNTlls
2190 448 2452 502 OBLIGET
2485 447 2607 499 HOC
2639 446 3037 501 PRAECEPTUM.

252 554 383 615 tali.
420 552 591 627 Quod
620 570 769 613 vero
798 552 1122 630 cajetanus
1144 569 1215 611 60
1243 550 1377 611 1066
1396 550 1567 625 dicit,
1594 550 1644 610 si
1671 550 1807 629 quis

256 666 331 709 ex
360 647 625 727 quadam
648 645 968 725 tepiditate
1000 646 1245 705 omittat
1274 643 1713 705 correctionem
1742 644 1809 701 in

254 761 321 804 re
348 742 543 820 gravi,
582 740 800 801 leviter
820 738 1104 819 judicans
1132 756 1196 798 se
1224 755 1351 797 non
1383 755 1556 816 posse
1600 754 1810 797 eonse-

256 837 364 915 qui
408 834 621 908 finem,
666 840 910 895 tautum
962 831 1286 892 venialiter
1334 848 1629 909 peccare,
1667 832 1811 909 quia

253 947 373 990 non
412 930 581 991 habet
621 927 903 1007 (inquit)
940 926 1207 987 animum
1242 926 1615 993 contrarium
1652 943 1811 1005 proe-

255 1030 439 1105 copto,
460 1040 609 1082 sano
638 1020 819 1081 modo
842 1018 1314 1097 intelligendum
1340 1024 1451 1079 est.
1477 1018 1611 1078 Nou
1641 1018 1807 1077 enim

254 1118 457 1178 omnis
484 1116 795 1195 persuasio
824 1115 974 1176 levis
1004 1134 1141 1176 cum
1182 1114 1287 1175 illo
1314 1116 1525 1176 animo
1562 1121 1812 1177 excusat

253 1232 291 1273 a
320 1210 799 1287 transgressione
850 1209 1057 1287 gravis
1092 1210 1414 1289 praecepti,
1454 1214 1525 1269 ut
1573 1210 1625 1270 si
1671 1209 1810 1288 quis

254 1324 329 1366 ex
358 1303 680 1364 levissimis
708 1305 903 1364 causis
927 1304 1044 1366 sibi
1064 1304 1459 1386 persuaderet
1481 1321 1609 1364 11611
1635 1321 1811 1383 posse

254 1398 595 1473 restituere,
638 1403 749 1458 aut
788 1398 1105 1477 jejunare,
1147 1403 1261 1459 etc.
1299 1398 1451 1458 Nam
1489 1396 1597 1457 illa
1633 1398 1811 1474 igno-

252 1493 455 1555 rantia
477 1498 566 1554 est
590 1490 909 1571 culpabilis
929 1514 944 1565 ;
972 1512 1120 1571 ergo
1141 1498 1381 1571 oportet
1410 1496 1478 1551 ut
1508 1491 1809 1551 indicium

252 1586 331 1648 sit
360 1586 575 1647 saltem
615 1586 957 1665 probabile,
986 1587 1271 1668 quamvis
1298 1587 1431 1665 eJus
1476 1583 1812 1664 probabili-

252 1684 346 1739 tas
391 1680 704 1741 interdum
748 1688 1039 1742 nascatur
1064 1698 1140 1741 ex
1182 1679 1307 1740 levi
1348 1678 1594 1752 timore,
1624 1696 1811 1757 quem

251 1778 485 1849 tamen,
515 1778 583 1833 ut
609 1772 763 1849 dixi,
794 1774 898 1835 vix
925 1776 1113 1855 possit
1142 1772 1449 1852 deponere
1480 1770 1621 1831 talis
1640 1771 1809 1832 timi-

251 1864 387 1926 dnS.

333 1960 393 2021 6.
437 1958 876 2023 Advertendum
916 1960 1522 2043 quarta—Quarto,
1578 1958 1809 2019 adden-

248 2051 401 2113 dum
447 2058 539 2113 est
582 2051 649 2112 in
688 2053 803 2114 hac
839 2054 1228 2115 conclusione
1268 2053 1398 2114 haec
1444 2052 1709 2131 intelligi
1742 2052 1805 2115 in

248 2146 633 2225 correptione
672 2147 932 2225 privata,
975 2166 1115 2226 quoe
1171 2146 1248 2207 ad
1290 2146 1477 2207 unius
1509 2145 1609 2206 vel
1658 2145 1811 2207 alte-

246 2238 377 2297 rius
429 2256 703 2316 persouae
746 2240 1240 2301 emendationem
1288 2238 1585 2315 refertur3
1635 2256 1809 2299 secus

258 2348 432 2402 vero,
484 2331 536 2390 si
586 2338 743 2392 esset
776 2332 1056 2394 facienda
1113 2333 1190 2395 de
1243 2338 1489 2411 peccato
1534 2330 1805 2409 publico,

248 2428 499 2503 propter
548 2441 875 2487 commune
944 2426 1175 2486 bonum
1200 2449 1216 2501 3
1266 2444 1413 2486 nam
1462 2430 1612 2484 tunc
1668 2423 1811 2485 lieet

251 2534 379 2577 non
408 2523 759 2595 speraretur
790 2518 1024 2579 fructus
1060 2520 1245 2579 unius
1285 2521 1643 2598 peccatoriS,
1682 2536 1809 2578 non

250 2615 406 2669 esset
431 2610 772 2671 omittenda
800 2612 1095 2672 correctio
1123 2630 1135 2684 ;
1186 2612 1273 2671 sic
1299 2612 1469 2671 enim
1510 2610 1808 2686 Christus,

172 2776 180 2785 ·
247 2701 466 2762 Matth.
497 2705 595 2778 15,
623 2705 940 2783 respondit
968 2720 983 2765 ε
1016 2704 1219 2769 Sinite
1257 2704 1424 2777 illos,
1466 2702 1607 2765 ooeci
1643 2709 1807 2779 sunt,

254 2801 417 2872 etc.;
468 2796 917 2857 observandum
970 2804 1060 2858 est
1116 2804 1323 2858 tamen
1394 2814 1473 2856 an
1535 2802 1814 2875 speretur

251 2888 490 2947 fructus
518 2889 735 2951 saltem
762 2890 829 2950 in
860 2889 1019 2963 aliis,
1050 2890 1197 2969 quia
1224 2890 1274 2950 si
1306 2906 1509 2968 neque
1537 2906 1811 2949 commu-

251 3000 331 3041 ne
356 2980 589 3042 honum
624 2991 926 3061 speratur,
956 2990 1105 3044 tunc
1133 2982 1371 3043 inutilis
1418 2987 1575 3043 esset
1611 2999 1811 3042 corre-

254 3074 403 3140 ctio,
430 3075 610 3152 juxta
634 3076 1107 3156 Hieronymum,
1132 3076 1193 3135 iu
1226 3074 1380 3135 illud
1408 3073 1595 3133 Amos
1632 3074 1810 3153 quin-

246 3172 362 3226 to:
397 3166 521 3229 Illo
566 3173 824 3249 tempore
864 3170 1080 3231 tacebit
1123 3170 1407 3250 prudens.
1456 3168 1545 3227 Ex
1585 3167 1807 3246 quibus

245 3259 537 3320 omuibus
577 3260 829 3322 tandem
880 3258 1205 3321 deducitur
1256 3269 1631 3340 praeceptum
1688 3260 1804 3321 1166

245 3370 375 3413 11611
405 3351 703 3431 obligare,
750 3354 959 3413 statim
1002 3372 1073 3415 66
1127 3354 1368 3415 videtur
1416 3354 1514 3415 vel
1556 3352 1807 3414 auditur

246 3452 563 3523 peccatum
597 3445 871 3521 alterius,
901 3446 1003 3507 sed
1032 3446 1476 3527 expectandum
1504 3464 1632 3507 esse
1652 3451 1807 3506 tem-

248 3556 365 3617 pus
394 3538 811 3612 commodum,
843 3540 909 3601 in
939 3558 1059 3618 quo
1082 3539 1271 3619 possit
1293 3538 1527 3599 fructus
1550 3537 1803 3618 sperari,

240 3630 426 3709 juxta
462 3630 613 3692 illud
650 3632 940 3696 Proverb.
974 3634 1051 3693 25
1092 3649 1108 3692 ε
1165 3632 1343 3695 Mala
1381 3648 1597 3705 aurea,
1647 3638 1760 3692 ete.
1783 3678 1803 3709 ,

244 3724 351 3803 qui
372 3724 641 3804 loquitur
676 3726 913 3787 verbum
957 3725 1023 3786 in.
1071 3728 1325 3806 tempore
1350 3742 1457 3787 suo
1478 3750 1505 3798 ;
1534 3730 1597 3785 et
1622 3725 1811 3785 tradit

250 3817 484 3895 optime
536 3817 949 3894 Augustinus,
991 3820 1213 3879 citatus
1258 3818 1323 3877 in
1366 3834 1541 3877 uum.
1588 3818 1647 3876 3.
1689 3817 1805 3878 Sed

257 3908 583 3969 difficultas
614 3918 923 3989 superest,
962 3930 1043 3971 an
1071 3909 1277 3971 oblata
1304 3910 1421 3970 hac
1441 3910 1808 3990 opportuni-

247 4008 375 4075 tate
407 4003 613 4063 statim
648 4004 899 4081 obliget.

334 4096 392 4155 7.
438 4097 649 4158 Tertia
678 4096 997 4159 conclusio.
1026 4128 1105 4143 --
1129 4096 1273 4157 Dico
1307 4095 1489 4156 tertio
1522 4112 1537 4155 τ
1586 4101 1810 4177 praeter

248 4208 419 4267 spem
448 4189 703 4266 fructus,
735 4196 805 4249 ut
846 4189 1079 4267 obliget
1106 4188 1223 4249 1166
1258 4194 1630 4268 praeceptum
1650 4235 1669 4265 ,
1702 4207 1810 4250 ne·

252 4300 417 4343 cesse
465 4289 553 4343 est
602 4290 672 4343 ut
736 4282 1053 4361 proximus
1099 4281 1377 4356 indigeat
1418 4299 1556 4341 mea
1606 4300 1810 4343 corre-

250 4376 475 4451 ctione,
518 4378 663 4455 quia
692 4376 977 4437 videlicet
1018 4374 1417 4455 probabiliter
1448 4375 1655 4451 timeo,
1692 4378 1811 4437 nisi

248 4470 556 4548 corrigam
578 4470 956 4549 proximum,
995 4469 1225 4530 similia
1256 4475 1503 4548 pec-cata
1528 4475 1807 4529 commis·

250 4580 489 4636 surum,
522 4562 618 4623 vel
643 4569 804 4623 certe
833 4561 1021 4639 longo
1046 4567 1346 4641 tempore,
1378 4568 1435 4621 61
1467 4580 1605 4622 611111
1635 4560 1813 4640 gravi

250 4656 481 4715 damno
518 4674 627 4715 suo
654 4656 721 4715 in
750 4672 823 4716 6ο
864 4662 1112 4736 peccato
1142 4672 1639 4734 permansurum.
1672 4656 1811 4714 Pro·

249 4747 435 4809 batur
461 4749 701 4828 primo,
740 4748 887 4826 quia
933 4754 1025 4807 est
1074 4754 1453 4827 praeceptum
1494 4746 1810 4806 affirmati-

250 4856 397 4899 vum
432 4840 901 4916 misericordiae3
939 4858 1087 4917 ergo
1114 4858 1237 4901 non
1264 4839 1498 4918 obligat
1531 4840 1649 4899 nisi
1671 4840 1809 4918 jux-

246 4938 314 4991 ta
358 4932 603 5011 regulas
640 4933 936 4993 similium
981 4939 1427 5011 praeceptorum
1452 4949 1470 5009 ;
1498 4950 1647 5011 ergo
1673 4938 1811 4991 tan-

250 5032 381 5084 tum
412 5026 479 5085 in
495 5024 751 5085 articulo
771 5027 1163 5086 necessitatis,
1196 5025 1628 5099 Confirmatur,
1661 5024 1808 5103 quia

250 5134 378 5177 non
402 5116 583 5178 aliter
608 5117 840 5195 obligat
869 5124 1239 5197 praereptum
1280 5118 1497 5177 orandi
1528 5136 1639 5196 pro
1668 5136 1809 5195 pro-

249 5212 421 5270 ximo
446 5256 462 5285 ‚
510 5217 578 5270 ut
628 5210 775 5271 alibi
818 5211 1181 5289 explicatur.
1214 5194 1536 5285 Secundo,
1588 5210 1639 5271 si
1682 5210 1808 5270 scio

248 5304 505 5363 fratrem
558 5321 685 5363 esse
744 5304 1142 5379 emendatum
1204 5303 1434 5381 absque
1488 5304 1806 5363 occasione

250 5394 673 5471 reincidendi,
702 5414 829 5455 non
869 5402 1084 5456 teneor
1124 5396 1455 5475 corripere,
1491 5395 1639 5473 quia
1682 5413 1809 5455 non

250 5494 391 5567 eget
416 5508 435 5561 ς
483 5506 629 5566 ergo
666 5488 879 5549 eadem
922 5489 1161 5551 ratione
1190 5490 1241 5550 si
1270 5507 1437 5549 nunc
1462 5490 1641 5548 video
1669 5506 1807 5569 peo-

253 5599 445 5664 casse,
486 5590 697 5645 tamen
736 5583 1139 5670 probabiliter
1186 5584 1474 5651 existimo
1514 5600 1626 5645 suo
1654 5590 1812 5647 tem·

3333 444 3450 505 697

1892 566 2038 627 pore
2078 555 2356 609 acturum
2391 547 2816 627 poenitentiam
2851 591 2870 622 ,
2915 553 2977 609 et
3029 566 3107 608 ex
3151 546 3268 609 hoc
3313 566 3452 628 pcc-

1890 646 2028 701 6616
2089 660 2216 701 11611
2271 648 2661 721 sumpturum
2702 642 3080 701 occasionem
3133 640 3447 720 peccandi,

1892 753 2026 795 non
2057 743 2274 796 teneor
2299 735 2476 795 illum
2510 736 2834 814 corrigere.

1973 831 2034 888 8.
2086 829 2320 901 Qaeaarta
2365 829 2684 901 conclusio,
2709 846 2824 909 pro
2877 846 2994 907 qua
3043 829 3179 890 bene
3215 830 3448 902 auctor,

1890 922 2052 1001 disp.
2087 925 2162 983 15
2193 924 2260 984 dc
2291 923 2542 996 Pania,
2570 925 2714 982 sect.
2747 922 2807 994 5,
2839 941 2877 983 a
2903 940 3069 983 num.
3107 923 3290 983 30.--
3305 922 3449 982 Dico

1890 1020 2151 1094 quarto:
2190 1015 2268 1077 sit
2309 1016 2388 1075 sit
2427 1014 2776 1086 necessitaS‚
2809 1020 2870 1073 et
2898 1013 3062 1073 dicta
3089 1014 3451 1093 opportuni-

1891 1114 1985 1169 tas
2025 1126 2164 1168 cum
2207 1108 2305 1169 his
2344 1108 2845 1178 circumstantiis,
2887 1126 3000 1186 pro
3054 1109 3262 1168 statim
3297 1108 3451 1168 obli-

1890 1207 1997 1278 gat
2021 1201 2138 1262 hoc
2182 1208 2582 1283 praeceptum.
2623 1202 2731 1262 Est
2771 1201 3117 1261 communis
3145 1201 3452 1261 sententia

1888 1312 1964 1355 ex
2017 1295 2292 1373 generali
2323 1296 2622 1375 principio
2657 1294 2732 1355 de
2761 1295 3026 1355 articulo
3056 1294 3452 1371 obligationis

1890 1390 2176 1467 praecepti
2209 1388 2584 1462 affirmativi,
2616 1388 2724 1467 qui
2767 1388 2818 1447 is
2859 1388 3126 1449 maxime
3153 1394 3267 1462 cst,
3306 1404 3451 1447 cum

1890 1482 2216 1543 necessitas
2273 1488 2334 1542 et
2397 1480 2822 1561 opportunitas
2875 1480 3044 1543 illius
3103 1480 3451 1560 exequendi

1890 1575 2271 1636 conveniunt
2342 1576 2498 1637 Nam
2545 1574 2692 1635 dato
2731 1574 2992 1635 articulo
3033 1573 3444 1647 necessitatis»,

1890 1666 2046 1727 nihil
2107 1667 2276 1729 aliud
2337 1667 2788 1730 rationabiliter
2843 1668 3150 1747 expectari
3203 1671 3400 1747 potest
3429 1712 3448 1741 ,

1892 1759 2196 1838 praecipue
2235 1760 2380 1839 quia
2413 1761 2839 1841 opportunitas
2879 1760 3210 1821 fructuosas
3241 1776 3446 1821 corre-

1889 1851 2111 1913 ctionis
2138 1854 2384 1915 difficile
2411 1855 2751 1930 invenitur,
2789 1860 2850 1915 et
2880 1854 3042 1930 ideo,
3073 1872 3210 1914 cum
3233 1850 3451 1933 proba·

1888 1943 2097 2006 biliter
2142 1949 2428 2025 occurrit,
2464 1954 2526 2008 et
2553 1949 2876 2010 necessitas
2903 1952 3105 2027 urget,
3135 1965 3265 2007 11611
3307 1946 3452 2007 lieet

1890 2054 2028 2098 eam
2059 2040 2390 2118 praeterire.
2425 2042 2514 2101 Ex
2537 2060 2661 2120 quo
2685 2040 2756 2101 fit
2782 2058 2958 2120 posse
2990 2039 3306 2099 interdum
3335 2038 3448 2099 ho·

1889 2137 2122 2195 minem
2155 2134 2350 2194 teneri
2400 2134 2477 2195 ad
2515 2134 2943 2212 corrigendum
2985 2132 3194 2193 statim
3243 2132 3450 2210 proxi-

1888 2250 2099 2306 mum,
2139 2228 2422 2309 quamvis
2461 2229 2592 2308 ipse
2639 2246 2768 2289 non
2813 2232 3100 2288 teneatur
3138 2225 3214 2285 ad
3261 2242 3451 2301 agen-

1890 2328 2036 2388 dam
2090 2340 2301 2385 veram
2343 2323 2770 2402 poenitentiam
2829 2322 3075 2396 statim;
3125 2338 3274 2380 nam
3315 2320 3444 2399 ipse

1890 2426 1984 2481 est
2009 2417 2296 2479 dominus
2335 2433 2462 2475 suae
2491 2414 2848 2491 voluntatis,
2883 2420 2946 2475 et
2971 2420 3169 2494 potest
3201 2429 3444 2490 semper

1891 2512 2121 2573 habere
2161 2516 2406 2589 tempus
2457 2514 2874 2587 opportunum
2925 2515 2995 2567 ut
3038 2507 3355 2586 poeniteat,
3388 2509 3451 2565 et

1892 2608 1944 2667 si
1993 2622 2159 2665 nunc
2203 2622 2330 2663 non
2376 2602 2652 2681 poenitet,
2681 2601 2842 2663 forte
2879 2607 3210 2662 excusatur
3238 2646 3254 2674 ,
3301 2601 3449 2680 quia

1891 2717 2019 2759 non
2050 2697 2313 2757 advertit
2345 2695 2686 2775 periculum
2709 2696 2772 2755 in
2797 2712 2922 2774 quo
2949 2701 3226 2754 versatur
3252 2700 3316 2754 et
3339 2712 3450 2773 po-

1890 2798 2014 2854 test
2052 2791 2267 2853 cedere
2293 2808 2404 2850 suo
2430 2790 2575 2869 juri.
2610 2789 2778 2849 Alter
2815 2794 3025 2849 autem
3053 2805 3182 2848 non
3207 2803 3450 2865 semper

1891 2886 2078 2947 habet
2117 2903 2256 2947 eam
2285 2884 2832 2963 opportunitatem,
2864 2888 2927 2942 et
2955 2900 3077 2941 non
3109 2886 3308 2960 potest
3351 2898 3445 2941 ce·

1890 2980 2036 3041 dere
2078 2978 2241 3038 dicto
2269 2977 2434 3038 bono
2466 2976 2742 3051 alterius,
2773 2981 2836 3037 et
2875 2974 3014 3036 ideo
3053 2979 3300 3035 tenetur
3325 2973 3449 3035 fra-

1890 3078 2049 3133 trem
2097 3072 2449 3132 admonere.

1968 3168 2029 3227 9.
2080 3165 2446 3241 Difficultas
2494 3164 2764 3245 quaa-dam
2792 3163 3176 3243 proponitur.
3201 3192 3281 3207 -
3305 3157 3448 3242 opi-

1888 3257 2008 3319 nio.
2044 3290 2108 3303 —
2129 3256 2406 3319 Aliorum
2435 3260 2750 3320 sententia.
2782 3288 2864 3303 —-
2887 3254 3200 3319 Iudicium
3241 3261 3446 3317 aucto-

1888 3353 2003 3414 ris.
2033 3351 2340 3412 -Solum
2383 3356 2622 3431 poterat
2666 3348 2957 3425 dubitari,
3004 3349 3054 3409 si
3098 3349 3235 3427 quis
3275 3352 3442 3409 certo

1888 3445 2114 3519 eredat,
2145 3444 2486 3505 differendo
2527 3445 2994 3521 correctionem,
3035 3446 3168 3506 fore
3199 3449 3271 3503 ut
3304 3460 3442 3522 pro·

1885 3540 2092 3602 ximus
2138 3538 2344 3617 aliquo
2381 3546 2652 3617 tempore
2697 3538 2879 3599 duret
2907 3540 2974 3599 in
3024 3545 3300 3617 peccato,
3339 3538 3442 3599 vel

1888 3635 2091 3708 iteret,
2121 3638 2332 3713 postea
2359 3637 2566 3692 tamen
2607 3632 2984 3693 constantius
3011 3638 3073 3691 et
3098 3631 3440 3692 ferventius

1888 3732 2193 3804 resurgat,
2227 3742 2416 3806 quam
2444 3742 2608 3785 1111116
2639 3724 2888 3799 faceret,
2914 3724 2966 3784 si
3010 3724 3218 3784 statim
3247 3724 3442 3785 corri-

1892 3825 2172 3900 peretur,
2219 3838 2300 3879 au
2335 3818 2524 3899 possit
2568 3817 2802 3879 differri
2846 3817 3164 3889 correcti0,
3201 3818 3443 3877 etiamsi

1890 3931 2058 3973 nunc
2104 3914 2182 3971 sit
2229 3930 2384 3991 spes.
2423 3911 2729 3973 Adrianus
2757 3916 2820 3971 et
2857 3912 3002 3972 Soto
3053 3928 3237 3993 supra
3281 3908 3445 3971 affir-

1888 4010 2085 4075 mant,
2115 4006 2260 4083 quia
2281 4004 2398 4079 hoc
2422 4012 2511 4064 est
2540 4004 2754 4064 utilius
2783 4004 3086 4082 proxime.
3119 4003 3269 4062 Item
3299 4003 3444 4079 quia

1891 4101 2050 4159 Deus
2077 4101 2164 4159 ita
2198 4098 2369 4171 facit,
2395 4099 2572 4176 juxta
2619 4098 2679 4159 id
2709 4097 2930 4158 Psalm.
2967 4098 3087 4157 15:
3134 4094 3444 4175 Multipli-

1890 4201 2044 4257 catoe
2083 4196 2230 4254 sunt
2257 4194 2642 4275 infirmitates
2662 4209 2886 4267 eorum,
2913 4195 3124 4270 postea
3153 4190 3441 4253 accelera-

1889 4291 2106 4351 terunt
2129 4312 2154 4359 ;
2189 4286 2496 4365 quomodo
2526 4286 2928 4363 Augustinus,
2955 4284 2997 4346 l.
3032 4284 3108 4344 de
3135 4284 3437 4363 Corrept.,

1892 4398 2024 4459 cap.
2062 4382 2090 4441 1
2125 4426 2142 4453 ,
2173 4386 2232 4438 et
2261 4379 2392 4453 alii,
2424 4378 2907 4453 interpretantur
2948 4376 3104 4437 illud
3137 4376 3217 4435 ad
3261 4378 3436 4439 Rom.

1894 4474 1976 4534 8:
2023 4472 2432 4552 Diliyentibus
2478 4472 2669 4531 Deum
2711 4471 2910 4533 omnia
2949 4476 3343 4552 cooperamur
3377 4470 3445 4532 in

1894 4568 2124 4627 bonum.
2181 4564 2325 4623 ltem
2373 4561 2646 4622 medicus
2683 4560 2993 4622 interdum
3018 4562 3323 4641 permittit
3351 4562 3446 4622 in-

1893 4672 2248 4735 gravescere
2277 4654 2587 4729 morbum,
2603 4654 2684 4713 'ut
2709 4661 3027 4715 consumat
3053 4672 3311 4734 pravum
3331 4654 3444 4716 hu-

1890 4767 2150 4810 morem.
2193 4748 2602 4809 Nihilominus
2661 4747 2798 4807 aliis
2851 4746 2969 4807 1166
3031 4764 3155 4807 11011
3218 4747 3442 4827 placet,

1890 4844 2035 4921 quia
2085 4860 2226 4902 cum
2279 4850 2592 4921 peceatum
2639 4841 2715 4900 sit
2767 4842 2870 4901 Dei
2917 4842 3170 4921 injuria,
3200 4848 3262 4902 et
3312 4859 3445 4901 1116-

1890 4952 2084 5012 gnum
2121 4934 2354 4994 malum
2409 4934 2708 5013 proximi,
2743 4952 2869 4994 non
2907 4934 3090 4994 debet
3119 4934 3195 4995 ad
3225 4935 3444 4995 horam

1890 5028 2164 5108 permitti
2213 5033 2462 5108 propter
2498 5027 2698 5106 majus
2725 5027 3145 5101 commodum,
3175 5030 3322 5107 quia
3366 5028 3441 5087 de

1888 5140 1951 5182 se
1996 5139 2121 5181 non
2175 5126 2265 5181 est
2305 5120 2580 5181 medium
2623 5120 2698 5179 ad
2735 5120 2854 5181 tale
2883 5120 3304 5197 commodum,
3335 5122 3440 5181 sed

1887 5216 2092 5295 potius
2121 5213 2377 5293 impedit
2411 5214 2590 5289 illud,
2621 5222 2682 5274 et
2715 5232 2791 5275 ex
2828 5213 2935 5274 illo
2963 5214 3196 5274 bonum
3224 5214 3443 5275 elicere

1889 5312 1979 5369 est
2017 5306 2334 5385 proprium
2367 5306 2496 5378 Dei,
2527 5313 2588 5367 et
2617 5307 2756 5366 ideo
2800 5306 2905 5366 tali
2940 5307 3142 5367 medio
3171 5306 3287 5380 uti,
3323 5306 3443 5366 Deo

1890 5398 2137 5458 videtur
2185 5397 2660 5480 relinquendum
2689 5446 2708 5474 ,
2742 5406 2811 5459 ut
2860 5400 3179 5478 proprium
3221 5420 3237 5473 3
3283 5400 3442 5458 sicut

1891 5490 2080 5551 etiam
2111 5492 2264 5553 Deus
2292 5492 2595 5571 permittit
2621 5510 2815 5552 uuum
2846 5497 3185 5571 peccatum,
3213 5496 3283 5550 ut
3318 5508 3447 5569 poe·

1892 5600 2040 5647 nam
2087 5584 2359 5661 alterius,
2387 5584 2550 5665 quod
2587 5584 2776 5650 homo
2817 5584 3015 5649 faeere
3055 5602 3179 5643 non
3222 5588 3440 5663 potest.
