<?xml version="1.0" encoding="UTF-8"?>
<!DOCTYPE html PUBLIC "-//W3C//DTD XHTML 1.0 Transitional//EN"
    "http://www.w3.org/TR/xhtml1/DTD/xhtml1-transitional.dtd">
<html xmlns="http://www.w3.org/1999/xhtml" xml:lang="en" lang="en">
 <head>
  <title>
</title>
<meta http-equiv="Content-Type" content="text/html;charset=utf-8" />
  <meta name='ocr-system' content='tesseract 3.04.00' />
  <meta name='ocr-capabilities' content='ocr_page ocr_carea ocr_par ocr_line ocrx_word'/>
</head>
<body>
  <div class='ocr_page' id='page_1' title='image "./rpfranciscisuar00duvagoog_0194.png"; bbox 0 0 3900 6217; ppageno 0'>
   <div class='ocr_carea' id='block_1_1' title="bbox 593 341 712 407">
    <p class='ocr_par' dir='ltr' id='par_1_1' title="bbox 593 341 712 407">
     <span class='ocr_line' id='line_1_1' title="bbox 593 341 712 407; baseline -0.008 0"><span class='ocrx_word' id='word_1_1' title='bbox 593 341 712 407; x_wconf 73' lang='lat'><strong>176</strong></span> 
     </span>
    </p>
   </div>
   <div class='ocr_carea' id='block_1_2' title="bbox 588 451 2162 1562">
    <p class='ocr_par' dir='ltr' id='par_1_2' title="bbox 591 451 2162 1000">
     <span class='ocr_line' id='line_1_2' title="bbox 591 451 2155 533; baseline 0.002 -19"><span class='ocrx_word' id='word_1_2' title='bbox 591 453 784 514; x_wconf 84' lang='lat' dir='ltr'><strong>etiam</strong></span> <span class='ocrx_word' id='word_1_3' title='bbox 809 452 958 533; x_wconf 85' lang='lat' dir='ltr'><strong>quia</strong></span> <span class='ocrx_word' id='word_1_4' title='bbox 979 467 1216 532; x_wconf 82' lang='lat' dir='ltr'><strong>negans</strong></span> <span class='ocrx_word' id='word_1_5' title='bbox 1235 451 1426 514; x_wconf 82' lang='lat' dir='ltr'><strong>talem</strong></span> <span class='ocrx_word' id='word_1_6' title='bbox 1451 452 1916 517; x_wconf 86' lang='lat' dir='ltr'><strong>conclusionem</strong></span> <span class='ocrx_word' id='word_1_7' title='bbox 1949 473 2155 517; x_wconf 90' lang='lat' dir='ltr'><strong>cense-</strong></span> 
     </span>
     <span class='ocr_line' id='line_1_3' title="bbox 593 546 2155 626; baseline 0.002 -18"><span class='ocrx_word' id='word_1_8' title='bbox 593 552 699 608; x_wconf 88' lang='lat' dir='ltr'><strong>tur</strong></span> <span class='ocrx_word' id='word_1_9' title='bbox 723 546 1088 623; x_wconf 71' lang='lat' dir='ltr'><strong>haereticus3</strong></span> <span class='ocrx_word' id='word_1_10' title='bbox 1119 564 1268 626; x_wconf 82' lang='lat' dir='ltr'><strong>ergo</strong></span> <span class='ocrx_word' id='word_1_11' title='bbox 1289 546 1431 607; x_wconf 88' lang='lat' dir='ltr'><strong>talis</strong></span> <span class='ocrx_word' id='word_1_12' title='bbox 1457 547 1766 610; x_wconf 82' lang='lat' dir='ltr'><strong>conclusio</strong></span> <span class='ocrx_word' id='word_1_13' title='bbox 1789 557 1884 611; x_wconf 88' lang='lat' dir='ltr'><strong>est</strong></span> <span class='ocrx_word' id='word_1_14' title='bbox 1909 549 1987 610; x_wconf 90' lang='lat' dir='ltr'><strong>de</strong></span> <span class='ocrx_word' id='word_1_15' title='bbox 2010 549 2155 611; x_wconf 88' lang='lat' dir='ltr'><strong>fide.</strong></span> 
     </span>
     <span class='ocr_line' id='line_1_4' title="bbox 595 637 2162 719; baseline 0.003 -19"><span class='ocrx_word' id='word_1_16' title='bbox 595 638 874 718; x_wconf 87' lang='lat' dir='ltr'><strong>Denique</strong></span> <span class='ocrx_word' id='word_1_17' title='bbox 911 637 1348 716; x_wconf 81' lang='lat' dir='ltr'><strong>confirmatur,</strong></span> <span class='ocrx_word' id='word_1_18' title='bbox 1395 640 1544 719; x_wconf 86' lang='lat' dir='ltr'><strong>quia</strong></span> <span class='ocrx_word' id='word_1_19' title='bbox 1583 640 1720 702; x_wconf 89' lang='lat' dir='ltr'><strong>talis</strong></span> <span class='ocrx_word' id='word_1_20' title='bbox 1761 659 2041 703; x_wconf 79' lang='lat' dir='ltr'>assensus</span> <span class='ocrx_word' id='word_1_21' title='bbox 2070 648 2162 704; x_wconf 90' lang='lat' dir='ltr'><strong>est</strong></span> 
     </span>
     <span class='ocr_line' id='line_1_5' title="bbox 595 731 2158 814; baseline 0.001 -20"><span class='ocrx_word' id='word_1_22' title='bbox 595 731 1120 812; x_wconf 85' lang='lat' dir='ltr'><strong>supernaturalis3</strong></span> <span class='ocrx_word' id='word_1_23' title='bbox 1153 751 1302 813; x_wconf 78' lang='lat' dir='ltr'><strong>ergo</strong></span> <span class='ocrx_word' id='word_1_24' title='bbox 1329 734 1600 814; x_wconf 82' lang='lat' dir='ltr'><strong>pertinet</strong></span> <span class='ocrx_word' id='word_1_25' title='bbox 1631 735 1710 796; x_wconf 89' lang='lat' dir='ltr'><strong>ad</strong></span> <span class='ocrx_word' id='word_1_26' title='bbox 1747 735 2035 797; x_wconf 88' lang='lat' dir='ltr'><strong>habitum</strong></span> <span class='ocrx_word' id='word_1_27' title='bbox 2062 737 2158 796; x_wconf 91' lang='lat' dir='ltr'><strong>in-</strong></span> 
     </span>
     <span class='ocr_line' id='line_1_6' title="bbox 593 825 2157 909; baseline 0.002 -21"><span class='ocrx_word' id='word_1_28' title='bbox 593 827 802 888; x_wconf 86' lang='lat' dir='ltr'><strong>fusum</strong></span> <span class='ocrx_word' id='word_1_29' title='bbox 831 843 848 885; x_wconf 88' lang='lat'>:</span> <span class='ocrx_word' id='word_1_30' title='bbox 879 843 1028 904; x_wconf 81' lang='lat' dir='ltr'><strong>ergo</strong></span> <span class='ocrx_word' id='word_1_31' title='bbox 1055 825 1136 886; x_wconf 90' lang='lat' dir='ltr'><strong>ad</strong></span> <span class='ocrx_word' id='word_1_32' title='bbox 1160 825 1370 903; x_wconf 84' lang='lat' dir='ltr'><strong>fidem,</strong></span> <span class='ocrx_word' id='word_1_33' title='bbox 1401 828 1550 907; x_wconf 88' lang='lat' dir='ltr'><strong>quia</strong></span> <span class='ocrx_word' id='word_1_34' title='bbox 1570 829 1780 891; x_wconf 90' lang='lat' dir='ltr'><strong>nullus</strong></span> <span class='ocrx_word' id='word_1_35' title='bbox 1802 828 1963 891; x_wconf 89' lang='lat' dir='ltr'><strong>alius</strong></span> <span class='ocrx_word' id='word_1_36' title='bbox 1990 831 2157 909; x_wconf 80' lang='lat' dir='ltr'><strong>cogi·</strong></span> 
     </span>
     <span class='ocr_line' id='line_1_7' title="bbox 594 919 1614 1000; baseline 0 -18"><span class='ocrx_word' id='word_1_37' title='bbox 594 920 715 982; x_wconf 79' lang='lat' dir='ltr'><strong>tari</strong></span> <span class='ocrx_word' id='word_1_38' title='bbox 740 927 944 1000; x_wconf 87' lang='lat' dir='ltr'><strong>potest</strong></span> <span class='ocrx_word' id='word_1_39' title='bbox 965 919 1044 981; x_wconf 88' lang='lat' dir='ltr'><strong>ad</strong></span> <span class='ocrx_word' id='word_1_40' title='bbox 1073 937 1258 998; x_wconf 89' lang='lat' dir='ltr'><strong>quem</strong></span> <span class='ocrx_word' id='word_1_41' title='bbox 1285 921 1614 1000; x_wconf 80' lang='lat' dir='ltr'><strong>pertineat.</strong></span> 
     </span>
    </p>

    <p class='ocr_par' dir='ltr' id='par_1_3' title="bbox 588 1013 2161 1562">
     <span class='ocr_line' id='line_1_8' title="bbox 674 1013 2157 1096; baseline 0.002 -21"><span class='ocrx_word' id='word_1_42' title='bbox 674 1017 737 1075; x_wconf 68' lang='lat'><strong>4.</strong></span> <span class='ocrx_word' id='word_1_43' title='bbox 787 1013 1000 1077; x_wconf 75' lang='lat' dir='ltr'><strong>Tertia</strong></span> <span class='ocrx_word' id='word_1_44' title='bbox 1025 1015 1320 1075; x_wconf 67' lang='lat' dir='ltr'><strong>sentencia</strong></span> <span class='ocrx_word' id='word_1_45' title='bbox 1343 1016 1650 1093; x_wconf 63' lang='lat' dir='ltr'><strong>nyctim,</strong></span> <span class='ocrx_word' id='word_1_46' title='bbox 1686 1020 1744 1078; x_wconf 72' lang='lat' dir='ltr'><strong>et</strong></span> <span class='ocrx_word' id='word_1_47' title='bbox 1760 1017 2157 1096; x_wconf 80' lang='lat' dir='ltr'><strong><em>probabilior.</em></strong></span> 
     </span>
     <span class='ocr_line' id='line_1_9' title="bbox 592 1107 2161 1186; baseline -0.001 -14"><span class='ocrx_word' id='word_1_48' title='bbox 592 1142 676 1154; x_wconf 90' lang='lat'><em>-</em></span> <span class='ocrx_word' id='word_1_49' title='bbox 693 1107 861 1186; x_wconf 70' lang='lat' dir='ltr'><strong>Ejus</strong></span> <span class='ocrx_word' id='word_1_50' title='bbox 882 1108 1154 1186; x_wconf 81' lang='lat' dir='ltr'><strong>primum</strong></span> <span class='ocrx_word' id='word_1_51' title='bbox 1171 1107 1658 1186; x_wconf 67' lang='lat' dir='ltr'><strong>pronuntiatum.</strong></span> <span class='ocrx_word' id='word_1_52' title='bbox 1685 1138 1768 1156; x_wconf 86' lang='lat'><strong>-—</strong></span> <span class='ocrx_word' id='word_1_53' title='bbox 1787 1109 1999 1170; x_wconf 86' lang='lat' dir='ltr'><strong>Tertia</strong></span> <span class='ocrx_word' id='word_1_54' title='bbox 2024 1127 2161 1172; x_wconf 88' lang='lat' dir='ltr'><strong>sen-</strong></span> 
     </span>
     <span class='ocr_line' id='line_1_10' title="bbox 592 1198 2159 1280; baseline 0.001 -16"><span class='ocrx_word' id='word_1_55' title='bbox 592 1201 790 1264; x_wconf 85' lang='lat' dir='ltr'><strong>tentia</strong></span> <span class='ocrx_word' id='word_1_56' title='bbox 815 1207 931 1277; x_wconf 87' lang='lat' dir='ltr'><strong>est,</strong></span> <span class='ocrx_word' id='word_1_57' title='bbox 973 1217 1292 1261; x_wconf 79' lang='lat' dir='ltr'><strong>assensum</strong></span> <span class='ocrx_word' id='word_1_58' title='bbox 1334 1198 1480 1262; x_wconf 84' lang='lat' dir='ltr'><strong>fidei</strong></span> <span class='ocrx_word' id='word_1_59' title='bbox 1517 1219 1628 1280; x_wconf 91' lang='lat' dir='ltr'><strong>per</strong></span> <span class='ocrx_word' id='word_1_60' title='bbox 1657 1221 1722 1264; x_wconf 90' lang='lat' dir='ltr'><strong>se</strong></span> <span class='ocrx_word' id='word_1_61' title='bbox 1750 1220 1876 1263; x_wconf 85' lang='lat' dir='ltr'><strong>non</strong></span> <span class='ocrx_word' id='word_1_62' title='bbox 1911 1203 2159 1266; x_wconf 85' lang='lat' dir='ltr'><strong>fundari</strong></span> 
     </span>
     <span class='ocr_line' id='line_1_11' title="bbox 593 1293 2160 1374; baseline 0.001 -16"><span class='ocrx_word' id='word_1_63' title='bbox 593 1296 660 1358; x_wconf 89' lang='lat' dir='ltr'><strong>in</strong></span> <span class='ocrx_word' id='word_1_64' title='bbox 685 1296 996 1371; x_wconf 86' lang='lat' dir='ltr'><strong>discursu,</strong></span> <span class='ocrx_word' id='word_1_65' title='bbox 1027 1293 1132 1355; x_wconf 88' lang='lat' dir='ltr'><strong>sed</strong></span> <span class='ocrx_word' id='word_1_66' title='bbox 1171 1311 1302 1354; x_wconf 88' lang='lat' dir='ltr'><strong>esse</strong></span> <span class='ocrx_word' id='word_1_67' title='bbox 1327 1294 1676 1374; x_wconf 83' lang='lat' dir='ltr'>simplicem</span> <span class='ocrx_word' id='word_1_68' title='bbox 1709 1314 2026 1358; x_wconf 80' lang='lat' dir='ltr'>assensum</span> <span class='ocrx_word' id='word_1_69' title='bbox 2054 1315 2160 1359; x_wconf 88' lang='lat' dir='ltr'><strong>cu·</strong></span> 
     </span>
     <span class='ocr_line' id='line_1_12' title="bbox 588 1389 2159 1470; baseline 0.001 -19"><span class='ocrx_word' id='word_1_70' title='bbox 588 1392 958 1470; x_wconf 87' lang='lat' dir='ltr'><strong>juscumque</strong></span> <span class='ocrx_word' id='word_1_71' title='bbox 995 1389 1278 1450; x_wconf 68' lang='lat' dir='ltr'><strong>‘veritatis</strong></span> <span class='ocrx_word' id='word_1_72' title='bbox 1313 1389 1624 1465; x_wconf 77' lang='lat' dir='ltr'><strong>revelatae,</strong></span> <span class='ocrx_word' id='word_1_73' title='bbox 1669 1396 1979 1470; x_wconf 83' lang='lat' dir='ltr'><strong>quatenus</strong></span> <span class='ocrx_word' id='word_1_74' title='bbox 2015 1391 2159 1452; x_wconf 85' lang='lat' dir='ltr'><strong>talis</strong></span> 
     </span>
     <span class='ocr_line' id='line_1_13' title="bbox 593 1480 2159 1562; baseline 0.001 -17"><span class='ocrx_word' id='word_1_75' title='bbox 593 1489 706 1557; x_wconf 88' lang='lat' dir='ltr'><strong>est,</strong></span> <span class='ocrx_word' id='word_1_76' title='bbox 752 1501 862 1545; x_wconf 88' lang='lat' dir='ltr'><strong>seu</strong></span> <span class='ocrx_word' id='word_1_77' title='bbox 913 1489 1166 1562; x_wconf 88' lang='lat' dir='ltr'><strong>propter</strong></span> <span class='ocrx_word' id='word_1_78' title='bbox 1209 1480 1657 1544; x_wconf 81' lang='lat' dir='ltr'><strong>revelationem</strong></span> <span class='ocrx_word' id='word_1_79' title='bbox 1706 1483 2009 1547; x_wconf 83' lang='lat' dir='ltr'><strong>divinam.</strong></span> <span class='ocrx_word' id='word_1_80' title='bbox 2067 1486 2159 1547; x_wconf 83' lang='lat' dir='ltr'><strong>lta</strong></span> 
     </span>
    </p>
   </div>
   <div class='ocr_carea' id='block_1_3' title="bbox 493 1574 2155 1654">
    <p class='ocr_par' dir='ltr' id='par_1_4' title="bbox 493 1574 2155 1654">
     <span class='ocr_line' id='line_1_14' title="bbox 493 1574 2155 1654; baseline 0.001 -17"><span class='ocrx_word' id='word_1_81' title='bbox 493 1619 498 1625; x_wconf 74' lang='lat'>·</span> <span class='ocrx_word' id='word_1_82' title='bbox 593 1576 874 1638; x_wconf 87' lang='lat' dir='ltr'><strong>sentiunt</strong></span> <span class='ocrx_word' id='word_1_83' title='bbox 895 1574 1306 1636; x_wconf 81' lang='lat' dir='ltr'><strong>communiter</strong></span> <span class='ocrx_word' id='word_1_84' title='bbox 1327 1574 1616 1637; x_wconf 82' lang='lat' dir='ltr'><strong>Doctores</strong></span> <span class='ocrx_word' id='word_1_85' title='bbox 1630 1593 1774 1636; x_wconf 90' lang='lat' dir='ltr'><strong>cum</strong></span> <span class='ocrx_word' id='word_1_86' title='bbox 1795 1579 1866 1639; x_wconf 90' lang='lat' dir='ltr'><strong>D.</strong></span> <span class='ocrx_word' id='word_1_87' title='bbox 1890 1577 2155 1654; x_wconf 83' lang='lat' dir='ltr'><strong>Thoma,</strong></span> 
     </span>
    </p>
   </div>
   <div class='ocr_carea' id='block_1_4' title="bbox 587 1667 2165 5490">
    <p class='ocr_par' dir='ltr' id='par_1_5' title="bbox 587 1667 2165 5490">
     <span class='ocr_line' id='line_1_15' title="bbox 593 1667 2158 1749; baseline 0.001 -19"><span class='ocrx_word' id='word_1_88' title='bbox 593 1669 861 1730; x_wconf 82' lang='lat' dir='ltr'><strong>secunda</strong></span> <span class='ocrx_word' id='word_1_89' title='bbox 901 1667 1209 1743; x_wconf 66' lang='lat' dir='ltr'><strong>secundm,</strong></span> <span class='ocrx_word' id='word_1_90' title='bbox 1252 1670 1590 1746; x_wconf 65' lang='lat' dir='ltr'><strong>quaestione</strong></span> <span class='ocrx_word' id='word_1_91' title='bbox 1631 1671 1855 1749; x_wconf 86' lang='lat' dir='ltr'><strong>prima,</strong></span> <span class='ocrx_word' id='word_1_92' title='bbox 1898 1669 2158 1732; x_wconf 81' lang='lat' dir='ltr'><strong>articulo</strong></span> 
     </span>
     <span class='ocr_line' id='line_1_16' title="bbox 593 1760 2157 1845; baseline 0.001 -22"><span class='ocrx_word' id='word_1_93' title='bbox 593 1763 820 1843; x_wconf 83' lang='lat' dir='ltr'><strong>primu,</strong></span> <span class='ocrx_word' id='word_1_94' title='bbox 853 1762 961 1822; x_wconf 89' lang='lat' dir='ltr'><strong>ubi</strong></span> <span class='ocrx_word' id='word_1_95' title='bbox 1003 1760 1354 1840; x_wconf 79' lang='lat' dir='ltr'><strong>cajetanus,</strong></span> <span class='ocrx_word' id='word_1_96' title='bbox 1385 1760 1534 1822; x_wconf 85' lang='lat' dir='ltr'><strong>duh.</strong></span> <span class='ocrx_word' id='word_1_97' title='bbox 1567 1763 1627 1837; x_wconf 69' lang='lat'><strong>4,</strong></span> <span class='ocrx_word' id='word_1_98' title='bbox 1657 1769 1720 1823; x_wconf 86' lang='lat' dir='ltr'><strong>et</strong></span> <span class='ocrx_word' id='word_1_99' title='bbox 1764 1769 1788 1823; x_wconf 92' lang='lat'><strong>1</strong></span> <span class='ocrx_word' id='word_1_100' title='bbox 1839 1782 1925 1843; x_wconf 89' lang='lat' dir='ltr'><strong>p.,</strong></span> <span class='ocrx_word' id='word_1_101' title='bbox 1962 1781 2157 1845; x_wconf 79' lang='lat' dir='ltr'><strong>quaes-</strong></span> 
     </span>
     <span class='ocr_line' id='line_1_17' title="bbox 593 1853 2154 1937; baseline 0.001 -20"><span class='ocrx_word' id='word_1_102' title='bbox 593 1858 764 1918; x_wconf 90' lang='lat' dir='ltr'><strong>tione</strong></span> <span class='ocrx_word' id='word_1_103' title='bbox 817 1856 1018 1935; x_wconf 89' lang='lat' dir='ltr'><strong>prima</strong></span> <span class='ocrx_word' id='word_1_104' title='bbox 1037 1899 1058 1929; x_wconf 90' lang='lat'><strong>,</strong></span> <span class='ocrx_word' id='word_1_105' title='bbox 1111 1853 1372 1915; x_wconf 85' lang='lat' dir='ltr'><strong>articulo</strong></span> <span class='ocrx_word' id='word_1_106' title='bbox 1423 1855 1690 1916; x_wconf 88' lang='lat' dir='ltr'><strong>seeundo</strong></span> <span class='ocrx_word' id='word_1_107' title='bbox 1722 1877 1740 1931; x_wconf 82' lang='lat'><em>3</em></span> <span class='ocrx_word' id='word_1_108' title='bbox 1799 1857 2154 1937; x_wconf 77' lang='lat' dir='ltr'><strong>CapreoluS,</strong></span> 
     </span>
     <span class='ocr_line' id='line_1_18' title="bbox 593 1947 2159 2030; baseline 0 -18"><span class='ocrx_word' id='word_1_109' title='bbox 593 1949 663 2012; x_wconf 90' lang='lat' dir='ltr'><strong>in</strong></span> <span class='ocrx_word' id='word_1_110' title='bbox 690 1949 896 2023; x_wconf 88' lang='lat' dir='ltr'><strong>tertio,</strong></span> <span class='ocrx_word' id='word_1_111' title='bbox 938 1947 1329 2008; x_wconf 89' lang='lat' dir='ltr'><strong>distinctione</strong></span> <span class='ocrx_word' id='word_1_112' title='bbox 1356 1947 1658 2026; x_wconf 75' lang='lat' dir='ltr'><strong>vigesima</strong></span> <span class='ocrx_word' id='word_1_113' title='bbox 1681 1956 1924 2029; x_wconf 85' lang='lat' dir='ltr'><strong>quarta,</strong></span> <span class='ocrx_word' id='word_1_114' title='bbox 1957 1969 2159 2030; x_wconf 83' lang='lat' dir='ltr'><strong>quaes-</strong></span> 
     </span>
     <span class='ocr_line' id='line_1_19' title="bbox 592 2041 2159 2124; baseline 0 -18"><span class='ocrx_word' id='word_1_115' title='bbox 592 2045 764 2106; x_wconf 89' lang='lat' dir='ltr'><strong>tione</strong></span> <span class='ocrx_word' id='word_1_116' title='bbox 811 2043 1012 2122; x_wconf 86' lang='lat' dir='ltr'><strong>prima</strong></span> <span class='ocrx_word' id='word_1_117' title='bbox 1029 2086 1048 2116; x_wconf 92' lang='lat'><strong>,</strong></span> <span class='ocrx_word' id='word_1_118' title='bbox 1095 2041 1355 2102; x_wconf 88' lang='lat' dir='ltr'><strong>articulo</strong></span> <span class='ocrx_word' id='word_1_119' title='bbox 1397 2042 1580 2104; x_wconf 84' lang='lat' dir='ltr'><strong>tertio</strong></span> <span class='ocrx_word' id='word_1_120' title='bbox 1596 2087 1616 2120; x_wconf 92' lang='lat'><strong>,</strong></span> <span class='ocrx_word' id='word_1_121' title='bbox 1667 2044 1746 2104; x_wconf 87' lang='lat' dir='ltr'><strong>ad</strong></span> <span class='ocrx_word' id='word_1_122' title='bbox 1787 2051 2159 2124; x_wconf 85' lang='lat' dir='ltr'><strong>argumenta</strong></span> 
     </span>
     <span class='ocr_line' id='line_1_20' title="bbox 595 2137 2163 2215; baseline 0.001 -15"><span class='ocrx_word' id='word_1_123' title='bbox 595 2145 808 2201; x_wconf 88' lang='lat' dir='ltr'><strong>contra</strong></span> <span class='ocrx_word' id='word_1_124' title='bbox 831 2137 1160 2198; x_wconf 88' lang='lat' dir='ltr'><strong>secundam</strong></span> <span class='ocrx_word' id='word_1_125' title='bbox 1188 2142 1250 2196; x_wconf 92' lang='lat' dir='ltr'><strong>et</strong></span> <span class='ocrx_word' id='word_1_126' title='bbox 1271 2142 1560 2214; x_wconf 85' lang='lat' dir='ltr'><strong>quartam</strong></span> <span class='ocrx_word' id='word_1_127' title='bbox 1587 2138 2072 2215; x_wconf 78' lang='lat' dir='ltr'><strong>conclusionem,</strong></span> <span class='ocrx_word' id='word_1_128' title='bbox 2097 2145 2163 2201; x_wconf 86' lang='lat' dir='ltr'><strong>et</strong></span> 
     </span>
     <span class='ocr_line' id='line_1_21' title="bbox 594 2227 2161 2305; baseline 0 -11"><span class='ocrx_word' id='word_1_129' title='bbox 594 2233 760 2294; x_wconf 88' lang='lat' dir='ltr'><strong>idem</strong></span> <span class='ocrx_word' id='word_1_130' title='bbox 779 2230 968 2292; x_wconf 85' lang='lat' dir='ltr'><strong>sentit</strong></span> <span class='ocrx_word' id='word_1_131' title='bbox 983 2227 1205 2289; x_wconf 90' lang='lat' dir='ltr'><strong>melius</strong></span> <span class='ocrx_word' id='word_1_132' title='bbox 1225 2229 1416 2305; x_wconf 89' lang='lat' dir='ltr'><strong>Cano,</strong></span> <span class='ocrx_word' id='word_1_133' title='bbox 1439 2229 1602 2290; x_wconf 87' lang='lat' dir='ltr'><strong>libro</strong></span> <span class='ocrx_word' id='word_1_134' title='bbox 1626 2231 1864 2292; x_wconf 90' lang='lat' dir='ltr'><strong>decimo</strong></span> <span class='ocrx_word' id='word_1_135' title='bbox 1890 2234 2161 2294; x_wconf 89' lang='lat' dir='ltr'><strong>secundo</strong></span> 
     </span>
     <span class='ocr_line' id='line_1_22' title="bbox 597 2321 2160 2402; baseline -0.001 -15"><span class='ocrx_word' id='word_1_136' title='bbox 597 2327 676 2387; x_wconf 89' lang='lat' dir='ltr'><strong>de</strong></span> <span class='ocrx_word' id='word_1_137' title='bbox 702 2325 894 2400; x_wconf 85' lang='lat' dir='ltr'><strong>Locis,</strong></span> <span class='ocrx_word' id='word_1_138' title='bbox 927 2322 1126 2402; x_wconf 84' lang='lat' dir='ltr'><strong>capite</strong></span> <span class='ocrx_word' id='word_1_139' title='bbox 1151 2321 1362 2395; x_wconf 87' lang='lat' dir='ltr'><strong>tertio,</strong></span> <span class='ocrx_word' id='word_1_140' title='bbox 1401 2323 1794 2385; x_wconf 87' lang='lat' dir='ltr'><strong>conclusione</strong></span> <span class='ocrx_word' id='word_1_141' title='bbox 1827 2326 2049 2399; x_wconf 79' lang='lat' dir='ltr'><strong>tertia3</strong></span> <span class='ocrx_word' id='word_1_142' title='bbox 2098 2331 2160 2386; x_wconf 91' lang='lat' dir='ltr'><strong>et</strong></span> 
     </span>
     <span class='ocr_line' id='line_1_23' title="bbox 595 2414 2163 2497; baseline 0 -16"><span class='ocrx_word' id='word_1_143' title='bbox 595 2417 827 2482; x_wconf 83' lang='lat' dir='ltr'><strong>Ocham</strong></span> <span class='ocrx_word' id='word_1_144' title='bbox 846 2461 866 2494; x_wconf 94' lang='lat'><strong>,</strong></span> <span class='ocrx_word' id='word_1_145' title='bbox 909 2414 1193 2490; x_wconf 88' lang='lat' dir='ltr'><strong>Quodlib.</strong></span> <span class='ocrx_word' id='word_1_146' title='bbox 1241 2419 1313 2492; x_wconf 90' lang='lat'><strong>3,</strong></span> <span class='ocrx_word' id='word_1_147' title='bbox 1375 2418 1716 2495; x_wconf 81' lang='lat' dir='ltr'><strong>quoestione</strong></span> <span class='ocrx_word' id='word_1_148' title='bbox 1759 2419 2041 2497; x_wconf 86' lang='lat' dir='ltr'><strong>septima.</strong></span> <span class='ocrx_word' id='word_1_149' title='bbox 2086 2421 2163 2481; x_wconf 93' lang='lat' dir='ltr'><strong>Et</strong></span> 
     </span>
     <span class='ocr_line' id='line_1_24' title="bbox 596 2507 2159 2591; baseline 0 -17"><span class='ocrx_word' id='word_1_150' title='bbox 596 2512 756 2574; x_wconf 87' lang='lat' dir='ltr'><strong>mihi</strong></span> <span class='ocrx_word' id='word_1_151' title='bbox 805 2510 1051 2572; x_wconf 84' lang='lat' dir='ltr'><strong>videtur</strong></span> <span class='ocrx_word' id='word_1_152' title='bbox 1099 2507 1236 2570; x_wconf 82' lang='lat' dir='ltr'><strong>haec</strong></span> <span class='ocrx_word' id='word_1_153' title='bbox 1281 2511 1586 2572; x_wconf 86' lang='lat' dir='ltr'><strong>sententia</strong></span> <span class='ocrx_word' id='word_1_154' title='bbox 1629 2509 2047 2591; x_wconf 76' lang='lat' dir='ltr'><strong>probabilior,</strong></span> <span class='ocrx_word' id='word_1_155' title='bbox 2096 2518 2159 2574; x_wconf 90' lang='lat' dir='ltr'><strong>et</strong></span> 
     </span>
     <span class='ocr_line' id='line_1_25' title="bbox 595 2603 2163 2686; baseline 0 -20"><span class='ocrx_word' id='word_1_156' title='bbox 595 2605 800 2686; x_wconf 84' lang='lat' dir='ltr'><strong>aptior</strong></span> <span class='ocrx_word' id='word_1_157' title='bbox 825 2603 904 2664; x_wconf 90' lang='lat' dir='ltr'><strong>ad</strong></span> <span class='ocrx_word' id='word_1_158' title='bbox 932 2607 1220 2663; x_wconf 84' lang='lat' dir='ltr'><strong>naturam</strong></span> <span class='ocrx_word' id='word_1_159' title='bbox 1245 2609 1308 2662; x_wconf 89' lang='lat' dir='ltr'><strong>et</strong></span> <span class='ocrx_word' id='word_1_160' title='bbox 1338 2603 1656 2665; x_wconf 86' lang='lat' dir='ltr'><strong>veritatem</strong></span> <span class='ocrx_word' id='word_1_161' title='bbox 1681 2603 1826 2664; x_wconf 89' lang='lat' dir='ltr'><strong>fidei</strong></span> <span class='ocrx_word' id='word_1_162' title='bbox 1852 2605 2163 2685; x_wconf 85' lang='lat' dir='ltr'><strong>explican-</strong></span> 
     </span>
     <span class='ocr_line' id='line_1_26' title="bbox 596 2695 2165 2778; baseline -0.001 -18"><span class='ocrx_word' id='word_1_163' title='bbox 596 2698 763 2760; x_wconf 86' lang='lat' dir='ltr'><strong>dam.</strong></span> <span class='ocrx_word' id='word_1_164' title='bbox 811 2697 902 2756; x_wconf 83' lang='lat' dir='ltr'><strong>Ad</strong></span> <span class='ocrx_word' id='word_1_165' title='bbox 930 2695 1103 2756; x_wconf 89' lang='lat' dir='ltr'><strong>illam</strong></span> <span class='ocrx_word' id='word_1_166' title='bbox 1145 2701 1355 2756; x_wconf 84' lang='lat' dir='ltr'><strong>antem</strong></span> <span class='ocrx_word' id='word_1_167' title='bbox 1381 2695 1760 2775; x_wconf 80' lang='lat' dir='ltr'><strong>probandam</strong></span> <span class='ocrx_word' id='word_1_168' title='bbox 1787 2743 1807 2773; x_wconf 88' lang='lat'><strong>,</strong></span> <span class='ocrx_word' id='word_1_169' title='bbox 1854 2698 2165 2778; x_wconf 85' lang='lat' dir='ltr'><strong>imprimis</strong></span> 
     </span>
     <span class='ocr_line' id='line_1_27' title="bbox 595 2789 2159 2869; baseline 0.001 -17"><span class='ocrx_word' id='word_1_170' title='bbox 595 2807 798 2852; x_wconf 85' lang='lat' dir='ltr'><strong>assero</strong></span> <span class='ocrx_word' id='word_1_171' title='bbox 827 2790 1168 2850; x_wconf 86' lang='lat' dir='ltr'><strong>necessario</strong></span> <span class='ocrx_word' id='word_1_172' title='bbox 1187 2806 1318 2850; x_wconf 88' lang='lat' dir='ltr'><strong>esse</strong></span> <span class='ocrx_word' id='word_1_173' title='bbox 1345 2789 1622 2851; x_wconf 89' lang='lat' dir='ltr'><strong>dandum</strong></span> <span class='ocrx_word' id='word_1_174' title='bbox 1651 2789 1921 2869; x_wconf 83' lang='lat' dir='ltr'><strong>aliquem</strong></span> <span class='ocrx_word' id='word_1_175' title='bbox 1951 2798 2159 2853; x_wconf 87' lang='lat' dir='ltr'><strong>actum</strong></span> 
     </span>
     <span class='ocr_line' id='line_1_28' title="bbox 592 2881 2161 2964; baseline 0 -18"><span class='ocrx_word' id='word_1_176' title='bbox 592 2885 763 2961; x_wconf 85' lang='lat' dir='ltr'><strong>fidei,</strong></span> <span class='ocrx_word' id='word_1_177' title='bbox 793 2883 904 2964; x_wconf 88' lang='lat' dir='ltr'><strong>qui</strong></span> <span class='ocrx_word' id='word_1_178' title='bbox 931 2899 1058 2944; x_wconf 89' lang='lat' dir='ltr'><strong>non</strong></span> <span class='ocrx_word' id='word_1_179' title='bbox 1083 2881 1164 2942; x_wconf 90' lang='lat' dir='ltr'><strong>sit</strong></span> <span class='ocrx_word' id='word_1_180' title='bbox 1191 2899 1270 2944; x_wconf 82' lang='lat' dir='ltr'><strong>ex</strong></span> <span class='ocrx_word' id='word_1_181' title='bbox 1297 2881 1601 2956; x_wconf 86' lang='lat' dir='ltr'><strong>discursu,</strong></span> <span class='ocrx_word' id='word_1_182' title='bbox 1633 2883 1739 2944; x_wconf 88' lang='lat' dir='ltr'><strong>sed</strong></span> <span class='ocrx_word' id='word_1_183' title='bbox 1766 2903 1877 2963; x_wconf 87' lang='lat' dir='ltr'><strong>per</strong></span> <span class='ocrx_word' id='word_1_184' title='bbox 1905 2885 2161 2946; x_wconf 91' lang='lat' dir='ltr'><strong>modum</strong></span> 
     </span>
     <span class='ocr_line' id='line_1_29' title="bbox 594 2974 2158 3058; baseline 0 -19"><span class='ocrx_word' id='word_1_185' title='bbox 594 2978 887 3058; x_wconf 82' lang='lat' dir='ltr'><strong>simplicis</strong></span> <span class='ocrx_word' id='word_1_186' title='bbox 926 2991 1229 3037; x_wconf 78' lang='lat' dir='ltr'>assensus.</span> <span class='ocrx_word' id='word_1_187' title='bbox 1280 2974 1580 3036; x_wconf 82' lang='lat' dir='ltr'><strong>Probatur</strong></span> <span class='ocrx_word' id='word_1_188' title='bbox 1621 2993 1700 3037; x_wconf 82' lang='lat' dir='ltr'><strong>ex</strong></span> <span class='ocrx_word' id='word_1_189' title='bbox 1740 2977 1919 3038; x_wconf 88' lang='lat' dir='ltr'><strong>dictis</strong></span> <span class='ocrx_word' id='word_1_190' title='bbox 1947 2995 2158 3058; x_wconf 82' lang='lat' dir='ltr'><strong>supra,</strong></span> 
     </span>
     <span class='ocr_line' id='line_1_30' title="bbox 589 3067 2163 3150; baseline -0.001 -18"><span class='ocrx_word' id='word_1_191' title='bbox 589 3070 1008 3150; x_wconf 86' lang='lat' dir='ltr'><strong>disputatione</strong></span> <span class='ocrx_word' id='word_1_192' title='bbox 1044 3067 1253 3132; x_wconf 87' lang='lat' dir='ltr'><strong>tertia.</strong></span> <span class='ocrx_word' id='word_1_193' title='bbox 1301 3069 1456 3129; x_wconf 85' lang='lat' dir='ltr'><strong>Nam</strong></span> <span class='ocrx_word' id='word_1_194' title='bbox 1496 3068 1548 3128; x_wconf 91' lang='lat' dir='ltr'><strong>si</strong></span> <span class='ocrx_word' id='word_1_195' title='bbox 1591 3068 1814 3149; x_wconf 88' lang='lat' dir='ltr'><strong>aliquis</strong></span> <span class='ocrx_word' id='word_1_196' title='bbox 1855 3069 2163 3130; x_wconf 89' lang='lat' dir='ltr'><strong>discursus</strong></span> 
     </span>
     <span class='ocr_line' id='line_1_31' title="bbox 589 3160 2161 3242; baseline 0 -18"><span class='ocrx_word' id='word_1_197' title='bbox 589 3163 729 3224; x_wconf 85' lang='lat' dir='ltr'><strong>fleri</strong></span> <span class='ocrx_word' id='word_1_198' title='bbox 767 3168 970 3242; x_wconf 87' lang='lat' dir='ltr'><strong>potest</strong></span> <span class='ocrx_word' id='word_1_199' title='bbox 1009 3161 1076 3222; x_wconf 88' lang='lat' dir='ltr'><strong>in</strong></span> <span class='ocrx_word' id='word_1_200' title='bbox 1117 3160 1278 3236; x_wconf 86' lang='lat' dir='ltr'><strong>fide,</strong></span> <span class='ocrx_word' id='word_1_201' title='bbox 1331 3162 1603 3223; x_wconf 84' lang='lat' dir='ltr'><strong>maxime</strong></span> <span class='ocrx_word' id='word_1_202' title='bbox 1643 3180 1721 3223; x_wconf 84' lang='lat' dir='ltr'><strong>ex</strong></span> <span class='ocrx_word' id='word_1_203' title='bbox 1764 3162 1884 3224; x_wconf 85' lang='lat' dir='ltr'><strong>illis</strong></span> <span class='ocrx_word' id='word_1_204' title='bbox 1919 3161 2161 3224; x_wconf 88' lang='lat' dir='ltr'><strong>duobus</strong></span> 
     </span>
     <span class='ocr_line' id='line_1_32' title="bbox 587 3252 2163 3337; baseline 0.002 -21"><span class='ocrx_word' id='word_1_205' title='bbox 587 3255 914 3337; x_wconf 86' lang='lat' dir='ltr'><strong>principiis</strong></span> <span class='ocrx_word' id='word_1_206' title='bbox 955 3269 972 3314; x_wconf 70' lang='grc' dir='ltr'><em>τ</em></span> <span class='ocrx_word' id='word_1_207' title='bbox 1023 3252 1328 3336; x_wconf 75' lang='lat' dir='ltr'><strong>Quidquid</strong></span> <span class='ocrx_word' id='word_1_208' title='bbox 1366 3255 1530 3317; x_wconf 72' lang='lat' dir='ltr'><strong>Deus</strong></span> <span class='ocrx_word' id='word_1_209' title='bbox 1565 3255 1722 3318; x_wconf 64' lang='lat' dir='ltr'><strong>dimit</strong></span> <span class='ocrx_word' id='word_1_210' title='bbox 1772 3261 1858 3319; x_wconf 77' lang='lat' dir='ltr'><strong>est</strong></span> <span class='ocrx_word' id='word_1_211' title='bbox 1901 3275 2107 3319; x_wconf 77' lang='lat' dir='ltr'><strong>verum</strong></span> <span class='ocrx_word' id='word_1_212' title='bbox 2134 3280 2163 3328; x_wconf 83' lang='lat'><strong>,-</strong></span> 
     </span>
     <span class='ocr_line' id='line_1_33' title="bbox 590 3347 2162 3427; baseline -0.003 -15"><span class='ocrx_word' id='word_1_213' title='bbox 590 3350 756 3412; x_wconf 75' lang='lat' dir='ltr'><strong>Dm</strong></span> <span class='ocrx_word' id='word_1_214' title='bbox 783 3349 890 3411; x_wconf 76' lang='grc' dir='ltr'><strong>Ιιοο</strong></span> <span class='ocrx_word' id='word_1_215' title='bbox 911 3349 1075 3411; x_wconf 66' lang='lat' dir='ltr'><strong>dicit</strong></span> <span class='ocrx_word' id='word_1_216' title='bbox 1093 3370 1122 3420; x_wconf 89' lang='lat'><strong>,·</strong></span> <span class='ocrx_word' id='word_1_217' title='bbox 1146 3363 1286 3427; x_wconf 67' lang='lat' dir='ltr'><strong>crya</strong></span> <span class='ocrx_word' id='word_1_218' title='bbox 1303 3371 1332 3418; x_wconf 89' lang='lat'><strong>,·</strong></span> <span class='ocrx_word' id='word_1_219' title='bbox 1359 3347 1427 3408; x_wconf 89' lang='lat' dir='ltr'><strong>in</strong></span> <span class='ocrx_word' id='word_1_220' title='bbox 1460 3365 1585 3427; x_wconf 88' lang='lat' dir='ltr'><strong>quo</strong></span> <span class='ocrx_word' id='word_1_221' title='bbox 1611 3347 1858 3426; x_wconf 87' lang='lat' dir='ltr'><strong>melius,</strong></span> <span class='ocrx_word' id='word_1_222' title='bbox 1889 3350 2024 3409; x_wconf 87' lang='lat' dir='ltr'><strong>sine</strong></span> <span class='ocrx_word' id='word_1_223' title='bbox 2048 3347 2162 3408; x_wconf 82' lang='lat' dir='ltr'><strong>du·</strong></span> 
     </span>
     <span class='ocr_line' id='line_1_34' title="bbox 593 3441 2157 3522; baseline -0.002 -17"><span class='ocrx_word' id='word_1_224' title='bbox 593 3441 723 3517; x_wconf 83' lang='lat' dir='ltr'><strong>bio,</strong></span> <span class='ocrx_word' id='word_1_225' title='bbox 755 3441 1033 3522; x_wconf 89' lang='lat' dir='ltr'><strong>loquitur</strong></span> <span class='ocrx_word' id='word_1_226' title='bbox 1057 3441 1262 3522; x_wconf 87' lang='lat' dir='ltr'><strong>prima</strong></span> <span class='ocrx_word' id='word_1_227' title='bbox 1299 3442 1608 3504; x_wconf 88' lang='lat' dir='ltr'><strong>sententia</strong></span> <span class='ocrx_word' id='word_1_228' title='bbox 1644 3459 1833 3522; x_wconf 86' lang='lat' dir='ltr'><strong>quam</strong></span> <span class='ocrx_word' id='word_1_229' title='bbox 1863 3441 2157 3518; x_wconf 89' lang='lat' dir='ltr'><strong>secunda,</strong></span> 
     </span>
     <span class='ocr_line' id='line_1_35' title="bbox 591 3535 2159 3618; baseline 0.001 -21"><span class='ocrx_word' id='word_1_230' title='bbox 591 3537 742 3618; x_wconf 86' lang='lat' dir='ltr'><strong>quia</strong></span> <span class='ocrx_word' id='word_1_231' title='bbox 771 3537 935 3597; x_wconf 85' lang='lat' dir='ltr'><strong>inter</strong></span> <span class='ocrx_word' id='word_1_232' title='bbox 968 3535 1076 3598; x_wconf 89' lang='lat' dir='ltr'><strong>illa</strong></span> <span class='ocrx_word' id='word_1_233' title='bbox 1101 3536 1226 3597; x_wconf 89' lang='lat' dir='ltr'><strong>duo</strong></span> <span class='ocrx_word' id='word_1_234' title='bbox 1255 3536 1559 3616; x_wconf 87' lang='lat' dir='ltr'><strong>principia</strong></span> <span class='ocrx_word' id='word_1_235' title='bbox 1596 3543 1657 3598; x_wconf 90' lang='lat' dir='ltr'><strong>et</strong></span> <span class='ocrx_word' id='word_1_236' title='bbox 1698 3536 1967 3616; x_wconf 88' lang='lat' dir='ltr'><strong>reliquas</strong></span> <span class='ocrx_word' id='word_1_237' title='bbox 2002 3535 2159 3599; x_wconf 85' lang='lat' dir='ltr'><strong>veri·</strong></span> 
     </span>
     <span class='ocr_line' id='line_1_36' title="bbox 589 3629 2163 3711; baseline -0.001 -17"><span class='ocrx_word' id='word_1_238' title='bbox 589 3639 750 3694; x_wconf 86' lang='lat' dir='ltr'><strong>tates</strong></span> <span class='ocrx_word' id='word_1_239' title='bbox 787 3630 1058 3693; x_wconf 81' lang='lat' dir='ltr'><strong>fidei&#39;est</strong></span> <span class='ocrx_word' id='word_1_240' title='bbox 1099 3631 1322 3711; x_wconf 88' lang='lat' dir='ltr'><strong>aliquis</strong></span> <span class='ocrx_word' id='word_1_241' title='bbox 1365 3629 1518 3691; x_wconf 89' lang='lat' dir='ltr'><strong>ordo</strong></span> <span class='ocrx_word' id='word_1_242' title='bbox 1559 3649 1672 3709; x_wconf 91' lang='lat' dir='ltr'><strong>per</strong></span> <span class='ocrx_word' id='word_1_243' title='bbox 1711 3647 1798 3707; x_wconf 92' lang='lat' dir='ltr'><strong>se,</strong></span> <span class='ocrx_word' id='word_1_244' title='bbox 1849 3633 1957 3709; x_wconf 89' lang='lat' dir='ltr'><strong>qui</strong></span> <span class='ocrx_word' id='word_1_245' title='bbox 2000 3630 2163 3692; x_wconf 88' lang='lat' dir='ltr'><strong>inter</strong></span> 
     </span>
     <span class='ocr_line' id='line_1_37' title="bbox 591 3723 2161 3803; baseline -0.001 -17"><span class='ocrx_word' id='word_1_246' title='bbox 591 3725 746 3786; x_wconf 84' lang='lat' dir='ltr'><strong>alias</strong></span> <span class='ocrx_word' id='word_1_247' title='bbox 773 3724 1064 3786; x_wconf 80' lang='lat' dir='ltr'><strong>veritates</strong></span> <span class='ocrx_word' id='word_1_248' title='bbox 1105 3741 1234 3784; x_wconf 90' lang='lat' dir='ltr'><strong>non</strong></span> <span class='ocrx_word' id='word_1_249' title='bbox 1260 3723 1598 3791; x_wconf 80' lang='lat' dir='ltr'><strong>invenitur,</strong></span> <span class='ocrx_word' id='word_1_250' title='bbox 1635 3729 1706 3785; x_wconf 92' lang='lat' dir='ltr'><strong>ut</strong></span> <span class='ocrx_word' id='word_1_251' title='bbox 1732 3723 1922 3785; x_wconf 88' lang='lat' dir='ltr'><strong>etiam</strong></span> <span class='ocrx_word' id='word_1_252' title='bbox 1949 3723 2161 3803; x_wconf 89' lang='lat' dir='ltr'><strong>dispu-</strong></span> 
     </span>
     <span class='ocr_line' id='line_1_38' title="bbox 591 3815 2160 3896; baseline -0.002 -16"><span class='ocrx_word' id='word_1_253' title='bbox 591 3818 826 3880; x_wconf 81' lang='lat' dir='ltr'><strong>tatione</strong></span> <span class='ocrx_word' id='word_1_254' title='bbox 863 3817 1130 3879; x_wconf 86' lang='lat' dir='ltr'><strong>secunda</strong></span> <span class='ocrx_word' id='word_1_255' title='bbox 1169 3823 1487 3879; x_wconf 87' lang='lat' dir='ltr'><strong>ostensum</strong></span> <span class='ocrx_word' id='word_1_256' title='bbox 1529 3821 1641 3879; x_wconf 89' lang='lat' dir='ltr'><strong>est.</strong></span> <span class='ocrx_word' id='word_1_257' title='bbox 1689 3817 2006 3896; x_wconf 81' lang='lat' dir='ltr'><strong>Interrogo</strong></span> <span class='ocrx_word' id='word_1_258' title='bbox 2044 3815 2160 3894; x_wconf 83' lang='lat' dir='ltr'><strong>igi-</strong></span> 
     </span>
     <span class='ocr_line' id='line_1_39' title="bbox 591 3909 2159 3990; baseline -0.002 -17"><span class='ocrx_word' id='word_1_259' title='bbox 591 3917 699 3973; x_wconf 86' lang='lat' dir='ltr'><strong>tur</strong></span> <span class='ocrx_word' id='word_1_260' title='bbox 739 3929 821 3972; x_wconf 90' lang='lat' dir='ltr'><strong>an</strong></span> <span class='ocrx_word' id='word_1_261' title='bbox 861 3910 968 3972; x_wconf 90' lang='lat' dir='ltr'><strong>illa</strong></span> <span class='ocrx_word' id='word_1_262' title='bbox 1018 3909 1142 3972; x_wconf 89' lang='lat' dir='ltr'><strong>duo</strong></span> <span class='ocrx_word' id='word_1_263' title='bbox 1192 3910 1498 3990; x_wconf 88' lang='lat' dir='ltr'><strong>principia</strong></span> <span class='ocrx_word' id='word_1_264' title='bbox 1532 3909 1860 3970; x_wconf 87' lang='lat' dir='ltr'><strong>credantur</strong></span> <span class='ocrx_word' id='word_1_265' title='bbox 1894 3927 2006 3989; x_wconf 89' lang='lat' dir='ltr'><strong>per</strong></span> <span class='ocrx_word' id='word_1_266' title='bbox 2037 3910 2159 3970; x_wconf 87' lang='lat' dir='ltr'><strong>dis-</strong></span> 
     </span>
     <span class='ocr_line' id='line_1_40' title="bbox 591 4002 2155 4082; baseline -0.002 -16"><span class='ocrx_word' id='word_1_267' title='bbox 591 4021 867 4081; x_wconf 85' lang='lat' dir='ltr'><strong>cursum,</strong></span> <span class='ocrx_word' id='word_1_268' title='bbox 895 4002 998 4065; x_wconf 77' lang='lat' dir='ltr'><strong>vel</strong></span> <span class='ocrx_word' id='word_1_269' title='bbox 1021 4003 1156 4065; x_wconf 91' lang='lat' dir='ltr'><strong>sine</strong></span> <span class='ocrx_word' id='word_1_270' title='bbox 1177 4003 1307 4065; x_wconf 89' lang='lat' dir='ltr'><strong>illo.</strong></span> <span class='ocrx_word' id='word_1_271' title='bbox 1339 4003 1618 4064; x_wconf 90' lang='lat' dir='ltr'><strong>Primum</strong></span> <span class='ocrx_word' id='word_1_272' title='bbox 1641 4002 1761 4064; x_wconf 90' lang='lat' dir='ltr'><strong>dici</strong></span> <span class='ocrx_word' id='word_1_273' title='bbox 1780 4020 1908 4063; x_wconf 88' lang='lat' dir='ltr'><strong>non</strong></span> <span class='ocrx_word' id='word_1_274' title='bbox 1934 4009 2155 4082; x_wconf 88' lang='lat' dir='ltr'><strong>potest,</strong></span> 
     </span>
     <span class='ocr_line' id='line_1_41' title="bbox 594 4095 2161 4178; baseline -0.002 -17"><span class='ocrx_word' id='word_1_275' title='bbox 594 4107 730 4162; x_wconf 86' lang='lat' dir='ltr'><strong>tum</strong></span> <span class='ocrx_word' id='word_1_276' title='bbox 776 4100 926 4178; x_wconf 84' lang='lat' dir='ltr'><strong>quia</strong></span> <span class='ocrx_word' id='word_1_277' title='bbox 973 4117 1100 4158; x_wconf 89' lang='lat' dir='ltr'><strong>non</strong></span> <span class='ocrx_word' id='word_1_278' title='bbox 1148 4102 1408 4178; x_wconf 89' lang='lat' dir='ltr'><strong>possunt</strong></span> <span class='ocrx_word' id='word_1_279' title='bbox 1445 4097 1749 4177; x_wconf 80' lang='lat' dir='ltr'><strong>assignari</strong></span> <span class='ocrx_word' id='word_1_280' title='bbox 1789 4095 1912 4159; x_wconf 88' lang='lat' dir='ltr'><strong>alia</strong></span> <span class='ocrx_word' id='word_1_281' title='bbox 1956 4098 2161 4176; x_wconf 85' lang='lat' dir='ltr'><strong>priora</strong></span> 
     </span>
     <span class='ocr_line' id='line_1_42' title="bbox 593 4189 2157 4276; baseline -0.003 -22"><span class='ocrx_word' id='word_1_282' title='bbox 593 4193 904 4276; x_wconf 90' lang='lat' dir='ltr'><strong>principia</strong></span> <span class='ocrx_word' id='word_1_283' title='bbox 951 4208 1030 4252; x_wconf 80' lang='lat' dir='ltr'><strong>ex</strong></span> <span class='ocrx_word' id='word_1_284' title='bbox 1078 4191 1303 4271; x_wconf 85' lang='lat' dir='ltr'><strong>quibus</strong></span> <span class='ocrx_word' id='word_1_285' title='bbox 1357 4190 1672 4272; x_wconf 86' lang='lat' dir='ltr'><strong>pendeant</strong></span> <span class='ocrx_word' id='word_1_286' title='bbox 1704 4205 1727 4268; x_wconf 83' lang='lat'>3</span> <span class='ocrx_word' id='word_1_287' title='bbox 1783 4197 1918 4250; x_wconf 88' lang='lat' dir='ltr'><strong>tum</strong></span> <span class='ocrx_word' id='word_1_288' title='bbox 1970 4189 2157 4251; x_wconf 90' lang='lat' dir='ltr'><strong>etiam</strong></span> 
     </span>
     <span class='ocr_line' id='line_1_43' title="bbox 591 4282 2159 4366; baseline -0.001 -20"><span class='ocrx_word' id='word_1_289' title='bbox 591 4286 773 4366; x_wconf 88' lang='lat' dir='ltr'><strong>quia,</strong></span> <span class='ocrx_word' id='word_1_290' title='bbox 825 4285 966 4346; x_wconf 86' lang='lat' dir='ltr'><strong>licet</strong></span> <span class='ocrx_word' id='word_1_291' title='bbox 1007 4283 1327 4359; x_wconf 86' lang='lat' dir='ltr'><strong>darentur,</strong></span> <span class='ocrx_word' id='word_1_292' title='bbox 1375 4283 1452 4344; x_wconf 91' lang='lat' dir='ltr'><strong>de</strong></span> <span class='ocrx_word' id='word_1_293' title='bbox 1497 4282 1620 4344; x_wconf 89' lang='lat' dir='ltr'><strong>illis</strong></span> <span class='ocrx_word' id='word_1_294' title='bbox 1663 4283 1892 4345; x_wconf 83' lang='lat' dir='ltr'><strong>rediret</strong></span> <span class='ocrx_word' id='word_1_295' title='bbox 1940 4283 2159 4345; x_wconf 85' lang='lat' dir='ltr'><strong>eadem</strong></span> 
     </span>
     <span class='ocr_line' id='line_1_44' title="bbox 592 4375 2159 4460; baseline -0.003 -19"><span class='ocrx_word' id='word_1_296' title='bbox 592 4381 878 4460; x_wconf 68' lang='lat' dir='ltr'><strong>quaestio,</strong></span> <span class='ocrx_word' id='word_1_297' title='bbox 903 4385 966 4441; x_wconf 91' lang='lat' dir='ltr'><strong>et</strong></span> <span class='ocrx_word' id='word_1_298' title='bbox 992 4379 1078 4440; x_wconf 91' lang='lat' dir='ltr'><strong>sic</strong></span> <span class='ocrx_word' id='word_1_299' title='bbox 1101 4377 1531 4458; x_wconf 88' lang='lat' dir='ltr'><strong>procederetur</strong></span> <span class='ocrx_word' id='word_1_300' title='bbox 1555 4377 1622 4437; x_wconf 91' lang='lat' dir='ltr'><strong>in</strong></span> <span class='ocrx_word' id='word_1_301' title='bbox 1651 4376 1969 4438; x_wconf 87' lang='lat' dir='ltr'><strong>infinitum</strong></span> <span class='ocrx_word' id='word_1_302' title='bbox 1993 4395 2010 4450; x_wconf 79' lang='lat'>3</span> <span class='ocrx_word' id='word_1_303' title='bbox 2042 4375 2159 4437; x_wconf 88' lang='lat' dir='ltr'><strong>hoc</strong></span> 
     </span>
     <span class='ocr_line' id='line_1_45' title="bbox 595 4471 2159 4554; baseline -0.004 -16"><span class='ocrx_word' id='word_1_304' title='bbox 595 4477 766 4538; x_wconf 87' lang='lat' dir='ltr'><strong>enim</strong></span> <span class='ocrx_word' id='word_1_305' title='bbox 792 4481 1164 4554; x_wconf 81' lang='lat' dir='ltr'><strong>argumento</strong></span> <span class='ocrx_word' id='word_1_306' title='bbox 1191 4472 1490 4553; x_wconf 85' lang='lat' dir='ltr'><strong>probatur</strong></span> <span class='ocrx_word' id='word_1_307' title='bbox 1511 4472 1579 4532; x_wconf 91' lang='lat' dir='ltr'><strong>in</strong></span> <span class='ocrx_word' id='word_1_308' title='bbox 1602 4471 1874 4533; x_wconf 88' lang='lat' dir='ltr'><strong>scientiis</strong></span> <span class='ocrx_word' id='word_1_309' title='bbox 1890 4517 1911 4548; x_wconf 91' lang='lat'>‚</span> <span class='ocrx_word' id='word_1_310' title='bbox 1941 4471 2159 4534; x_wconf 88' lang='lat' dir='ltr'><strong>sisten-</strong></span> 
     </span>
     <span class='ocr_line' id='line_1_46' title="bbox 597 4565 2163 4648; baseline -0.002 -20"><span class='ocrx_word' id='word_1_311' title='bbox 597 4569 747 4629; x_wconf 91' lang='lat' dir='ltr'><strong>dum</strong></span> <span class='ocrx_word' id='word_1_312' title='bbox 777 4586 907 4629; x_wconf 87' lang='lat' dir='ltr'><strong>esse</strong></span> <span class='ocrx_word' id='word_1_313' title='bbox 939 4568 1008 4629; x_wconf 89' lang='lat' dir='ltr'><strong>in</strong></span> <span class='ocrx_word' id='word_1_314' title='bbox 1037 4566 1359 4648; x_wconf 89' lang='lat' dir='ltr'><strong>principiis</strong></span> <span class='ocrx_word' id='word_1_315' title='bbox 1394 4581 1534 4646; x_wconf 83' lang='lat' dir='ltr'><strong>quae</strong></span> <span class='ocrx_word' id='word_1_316' title='bbox 1575 4569 1707 4626; x_wconf 88' lang='lat' dir='ltr'><strong>sine</strong></span> <span class='ocrx_word' id='word_1_317' title='bbox 1749 4565 2035 4625; x_wconf 87' lang='lat' dir='ltr'><strong>discursu</strong></span> <span class='ocrx_word' id='word_1_318' title='bbox 2063 4582 2163 4626; x_wconf 89' lang='lat' dir='ltr'><strong>co·</strong></span> 
     </span>
     <span class='ocr_line' id='line_1_47' title="bbox 597 4657 2156 4741; baseline -0.003 -19"><span class='ocrx_word' id='word_1_319' title='bbox 597 4665 1002 4741; x_wconf 74' lang='lat' dir='ltr'><strong>gnoscantur,</strong></span> <span class='ocrx_word' id='word_1_320' title='bbox 1025 4667 1086 4722; x_wconf 93' lang='lat' dir='ltr'><strong>et</strong></span> <span class='ocrx_word' id='word_1_321' title='bbox 1103 4659 1386 4721; x_wconf 88' lang='lat' dir='ltr'><strong>eamdem</strong></span> <span class='ocrx_word' id='word_1_322' title='bbox 1402 4659 1528 4719; x_wconf 80' lang='lat' dir='ltr'><strong>vim</strong></span> <span class='ocrx_word' id='word_1_323' title='bbox 1550 4657 1738 4719; x_wconf 88' lang='lat' dir='ltr'><strong>habet</strong></span> <span class='ocrx_word' id='word_1_324' title='bbox 1754 4657 1823 4718; x_wconf 88' lang='lat' dir='ltr'><strong>in</strong></span> <span class='ocrx_word' id='word_1_325' title='bbox 1842 4675 2078 4738; x_wconf 82' lang='lat' dir='ltr'><strong>praesen</strong></span> <span class='ocrx_word' id='word_1_326' title='bbox 2086 4659 2156 4735; x_wconf 81' lang='lat' dir='ltr'><strong>ti3</strong></span> 
     </span>
     <span class='ocr_line' id='line_1_48' title="bbox 597 4749 2161 4835; baseline -0.003 -19"><span class='ocrx_word' id='word_1_327' title='bbox 597 4773 748 4834; x_wconf 83' lang='lat' dir='ltr'><strong>ergo</strong></span> <span class='ocrx_word' id='word_1_328' title='bbox 772 4755 968 4817; x_wconf 88' lang='lat' dir='ltr'><strong>altera</strong></span> <span class='ocrx_word' id='word_1_329' title='bbox 985 4771 1130 4835; x_wconf 86' lang='lat' dir='ltr'><strong>pars</strong></span> <span class='ocrx_word' id='word_1_330' title='bbox 1156 4769 1304 4815; x_wconf 80' lang='lat' dir='ltr'><strong>vera</strong></span> <span class='ocrx_word' id='word_1_331' title='bbox 1329 4759 1440 4826; x_wconf 88' lang='lat' dir='ltr'><strong>est,</strong></span> <span class='ocrx_word' id='word_1_332' title='bbox 1473 4751 1707 4812; x_wconf 87' lang='lat' dir='ltr'><strong>scilicet</strong></span> <span class='ocrx_word' id='word_1_333' title='bbox 1729 4749 1836 4811; x_wconf 90' lang='lat' dir='ltr'><strong>illa</strong></span> <span class='ocrx_word' id='word_1_334' title='bbox 1856 4751 2161 4831; x_wconf 88' lang='lat' dir='ltr'><strong>principia</strong></span> 
     </span>
     <span class='ocr_line' id='line_1_49' title="bbox 597 4843 2158 4924; baseline -0.004 -13"><span class='ocrx_word' id='word_1_335' title='bbox 597 4847 766 4911; x_wconf 88' lang='lat' dir='ltr'><strong>credi</strong></span> <span class='ocrx_word' id='word_1_336' title='bbox 810 4848 944 4910; x_wconf 87' lang='lat' dir='ltr'><strong>sine</strong></span> <span class='ocrx_word' id='word_1_337' title='bbox 989 4847 1310 4924; x_wconf 89' lang='lat' dir='ltr'><strong>discursu;</strong></span> <span class='ocrx_word' id='word_1_338' title='bbox 1362 4862 1644 4906; x_wconf 84' lang='lat' dir='ltr'><strong>assensus</strong></span> <span class='ocrx_word' id='word_1_339' title='bbox 1687 4851 1895 4905; x_wconf 86' lang='lat' dir='ltr'><strong>autem</strong></span> <span class='ocrx_word' id='word_1_340' title='bbox 1937 4843 2158 4906; x_wconf 84' lang='lat' dir='ltr'><strong>talium</strong></span> 
     </span>
     <span class='ocr_line' id='line_1_50' title="bbox 597 4938 2161 5025; baseline -0.004 -21"><span class='ocrx_word' id='word_1_341' title='bbox 597 4941 1044 5025; x_wconf 89' lang='lat' dir='ltr'><strong>principiorum</strong></span> <span class='ocrx_word' id='word_1_342' title='bbox 1067 4945 1160 5001; x_wconf 90' lang='lat' dir='ltr'><strong>est</strong></span> <span class='ocrx_word' id='word_1_343' title='bbox 1181 4955 1464 5001; x_wconf 88' lang='lat' dir='ltr'><strong>assensus</strong></span> <span class='ocrx_word' id='word_1_344' title='bbox 1487 4938 1564 5000; x_wconf 90' lang='lat' dir='ltr'><strong>de</strong></span> <span class='ocrx_word' id='word_1_345' title='bbox 1590 4938 1730 5012; x_wconf 82' lang='lat' dir='ltr'><strong>fide,</strong></span> <span class='ocrx_word' id='word_1_346' title='bbox 1755 4939 1901 5020; x_wconf 90' lang='lat' dir='ltr'><strong>quia</strong></span> <span class='ocrx_word' id='word_1_347' title='bbox 1928 4938 2049 4999; x_wconf 87' lang='lat' dir='ltr'><strong>nisi</strong></span> <span class='ocrx_word' id='word_1_348' title='bbox 2074 4939 2161 4998; x_wconf 93' lang='lat' dir='ltr'><strong>ita</strong></span> 
     </span>
     <span class='ocr_line' id='line_1_51' title="bbox 597 5031 2159 5114; baseline -0.001 -18"><span class='ocrx_word' id='word_1_349' title='bbox 597 5035 931 5098; x_wconf 87' lang='lat' dir='ltr'><strong>credantur</strong></span> <span class='ocrx_word' id='word_1_350' title='bbox 961 5079 985 5112; x_wconf 88' lang='lat'><strong>,</strong></span> <span class='ocrx_word' id='word_1_351' title='bbox 1035 5052 1160 5095; x_wconf 91' lang='lat' dir='ltr'><strong>non</strong></span> <span class='ocrx_word' id='word_1_352' title='bbox 1189 5036 1445 5114; x_wconf 89' lang='lat' dir='ltr'><strong>possunt</strong></span> <span class='ocrx_word' id='word_1_353' title='bbox 1471 5031 1784 5094; x_wconf 83' lang='lat' dir='ltr'><strong>deservire</strong></span> <span class='ocrx_word' id='word_1_354' title='bbox 1813 5032 1893 5092; x_wconf 91' lang='lat' dir='ltr'><strong>ad</strong></span> <span class='ocrx_word' id='word_1_355' title='bbox 1920 5031 2159 5111; x_wconf 84' lang='lat' dir='ltr'><strong>aliquid</strong></span> 
     </span>
     <span class='ocr_line' id='line_1_52' title="bbox 597 5125 2159 5206; baseline -0.004 -14"><span class='ocrx_word' id='word_1_356' title='bbox 597 5129 767 5193; x_wconf 89' lang='lat' dir='ltr'><strong>aliud</strong></span> <span class='ocrx_word' id='word_1_357' title='bbox 787 5129 864 5191; x_wconf 88' lang='lat' dir='ltr'><strong>de</strong></span> <span class='ocrx_word' id='word_1_358' title='bbox 883 5127 1009 5190; x_wconf 86' lang='lat' dir='ltr'><strong>fide</strong></span> <span class='ocrx_word' id='word_1_359' title='bbox 1025 5126 1426 5203; x_wconf 87' lang='lat' dir='ltr'><strong>credendum,</strong></span> <span class='ocrx_word' id='word_1_360' title='bbox 1455 5130 1523 5187; x_wconf 90' lang='lat' dir='ltr'><strong>ut</strong></span> <span class='ocrx_word' id='word_1_361' title='bbox 1539 5125 1952 5206; x_wconf 89' lang='lat' dir='ltr'><strong>disputatione</strong></span> <span class='ocrx_word' id='word_1_362' title='bbox 1976 5127 2159 5187; x_wconf 87' lang='lat' dir='ltr'><strong>tertia</strong></span> 
     </span>
     <span class='ocr_line' id='line_1_53' title="bbox 595 5217 2159 5300; baseline -0.004 -14"><span class='ocrx_word' id='word_1_363' title='bbox 595 5230 913 5286; x_wconf 86' lang='lat' dir='ltr'><strong>ostensum</strong></span> <span class='ocrx_word' id='word_1_364' title='bbox 941 5229 1034 5282; x_wconf 91' lang='lat' dir='ltr'><strong>est</strong></span> <span class='ocrx_word' id='word_1_365' title='bbox 1058 5237 1081 5300; x_wconf 87' lang='lat'>;</span> <span class='ocrx_word' id='word_1_366' title='bbox 1123 5238 1272 5300; x_wconf 75' lang='lat' dir='ltr'><strong>ergo</strong></span> <span class='ocrx_word' id='word_1_367' title='bbox 1308 5219 1720 5280; x_wconf 86' lang='lat' dir='ltr'><strong>necessarium</strong></span> <span class='ocrx_word' id='word_1_368' title='bbox 1757 5224 1848 5279; x_wconf 87' lang='lat' dir='ltr'><strong>est</strong></span> <span class='ocrx_word' id='word_1_369' title='bbox 1886 5217 2019 5279; x_wconf 90' lang='lat' dir='ltr'><strong>dari</strong></span> <span class='ocrx_word' id='word_1_370' title='bbox 2048 5218 2159 5279; x_wconf 85' lang='lat' dir='ltr'><strong>ali·</strong></span> 
     </span>
     <span class='ocr_line' id='line_1_54' title="bbox 597 5311 2159 5399; baseline -0.004 -18"><span class='ocrx_word' id='word_1_371' title='bbox 597 5336 784 5399; x_wconf 87' lang='lat' dir='ltr'><strong>quem</strong></span> <span class='ocrx_word' id='word_1_372' title='bbox 829 5333 1145 5379; x_wconf 86' lang='lat' dir='ltr'><strong>assensum</strong></span> <span class='ocrx_word' id='word_1_373' title='bbox 1191 5313 1340 5377; x_wconf 86' lang='lat' dir='ltr'><strong>fidei</strong></span> <span class='ocrx_word' id='word_1_374' title='bbox 1384 5311 1726 5392; x_wconf 87' lang='lat' dir='ltr'><strong>simplicem</strong></span> <span class='ocrx_word' id='word_1_375' title='bbox 1765 5321 1826 5373; x_wconf 89' lang='lat' dir='ltr'><strong>et</strong></span> <span class='ocrx_word' id='word_1_376' title='bbox 1861 5311 1995 5374; x_wconf 90' lang='lat' dir='ltr'><strong>sine</strong></span> <span class='ocrx_word' id='word_1_377' title='bbox 2036 5312 2159 5374; x_wconf 90' lang='lat' dir='ltr'><strong>dis-</strong></span> 
     </span>
     <span class='ocr_line' id='line_1_55' title="bbox 597 5407 2156 5490; baseline -0.004 -14"><span class='ocrx_word' id='word_1_378' title='bbox 597 5433 777 5476; x_wconf 84' lang='lat' dir='ltr'><strong>cursu</strong></span> <span class='ocrx_word' id='word_1_379' title='bbox 812 5435 826 5474; x_wconf 85' lang='lat'><strong>:</strong></span> <span class='ocrx_word' id='word_1_380' title='bbox 871 5419 933 5475; x_wconf 90' lang='lat' dir='ltr'><strong>et</strong></span> <span class='ocrx_word' id='word_1_381' title='bbox 967 5411 1096 5474; x_wconf 79' lang='lat' dir='ltr'><strong>haec</strong></span> <span class='ocrx_word' id='word_1_382' title='bbox 1132 5411 1290 5473; x_wconf 86' lang='lat' dir='ltr'><strong>ratio</strong></span> <span class='ocrx_word' id='word_1_383' title='bbox 1339 5427 1449 5490; x_wconf 89' lang='lat' dir='ltr'><strong>pro</strong></span> <span class='ocrx_word' id='word_1_384' title='bbox 1485 5408 1604 5470; x_wconf 86' lang='lat' dir='ltr'><strong>hoc</strong></span> <span class='ocrx_word' id='word_1_385' title='bbox 1641 5411 1871 5487; x_wconf 84' lang='lat' dir='ltr'><strong>puncto</strong></span> <span class='ocrx_word' id='word_1_386' title='bbox 1909 5407 2156 5486; x_wconf 85' lang='lat' dir='ltr'><strong>sufficit,</strong></span> 
     </span>
    </p>
   </div>
   <div class='ocr_carea' id='block_1_5' title="bbox 597 5505 1163 5594">
    <p class='ocr_par' dir='ltr' id='par_1_6' title="bbox 597 5505 1163 5594">
     <span class='ocr_line' id='line_1_56' title="bbox 597 5505 1163 5594; baseline -0.005 -23"><span class='ocrx_word' id='word_1_387' title='bbox 597 5509 744 5594; x_wconf 88' lang='lat' dir='ltr'><strong>quia</strong></span> <span class='ocrx_word' id='word_1_388' title='bbox 771 5514 861 5570; x_wconf 87' lang='lat' dir='ltr'><strong>est</strong></span> <span class='ocrx_word' id='word_1_389' title='bbox 889 5505 1163 5570; x_wconf 86' lang='lat' dir='ltr'><strong>evidens.</strong></span> 
     </span>
    </p>
   </div>
   <div class='ocr_carea' id='block_1_6' title="bbox 1753 351 2643 408">
    <p class='ocr_par' dir='ltr' id='par_1_7' title="bbox 1753 351 2643 408">
     <span class='ocr_line' id='line_1_57' title="bbox 1753 351 2643 408; baseline -0.001 0"><span class='ocrx_word' id='word_1_390' title='bbox 1753 351 1993 408; x_wconf 72' lang='lat' dir='ltr'><strong>msrur.</strong></span> <span class='ocrx_word' id='word_1_391' title='bbox 2031 355 2111 408; x_wconf 78' lang='lat' dir='ltr'><strong>vl.</strong></span> <span class='ocrx_word' id='word_1_392' title='bbox 2148 355 2229 407; x_wconf 71' lang='grc' dir='ltr'><strong>ΒΕ</strong></span> <span class='ocrx_word' id='word_1_393' title='bbox 2262 353 2425 408; x_wconf 72' lang='lat' dir='ltr'><strong>AG&#39;m</strong></span> <span class='ocrx_word' id='word_1_394' title='bbox 2460 353 2643 407; x_wconf 72' lang='lat' dir='ltr'><strong>mum.</strong></span> 
     </span>
    </p>
   </div>
   <div class='ocr_carea' id='block_1_7' title="bbox 2236 455 3796 5574">
    <p class='ocr_par' dir='ltr' id='par_1_8' title="bbox 2236 455 3796 5471">
     <span class='ocr_line' id='line_1_58' title="bbox 2332 455 3716 536; baseline 0.003 -18"><span class='ocrx_word' id='word_1_395' title='bbox 2332 459 2391 518; x_wconf 77' lang='lat'><strong>5.</strong></span> <span class='ocrx_word' id='word_1_396' title='bbox 2428 455 2770 520; x_wconf 74' lang='lat' dir='ltr'><strong>Secundum</strong></span> <span class='ocrx_word' id='word_1_397' title='bbox 2799 455 3274 536; x_wconf 64' lang='lat' dir='ltr'><strong>pronuntiatum.</strong></span> <span class='ocrx_word' id='word_1_398' title='bbox 3302 493 3374 503; x_wconf 91' lang='lat'>—</span> <span class='ocrx_word' id='word_1_399' title='bbox 3396 460 3535 524; x_wconf 76' lang='lat' dir='ltr'><strong>ilinc</strong></span> <span class='ocrx_word' id='word_1_400' title='bbox 3558 483 3716 532; x_wconf 74' lang='lat' dir='ltr'><strong>assem</strong></span> 
     </span>
     <span class='ocr_line' id='line_1_59' title="bbox 2241 547 3796 623; baseline 0.006 -12"><span class='ocrx_word' id='word_1_401' title='bbox 2241 549 2509 611; x_wconf 86' lang='lat' dir='ltr'><strong>secundo</strong></span> <span class='ocrx_word' id='word_1_402' title='bbox 2538 566 2785 610; x_wconf 88' lang='lat' dir='ltr'><strong>omnem</strong></span> <span class='ocrx_word' id='word_1_403' title='bbox 2816 565 3133 609; x_wconf 80' lang='lat' dir='ltr'><strong>assensum</strong></span> <span class='ocrx_word' id='word_1_404' title='bbox 3172 547 3313 611; x_wconf 84' lang='lat' dir='ltr'><strong>fidei</strong></span> <span class='ocrx_word' id='word_1_405' title='bbox 3346 567 3463 614; x_wconf 84' lang='lat' dir='ltr'><strong>csse</strong></span> <span class='ocrx_word' id='word_1_406' title='bbox 3496 555 3571 618; x_wconf 84' lang='lat' dir='ltr'><strong>ita</strong></span> <span class='ocrx_word' id='word_1_407' title='bbox 3606 562 3716 623; x_wconf 86' lang='lat' dir='ltr'><strong>sim·</strong></span> <span class='ocrx_word' id='word_1_408' title='bbox 3795 593 3796 602; x_wconf 60' lang='lat'>2</span> 
     </span>
     <span class='ocr_line' id='line_1_60' title="bbox 2240 641 3713 723; baseline 0.006 -19"><span class='ocrx_word' id='word_1_409' title='bbox 2240 643 2490 723; x_wconf 91' lang='lat' dir='ltr'><strong>plicem,</strong></span> <span class='ocrx_word' id='word_1_410' title='bbox 2532 648 2601 703; x_wconf 92' lang='lat' dir='ltr'><strong>ut</strong></span> <span class='ocrx_word' id='word_1_411' title='bbox 2630 661 2741 722; x_wconf 91' lang='lat' dir='ltr'><strong>per</strong></span> <span class='ocrx_word' id='word_1_412' title='bbox 2784 659 2849 704; x_wconf 91' lang='lat' dir='ltr'><strong>se</strong></span> <span class='ocrx_word' id='word_1_413' title='bbox 2882 659 3009 703; x_wconf 88' lang='lat' dir='ltr'><strong>non</strong></span> <span class='ocrx_word' id='word_1_414' title='bbox 3045 641 3332 705; x_wconf 82' lang='lat' dir='ltr'><strong>fundetur</strong></span> <span class='ocrx_word' id='word_1_415' title='bbox 3376 645 3437 705; x_wconf 88' lang='lat' dir='ltr'><strong>in</strong></span> <span class='ocrx_word' id='word_1_416' title='bbox 3476 648 3713 718; x_wconf 75' lang='lat' dir='ltr'><strong>discursu.</strong></span> 
     </span>
     <span class='ocr_line' id='line_1_61' title="bbox 2238 734 3717 825; baseline 0.002 -27"><span class='ocrx_word' id='word_1_417' title='bbox 2238 737 2414 798; x_wconf 90' lang='lat' dir='ltr'><strong>Hanc</strong></span> <span class='ocrx_word' id='word_1_418' title='bbox 2437 735 2629 816; x_wconf 89' lang='lat' dir='ltr'><strong>probo</strong></span> <span class='ocrx_word' id='word_1_419' title='bbox 2666 737 2869 816; x_wconf 87' lang='lat' dir='ltr'><strong>primo</strong></span> <span class='ocrx_word' id='word_1_420' title='bbox 2916 753 2994 795; x_wconf 83' lang='lat' dir='ltr'><strong>ex</strong></span> <span class='ocrx_word' id='word_1_421' title='bbox 3026 734 3282 815; x_wconf 81' lang='lat' dir='ltr'><strong>paritate</strong></span> <span class='ocrx_word' id='word_1_422' title='bbox 3318 738 3569 818; x_wconf 87' lang='lat' dir='ltr'><strong>rationis,</strong></span> <span class='ocrx_word' id='word_1_423' title='bbox 3608 748 3717 825; x_wconf 75' lang='lat' dir='ltr'><strong>quia</strong></span> 
     </span>
     <span class='ocr_line' id='line_1_62' title="bbox 2239 828 3715 914; baseline 0.008 -26"><span class='ocrx_word' id='word_1_424' title='bbox 2239 829 2487 909; x_wconf 89' lang='lat' dir='ltr'><strong>quando</strong></span> <span class='ocrx_word' id='word_1_425' title='bbox 2510 829 2696 891; x_wconf 88' lang='lat' dir='ltr'><strong>credo</strong></span> <span class='ocrx_word' id='word_1_426' title='bbox 2724 847 2835 909; x_wconf 91' lang='lat' dir='ltr'><strong>per</strong></span> <span class='ocrx_word' id='word_1_427' title='bbox 2873 828 3061 890; x_wconf 88' lang='lat' dir='ltr'><strong>fidem</strong></span> <span class='ocrx_word' id='word_1_428' title='bbox 3101 830 3290 890; x_wconf 91' lang='lat' dir='ltr'><strong>Deum</strong></span> <span class='ocrx_word' id='word_1_429' title='bbox 3330 849 3451 893; x_wconf 83' lang='lat' dir='ltr'><strong>esse</strong></span> <span class='ocrx_word' id='word_1_430' title='bbox 3474 852 3715 914; x_wconf 81' lang='lat' dir='ltr'><strong>veracem,</strong></span> 
     </span>
     <span class='ocr_line' id='line_1_63' title="bbox 2240 921 3796 1012; baseline 0.003 -29"><span class='ocrx_word' id='word_1_431' title='bbox 2240 922 2429 984; x_wconf 84' lang='lat' dir='ltr'><strong>etiam</strong></span> <span class='ocrx_word' id='word_1_432' title='bbox 2448 921 2511 981; x_wconf 92' lang='lat' dir='ltr'><strong>id</strong></span> <span class='ocrx_word' id='word_1_433' title='bbox 2536 921 2721 984; x_wconf 87' lang='lat' dir='ltr'><strong>credo</strong></span> <span class='ocrx_word' id='word_1_434' title='bbox 2748 927 2997 1002; x_wconf 83' lang='lat' dir='ltr'><strong>propter</strong></span> <span class='ocrx_word' id='word_1_435' title='bbox 3026 921 3472 1001; x_wconf 82' lang='lat' dir='ltr'><strong>revelationem,</strong></span> <span class='ocrx_word' id='word_1_436' title='bbox 3499 946 3591 990; x_wconf 86' lang='lat' dir='ltr'><strong>seu</strong></span> <span class='ocrx_word' id='word_1_437' title='bbox 3611 933 3717 1012; x_wconf 78' lang='lat' dir='ltr'><strong>quia</strong></span> <span class='ocrx_word' id='word_1_438' title='bbox 3795 989 3796 992; x_wconf 65' lang='grc'>,</span> 
     </span>
     <span class='ocr_line' id='line_1_64' title="bbox 2239 1014 3796 1102; baseline 0.006 -26"><span class='ocrx_word' id='word_1_439' title='bbox 2239 1015 2399 1076; x_wconf 86' lang='lat' dir='ltr'><strong>Deus</strong></span> <span class='ocrx_word' id='word_1_440' title='bbox 2428 1015 2599 1089; x_wconf 87' lang='lat' dir='ltr'><strong>dicit,</strong></span> <span class='ocrx_word' id='word_1_441' title='bbox 2630 1020 2693 1077; x_wconf 91' lang='lat' dir='ltr'><strong>et</strong></span> <span class='ocrx_word' id='word_1_442' title='bbox 2734 1014 3143 1076; x_wconf 88' lang='lat' dir='ltr'><strong>nihilominus</strong></span> <span class='ocrx_word' id='word_1_443' title='bbox 3172 1014 3230 1075; x_wconf 90' lang='lat' dir='ltr'><strong>id</strong></span> <span class='ocrx_word' id='word_1_444' title='bbox 3272 1015 3342 1076; x_wconf 84' lang='lat' dir='ltr'><strong>fit</strong></span> <span class='ocrx_word' id='word_1_445' title='bbox 3378 1035 3493 1078; x_wconf 92' lang='lat' dir='ltr'><strong>uno</strong></span> <span class='ocrx_word' id='word_1_446' title='bbox 3518 1021 3719 1102; x_wconf 85' lang='lat' dir='ltr'><strong>simplici</strong></span> <span class='ocrx_word' id='word_1_447' title='bbox 3795 1035 3796 1042; x_wconf 75' lang='grc'>’</span> 
     </span>
     <span class='ocr_line' id='line_1_65' title="bbox 2238 1107 3715 1196; baseline 0.005 -28"><span class='ocrx_word' id='word_1_448' title='bbox 2238 1113 2403 1184; x_wconf 88' lang='lat' dir='ltr'><strong>actu,</strong></span> <span class='ocrx_word' id='word_1_449' title='bbox 2436 1109 2579 1187; x_wconf 89' lang='lat' dir='ltr'><strong>quia</strong></span> <span class='ocrx_word' id='word_1_450' title='bbox 2608 1108 2678 1169; x_wconf 83' lang='lat' dir='ltr'><strong>fit</strong></span> <span class='ocrx_word' id='word_1_451' title='bbox 2710 1109 2843 1169; x_wconf 90' lang='lat' dir='ltr'><strong>sine</strong></span> <span class='ocrx_word' id='word_1_452' title='bbox 2872 1107 3178 1184; x_wconf 85' lang='lat' dir='ltr'><strong>discursu,</strong></span> <span class='ocrx_word' id='word_1_453' title='bbox 3216 1113 3288 1169; x_wconf 91' lang='lat' dir='ltr'><strong>ut</strong></span> <span class='ocrx_word' id='word_1_454' title='bbox 3310 1117 3589 1174; x_wconf 89' lang='lat' dir='ltr'><strong>ostensum</strong></span> <span class='ocrx_word' id='word_1_455' title='bbox 3623 1123 3690 1177; x_wconf 85' lang='lat' dir='ltr'><strong>est</strong></span> <span class='ocrx_word' id='word_1_456' title='bbox 3701 1136 3715 1196; x_wconf 84' lang='lat'>3</span> 
     </span>
     <span class='ocr_line' id='line_1_66' title="bbox 2241 1201 3718 1282; baseline 0.005 -20"><span class='ocrx_word' id='word_1_457' title='bbox 2241 1219 2391 1280; x_wconf 85' lang='lat' dir='ltr'><strong>ergo</strong></span> <span class='ocrx_word' id='word_1_458' title='bbox 2413 1201 2580 1263; x_wconf 90' lang='lat' dir='ltr'><strong>idem</strong></span> <span class='ocrx_word' id='word_1_459' title='bbox 2606 1219 2735 1262; x_wconf 87' lang='lat' dir='ltr'><strong>esse</strong></span> <span class='ocrx_word' id='word_1_460' title='bbox 2762 1206 2962 1282; x_wconf 78' lang='lat' dir='ltr'><strong>potest</strong></span> <span class='ocrx_word' id='word_1_461' title='bbox 2996 1202 3062 1262; x_wconf 89' lang='lat' dir='ltr'><strong>in</strong></span> <span class='ocrx_word' id='word_1_462' title='bbox 3092 1201 3363 1280; x_wconf 89' lang='lat' dir='ltr'><strong>qualibet</strong></span> <span class='ocrx_word' id='word_1_463' title='bbox 3383 1202 3492 1264; x_wconf 86' lang='lat' dir='ltr'><strong>alia</strong></span> <span class='ocrx_word' id='word_1_464' title='bbox 3520 1207 3718 1269; x_wconf 81' lang='lat' dir='ltr'><strong>veritate</strong></span> 
     </span>
     <span class='ocr_line' id='line_1_67' title="bbox 2240 1294 3717 1370; baseline 0.003 -14"><span class='ocrx_word' id='word_1_465' title='bbox 2240 1294 2513 1356; x_wconf 85' lang='lat' dir='ltr'><strong>revelata</strong></span> <span class='ocrx_word' id='word_1_466' title='bbox 2541 1311 2557 1356; x_wconf 71' lang='grc' dir='ltr'><strong><em>ε</em></strong></span> <span class='ocrx_word' id='word_1_467' title='bbox 2585 1311 2733 1356; x_wconf 87' lang='lat' dir='ltr'><strong>nam</strong></span> <span class='ocrx_word' id='word_1_468' title='bbox 2763 1301 2854 1356; x_wconf 89' lang='lat' dir='ltr'><strong>est</strong></span> <span class='ocrx_word' id='word_1_469' title='bbox 2899 1295 3116 1355; x_wconf 85' lang='lat' dir='ltr'><strong>eadem</strong></span> <span class='ocrx_word' id='word_1_470' title='bbox 3157 1294 3337 1370; x_wconf 83' lang='lat' dir='ltr'><strong>ratio,</strong></span> <span class='ocrx_word' id='word_1_471' title='bbox 3371 1301 3429 1355; x_wconf 87' lang='lat' dir='ltr'><strong>et</strong></span> <span class='ocrx_word' id='word_1_472' title='bbox 3464 1296 3605 1359; x_wconf 87' lang='lat' dir='ltr'><strong>idem</strong></span> <span class='ocrx_word' id='word_1_473' title='bbox 3626 1319 3717 1365; x_wconf 85' lang='lat' dir='ltr'><strong>mo·</strong></span> 
     </span>
     <span class='ocr_line' id='line_1_68' title="bbox 2241 1385 3715 1468; baseline 0.004 -20"><span class='ocrx_word' id='word_1_474' title='bbox 2241 1387 2356 1448; x_wconf 89' lang='lat' dir='ltr'><strong>dus</strong></span> <span class='ocrx_word' id='word_1_475' title='bbox 2384 1388 2787 1464; x_wconf 87' lang='lat' dir='ltr'><strong>assentiendi,</strong></span> <span class='ocrx_word' id='word_1_476' title='bbox 2824 1393 2886 1449; x_wconf 88' lang='lat' dir='ltr'><strong>et</strong></span> <span class='ocrx_word' id='word_1_477' title='bbox 2917 1388 3067 1468; x_wconf 85' lang='lat' dir='ltr'><strong>quia</strong></span> <span class='ocrx_word' id='word_1_478' title='bbox 3102 1385 3193 1448; x_wconf 88' lang='lat' dir='ltr'><strong>ibi</strong></span> <span class='ocrx_word' id='word_1_479' title='bbox 3218 1385 3417 1449; x_wconf 86' lang='lat' dir='ltr'><strong>deficit</strong></span> <span class='ocrx_word' id='word_1_480' title='bbox 3448 1390 3587 1464; x_wconf 78' lang='lat' dir='ltr'><strong>clare</strong></span> <span class='ocrx_word' id='word_1_481' title='bbox 3618 1393 3715 1455; x_wconf 85' lang='lat' dir='ltr'><strong>fun·</strong></span> 
     </span>
     <span class='ocr_line' id='line_1_69' title="bbox 2242 1481 3715 1567; baseline 0.005 -25"><span class='ocrx_word' id='word_1_482' title='bbox 2242 1481 2605 1543; x_wconf 87' lang='lat' dir='ltr'><strong>damentum</strong></span> <span class='ocrx_word' id='word_1_483' title='bbox 2638 1483 2964 1544; x_wconf 81' lang='lat' dir='ltr'><strong>contrariae</strong></span> <span class='ocrx_word' id='word_1_484' title='bbox 2989 1481 3330 1554; x_wconf 79' lang='lat' dir='ltr'><strong>sententiae,</strong></span> <span class='ocrx_word' id='word_1_485' title='bbox 3352 1481 3577 1560; x_wconf 88' lang='lat' dir='ltr'><strong>scilicet,</strong></span> <span class='ocrx_word' id='word_1_486' title='bbox 3606 1491 3715 1567; x_wconf 76' lang='lat' dir='ltr'><strong>quod</strong></span> 
     </span>
     <span class='ocr_line' id='line_1_70' title="bbox 2243 1575 3717 1656; baseline 0.005 -19"><span class='ocrx_word' id='word_1_487' title='bbox 2243 1575 2328 1637; x_wconf 82' lang='lat' dir='ltr'><strong>ad</strong></span> <span class='ocrx_word' id='word_1_488' title='bbox 2354 1575 2697 1638; x_wconf 76' lang='lat' dir='ltr'><strong>credendum</strong></span> <span class='ocrx_word' id='word_1_489' title='bbox 2724 1575 2965 1656; x_wconf 75' lang='lat' dir='ltr'><strong>aliquid</strong></span> <span class='ocrx_word' id='word_1_490' title='bbox 2982 1581 3233 1654; x_wconf 77' lang='lat' dir='ltr'><strong>propter</strong></span> <span class='ocrx_word' id='word_1_491' title='bbox 3258 1577 3639 1655; x_wconf 71' lang='lat' dir='ltr'><strong>revelationem,</strong></span> <span class='ocrx_word' id='word_1_492' title='bbox 3656 1601 3717 1644; x_wconf 73' lang='lat' dir='ltr'><strong>ue-</strong></span> 
     </span>
     <span class='ocr_line' id='line_1_71' title="bbox 2242 1668 3717 1749; baseline 0.002 -18"><span class='ocrx_word' id='word_1_493' title='bbox 2242 1670 2501 1732; x_wconf 74' lang='lat' dir='ltr'><strong>cessario</strong></span> <span class='ocrx_word' id='word_1_494' title='bbox 2527 1687 2757 1749; x_wconf 73' lang='lat' dir='ltr'><strong>smper</strong></span> <span class='ocrx_word' id='word_1_495' title='bbox 2781 1671 2909 1731; x_wconf 75' lang='lat' dir='ltr'><strong>sint</strong></span> <span class='ocrx_word' id='word_1_496' title='bbox 2933 1673 3105 1731; x_wconf 75' lang='lat' dir='ltr'><strong>actus</strong></span> <span class='ocrx_word' id='word_1_497' title='bbox 3133 1668 3404 1730; x_wconf 73' lang='lat' dir='ltr'><strong>distincti</strong></span> <span class='ocrx_word' id='word_1_498' title='bbox 3418 1691 3443 1739; x_wconf 90' lang='lat'><strong>‚·</strong></span> <span class='ocrx_word' id='word_1_499' title='bbox 3462 1685 3589 1732; x_wconf 86' lang='lat' dir='ltr'><strong>nam</strong></span> <span class='ocrx_word' id='word_1_500' title='bbox 3620 1691 3717 1736; x_wconf 86' lang='lat' dir='ltr'><strong>con·</strong></span> 
     </span>
     <span class='ocr_line' id='line_1_72' title="bbox 2241 1761 3714 1840; baseline 0.004 -18"><span class='ocrx_word' id='word_1_501' title='bbox 2241 1766 2363 1822; x_wconf 85' lang='lat' dir='ltr'><strong>stat</strong></span> <span class='ocrx_word' id='word_1_502' title='bbox 2391 1763 2457 1822; x_wconf 91' lang='lat' dir='ltr'><strong>in</strong></span> <span class='ocrx_word' id='word_1_503' title='bbox 2500 1769 2643 1823; x_wconf 90' lang='lat' dir='ltr'><strong>actu</strong></span> <span class='ocrx_word' id='word_1_504' title='bbox 2692 1761 2837 1823; x_wconf 87' lang='lat' dir='ltr'><strong>fidei</strong></span> <span class='ocrx_word' id='word_1_505' title='bbox 2870 1763 3033 1824; x_wconf 89' lang='lat' dir='ltr'><strong>circa</strong></span> <span class='ocrx_word' id='word_1_506' title='bbox 3076 1761 3254 1824; x_wconf 90' lang='lat' dir='ltr'><strong>illam</strong></span> <span class='ocrx_word' id='word_1_507' title='bbox 3295 1763 3605 1840; x_wconf 79' lang='lat' dir='ltr'><strong>veritatem,</strong></span> <span class='ocrx_word' id='word_1_508' title='bbox 3629 1786 3714 1828; x_wconf 85' lang='lat' dir='ltr'><strong>non</strong></span> 
     </span>
     <span class='ocr_line' id='line_1_73' title="bbox 2246 1851 3716 1936; baseline 0.003 -19"><span class='ocrx_word' id='word_1_509' title='bbox 2246 1873 2373 1917; x_wconf 88' lang='lat' dir='ltr'><strong>esse</strong></span> <span class='ocrx_word' id='word_1_510' title='bbox 2400 1856 2771 1918; x_wconf 86' lang='lat' dir='ltr'><strong>necessarios</strong></span> <span class='ocrx_word' id='word_1_511' title='bbox 2797 1851 3004 1936; x_wconf 90' lang='lat' dir='ltr'><strong>plures</strong></span> <span class='ocrx_word' id='word_1_512' title='bbox 3034 1861 3210 1916; x_wconf 86' lang='lat' dir='ltr'><strong>actus</strong></span> <span class='ocrx_word' id='word_1_513' title='bbox 3234 1871 3255 1933; x_wconf 91' lang='lat'>;</span> <span class='ocrx_word' id='word_1_514' title='bbox 3282 1853 3544 1936; x_wconf 85' lang='lat' dir='ltr'><strong>idemque</strong></span> <span class='ocrx_word' id='word_1_515' title='bbox 3570 1865 3641 1919; x_wconf 86' lang='lat' dir='ltr'><strong>est</strong></span> <span class='ocrx_word' id='word_1_516' title='bbox 3666 1861 3716 1921; x_wconf 86' lang='lat' dir='ltr'><strong>de</strong></span> 
     </span>
     <span class='ocr_line' id='line_1_74' title="bbox 2245 1949 3716 2032; baseline 0.001 -22"><span class='ocrx_word' id='word_1_517' title='bbox 2245 1949 2437 2010; x_wconf 88' lang='lat' dir='ltr'><strong>altero</strong></span> <span class='ocrx_word' id='word_1_518' title='bbox 2465 1949 2811 2030; x_wconf 85' lang='lat' dir='ltr'><strong>principio:</strong></span> <span class='ocrx_word' id='word_1_519' title='bbox 2839 1951 3005 2012; x_wconf 71' lang='lat' dir='ltr'><strong>Deus</strong></span> <span class='ocrx_word' id='word_1_520' title='bbox 3031 1949 3141 2012; x_wconf 78' lang='grc' dir='ltr'><strong>Ιιοο</strong></span> <span class='ocrx_word' id='word_1_521' title='bbox 3158 1949 3319 2012; x_wconf 70' lang='lat' dir='ltr'><strong>dia-it</strong></span> <span class='ocrx_word' id='word_1_522' title='bbox 3335 1977 3359 2024; x_wconf 90' lang='lat'><em>;</em></span> <span class='ocrx_word' id='word_1_523' title='bbox 3384 1967 3517 2010; x_wconf 90' lang='lat' dir='ltr'><strong>nam</strong></span> <span class='ocrx_word' id='word_1_524' title='bbox 3545 1949 3636 2012; x_wconf 85' lang='lat' dir='ltr'><strong>hoe</strong></span> <span class='ocrx_word' id='word_1_525' title='bbox 3654 1953 3716 2032; x_wconf 86' lang='lat' dir='ltr'><strong>ip-</strong></span> 
     </span>
     <span class='ocr_line' id='line_1_75' title="bbox 2244 2041 3711 2122; baseline 0 -18"><span class='ocrx_word' id='word_1_526' title='bbox 2244 2059 2382 2104; x_wconf 89' lang='lat' dir='ltr'><strong>sum</strong></span> <span class='ocrx_word' id='word_1_527' title='bbox 2414 2043 2688 2105; x_wconf 89' lang='lat' dir='ltr'><strong>creditur</strong></span> <span class='ocrx_word' id='word_1_528' title='bbox 2738 2047 2989 2122; x_wconf 84' lang='lat' dir='ltr'><strong>propter</strong></span> <span class='ocrx_word' id='word_1_529' title='bbox 3026 2041 3451 2103; x_wconf 84' lang='lat' dir='ltr'><strong>auctoritatem</strong></span> <span class='ocrx_word' id='word_1_530' title='bbox 3492 2042 3711 2104; x_wconf 78' lang='lat' dir='ltr'><strong>divinam.</strong></span> 
     </span>
     <span class='ocr_line' id='line_1_76' title="bbox 2241 2134 3714 2216; baseline 0.001 -21"><span class='ocrx_word' id='word_1_531' title='bbox 2241 2135 2349 2199; x_wconf 87' lang='lat' dir='ltr'><strong>Est</strong></span> <span class='ocrx_word' id='word_1_532' title='bbox 2381 2141 2593 2197; x_wconf 84' lang='lat' dir='ltr'><strong>autem</strong></span> <span class='ocrx_word' id='word_1_533' title='bbox 2642 2135 3027 2211; x_wconf 81' lang='lat' dir='ltr'><strong>differentia,</strong></span> <span class='ocrx_word' id='word_1_534' title='bbox 3066 2137 3216 2215; x_wconf 89' lang='lat' dir='ltr'><strong>quia</strong></span> <span class='ocrx_word' id='word_1_535' title='bbox 3264 2134 3378 2196; x_wconf 89' lang='lat' dir='ltr'><strong>hoc</strong></span> <span class='ocrx_word' id='word_1_536' title='bbox 3424 2135 3714 2216; x_wconf 87' lang='lat' dir='ltr'><strong>principium</strong></span> 
     </span>
     <span class='ocr_line' id='line_1_77' title="bbox 2241 2229 3715 2310; baseline 0.001 -20"><span class='ocrx_word' id='word_1_537' title='bbox 2241 2247 2369 2291; x_wconf 90' lang='lat' dir='ltr'><strong>non</strong></span> <span class='ocrx_word' id='word_1_538' title='bbox 2396 2247 2639 2310; x_wconf 88' lang='lat' dir='ltr'><strong>semper</strong></span> <span class='ocrx_word' id='word_1_539' title='bbox 2682 2229 2911 2291; x_wconf 89' lang='lat' dir='ltr'><strong>dicitur</strong></span> <span class='ocrx_word' id='word_1_540' title='bbox 2952 2249 2989 2291; x_wconf 92' lang='lat' dir='ltr'><strong>a</strong></span> <span class='ocrx_word' id='word_1_541' title='bbox 3034 2231 3164 2291; x_wconf 92' lang='lat' dir='ltr'><strong>Deo</strong></span> <span class='ocrx_word' id='word_1_542' title='bbox 3212 2247 3323 2309; x_wconf 88' lang='lat' dir='ltr'><strong>per</strong></span> <span class='ocrx_word' id='word_1_543' title='bbox 3368 2230 3715 2291; x_wconf 80' lang='lat' dir='ltr'><strong>revelationem</strong></span> 
     </span>
     <span class='ocr_line' id='line_1_78' title="bbox 2239 2321 3716 2403; baseline 0 -19"><span class='ocrx_word' id='word_1_544' title='bbox 2239 2323 2594 2386; x_wconf 79' lang='lat' dir='ltr'><strong>distinctam</strong></span> <span class='ocrx_word' id='word_1_545' title='bbox 2618 2321 2698 2384; x_wconf 85' lang='lat' dir='ltr'><strong>ab</strong></span> <span class='ocrx_word' id='word_1_546' title='bbox 2722 2323 2850 2399; x_wconf 88' lang='lat' dir='ltr'><strong>illa,</strong></span> <span class='ocrx_word' id='word_1_547' title='bbox 2874 2339 2983 2402; x_wconf 90' lang='lat' dir='ltr'><strong>per</strong></span> <span class='ocrx_word' id='word_1_548' title='bbox 3004 2339 3199 2403; x_wconf 88' lang='lat' dir='ltr'><strong>quam</strong></span> <span class='ocrx_word' id='word_1_549' title='bbox 3228 2321 3433 2402; x_wconf 87' lang='lat' dir='ltr'><strong>aliqua</strong></span> <span class='ocrx_word' id='word_1_550' title='bbox 3450 2339 3533 2383; x_wconf 87' lang='lat' dir='ltr'><strong>res</strong></span> <span class='ocrx_word' id='word_1_551' title='bbox 3553 2321 3716 2384; x_wconf 81' lang='lat' dir='ltr'><strong>dicitnr</strong></span> 
     </span>
     <span class='ocr_line' id='line_1_79' title="bbox 2239 2413 3715 2494; baseline -0.002 -16"><span class='ocrx_word' id='word_1_552' title='bbox 2239 2418 2340 2478; x_wconf 79' lang='lat' dir='ltr'><strong>vel</strong></span> <span class='ocrx_word' id='word_1_553' title='bbox 2363 2418 2696 2480; x_wconf 88' lang='lat' dir='ltr'><strong>revelatur.</strong></span> <span class='ocrx_word' id='word_1_554' title='bbox 2730 2417 2888 2491; x_wconf 88' lang='lat' dir='ltr'><strong>Quia</strong></span> <span class='ocrx_word' id='word_1_555' title='bbox 2916 2416 3101 2492; x_wconf 90' lang='lat' dir='ltr'><strong>Deus,</strong></span> <span class='ocrx_word' id='word_1_556' title='bbox 3152 2415 3411 2477; x_wconf 87' lang='lat' dir='ltr'><strong>dicendo</strong></span> <span class='ocrx_word' id='word_1_557' title='bbox 3448 2413 3639 2494; x_wconf 86' lang='lat' dir='ltr'><strong>aliquid</strong></span> <span class='ocrx_word' id='word_1_558' title='bbox 3672 2417 3715 2475; x_wconf 88' lang='lat' dir='ltr'><strong>in</strong></span> 
     </span>
     <span class='ocr_line' id='line_1_80' title="bbox 2240 2508 3714 2590; baseline -0.001 -18"><span class='ocrx_word' id='word_1_559' title='bbox 2240 2518 2383 2572; x_wconf 86' lang='lat' dir='ltr'><strong>actu</strong></span> <span class='ocrx_word' id='word_1_560' title='bbox 2410 2511 2675 2572; x_wconf 80' lang='lat' dir='ltr'><strong>exercito</strong></span> <span class='ocrx_word' id='word_1_561' title='bbox 2704 2511 2799 2590; x_wconf 86' lang='lat' dir='ltr'><strong>(ut</strong></span> <span class='ocrx_word' id='word_1_562' title='bbox 2834 2511 2921 2572; x_wconf 91' lang='lat' dir='ltr'><strong>sic</strong></span> <span class='ocrx_word' id='word_1_563' title='bbox 2962 2510 3217 2589; x_wconf 85' lang='lat' dir='ltr'><strong>dicam),</strong></span> <span class='ocrx_word' id='word_1_564' title='bbox 3250 2508 3397 2570; x_wconf 89' lang='lat' dir='ltr'><strong>dicit</strong></span> <span class='ocrx_word' id='word_1_565' title='bbox 3438 2527 3496 2572; x_wconf 85' lang='lat' dir='ltr'><strong>se</strong></span> <span class='ocrx_word' id='word_1_566' title='bbox 3529 2508 3714 2582; x_wconf 63' lang='lat' dir='ltr'><strong>dicem</strong></span> 
     </span>
     <span class='ocr_line' id='line_1_81' title="bbox 2254 2601 3717 2681; baseline -0.003 -16"><span class='ocrx_word' id='word_1_567' title='bbox 2254 2605 2361 2666; x_wconf 89' lang='lat' dir='ltr'><strong>sed</strong></span> <span class='ocrx_word' id='word_1_568' title='bbox 2389 2604 2523 2666; x_wconf 78' lang='lat' dir='ltr'><strong>haec</strong></span> <span class='ocrx_word' id='word_1_569' title='bbox 2550 2603 2903 2666; x_wconf 82' lang='lat' dir='ltr'><strong>differentia</strong></span> <span class='ocrx_word' id='word_1_570' title='bbox 2932 2601 3095 2664; x_wconf 85' lang='lat' dir='ltr'><strong>nilnl</strong></span> <span class='ocrx_word' id='word_1_571' title='bbox 3138 2603 3330 2664; x_wconf 82' lang='lat' dir='ltr'><strong>refert</strong></span> <span class='ocrx_word' id='word_1_572' title='bbox 3367 2601 3438 2662; x_wconf 88' lang='lat' dir='ltr'><strong>ad</strong></span> <span class='ocrx_word' id='word_1_573' title='bbox 3481 2619 3591 2663; x_wconf 86' lang='lat' dir='ltr'><strong>rem</strong></span> <span class='ocrx_word' id='word_1_574' title='bbox 3612 2619 3717 2681; x_wconf 75' lang='lat' dir='ltr'><strong>puc-</strong></span> 
     </span>
     <span class='ocr_line' id='line_1_82' title="bbox 2242 2695 3717 2778; baseline -0.002 -19"><span class='ocrx_word' id='word_1_575' title='bbox 2242 2705 2508 2776; x_wconf 89' lang='lat' dir='ltr'><strong>sentem,</strong></span> <span class='ocrx_word' id='word_1_576' title='bbox 2539 2717 2683 2760; x_wconf 86' lang='lat' dir='ltr'><strong>nam</strong></span> <span class='ocrx_word' id='word_1_577' title='bbox 2710 2716 2951 2778; x_wconf 89' lang='lat' dir='ltr'><strong>semper</strong></span> <span class='ocrx_word' id='word_1_578' title='bbox 2978 2697 3316 2758; x_wconf 87' lang='lat' dir='ltr'><strong>auctoritas</strong></span> <span class='ocrx_word' id='word_1_579' title='bbox 3347 2695 3537 2756; x_wconf 84' lang='lat' dir='ltr'><strong>divina</strong></span> <span class='ocrx_word' id='word_1_580' title='bbox 3571 2715 3619 2756; x_wconf 87' lang='lat' dir='ltr'><strong>se</strong></span> <span class='ocrx_word' id='word_1_581' title='bbox 3645 2695 3717 2756; x_wconf 86' lang='lat' dir='ltr'><strong>ha·</strong></span> 
     </span>
     <span class='ocr_line' id='line_1_83' title="bbox 2240 2787 3717 2871; baseline -0.003 -18"><span class='ocrx_word' id='word_1_582' title='bbox 2240 2791 2345 2853; x_wconf 87' lang='lat' dir='ltr'><strong>bet</strong></span> <span class='ocrx_word' id='word_1_583' title='bbox 2374 2810 2484 2871; x_wconf 86' lang='lat' dir='ltr'><strong>per</strong></span> <span class='ocrx_word' id='word_1_584' title='bbox 2516 2792 2773 2854; x_wconf 91' lang='lat' dir='ltr'><strong>modum</strong></span> <span class='ocrx_word' id='word_1_585' title='bbox 2808 2789 3139 2852; x_wconf 86' lang='lat' dir='ltr'><strong>extrinseci</strong></span> <span class='ocrx_word' id='word_1_586' title='bbox 3190 2789 3530 2864; x_wconf 89' lang='lat' dir='ltr'><strong>testimonii,</strong></span> <span class='ocrx_word' id='word_1_587' title='bbox 3568 2794 3617 2849; x_wconf 88' lang='lat' dir='ltr'><strong>et</strong></span> <span class='ocrx_word' id='word_1_588' title='bbox 3640 2787 3717 2849; x_wconf 82' lang='lat' dir='ltr'><strong>hoc</strong></span> 
     </span>
     <span class='ocr_line' id='line_1_84' title="bbox 2244 2879 3716 2964; baseline -0.003 -18"><span class='ocrx_word' id='word_1_589' title='bbox 2244 2884 2429 2946; x_wconf 90' lang='lat' dir='ltr'><strong>modo</strong></span> <span class='ocrx_word' id='word_1_590' title='bbox 2466 2890 2558 2947; x_wconf 84' lang='lat' dir='ltr'><strong>est</strong></span> <span class='ocrx_word' id='word_1_591' title='bbox 2584 2885 2745 2946; x_wconf 86' lang='lat' dir='ltr'><strong>ratio</strong></span> <span class='ocrx_word' id='word_1_592' title='bbox 2768 2891 3018 2964; x_wconf 89' lang='lat' dir='ltr'><strong>propter</strong></span> <span class='ocrx_word' id='word_1_593' title='bbox 3042 2901 3239 2963; x_wconf 86' lang='lat' dir='ltr'><strong>quam</strong></span> <span class='ocrx_word' id='word_1_594' title='bbox 3280 2881 3532 2944; x_wconf 87' lang='lat' dir='ltr'><strong>creditur</strong></span> <span class='ocrx_word' id='word_1_595' title='bbox 3550 2879 3633 2942; x_wconf 87' lang='lat' dir='ltr'><strong>illa</strong></span> <span class='ocrx_word' id='word_1_596' title='bbox 3650 2899 3716 2942; x_wconf 75' lang='lat' dir='ltr'><strong>ve·</strong></span> 
     </span>
     <span class='ocr_line' id='line_1_85' title="bbox 2243 2974 3717 3056; baseline -0.004 -17"><span class='ocrx_word' id='word_1_597' title='bbox 2243 2981 2414 3054; x_wconf 88' lang='lat' dir='ltr'><strong>ritas,</strong></span> <span class='ocrx_word' id='word_1_598' title='bbox 2442 2984 2505 3040; x_wconf 90' lang='lat' dir='ltr'><strong>et</strong></span> <span class='ocrx_word' id='word_1_599' title='bbox 2526 2976 2936 3039; x_wconf 88' lang='lat' dir='ltr'><strong>nihilominus</strong></span> <span class='ocrx_word' id='word_1_600' title='bbox 2963 2995 3090 3038; x_wconf 92' lang='lat' dir='ltr'><strong>uno</strong></span> <span class='ocrx_word' id='word_1_601' title='bbox 3110 2974 3378 3056; x_wconf 87' lang='lat' dir='ltr'><strong>simplici</strong></span> <span class='ocrx_word' id='word_1_602' title='bbox 3402 2991 3615 3035; x_wconf 74' lang='lat' dir='ltr'><strong>assensu</strong></span> <span class='ocrx_word' id='word_1_603' title='bbox 3634 2991 3717 3034; x_wconf 78' lang='lat' dir='ltr'><strong>cre·</strong></span> 
     </span>
     <span class='ocr_line' id='line_1_86' title="bbox 2243 3067 3715 3150; baseline -0.005 -16"><span class='ocrx_word' id='word_1_604' title='bbox 2243 3071 2412 3134; x_wconf 87' lang='lat' dir='ltr'><strong>ditur</strong></span> <span class='ocrx_word' id='word_1_605' title='bbox 2433 3072 2566 3134; x_wconf 89' lang='lat' dir='ltr'><strong>sine</strong></span> <span class='ocrx_word' id='word_1_606' title='bbox 2590 3071 2903 3146; x_wconf 82' lang='lat' dir='ltr'><strong>discursu3</strong></span> <span class='ocrx_word' id='word_1_607' title='bbox 2932 3087 3079 3150; x_wconf 81' lang='lat' dir='ltr'><strong>ergo</strong></span> <span class='ocrx_word' id='word_1_608' title='bbox 3099 3070 3269 3132; x_wconf 87' lang='lat' dir='ltr'><strong>idem</strong></span> <span class='ocrx_word' id='word_1_609' title='bbox 3294 3075 3384 3130; x_wconf 83' lang='lat' dir='ltr'><strong>est</strong></span> <span class='ocrx_word' id='word_1_610' title='bbox 3408 3067 3477 3130; x_wconf 90' lang='lat' dir='ltr'><strong>de</strong></span> <span class='ocrx_word' id='word_1_611' title='bbox 3500 3085 3715 3148; x_wconf 83' lang='lat' dir='ltr'><strong>quacum-</strong></span> 
     </span>
     <span class='ocr_line' id='line_1_87' title="bbox 2245 3161 3713 3245; baseline -0.005 -19"><span class='ocrx_word' id='word_1_612' title='bbox 2245 3183 2365 3245; x_wconf 90' lang='lat' dir='ltr'><strong>que</strong></span> <span class='ocrx_word' id='word_1_613' title='bbox 2398 3165 2521 3226; x_wconf 88' lang='lat' dir='ltr'><strong>alia</strong></span> <span class='ocrx_word' id='word_1_614' title='bbox 2560 3165 2820 3226; x_wconf 79' lang='lat' dir='ltr'><strong>veritate</strong></span> <span class='ocrx_word' id='word_1_615' title='bbox 2854 3162 3089 3225; x_wconf 83' lang='lat' dir='ltr'><strong>credita</strong></span> <span class='ocrx_word' id='word_1_616' title='bbox 3127 3169 3378 3242; x_wconf 86' lang='lat' dir='ltr'><strong>propter</strong></span> <span class='ocrx_word' id='word_1_617' title='bbox 3404 3162 3500 3222; x_wconf 90' lang='lat' dir='ltr'><strong>Dei</strong></span> <span class='ocrx_word' id='word_1_618' title='bbox 3523 3161 3713 3221; x_wconf 77' lang='lat' dir='ltr'><strong>auctori-</strong></span> 
     </span>
     <span class='ocr_line' id='line_1_88' title="bbox 2240 3254 3714 3337; baseline -0.004 -19"><span class='ocrx_word' id='word_1_619' title='bbox 2240 3265 2458 3320; x_wconf 88' lang='lat' dir='ltr'><strong>tatem.</strong></span> <span class='ocrx_word' id='word_1_620' title='bbox 2514 3257 2819 3334; x_wconf 87' lang='lat' dir='ltr'><strong>Secundo,</strong></span> <span class='ocrx_word' id='word_1_621' title='bbox 2869 3257 3035 3319; x_wconf 85' lang='lat' dir='ltr'><strong>idem</strong></span> <span class='ocrx_word' id='word_1_622' title='bbox 3090 3256 3388 3337; x_wconf 87' lang='lat' dir='ltr'><strong>probatur</strong></span> <span class='ocrx_word' id='word_1_623' title='bbox 3431 3273 3500 3315; x_wconf 83' lang='lat' dir='ltr'><strong>ex</strong></span> <span class='ocrx_word' id='word_1_624' title='bbox 3544 3254 3714 3314; x_wconf 78' lang='lat' dir='ltr'><strong>unitate</strong></span> 
     </span>
     <span class='ocr_line' id='line_1_89' title="bbox 2240 3345 3715 3430; baseline -0.006 -17"><span class='ocrx_word' id='word_1_625' title='bbox 2240 3350 2424 3430; x_wconf 81' lang='lat' dir='ltr'><strong>fidei3</strong></span> <span class='ocrx_word' id='word_1_626' title='bbox 2458 3367 2605 3414; x_wconf 89' lang='lat' dir='ltr'><strong>nam</strong></span> <span class='ocrx_word' id='word_1_627' title='bbox 2636 3359 2728 3414; x_wconf 90' lang='lat' dir='ltr'><strong>est</strong></span> <span class='ocrx_word' id='word_1_628' title='bbox 2753 3369 2915 3413; x_wconf 90' lang='lat' dir='ltr'><strong>unus</strong></span> <span class='ocrx_word' id='word_1_629' title='bbox 2959 3348 3227 3429; x_wconf 83' lang='lat' dir='ltr'><strong>simplex</strong></span> <span class='ocrx_word' id='word_1_630' title='bbox 3270 3347 3521 3422; x_wconf 87' lang='lat' dir='ltr'><strong>habitus,</strong></span> <span class='ocrx_word' id='word_1_631' title='bbox 3556 3353 3610 3406; x_wconf 80' lang='lat' dir='ltr'><strong>ut</strong></span> <span class='ocrx_word' id='word_1_632' title='bbox 3636 3345 3715 3405; x_wconf 88' lang='lat' dir='ltr'><strong>dis·</strong></span> 
     </span>
     <span class='ocr_line' id='line_1_90' title="bbox 2242 3442 3718 3528; baseline -0.005 -22"><span class='ocrx_word' id='word_1_633' title='bbox 2242 3447 2563 3528; x_wconf 87' lang='lat' dir='ltr'><strong>putatione</strong></span> <span class='ocrx_word' id='word_1_634' title='bbox 2592 3445 2875 3525; x_wconf 86' lang='lat' dir='ltr'><strong>septima,</strong></span> <span class='ocrx_word' id='word_1_635' title='bbox 2909 3443 3177 3506; x_wconf 89' lang='lat' dir='ltr'><strong>sectione</strong></span> <span class='ocrx_word' id='word_1_636' title='bbox 3208 3442 3429 3525; x_wconf 87' lang='lat' dir='ltr'><strong>prima,</strong></span> <span class='ocrx_word' id='word_1_637' title='bbox 3456 3459 3491 3502; x_wconf 89' lang='lat' dir='ltr'><strong>a</strong></span> <span class='ocrx_word' id='word_1_638' title='bbox 3526 3455 3718 3502; x_wconf 81' lang='lat' dir='ltr'><strong>numero</strong></span> 
     </span>
     <span class='ocr_line' id='line_1_91' title="bbox 2242 3531 3721 3620; baseline -0.005 -21"><span class='ocrx_word' id='word_1_639' title='bbox 2242 3546 2488 3620; x_wconf 85' lang='lat' dir='ltr'><strong>quarto,</strong></span> <span class='ocrx_word' id='word_1_640' title='bbox 2516 3537 2916 3615; x_wconf 85' lang='lat' dir='ltr'><strong>ostendetur3</strong></span> <span class='ocrx_word' id='word_1_641' title='bbox 2946 3554 3093 3616; x_wconf 81' lang='lat' dir='ltr'><strong>ergo</strong></span> <span class='ocrx_word' id='word_1_642' title='bbox 3119 3535 3314 3598; x_wconf 88' lang='lat' dir='ltr'><strong>habet</strong></span> <span class='ocrx_word' id='word_1_643' title='bbox 3338 3553 3521 3596; x_wconf 90' lang='lat' dir='ltr'><strong>unum</strong></span> <span class='ocrx_word' id='word_1_644' title='bbox 3552 3531 3721 3611; x_wconf 86' lang='lat' dir='ltr'><strong>simpli-</strong></span> 
     </span>
     <span class='ocr_line' id='line_1_92' title="bbox 2239 3625 3717 3712; baseline -0.007 -17"><span class='ocrx_word' id='word_1_645' title='bbox 2239 3651 2375 3695; x_wconf 83' lang='lat' dir='ltr'><strong>cem</strong></span> <span class='ocrx_word' id='word_1_646' title='bbox 2424 3633 2679 3694; x_wconf 91' lang='lat' dir='ltr'><strong>modum</strong></span> <span class='ocrx_word' id='word_1_647' title='bbox 2721 3631 3017 3694; x_wconf 88' lang='lat' dir='ltr'><strong>tendendi</strong></span> <span class='ocrx_word' id='word_1_648' title='bbox 3066 3637 3129 3694; x_wconf 88' lang='lat' dir='ltr'><strong>et</strong></span> <span class='ocrx_word' id='word_1_649' title='bbox 3164 3629 3488 3712; x_wconf 81' lang='lat' dir='ltr'><strong>operandi3</strong></span> <span class='ocrx_word' id='word_1_650' title='bbox 3528 3643 3662 3707; x_wconf 82' lang='lat' dir='ltr'><strong>ergo,</strong></span> <span class='ocrx_word' id='word_1_651' title='bbox 3685 3625 3717 3685; x_wconf 89' lang='lat' dir='ltr'><strong>si</strong></span> 
     </span>
     <span class='ocr_line' id='line_1_93' title="bbox 2242 3722 3720 3802; baseline -0.007 -14"><span class='ocrx_word' id='word_1_652' title='bbox 2242 3725 2434 3788; x_wconf 90' lang='lat' dir='ltr'><strong>semel</strong></span> <span class='ocrx_word' id='word_1_653' title='bbox 2461 3727 2796 3788; x_wconf 88' lang='lat' dir='ltr'><strong>assentitur</strong></span> <span class='ocrx_word' id='word_1_654' title='bbox 2824 3727 2955 3786; x_wconf 88' lang='lat' dir='ltr'><strong>sine</strong></span> <span class='ocrx_word' id='word_1_655' title='bbox 2983 3726 3291 3800; x_wconf 88' lang='lat' dir='ltr'><strong>discursu,</strong></span> <span class='ocrx_word' id='word_1_656' title='bbox 3320 3739 3543 3802; x_wconf 83' lang='lat' dir='ltr'><strong>semper</strong></span> <span class='ocrx_word' id='word_1_657' title='bbox 3568 3722 3636 3781; x_wconf 86' lang='lat' dir='ltr'><strong>ita</strong></span> <span class='ocrx_word' id='word_1_658' title='bbox 3657 3737 3720 3778; x_wconf 79' lang='lat' dir='ltr'><strong>as-</strong></span> 
     </span>
     <span class='ocr_line' id='line_1_94' title="bbox 2241 3811 3716 3899; baseline -0.007 -17"><span class='ocrx_word' id='word_1_659' title='bbox 2241 3821 2529 3896; x_wconf 80' lang='lat' dir='ltr'><strong>sentitur3</strong></span> <span class='ocrx_word' id='word_1_660' title='bbox 2558 3837 2703 3880; x_wconf 89' lang='lat' dir='ltr'><strong>nam</strong></span> <span class='ocrx_word' id='word_1_661' title='bbox 2739 3818 2830 3880; x_wconf 89' lang='lat' dir='ltr'><strong>illi</strong></span> <span class='ocrx_word' id='word_1_662' title='bbox 2854 3818 2979 3880; x_wconf 88' lang='lat' dir='ltr'><strong>duo</strong></span> <span class='ocrx_word' id='word_1_663' title='bbox 3014 3817 3185 3881; x_wconf 91' lang='lat' dir='ltr'><strong>modi</strong></span> <span class='ocrx_word' id='word_1_664' title='bbox 3212 3817 3496 3899; x_wconf 88' lang='lat' dir='ltr'><strong>operandi</strong></span> <span class='ocrx_word' id='word_1_665' title='bbox 3522 3833 3609 3896; x_wconf 89' lang='lat' dir='ltr'><strong>per</strong></span> <span class='ocrx_word' id='word_1_666' title='bbox 3637 3811 3716 3872; x_wconf 80' lang='lat' dir='ltr'><strong>dis·</strong></span> 
     </span>
     <span class='ocr_line' id='line_1_95' title="bbox 2240 3906 3718 3988; baseline -0.007 -13"><span class='ocrx_word' id='word_1_667' title='bbox 2240 3931 2516 3988; x_wconf 89' lang='lat' dir='ltr'><strong>cursum,</strong></span> <span class='ocrx_word' id='word_1_668' title='bbox 2546 3912 2650 3974; x_wconf 75' lang='lat' dir='ltr'><strong>vel</strong></span> <span class='ocrx_word' id='word_1_669' title='bbox 2688 3913 2823 3973; x_wconf 90' lang='lat' dir='ltr'><strong>sine</strong></span> <span class='ocrx_word' id='word_1_670' title='bbox 2855 3912 3156 3987; x_wconf 84' lang='lat' dir='ltr'><strong>discursu,</strong></span> <span class='ocrx_word' id='word_1_671' title='bbox 3204 3911 3502 3972; x_wconf 84' lang='lat' dir='ltr'><strong>sufficiunt</strong></span> <span class='ocrx_word' id='word_1_672' title='bbox 3536 3906 3602 3968; x_wconf 90' lang='lat' dir='ltr'><strong>ad</strong></span> <span class='ocrx_word' id='word_1_673' title='bbox 3636 3906 3718 3965; x_wconf 63' lang='lat' dir='ltr'><strong>dis·</strong></span> 
     </span>
     <span class='ocr_line' id='line_1_96' title="bbox 2238 3997 3719 4092; baseline -0.009 -22"><span class='ocrx_word' id='word_1_674' title='bbox 2238 4006 2612 4086; x_wconf 85' lang='lat' dir='ltr'><strong>tinguendos</strong></span> <span class='ocrx_word' id='word_1_675' title='bbox 2637 4005 2912 4092; x_wconf 76' lang='lat' dir='ltr'><strong>habituS,</strong></span> <span class='ocrx_word' id='word_1_676' title='bbox 2937 4011 3008 4067; x_wconf 92' lang='lat' dir='ltr'><strong>ut</strong></span> <span class='ocrx_word' id='word_1_677' title='bbox 3034 4011 3207 4087; x_wconf 88' lang='lat' dir='ltr'><strong>patet</strong></span> <span class='ocrx_word' id='word_1_678' title='bbox 3229 4006 3295 4066; x_wconf 90' lang='lat' dir='ltr'><strong>in</strong></span> <span class='ocrx_word' id='word_1_679' title='bbox 3330 4001 3531 4065; x_wconf 82' lang='lat' dir='ltr'><strong>habitu</strong></span> <span class='ocrx_word' id='word_1_680' title='bbox 3555 3997 3719 4080; x_wconf 86' lang='lat' dir='ltr'><strong>princi-</strong></span> 
     </span>
     <span class='ocr_line' id='line_1_97' title="bbox 2243 4090 3719 4183; baseline -0.009 -20"><span class='ocrx_word' id='word_1_681' title='bbox 2243 4103 2489 4183; x_wconf 88' lang='lat' dir='ltr'><strong>piorum</strong></span> <span class='ocrx_word' id='word_1_682' title='bbox 2520 4106 2582 4162; x_wconf 89' lang='lat' dir='ltr'><strong>et</strong></span> <span class='ocrx_word' id='word_1_683' title='bbox 2608 4101 2903 4162; x_wconf 80' lang='lat' dir='ltr'><strong>scientiae.</strong></span> <span class='ocrx_word' id='word_1_684' title='bbox 2934 4101 3143 4181; x_wconf 86' lang='lat' dir='ltr'><strong>Neque</strong></span> <span class='ocrx_word' id='word_1_685' title='bbox 3172 4104 3373 4180; x_wconf 89' lang='lat' dir='ltr'><strong>potest</strong></span> <span class='ocrx_word' id='word_1_686' title='bbox 3412 4097 3473 4158; x_wconf 89' lang='lat' dir='ltr'><strong>in</strong></span> <span class='ocrx_word' id='word_1_687' title='bbox 3497 4090 3719 4175; x_wconf 80' lang='lat' dir='ltr'><strong>praesenti</strong></span> 
     </span>
     <span class='ocr_line' id='line_1_98' title="bbox 2240 4183 3719 4271; baseline -0.008 -15"><span class='ocrx_word' id='word_1_688' title='bbox 2240 4195 2549 4258; x_wconf 87' lang='lat' dir='ltr'><strong>sufficiens</strong></span> <span class='ocrx_word' id='word_1_689' title='bbox 2576 4195 2738 4255; x_wconf 85' lang='lat' dir='ltr'><strong>ratio</strong></span> <span class='ocrx_word' id='word_1_690' title='bbox 2765 4193 3133 4255; x_wconf 62' lang='lat' dir='ltr'><strong>differentias</strong></span> <span class='ocrx_word' id='word_1_691' title='bbox 3160 4190 3474 4271; x_wconf 84' lang='lat' dir='ltr'><strong>assignari.</strong></span> <span class='ocrx_word' id='word_1_692' title='bbox 3502 4189 3567 4248; x_wconf 90' lang='lat' dir='ltr'><strong>Et</strong></span> <span class='ocrx_word' id='word_1_693' title='bbox 3582 4183 3719 4266; x_wconf 85' lang='lat' dir='ltr'><strong>probo</strong></span> 
     </span>
     <span class='ocr_line' id='line_1_99' title="bbox 2241 4275 3721 4364; baseline -0.011 -14"><span class='ocrx_word' id='word_1_694' title='bbox 2241 4307 2371 4351; x_wconf 90' lang='lat' dir='ltr'><strong>esse</strong></span> <span class='ocrx_word' id='word_1_695' title='bbox 2398 4286 2722 4364; x_wconf 83' lang='lat' dir='ltr'><strong>eamdem3</strong></span> <span class='ocrx_word' id='word_1_696' title='bbox 2756 4304 2901 4348; x_wconf 90' lang='lat' dir='ltr'><strong>nam</strong></span> <span class='ocrx_word' id='word_1_697' title='bbox 2950 4287 3089 4348; x_wconf 91' lang='lat' dir='ltr'><strong>ideo</strong></span> <span class='ocrx_word' id='word_1_698' title='bbox 3131 4285 3198 4347; x_wconf 88' lang='lat' dir='ltr'><strong>in</strong></span> <span class='ocrx_word' id='word_1_699' title='bbox 3230 4282 3478 4346; x_wconf 86' lang='lat' dir='ltr'><strong>scientia</strong></span> <span class='ocrx_word' id='word_1_700' title='bbox 3515 4286 3571 4340; x_wconf 88' lang='lat' dir='ltr'><strong>ct</strong></span> <span class='ocrx_word' id='word_1_701' title='bbox 3593 4275 3721 4338; x_wconf 87' lang='lat' dir='ltr'><strong>intel-</strong></span> 
     </span>
     <span class='ocr_line' id='line_1_100' title="bbox 2238 4369 3721 4460; baseline -0.011 -18"><span class='ocrx_word' id='word_1_702' title='bbox 2238 4380 2426 4456; x_wconf 89' lang='lat' dir='ltr'><strong>lectu,</strong></span> <span class='ocrx_word' id='word_1_703' title='bbox 2472 4379 2784 4441; x_wconf 87' lang='lat' dir='ltr'><strong>discursus</strong></span> <span class='ocrx_word' id='word_1_704' title='bbox 2830 4385 2893 4442; x_wconf 85' lang='lat' dir='ltr'><strong>et</strong></span> <span class='ocrx_word' id='word_1_705' title='bbox 2937 4378 3201 4460; x_wconf 82' lang='lat' dir='ltr'><strong>simplex</strong></span> <span class='ocrx_word' id='word_1_706' title='bbox 3234 4391 3501 4440; x_wconf 84' lang='lat' dir='ltr'><strong>assensus</strong></span> <span class='ocrx_word' id='word_1_707' title='bbox 3540 4369 3721 4431; x_wconf 85' lang='lat' dir='ltr'><strong>variant</strong></span> 
     </span>
     <span class='ocr_line' id='line_1_101' title="bbox 2240 4463 3717 4556; baseline -0.005 -20"><span class='ocrx_word' id='word_1_708' title='bbox 2240 4475 2472 4556; x_wconf 88' lang='lat' dir='ltr'><strong>species</strong></span> <span class='ocrx_word' id='word_1_709' title='bbox 2518 4479 2689 4535; x_wconf 87' lang='lat' dir='ltr'><strong>actus</strong></span> <span class='ocrx_word' id='word_1_710' title='bbox 2732 4479 2794 4534; x_wconf 90' lang='lat' dir='ltr'><strong>et</strong></span> <span class='ocrx_word' id='word_1_711' title='bbox 2844 4473 3092 4535; x_wconf 86' lang='lat' dir='ltr'><strong>habitus</strong></span> <span class='ocrx_word' id='word_1_712' title='bbox 3113 4518 3133 4548; x_wconf 89' lang='lat'><strong>,</strong></span> <span class='ocrx_word' id='word_1_713' title='bbox 3192 4470 3339 4550; x_wconf 84' lang='lat' dir='ltr'><strong>quia</strong></span> <span class='ocrx_word' id='word_1_714' title='bbox 3390 4463 3717 4530; x_wconf 79' lang='lat' dir='ltr'><strong>necessarium</strong></span> 
     </span>
     <span class='ocr_line' id='line_1_102' title="bbox 2240 4555 3717 4640; baseline -0.012 -10"><span class='ocrx_word' id='word_1_715' title='bbox 2240 4568 2420 4630; x_wconf 89' lang='lat' dir='ltr'><strong>estin</strong></span> <span class='ocrx_word' id='word_1_716' title='bbox 2453 4567 2577 4628; x_wconf 87' lang='lat' dir='ltr'><strong>illis</strong></span> <span class='ocrx_word' id='word_1_717' title='bbox 2603 4565 2808 4628; x_wconf 91' lang='lat' dir='ltr'><strong>modis</strong></span> <span class='ocrx_word' id='word_1_718' title='bbox 2834 4563 3230 4640; x_wconf 82' lang='lat' dir='ltr'><strong>assentiendi,</strong></span> <span class='ocrx_word' id='word_1_719' title='bbox 3268 4560 3481 4625; x_wconf 79' lang='lat' dir='ltr'><strong>variari</strong></span> <span class='ocrx_word' id='word_1_720' title='bbox 3509 4555 3717 4618; x_wconf 83' lang='lat' dir='ltr'><strong>medium</strong></span> 
     </span>
     <span class='ocr_line' id='line_1_103' title="bbox 2240 4647 3715 4734; baseline -0.011 -11"><span class='ocrx_word' id='word_1_721' title='bbox 2240 4668 2302 4724; x_wconf 91' lang='lat' dir='ltr'><strong>et</strong></span> <span class='ocrx_word' id='word_1_722' title='bbox 2348 4661 2653 4723; x_wconf 86' lang='lat' dir='ltr'><strong>rationem</strong></span> <span class='ocrx_word' id='word_1_723' title='bbox 2693 4660 3098 4734; x_wconf 62' lang='lat' dir='ltr'><strong>assentiendi,</strong></span> <span class='ocrx_word' id='word_1_724' title='bbox 3144 4675 3295 4720; x_wconf 90' lang='lat' dir='ltr'><strong>nam</strong></span> <span class='ocrx_word' id='word_1_725' title='bbox 3342 4656 3407 4717; x_wconf 90' lang='lat' dir='ltr'><strong>in</strong></span> <span class='ocrx_word' id='word_1_726' title='bbox 3448 4647 3715 4734; x_wconf 85' lang='lat' dir='ltr'><strong>principiis,</strong></span> 
     </span>
     <span class='ocr_line' id='line_1_104' title="bbox 2238 4743 3719 4818; baseline -0.013 -1"><span class='ocrx_word' id='word_1_727' title='bbox 2238 4755 2398 4818; x_wconf 87' lang='lat' dir='ltr'><strong>ratio</strong></span> <span class='ocrx_word' id='word_1_728' title='bbox 2430 4773 2711 4816; x_wconf 82' lang='lat' dir='ltr'><strong>assensus</strong></span> <span class='ocrx_word' id='word_1_729' title='bbox 2758 4760 2852 4816; x_wconf 91' lang='lat' dir='ltr'><strong>est</strong></span> <span class='ocrx_word' id='word_1_730' title='bbox 2898 4751 3258 4814; x_wconf 75' lang='lat' dir='ltr'><strong>immediata</strong></span> <span class='ocrx_word' id='word_1_731' title='bbox 3306 4749 3449 4810; x_wconf 89' lang='lat' dir='ltr'><strong>unio</strong></span> <span class='ocrx_word' id='word_1_732' title='bbox 3491 4743 3719 4806; x_wconf 85' lang='lat' dir='ltr'><strong>termino·</strong></span> 
     </span>
     <span class='ocr_line' id='line_1_105' title="bbox 2239 4833 3717 4925; baseline -0.012 -15"><span class='ocrx_word' id='word_1_733' title='bbox 2239 4865 2381 4910; x_wconf 91' lang='lat' dir='ltr'><strong>rum</strong></span> <span class='ocrx_word' id='word_1_734' title='bbox 2411 4849 2575 4910; x_wconf 87' lang='lat' dir='ltr'><strong>inter</strong></span> <span class='ocrx_word' id='word_1_735' title='bbox 2612 4863 2718 4925; x_wconf 89' lang='lat' dir='ltr'><strong>se;</strong></span> <span class='ocrx_word' id='word_1_736' title='bbox 2766 4849 2835 4908; x_wconf 90' lang='lat' dir='ltr'><strong>in</strong></span> <span class='ocrx_word' id='word_1_737' title='bbox 2872 4845 3127 4908; x_wconf 83' lang='lat' dir='ltr'><strong>scientia</strong></span> <span class='ocrx_word' id='word_1_738' title='bbox 3173 4863 3319 4906; x_wconf 83' lang='lat' dir='ltr'><strong>vero</strong></span> <span class='ocrx_word' id='word_1_739' title='bbox 3359 4848 3447 4904; x_wconf 91' lang='lat' dir='ltr'><strong>est</strong></span> <span class='ocrx_word' id='word_1_740' title='bbox 3488 4833 3717 4900; x_wconf 79' lang='lat' dir='ltr'><strong>connexio</strong></span> 
     </span>
     <span class='ocr_line' id='line_1_106' title="bbox 2239 4928 3716 5004; baseline -0.013 -1"><span class='ocrx_word' id='word_1_741' title='bbox 2239 4948 2660 5004; x_wconf 86' lang='lat' dir='ltr'><strong>extremorum</strong></span> <span class='ocrx_word' id='word_1_742' title='bbox 2690 4943 2755 5003; x_wconf 89' lang='lat' dir='ltr'><strong>in</strong></span> <span class='ocrx_word' id='word_1_743' title='bbox 2801 4959 2925 5002; x_wconf 89' lang='lat' dir='ltr'><strong>uno</strong></span> <span class='ocrx_word' id='word_1_744' title='bbox 2972 4939 3179 5002; x_wconf 90' lang='lat' dir='ltr'><strong>tertio.</strong></span> <span class='ocrx_word' id='word_1_745' title='bbox 3228 4939 3371 5000; x_wconf 79' lang='lat' dir='ltr'><strong>Haec</strong></span> <span class='ocrx_word' id='word_1_746' title='bbox 3402 4939 3584 4998; x_wconf 85' lang='lat' dir='ltr'><strong>autem</strong></span> <span class='ocrx_word' id='word_1_747' title='bbox 3606 4928 3716 4988; x_wconf 83' lang='lat' dir='ltr'><strong>ratio</strong></span> 
     </span>
     <span class='ocr_line' id='line_1_107' title="bbox 2239 5027 3716 5112; baseline -0.009 -16"><span class='ocrx_word' id='word_1_748' title='bbox 2239 5033 2652 5097; x_wconf 88' lang='lat' dir='ltr'><strong>distinctionis</strong></span> <span class='ocrx_word' id='word_1_749' title='bbox 2682 5035 2869 5098; x_wconf 86' lang='lat' dir='ltr'><strong>etiam</strong></span> <span class='ocrx_word' id='word_1_750' title='bbox 2900 5040 3059 5095; x_wconf 87' lang='lat' dir='ltr'><strong>esset</strong></span> <span class='ocrx_word' id='word_1_751' title='bbox 3086 5033 3152 5094; x_wconf 89' lang='lat' dir='ltr'><strong>in</strong></span> <span class='ocrx_word' id='word_1_752' title='bbox 3193 5027 3468 5112; x_wconf 81' lang='lat' dir='ltr'><strong>praesenti</strong></span> <span class='ocrx_word' id='word_1_753' title='bbox 3510 5039 3716 5087; x_wconf 54' lang='lat' dir='ltr'><strong>necessa·</strong></span> 
     </span>
     <span class='ocr_line' id='line_1_108' title="bbox 2239 5113 3715 5206; baseline -0.007 -16"><span class='ocrx_word' id='word_1_754' title='bbox 2239 5130 2355 5206; x_wconf 89' lang='lat' dir='ltr'><strong>ria,</strong></span> <span class='ocrx_word' id='word_1_755' title='bbox 2388 5129 2438 5190; x_wconf 89' lang='lat' dir='ltr'><strong>si</strong></span> <span class='ocrx_word' id='word_1_756' title='bbox 2468 5147 2630 5189; x_wconf 89' lang='lat' dir='ltr'><strong>unus</strong></span> <span class='ocrx_word' id='word_1_757' title='bbox 2674 5133 2829 5190; x_wconf 85' lang='lat' dir='ltr'><strong>esset</strong></span> <span class='ocrx_word' id='word_1_758' title='bbox 2868 5145 3147 5188; x_wconf 88' lang='lat' dir='ltr'><strong>assensus</strong></span> <span class='ocrx_word' id='word_1_759' title='bbox 3189 5125 3474 5204; x_wconf 85' lang='lat' dir='ltr'><strong>simplex,</strong></span> <span class='ocrx_word' id='word_1_760' title='bbox 3514 5123 3566 5179; x_wconf 87' lang='lat' dir='ltr'><strong>et</strong></span> <span class='ocrx_word' id='word_1_761' title='bbox 3602 5113 3715 5176; x_wconf 68' lang='lat' dir='ltr'><strong>alius</strong></span> 
     </span>
     <span class='ocr_line' id='line_1_109' title="bbox 2239 5207 3715 5302; baseline -0.009 -19"><span class='ocrx_word' id='word_1_762' title='bbox 2239 5241 2349 5302; x_wconf 90' lang='lat' dir='ltr'><strong>per</strong></span> <span class='ocrx_word' id='word_1_763' title='bbox 2374 5221 2747 5299; x_wconf 81' lang='lat' dir='ltr'><strong>discursum,</strong></span> <span class='ocrx_word' id='word_1_764' title='bbox 2796 5219 2943 5301; x_wconf 83' lang='lat' dir='ltr'><strong>quia</strong></span> <span class='ocrx_word' id='word_1_765' title='bbox 2978 5219 3132 5280; x_wconf 88' lang='lat' dir='ltr'><strong>tales</strong></span> <span class='ocrx_word' id='word_1_766' title='bbox 3172 5235 3445 5279; x_wconf 89' lang='lat' dir='ltr'><strong>assensus</strong></span> <span class='ocrx_word' id='word_1_767' title='bbox 3470 5230 3565 5294; x_wconf 88' lang='lat' dir='ltr'><strong>per</strong></span> <span class='ocrx_word' id='word_1_768' title='bbox 3594 5227 3643 5269; x_wconf 83' lang='lat' dir='ltr'><strong>sc</strong></span> <span class='ocrx_word' id='word_1_769' title='bbox 3674 5207 3715 5262; x_wconf 69' lang='lat' dir='ltr'><strong>et</strong></span> 
     </span>
     <span class='ocr_line' id='line_1_110' title="bbox 2236 5309 3713 5395; baseline -0.011 -19"><span class='ocrx_word' id='word_1_770' title='bbox 2236 5315 2571 5376; x_wconf 88' lang='lat' dir='ltr'><strong>intrinsece</strong></span> <span class='ocrx_word' id='word_1_771' title='bbox 2599 5315 2926 5395; x_wconf 89' lang='lat' dir='ltr'><strong>requirunt</strong></span> <span class='ocrx_word' id='word_1_772' title='bbox 2952 5311 3089 5374; x_wconf 88' lang='lat' dir='ltr'><strong>illas</strong></span> <span class='ocrx_word' id='word_1_773' title='bbox 3114 5309 3267 5374; x_wconf 86' lang='lat' dir='ltr'><strong>duas</strong></span> <span class='ocrx_word' id='word_1_774' title='bbox 3290 5309 3539 5370; x_wconf 84' lang='lat' dir='ltr'><strong>rationes</strong></span> <span class='ocrx_word' id='word_1_775' title='bbox 3561 5316 3713 5363; x_wconf 82' lang='lat' dir='ltr'><strong>assen-</strong></span> 
     </span>
     <span class='ocr_line' id='line_1_111' title="bbox 2237 5407 2915 5471; baseline 0 -2"><span class='ocrx_word' id='word_1_776' title='bbox 2237 5409 2429 5471; x_wconf 85' lang='lat' dir='ltr'><strong>tiendi</strong></span> <span class='ocrx_word' id='word_1_777' title='bbox 2458 5411 2545 5470; x_wconf 83' lang='lat' dir='ltr'><strong>ita</strong></span> <span class='ocrx_word' id='word_1_778' title='bbox 2573 5407 2915 5470; x_wconf 77' lang='lat' dir='ltr'><strong>distinctas·</strong></span> 
     </span>
    </p>

    <p class='ocr_par' dir='ltr' id='par_1_9' title="bbox 2324 5490 3710 5574">
     <span class='ocr_line' id='line_1_112' title="bbox 2324 5490 3710 5574; baseline -0.015 -11"><span class='ocrx_word' id='word_1_779' title='bbox 2324 5503 2387 5564; x_wconf 86' lang='grc'><strong>6.</strong></span> <span class='ocrx_word' id='word_1_780' title='bbox 2414 5502 2725 5565; x_wconf 75' lang='lat' dir='ltr'><strong>Probatur</strong></span> <span class='ocrx_word' id='word_1_781' title='bbox 2754 5502 3039 5563; x_wconf 78' lang='lat' dir='ltr'><strong>tertio.—</strong></span> <span class='ocrx_word' id='word_1_782' title='bbox 3054 5497 3228 5560; x_wconf 74' lang='lat' dir='ltr'><strong>Unde</strong></span> <span class='ocrx_word' id='word_1_783' title='bbox 3249 5497 3609 5574; x_wconf 77' lang='lat' dir='ltr'><strong>argumentor</strong></span> <span class='ocrx_word' id='word_1_784' title='bbox 3628 5490 3710 5544; x_wconf 64' lang='lat' dir='ltr'><strong>ter·</strong></span> 
     </span>
    </p>
   </div>
   <div class='ocr_carea' id='block_1_8' title="bbox 3794 937 3797 6156">
    <p class='ocr_par' dir='ltr' id='par_1_10' title="bbox 3794 937 3797 6156">
     <span class='ocr_line' id='line_1_113' title="bbox 3794 937 3797 6156; baseline 0 0"><span class='ocrx_word' id='word_1_785' title='bbox 3794 937 3797 6156; x_wconf 95' lang='lat' dir='ltr'><strong> </strong></span> 
     </span>
    </p>
   </div>
  </div>
 </body>
</html>
