<?xml version="1.0" encoding="UTF-8"?>
<!DOCTYPE html PUBLIC "-//W3C//DTD XHTML 1.0 Transitional//EN"
    "http://www.w3.org/TR/xhtml1/DTD/xhtml1-transitional.dtd">
<html xmlns="http://www.w3.org/1999/xhtml" xml:lang="en" lang="en">
 <head>
  <title>
</title>
<meta http-equiv="Content-Type" content="text/html;charset=utf-8" />
  <meta name='ocr-system' content='tesseract 3.04.00' />
  <meta name='ocr-capabilities' content='ocr_page ocr_carea ocr_par ocr_line ocrx_word'/>
</head>
<body>
  <div class='ocr_page' id='page_1' title='image "./rpfranciscisuar00duvagoog_0191.png"; bbox 0 0 3900 6217; ppageno 0'>
   <div class='ocr_carea' id='block_1_1' title="bbox 969 343 2236 456">
    <p class='ocr_par' dir='ltr' id='par_1_1' title="bbox 969 343 2236 456">
     <span class='ocr_line' id='line_1_1' title="bbox 969 343 2236 456; baseline 0.002 -10"><span class='ocrx_word' id='word_1_1' title='bbox 969 393 1138 448; x_wconf 71' lang='lat' dir='ltr'><strong>sm.</strong></span> <span class='ocrx_word' id='word_1_2' title='bbox 1172 392 1259 448; x_wconf 87' lang='lat'><strong>111.</strong></span> <span class='ocrx_word' id='word_1_3' title='bbox 1292 389 1663 456; x_wconf 74' lang='lat' dir='ltr'><strong>QUOTUPOEX</strong></span> <span class='ocrx_word' id='word_1_4' title='bbox 1692 393 1793 446; x_wconf 80' lang='lat' dir='ltr'><strong>sn·</strong></span> <span class='ocrx_word' id='word_1_5' title='bbox 1822 391 2024 446; x_wconf 60' lang='lat' dir='ltr'><strong>actus</strong></span> <span class='ocrx_word' id='word_1_6' title='bbox 2051 343 2236 448; x_wconf 51' lang='lat' dir='ltr'><strong>rium.</strong></span> 
     </span>
    </p>
   </div>
   <div class='ocr_carea' id='block_1_2' title="bbox 114 490 1565 5623">
    <p class='ocr_par' dir='ltr' id='par_1_2' title="bbox 141 490 1559 944">
     <span class='ocr_line' id='line_1_2' title="bbox 141 490 1557 574; baseline -0.008 -13"><span class='ocrx_word' id='word_1_7' title='bbox 141 503 327 574; x_wconf 57' lang='lat' dir='ltr'><strong>&amp;alaris</strong></span> <span class='ocrx_word' id='word_1_8' title='bbox 364 495 583 573; x_wconf 85' lang='lat' dir='ltr'><strong>dicitur,</strong></span> <span class='ocrx_word' id='word_1_9' title='bbox 630 492 779 574; x_wconf 82' lang='lat' dir='ltr'><strong>quia</strong></span> <span class='ocrx_word' id='word_1_10' title='bbox 824 493 893 556; x_wconf 91' lang='lat' dir='ltr'><strong>in</strong></span> <span class='ocrx_word' id='word_1_11' title='bbox 934 490 1223 568; x_wconf 87' lang='lat' dir='ltr'><strong>materia,</strong></span> <span class='ocrx_word' id='word_1_12' title='bbox 1254 508 1515 571; x_wconf 85' lang='lat' dir='ltr'><strong>persona</strong></span> <span class='ocrx_word' id='word_1_13' title='bbox 1534 535 1557 567; x_wconf 93' lang='lat'><strong>,</strong></span> 
     </span>
     <span class='ocr_line' id='line_1_3' title="bbox 143 585 1559 680; baseline -0.006 -27"><span class='ocrx_word' id='word_1_14' title='bbox 143 611 181 666; x_wconf 61' lang='grc' dir='ltr'><strong>ει</strong></span> <span class='ocrx_word' id='word_1_15' title='bbox 196 593 513 680; x_wconf 72' lang='lat' dir='ltr'><strong>propositione</strong></span> <span class='ocrx_word' id='word_1_16' title='bbox 544 586 779 668; x_wconf 85' lang='lat' dir='ltr'><strong>privata</strong></span> <span class='ocrx_word' id='word_1_17' title='bbox 826 585 1087 648; x_wconf 85' lang='lat' dir='ltr'><strong>fundata</strong></span> <span class='ocrx_word' id='word_1_18' title='bbox 1124 590 1237 646; x_wconf 86' lang='lat' dir='ltr'><strong>est.</strong></span> <span class='ocrx_word' id='word_1_19' title='bbox 1288 585 1425 646; x_wconf 88' lang='lat' dir='ltr'><strong>Non</strong></span> <span class='ocrx_word' id='word_1_20' title='bbox 1466 589 1559 645; x_wconf 90' lang='lat' dir='ltr'><strong>est</strong></span> 
     </span>
     <span class='ocr_line' id='line_1_4' title="bbox 144 677 1559 760; baseline -0.008 -9"><span class='ocrx_word' id='word_1_21' title='bbox 144 707 277 758; x_wconf 66' lang='lat' dir='ltr'><strong>nmen</strong></span> <span class='ocrx_word' id='word_1_22' title='bbox 314 681 673 750; x_wconf 64' lang='lat' dir='ltr'><strong>manualiter</strong></span> <span class='ocrx_word' id='word_1_23' title='bbox 724 679 969 742; x_wconf 84' lang='lat' dir='ltr'><strong>diversa</strong></span> <span class='ocrx_word' id='word_1_24' title='bbox 1021 699 1061 742; x_wconf 85' lang='lat' dir='ltr'><strong>a</strong></span> <span class='ocrx_word' id='word_1_25' title='bbox 1116 678 1343 760; x_wconf 84' lang='lat' dir='ltr'><strong>priori,</strong></span> <span class='ocrx_word' id='word_1_26' title='bbox 1408 677 1559 758; x_wconf 88' lang='lat' dir='ltr'><strong>quia</strong></span> 
     </span>
     <span class='ocr_line' id='line_1_5' title="bbox 144 772 1556 853; baseline -0.008 -8"><span class='ocrx_word' id='word_1_27' title='bbox 144 783 335 850; x_wconf 58' lang='lat' dir='ltr'><strong>avolatio</strong></span> <span class='ocrx_word' id='word_1_28' title='bbox 386 784 443 840; x_wconf 85' lang='lat' dir='ltr'><strong>et</strong></span> <span class='ocrx_word' id='word_1_29' title='bbox 505 773 829 838; x_wconf 82' lang='lat' dir='ltr'><strong>auctoritas</strong></span> <span class='ocrx_word' id='word_1_30' title='bbox 878 772 1091 834; x_wconf 87' lang='lat' dir='ltr'><strong>divina</strong></span> <span class='ocrx_word' id='word_1_31' title='bbox 1165 790 1409 853; x_wconf 89' lang='lat' dir='ltr'><strong>semper</strong></span> <span class='ocrx_word' id='word_1_32' title='bbox 1466 776 1556 834; x_wconf 87' lang='lat' dir='ltr'><strong>est</strong></span> 
     </span>
     <span class='ocr_line' id='line_1_6' title="bbox 142 879 296 944; baseline -0.058 0"><span class='ocrx_word' id='word_1_33' title='bbox 142 879 296 944; x_wconf 74' lang='lat' dir='ltr'><strong>adem.</strong></span> 
     </span>
    </p>

    <p class='ocr_par' dir='ltr' id='par_1_3' title="bbox 130 957 1565 4198">
     <span class='ocr_line' id='line_1_7' title="bbox 189 957 1559 1039; baseline -0.01 -6"><span class='ocrx_word' id='word_1_34' title='bbox 189 975 227 1032; x_wconf 79' lang='grc' dir='ltr'><strong>Ἰ.</strong></span> <span class='ocrx_word' id='word_1_35' title='bbox 262 961 629 1032; x_wconf 67' lang='lat' dir='ltr'><strong>Snteividitsr</strong></span> <span class='ocrx_word' id='word_1_36' title='bbox 651 959 721 1024; x_wconf 72' lang='lat' dir='ltr'><strong>ia</strong></span> <span class='ocrx_word' id='word_1_37' title='bbox 750 961 865 1024; x_wconf 73' lang='lat' dir='ltr'><strong>dno</strong></span> <span class='ocrx_word' id='word_1_38' title='bbox 892 960 1155 1024; x_wconf 76' lang='lat' dir='ltr'><strong>membra</strong></span> <span class='ocrx_word' id='word_1_39' title='bbox 1182 959 1334 1038; x_wconf 78' lang='lat' dir='ltr'><strong>fides</strong></span> <span class='ocrx_word' id='word_1_40' title='bbox 1358 957 1559 1039; x_wconf 78' lang='lat' dir='ltr'><strong>parti·</strong></span> 
     </span>
     <span class='ocr_line' id='line_1_8' title="bbox 139 1051 1555 1134; baseline -0.008 -8"><span class='ocrx_word' id='word_1_41' title='bbox 139 1056 521 1132; x_wconf 56' lang='lat' dir='ltr'><strong>alarin—Hice</strong></span> <span class='ocrx_word' id='word_1_42' title='bbox 560 1059 769 1116; x_wconf 83' lang='lat' dir='ltr'><strong>autem</strong></span> <span class='ocrx_word' id='word_1_43' title='bbox 800 1053 1189 1134; x_wconf 86' lang='lat' dir='ltr'><strong>particularis</strong></span> <span class='ocrx_word' id='word_1_44' title='bbox 1217 1053 1371 1116; x_wconf 87' lang='lat' dir='ltr'><strong>fides</strong></span> <span class='ocrx_word' id='word_1_45' title='bbox 1411 1051 1555 1114; x_wconf 84' lang='lat' dir='ltr'><strong>sub-</strong></span> 
     </span>
     <span class='ocr_line' id='line_1_9' title="bbox 136 1145 1555 1232; baseline -0.008 -16"><span class='ocrx_word' id='word_1_46' title='bbox 136 1154 263 1220; x_wconf 75' lang='lat' dir='ltr'><strong>dividi</strong></span> <span class='ocrx_word' id='word_1_47' title='bbox 279 1155 433 1232; x_wconf 76' lang='lat' dir='ltr'><strong>potest</strong></span> <span class='ocrx_word' id='word_1_48' title='bbox 474 1149 537 1210; x_wconf 91' lang='lat' dir='ltr'><strong>in</strong></span> <span class='ocrx_word' id='word_1_49' title='bbox 585 1146 777 1210; x_wconf 87' lang='lat' dir='ltr'><strong>fidem</strong></span> <span class='ocrx_word' id='word_1_50' title='bbox 808 1145 1277 1221; x_wconf 79' lang='lat' dir='ltr'><strong>miraculorum,</strong></span> <span class='ocrx_word' id='word_1_51' title='bbox 1310 1164 1449 1225; x_wconf 84' lang='lat' dir='ltr'><strong>quae</strong></span> <span class='ocrx_word' id='word_1_52' title='bbox 1474 1146 1555 1206; x_wconf 86' lang='lat' dir='ltr'><strong>ad</strong></span> 
     </span>
     <span class='ocr_line' id='line_1_10' title="bbox 130 1238 1557 1332; baseline -0.009 -19"><span class='ocrx_word' id='word_1_53' title='bbox 130 1247 435 1332; x_wconf 73' lang='lat' dir='ltr'><strong>operationem</strong></span> <span class='ocrx_word' id='word_1_54' title='bbox 469 1241 806 1322; x_wconf 71' lang='lat' dir='ltr'><strong>specialiter</strong></span> <span class='ocrx_word' id='word_1_55' title='bbox 830 1240 1037 1315; x_wconf 83' lang='lat' dir='ltr'><strong>datur,</strong></span> <span class='ocrx_word' id='word_1_56' title='bbox 1086 1246 1151 1302; x_wconf 90' lang='lat' dir='ltr'><strong>et</strong></span> <span class='ocrx_word' id='word_1_57' title='bbox 1186 1239 1374 1302; x_wconf 86' lang='lat' dir='ltr'><strong>fidem</strong></span> <span class='ocrx_word' id='word_1_58' title='bbox 1402 1238 1557 1301; x_wconf 87' lang='lat' dir='ltr'><strong>alia-</strong></span> 
     </span>
     <span class='ocr_line' id='line_1_11' title="bbox 130 1334 1551 1414; baseline -0.008 -8"><span class='ocrx_word' id='word_1_59' title='bbox 130 1361 219 1406; x_wconf 83' lang='lat' dir='ltr'><strong>rum</strong></span> <span class='ocrx_word' id='word_1_60' title='bbox 246 1337 625 1402; x_wconf 77' lang='lat' dir='ltr'><strong>revelationum</strong></span> <span class='ocrx_word' id='word_1_61' title='bbox 654 1353 795 1414; x_wconf 73' lang='lat' dir='ltr'><strong>quae</strong></span> <span class='ocrx_word' id='word_1_62' title='bbox 826 1334 895 1396; x_wconf 88' lang='lat' dir='ltr'><strong>in</strong></span> <span class='ocrx_word' id='word_1_63' title='bbox 922 1334 1277 1414; x_wconf 75' lang='lat' dir='ltr'><strong>cognitione</strong></span> <span class='ocrx_word' id='word_1_64' title='bbox 1304 1335 1551 1395; x_wconf 88' lang='lat' dir='ltr'><strong>sistunt.</strong></span> 
     </span>
     <span class='ocr_line' id='line_1_12' title="bbox 132 1427 1559 1516; baseline -0.008 -16"><span class='ocrx_word' id='word_1_65' title='bbox 132 1441 183 1500; x_wconf 75' lang='lat' dir='ltr'><strong>lle</strong></span> <span class='ocrx_word' id='word_1_66' title='bbox 210 1432 349 1516; x_wconf 78' lang='lat' dir='ltr'><strong>priori</strong></span> <span class='ocrx_word' id='word_1_67' title='bbox 395 1429 601 1492; x_wconf 70' lang='lat' dir='ltr'><strong>dician-</strong></span> <span class='ocrx_word' id='word_1_68' title='bbox 648 1427 871 1492; x_wconf 75' lang='lat' dir='ltr'><strong>Matth.</strong></span> <span class='ocrx_word' id='word_1_69' title='bbox 906 1429 983 1489; x_wconf 76' lang='lat'><strong>21.</strong></span> <span class='ocrx_word' id='word_1_70' title='bbox 1020 1443 1037 1488; x_wconf 73' lang='grc' dir='ltr'><strong><em>ε</em></strong></span> <span class='ocrx_word' id='word_1_71' title='bbox 1104 1427 1185 1492; x_wconf 75' lang='lat' dir='ltr'><strong>Si</strong></span> <span class='ocrx_word' id='word_1_72' title='bbox 1218 1427 1559 1490; x_wconf 68' lang='lat' dir='ltr'><strong>habueritis</strong></span> 
     </span>
     <span class='ocr_line' id='line_1_13' title="bbox 131 1520 1557 1611; baseline -0.005 -23"><span class='ocrx_word' id='word_1_73' title='bbox 131 1533 256 1611; x_wconf 66' lang='lat' dir='ltr'><strong>fidam,</strong></span> <span class='ocrx_word' id='word_1_74' title='bbox 276 1533 318 1590; x_wconf 74' lang='lat' dir='ltr'><strong>et</strong></span> <span class='ocrx_word' id='word_1_75' title='bbox 350 1543 448 1586; x_wconf 68' lang='lat' dir='ltr'><strong>non</strong></span> <span class='ocrx_word' id='word_1_76' title='bbox 472 1523 915 1597; x_wconf 60' lang='lat' dir='ltr'><strong>eadmer-itis,</strong></span> <span class='ocrx_word' id='word_1_77' title='bbox 960 1527 1079 1584; x_wconf 77' lang='lat' dir='ltr'><strong>etc.</strong></span> <span class='ocrx_word' id='word_1_78' title='bbox 1112 1541 1131 1596; x_wconf 79' lang='lat'><em>3</em></span> <span class='ocrx_word' id='word_1_79' title='bbox 1180 1527 1243 1583; x_wconf 90' lang='lat' dir='ltr'><strong>et</strong></span> <span class='ocrx_word' id='word_1_80' title='bbox 1274 1525 1301 1581; x_wconf 79' lang='lat'>¹</span> <span class='ocrx_word' id='word_1_81' title='bbox 1338 1521 1417 1582; x_wconf 86' lang='lat' dir='ltr'><strong>ad</strong></span> <span class='ocrx_word' id='word_1_82' title='bbox 1445 1520 1557 1582; x_wconf 86' lang='lat' dir='ltr'><strong>Go-</strong></span> 
     </span>
     <span class='ocr_line' id='line_1_14' title="bbox 134 1613 1555 1693; baseline -0.006 -9"><span class='ocrx_word' id='word_1_83' title='bbox 134 1624 255 1690; x_wconf 73' lang='lat' dir='ltr'><strong>rioth.</strong></span> <span class='ocrx_word' id='word_1_84' title='bbox 278 1622 376 1682; x_wconf 76' lang='lat'><strong>13:</strong></span> <span class='ocrx_word' id='word_1_85' title='bbox 410 1617 487 1682; x_wconf 75' lang='lat' dir='ltr'><strong>Si</strong></span> <span class='ocrx_word' id='word_1_86' title='bbox 506 1617 757 1680; x_wconf 65' lang='lat' dir='ltr'><strong>tabum</strong></span> <span class='ocrx_word' id='word_1_87' title='bbox 798 1626 1023 1680; x_wconf 68' lang='lat' dir='ltr'><strong>omnem</strong></span> <span class='ocrx_word' id='word_1_88' title='bbox 1067 1615 1269 1693; x_wconf 58' lang='lat' dir='ltr'><strong>fidem</strong></span> <span class='ocrx_word' id='word_1_89' title='bbox 1316 1621 1461 1690; x_wconf 64' lang='lat' dir='ltr'><strong>etc„</strong></span> <span class='ocrx_word' id='word_1_90' title='bbox 1492 1613 1555 1676; x_wconf 91' lang='lat' dir='ltr'><strong>id</strong></span> 
     </span>
     <span class='ocr_line' id='line_1_15' title="bbox 136 1706 1559 1790; baseline -0.002 -18"><span class='ocrx_word' id='word_1_91' title='bbox 136 1733 205 1790; x_wconf 75' lang='lat' dir='ltr'><strong>est,</strong></span> <span class='ocrx_word' id='word_1_92' title='bbox 242 1728 473 1790; x_wconf 71' lang='lat' dir='ltr'><strong>magliam</strong></span> <span class='ocrx_word' id='word_1_93' title='bbox 507 1708 718 1783; x_wconf 82' lang='lat' dir='ltr'><strong>tidem,</strong></span> <span class='ocrx_word' id='word_1_94' title='bbox 772 1706 870 1769; x_wconf 90' lang='lat' dir='ltr'><strong>vel</strong></span> <span class='ocrx_word' id='word_1_95' title='bbox 898 1725 1025 1768; x_wconf 87' lang='lat' dir='ltr'><strong>non</strong></span> <span class='ocrx_word' id='word_1_96' title='bbox 1074 1712 1321 1769; x_wconf 89' lang='lat' dir='ltr'><strong>tantum</strong></span> <span class='ocrx_word' id='word_1_97' title='bbox 1371 1725 1559 1787; x_wconf 87' lang='lat' dir='ltr'><strong>gene·</strong></span> 
     </span>
     <span class='ocr_line' id='line_1_16' title="bbox 134 1800 1557 1882; baseline -0.007 -10"><span class='ocrx_word' id='word_1_98' title='bbox 134 1810 271 1880; x_wconf 71' lang='lat' dir='ltr'><strong>alem,</strong></span> <span class='ocrx_word' id='word_1_99' title='bbox 302 1803 387 1866; x_wconf 81' lang='lat' dir='ltr'><strong>sed</strong></span> <span class='ocrx_word' id='word_1_100' title='bbox 410 1803 583 1866; x_wconf 84' lang='lat' dir='ltr'><strong>etiam</strong></span> <span class='ocrx_word' id='word_1_101' title='bbox 632 1800 965 1882; x_wconf 76' lang='lat' dir='ltr'><strong>specialem</strong></span> <span class='ocrx_word' id='word_1_102' title='bbox 992 1800 1203 1863; x_wconf 81' lang='lat' dir='ltr'><strong>fidem.</strong></span> <span class='ocrx_word' id='word_1_103' title='bbox 1236 1801 1343 1862; x_wconf 82' lang='lat' dir='ltr'><strong>Est</strong></span> <span class='ocrx_word' id='word_1_104' title='bbox 1384 1801 1557 1862; x_wconf 88' lang='lat' dir='ltr'><strong>enim</strong></span> 
     </span>
     <span class='ocr_line' id='line_1_17' title="bbox 135 1893 1561 1976; baseline -0.004 -15"><span class='ocrx_word' id='word_1_105' title='bbox 135 1903 215 1962; x_wconf 69' lang='lat' dir='ltr'><strong>lire</strong></span> <span class='ocrx_word' id='word_1_106' title='bbox 240 1898 347 1960; x_wconf 76' lang='lat' dir='ltr'><strong>fides</strong></span> <span class='ocrx_word' id='word_1_107' title='bbox 388 1894 647 1976; x_wconf 78' lang='lat' dir='ltr'><strong>specialis</strong></span> <span class='ocrx_word' id='word_1_108' title='bbox 702 1912 812 1956; x_wconf 88' lang='lat' dir='ltr'><strong>seu</strong></span> <span class='ocrx_word' id='word_1_109' title='bbox 862 1893 1272 1974; x_wconf 87' lang='lat' dir='ltr'><strong>particularis,</strong></span> <span class='ocrx_word' id='word_1_110' title='bbox 1296 1899 1431 1956; x_wconf 90' lang='lat' dir='ltr'><strong>tum</strong></span> <span class='ocrx_word' id='word_1_111' title='bbox 1478 1911 1561 1956; x_wconf 86' lang='lat' dir='ltr'><strong>ex</strong></span> 
     </span>
     <span class='ocr_line' id='line_1_18' title="bbox 138 1987 1559 2076; baseline -0.006 -20"><span class='ocrx_word' id='word_1_112' title='bbox 138 2003 241 2076; x_wconf 68' lang='lat' dir='ltr'><strong>pate</strong></span> <span class='ocrx_word' id='word_1_113' title='bbox 260 1991 499 2066; x_wconf 72' lang='lat' dir='ltr'><strong>mteriae,</strong></span> <span class='ocrx_word' id='word_1_114' title='bbox 533 1989 681 2067; x_wconf 82' lang='lat' dir='ltr'><strong>qnia</strong></span> <span class='ocrx_word' id='word_1_115' title='bbox 710 1988 911 2050; x_wconf 86' lang='lat' dir='ltr'><strong>solum</strong></span> <span class='ocrx_word' id='word_1_116' title='bbox 954 1993 1049 2050; x_wconf 88' lang='lat' dir='ltr'><strong>est</strong></span> <span class='ocrx_word' id='word_1_117' title='bbox 1086 1987 1163 2048; x_wconf 91' lang='lat' dir='ltr'><strong>de</strong></span> <span class='ocrx_word' id='word_1_118' title='bbox 1208 1987 1321 2048; x_wconf 87' lang='lat' dir='ltr'><strong>tali</strong></span> <span class='ocrx_word' id='word_1_119' title='bbox 1373 2004 1559 2066; x_wconf 90' lang='lat' dir='ltr'><strong>opere</strong></span> 
     </span>
     <span class='ocr_line' id='line_1_19' title="bbox 140 2079 1561 2166; baseline -0.005 -19"><span class='ocrx_word' id='word_1_120' title='bbox 140 2085 458 2166; x_wconf 77' lang='lat' dir='ltr'><strong>perpetrand03</strong></span> <span class='ocrx_word' id='word_1_121' title='bbox 508 2088 641 2143; x_wconf 85' lang='lat' dir='ltr'><strong>tum</strong></span> <span class='ocrx_word' id='word_1_122' title='bbox 696 2099 777 2143; x_wconf 88' lang='lat' dir='ltr'><strong>ex</strong></span> <span class='ocrx_word' id='word_1_123' title='bbox 826 2085 1004 2161; x_wconf 85' lang='lat' dir='ltr'><strong>parte</strong></span> <span class='ocrx_word' id='word_1_124' title='bbox 1045 2097 1353 2160; x_wconf 65' lang='lat' dir='ltr'><strong>personat,</strong></span> <span class='ocrx_word' id='word_1_125' title='bbox 1408 2079 1561 2159; x_wconf 87' lang='lat' dir='ltr'><strong>quia</strong></span> 
     </span>
     <span class='ocr_line' id='line_1_20' title="bbox 138 2172 1559 2255; baseline -0.006 -14"><span class='ocrx_word' id='word_1_126' title='bbox 138 2179 263 2242; x_wconf 72' lang='lat' dir='ltr'><strong>solum</strong></span> <span class='ocrx_word' id='word_1_127' title='bbox 284 2177 429 2238; x_wconf 73' lang='lat' dir='ltr'><strong>datur</strong></span> <span class='ocrx_word' id='word_1_128' title='bbox 468 2173 557 2236; x_wconf 89' lang='lat' dir='ltr'><strong>illi</strong></span> <span class='ocrx_word' id='word_1_129' title='bbox 609 2176 728 2255; x_wconf 85' lang='lat' dir='ltr'><strong>qui</strong></span> <span class='ocrx_word' id='word_1_130' title='bbox 764 2174 1039 2236; x_wconf 82' lang='lat' dir='ltr'><strong>facturus</strong></span> <span class='ocrx_word' id='word_1_131' title='bbox 1062 2179 1175 2250; x_wconf 85' lang='lat' dir='ltr'><strong>est,</strong></span> <span class='ocrx_word' id='word_1_132' title='bbox 1223 2173 1324 2234; x_wconf 90' lang='lat' dir='ltr'><strong>vel</strong></span> <span class='ocrx_word' id='word_1_133' title='bbox 1363 2172 1559 2252; x_wconf 89' lang='lat' dir='ltr'><strong>impe·</strong></span> 
     </span>
     <span class='ocr_line' id='line_1_21' title="bbox 138 2266 1559 2347; baseline -0.005 -15"><span class='ocrx_word' id='word_1_134' title='bbox 138 2281 311 2332; x_wconf 69' lang='lat' dir='ltr'><strong>naturus</strong></span> <span class='ocrx_word' id='word_1_135' title='bbox 330 2268 705 2345; x_wconf 85' lang='lat' dir='ltr'><strong>miraculum3</strong></span> <span class='ocrx_word' id='word_1_136' title='bbox 726 2274 861 2330; x_wconf 88' lang='lat' dir='ltr'><strong>tum</strong></span> <span class='ocrx_word' id='word_1_137' title='bbox 886 2285 967 2330; x_wconf 87' lang='lat' dir='ltr'><strong>ex</strong></span> <span class='ocrx_word' id='word_1_138' title='bbox 990 2274 1165 2347; x_wconf 89' lang='lat' dir='ltr'><strong>parte</strong></span> <span class='ocrx_word' id='word_1_139' title='bbox 1192 2266 1384 2342; x_wconf 88' lang='lat' dir='ltr'><strong>modi,</strong></span> <span class='ocrx_word' id='word_1_140' title='bbox 1411 2266 1559 2344; x_wconf 85' lang='lat' dir='ltr'><strong>quia</strong></span> 
     </span>
     <span class='ocr_line' id='line_1_22' title="bbox 142 2358 1561 2444; baseline -0.004 -19"><span class='ocrx_word' id='word_1_141' title='bbox 142 2383 185 2425; x_wconf 72' lang='lat' dir='ltr'><strong>ex</strong></span> <span class='ocrx_word' id='word_1_142' title='bbox 216 2362 431 2444; x_wconf 80' lang='lat' dir='ltr'><strong>peculiari</strong></span> <span class='ocrx_word' id='word_1_143' title='bbox 476 2361 751 2424; x_wconf 86' lang='lat' dir='ltr'><strong>motione</strong></span> <span class='ocrx_word' id='word_1_144' title='bbox 802 2362 933 2436; x_wconf 89' lang='lat' dir='ltr'><strong>Dei,</strong></span> <span class='ocrx_word' id='word_1_145' title='bbox 968 2377 1079 2441; x_wconf 89' lang='lat' dir='ltr'><strong>per</strong></span> <span class='ocrx_word' id='word_1_146' title='bbox 1104 2377 1244 2422; x_wconf 82' lang='lat' dir='ltr'><strong>cam</strong></span> <span class='ocrx_word' id='word_1_147' title='bbox 1286 2358 1561 2420; x_wconf 86' lang='lat' dir='ltr'><strong>creditur</strong></span> 
     </span>
     <span class='ocr_line' id='line_1_23' title="bbox 142 2453 1561 2536; baseline -0.005 -16"><span class='ocrx_word' id='word_1_148' title='bbox 142 2459 207 2520; x_wconf 75' lang='lat' dir='ltr'><strong>lm</strong></span> <span class='ocrx_word' id='word_1_149' title='bbox 242 2475 349 2536; x_wconf 81' lang='lat' dir='ltr'><strong>opus</strong></span> <span class='ocrx_word' id='word_1_150' title='bbox 393 2457 481 2518; x_wconf 89' lang='lat' dir='ltr'><strong>hic</strong></span> <span class='ocrx_word' id='word_1_151' title='bbox 534 2461 595 2518; x_wconf 90' lang='lat' dir='ltr'><strong>et</strong></span> <span class='ocrx_word' id='word_1_152' title='bbox 644 2473 823 2516; x_wconf 84' lang='lat' dir='ltr'><strong>nunc</strong></span> <span class='ocrx_word' id='word_1_153' title='bbox 876 2473 1007 2516; x_wconf 87' lang='lat' dir='ltr'><strong>esse</strong></span> <span class='ocrx_word' id='word_1_154' title='bbox 1058 2453 1273 2515; x_wconf 87' lang='lat' dir='ltr'><strong>divina</strong></span> <span class='ocrx_word' id='word_1_155' title='bbox 1329 2454 1561 2514; x_wconf 84' lang='lat' dir='ltr'><strong>virtute</strong></span> 
     </span>
     <span class='ocr_line' id='line_1_24' title="bbox 142 2546 1561 2630; baseline -0.002 -19"><span class='ocrx_word' id='word_1_156' title='bbox 142 2550 405 2630; x_wconf 71' lang='lat' dir='ltr'><strong>patrandum,</strong></span> <span class='ocrx_word' id='word_1_157' title='bbox 432 2549 587 2628; x_wconf 83' lang='lat' dir='ltr'><strong>quod</strong></span> <span class='ocrx_word' id='word_1_158' title='bbox 618 2548 709 2610; x_wconf 85' lang='lat' dir='ltr'><strong>ad</strong></span> <span class='ocrx_word' id='word_1_159' title='bbox 760 2547 1177 2611; x_wconf 86' lang='lat' dir='ltr'><strong>universalem</strong></span> <span class='ocrx_word' id='word_1_160' title='bbox 1216 2546 1403 2608; x_wconf 85' lang='lat' dir='ltr'><strong>fidem</strong></span> <span class='ocrx_word' id='word_1_161' title='bbox 1431 2563 1561 2608; x_wconf 84' lang='lat' dir='ltr'><strong>non</strong></span> 
     </span>
     <span class='ocr_line' id='line_1_25' title="bbox 142 2641 1561 2722; baseline -0.001 -18"><span class='ocrx_word' id='word_1_162' title='bbox 142 2651 299 2722; x_wconf 61' lang='lat' dir='ltr'><strong>sictut.</strong></span> <span class='ocrx_word' id='word_1_163' title='bbox 337 2642 489 2704; x_wconf 74' lang='lat' dir='ltr'><strong>Aliud</strong></span> <span class='ocrx_word' id='word_1_164' title='bbox 547 2641 911 2704; x_wconf 81' lang='lat' dir='ltr'><strong>membrum</strong></span> <span class='ocrx_word' id='word_1_165' title='bbox 956 2641 1073 2704; x_wconf 88' lang='lat' dir='ltr'><strong>sub</strong></span> <span class='ocrx_word' id='word_1_166' title='bbox 1122 2641 1373 2702; x_wconf 89' lang='lat' dir='ltr'><strong>nomine</strong></span> <span class='ocrx_word' id='word_1_167' title='bbox 1416 2658 1561 2719; x_wconf 82' lang='lat' dir='ltr'><strong>pro-</strong></span> 
     </span>
     <span class='ocr_line' id='line_1_26' title="bbox 139 2735 1547 2816; baseline -0.004 -18"><span class='ocrx_word' id='word_1_168' title='bbox 139 2739 277 2815; x_wconf 66' lang='lat' dir='ltr'><strong>phetie</strong></span> <span class='ocrx_word' id='word_1_169' title='bbox 312 2736 565 2798; x_wconf 85' lang='lat' dir='ltr'><strong>indicatur</strong></span> <span class='ocrx_word' id='word_1_170' title='bbox 618 2755 791 2816; x_wconf 67' lang='lat' dir='ltr'><strong>saepe</strong></span> <span class='ocrx_word' id='word_1_171' title='bbox 839 2736 907 2797; x_wconf 91' lang='lat' dir='ltr'><strong>in</strong></span> <span class='ocrx_word' id='word_1_172' title='bbox 968 2735 1324 2816; x_wconf 86' lang='lat' dir='ltr'><strong>Scriptura,</strong></span> <span class='ocrx_word' id='word_1_173' title='bbox 1385 2739 1454 2794; x_wconf 87' lang='lat' dir='ltr'><strong>ut</strong></span> <span class='ocrx_word' id='word_1_174' title='bbox 1524 2737 1547 2792; x_wconf 74' lang='lat' dir='ltr'><strong>l</strong></span> 
     </span>
     <span class='ocr_line' id='line_1_27' title="bbox 142 2829 1565 2909; baseline -0.002 -19"><span class='ocrx_word' id='word_1_175' title='bbox 142 2829 315 2892; x_wconf 65' lang='lat' dir='ltr'><strong>Tiasa.</strong></span> <span class='ocrx_word' id='word_1_176' title='bbox 348 2833 417 2894; x_wconf 77' lang='lat'><strong>5:</strong></span> <span class='ocrx_word' id='word_1_177' title='bbox 464 2829 863 2909; x_wconf 72' lang='lat' dir='ltr'><strong>Prophetiam</strong></span> <span class='ocrx_word' id='word_1_178' title='bbox 912 2831 1095 2892; x_wconf 72' lang='lat' dir='ltr'><strong>nolite</strong></span> <span class='ocrx_word' id='word_1_179' title='bbox 1144 2845 1441 2907; x_wconf 72' lang='lat' dir='ltr'><strong>spernere,</strong></span> <span class='ocrx_word' id='word_1_180' title='bbox 1498 2829 1565 2888; x_wconf 87' lang='lat' dir='ltr'><strong>ct</strong></span> 
     </span>
     <span class='ocr_line' id='line_1_28' title="bbox 150 2919 1557 3004; baseline -0.001 -23"><span class='ocrx_word' id='word_1_181' title='bbox 150 2921 275 2982; x_wconf 76' lang='lat' dir='ltr'><strong>malta</strong></span> <span class='ocrx_word' id='word_1_182' title='bbox 290 2923 497 3004; x_wconf 73' lang='lat' dir='ltr'><strong>exempla</strong></span> <span class='ocrx_word' id='word_1_183' title='bbox 540 2939 614 2986; x_wconf 86' lang='lat' dir='ltr'><strong>ex</strong></span> <span class='ocrx_word' id='word_1_184' title='bbox 647 2923 757 2984; x_wconf 84' lang='lat' dir='ltr'><strong>his</strong></span> <span class='ocrx_word' id='word_1_185' title='bbox 808 2941 949 3003; x_wconf 85' lang='lat' dir='ltr'><strong>quae</strong></span> <span class='ocrx_word' id='word_1_186' title='bbox 998 2921 1254 2985; x_wconf 76' lang='lat' dir='ltr'><strong>adducit</strong></span> <span class='ocrx_word' id='word_1_187' title='bbox 1304 2919 1557 2994; x_wconf 88' lang='lat' dir='ltr'><strong>Paulus,</strong></span> 
     </span>
     <span class='ocr_line' id='line_1_29' title="bbox 158 3013 1561 3096; baseline 0.001 -24"><span class='ocrx_word' id='word_1_188' title='bbox 158 3015 205 3074; x_wconf 78' lang='lat' dir='ltr'><strong>ad</strong></span> <span class='ocrx_word' id='word_1_189' title='bbox 222 3015 336 3078; x_wconf 69' lang='lat' dir='ltr'><strong>Han.</strong></span> <span class='ocrx_word' id='word_1_190' title='bbox 358 3021 435 3094; x_wconf 81' lang='lat'><strong>11,</strong></span> <span class='ocrx_word' id='word_1_191' title='bbox 460 3016 533 3080; x_wconf 84' lang='lat' dir='ltr'><strong>ad</strong></span> <span class='ocrx_word' id='word_1_192' title='bbox 588 3017 763 3080; x_wconf 84' lang='lat' dir='ltr'><strong>hanc</strong></span> <span class='ocrx_word' id='word_1_193' title='bbox 808 3016 999 3080; x_wconf 87' lang='lat' dir='ltr'><strong>fidem</strong></span> <span class='ocrx_word' id='word_1_194' title='bbox 1038 3021 1343 3096; x_wconf 87' lang='lat' dir='ltr'><strong>spectant,</strong></span> <span class='ocrx_word' id='word_1_195' title='bbox 1375 3021 1447 3074; x_wconf 90' lang='lat' dir='ltr'><strong>ut</strong></span> <span class='ocrx_word' id='word_1_196' title='bbox 1482 3013 1561 3074; x_wconf 91' lang='lat' dir='ltr'><strong>de</strong></span> 
     </span>
     <span class='ocr_line' id='line_1_30' title="bbox 156 3105 1561 3185; baseline 0.002 -21"><span class='ocrx_word' id='word_1_197' title='bbox 156 3105 231 3166; x_wconf 77' lang='lat' dir='ltr'><strong>fide</strong></span> <span class='ocrx_word' id='word_1_198' title='bbox 246 3109 361 3184; x_wconf 74' lang='lat' dir='ltr'><strong>Sue,</strong></span> <span class='ocrx_word' id='word_1_199' title='bbox 381 3117 431 3170; x_wconf 83' lang='lat' dir='ltr'><strong>et</strong></span> <span class='ocrx_word' id='word_1_200' title='bbox 455 3111 526 3172; x_wconf 90' lang='lat' dir='ltr'><strong>de</strong></span> <span class='ocrx_word' id='word_1_201' title='bbox 542 3110 781 3173; x_wconf 83' lang='lat' dir='ltr'><strong>Jacobo</strong></span> <span class='ocrx_word' id='word_1_202' title='bbox 802 3110 1205 3172; x_wconf 75' lang='lat' dir='ltr'><strong>benedicente</strong></span> <span class='ocrx_word' id='word_1_203' title='bbox 1224 3107 1386 3170; x_wconf 88' lang='lat' dir='ltr'><strong>filios</strong></span> <span class='ocrx_word' id='word_1_204' title='bbox 1402 3122 1423 3185; x_wconf 89' lang='lat'>;</span> <span class='ocrx_word' id='word_1_205' title='bbox 1452 3106 1561 3168; x_wconf 89' lang='lat' dir='ltr'><strong>de·</strong></span> 
     </span>
     <span class='ocr_line' id='line_1_31' title="bbox 150 3200 1561 3278; baseline 0.001 -20"><span class='ocrx_word' id='word_1_206' title='bbox 150 3201 263 3278; x_wconf 79' lang='lat' dir='ltr'><strong>nique</strong></span> <span class='ocrx_word' id='word_1_207' title='bbox 292 3203 409 3264; x_wconf 78' lang='lat' dir='ltr'><strong>illius</strong></span> <span class='ocrx_word' id='word_1_208' title='bbox 450 3203 633 3266; x_wconf 80' lang='lat' dir='ltr'><strong>etiam</strong></span> <span class='ocrx_word' id='word_1_209' title='bbox 698 3204 1084 3266; x_wconf 82' lang='lat' dir='ltr'><strong>mentionem</strong></span> <span class='ocrx_word' id='word_1_210' title='bbox 1134 3201 1285 3264; x_wconf 78' lang='lat' dir='ltr'><strong>fecit</strong></span> <span class='ocrx_word' id='word_1_211' title='bbox 1344 3200 1561 3262; x_wconf 88' lang='lat' dir='ltr'><strong>Conci-</strong></span> 
     </span>
     <span class='ocr_line' id='line_1_32' title="bbox 150 3291 1563 3375; baseline 0 -20"><span class='ocrx_word' id='word_1_212' title='bbox 150 3291 239 3350; x_wconf 74' lang='lat' dir='ltr'><strong>lium</strong></span> <span class='ocrx_word' id='word_1_213' title='bbox 257 3296 627 3374; x_wconf 84' lang='lat' dir='ltr'><strong>Trieentinnm,</strong></span> <span class='ocrx_word' id='word_1_214' title='bbox 660 3315 817 3358; x_wconf 61' lang='lat' dir='ltr'><strong>sess.</strong></span> <span class='ocrx_word' id='word_1_215' title='bbox 840 3297 905 3373; x_wconf 78' lang='lat'><strong>6,</strong></span> <span class='ocrx_word' id='word_1_216' title='bbox 934 3313 1171 3358; x_wconf 87' lang='lat' dir='ltr'><strong>canone</strong></span> <span class='ocrx_word' id='word_1_217' title='bbox 1202 3295 1312 3374; x_wconf 73' lang='lat'><strong>12;</strong></span> <span class='ocrx_word' id='word_1_218' title='bbox 1338 3299 1563 3375; x_wconf 88' lang='lat' dir='ltr'><strong>potest-</strong></span> 
     </span>
     <span class='ocr_line' id='line_1_33' title="bbox 152 3386 1563 3471; baseline 0.004 -25"><span class='ocrx_word' id='word_1_219' title='bbox 152 3386 459 3462; x_wconf 71' lang='lat' dir='ltr'><strong>quehsefides</strong></span> <span class='ocrx_word' id='word_1_220' title='bbox 488 3408 561 3452; x_wconf 86' lang='lat' dir='ltr'><strong>ex</strong></span> <span class='ocrx_word' id='word_1_221' title='bbox 587 3397 773 3471; x_wconf 82' lang='lat' dir='ltr'><strong>parte</strong></span> <span class='ocrx_word' id='word_1_222' title='bbox 802 3391 1076 3452; x_wconf 81' lang='lat' dir='ltr'><strong>materiae</strong></span> <span class='ocrx_word' id='word_1_223' title='bbox 1103 3407 1255 3467; x_wconf 82' lang='lat' dir='ltr'><strong>esse,</strong></span> <span class='ocrx_word' id='word_1_224' title='bbox 1294 3388 1397 3450; x_wconf 88' lang='lat' dir='ltr'><strong>vel</strong></span> <span class='ocrx_word' id='word_1_225' title='bbox 1422 3407 1563 3468; x_wconf 86' lang='lat' dir='ltr'><strong>pro-</strong></span> 
     </span>
     <span class='ocr_line' id='line_1_34' title="bbox 152 3479 1559 3557; baseline 0.004 -19"><span class='ocrx_word' id='word_1_226' title='bbox 152 3479 403 3553; x_wconf 59' lang='lat' dir='ltr'><strong>matonam,</strong></span> <span class='ocrx_word' id='word_1_227' title='bbox 437 3483 525 3544; x_wconf 86' lang='lat' dir='ltr'><strong>vel</strong></span> <span class='ocrx_word' id='word_1_228' title='bbox 546 3483 1137 3557; x_wconf 76' lang='lat' dir='ltr'><strong>comminationum,</strong></span> <span class='ocrx_word' id='word_1_229' title='bbox 1170 3481 1267 3544; x_wconf 87' lang='lat' dir='ltr'><strong>vel</strong></span> <span class='ocrx_word' id='word_1_230' title='bbox 1291 3481 1559 3544; x_wconf 90' lang='lat' dir='ltr'><strong>aliarum</strong></span> 
     </span>
     <span class='ocr_line' id='line_1_35' title="bbox 150 3575 1557 3652; baseline 0.004 -20"><span class='ocrx_word' id='word_1_231' title='bbox 150 3589 288 3648; x_wconf 72' lang='lat' dir='ltr'><strong>mum,</strong></span> <span class='ocrx_word' id='word_1_232' title='bbox 320 3583 369 3636; x_wconf 89' lang='lat' dir='ltr'><strong>et</strong></span> <span class='ocrx_word' id='word_1_233' title='bbox 400 3577 475 3640; x_wconf 74' lang='lat' dir='ltr'><strong>ita</strong></span> <span class='ocrx_word' id='word_1_234' title='bbox 512 3596 639 3640; x_wconf 88' lang='lat' dir='ltr'><strong>non</strong></span> <span class='ocrx_word' id='word_1_235' title='bbox 686 3576 898 3640; x_wconf 81' lang='lat' dir='ltr'><strong>differt</strong></span> <span class='ocrx_word' id='word_1_236' title='bbox 942 3577 1023 3638; x_wconf 87' lang='lat' dir='ltr'><strong>ab</strong></span> <span class='ocrx_word' id='word_1_237' title='bbox 1050 3576 1383 3638; x_wconf 87' lang='lat' dir='ltr'><strong>universali</strong></span> <span class='ocrx_word' id='word_1_238' title='bbox 1410 3575 1557 3652; x_wconf 85' lang='lat' dir='ltr'><strong>fide,</strong></span> 
     </span>
     <span class='ocr_line' id='line_1_36' title="bbox 155 3666 1561 3752; baseline 0.004 -26"><span class='ocrx_word' id='word_1_239' title='bbox 155 3666 223 3724; x_wconf 75' lang='lat' dir='ltr'><strong>nisi</strong></span> <span class='ocrx_word' id='word_1_240' title='bbox 241 3671 285 3726; x_wconf 81' lang='lat' dir='ltr'><strong>in</strong></span> <span class='ocrx_word' id='word_1_241' title='bbox 304 3669 609 3746; x_wconf 72' lang='lat' dir='ltr'><strong>particulari</strong></span> <span class='ocrx_word' id='word_1_242' title='bbox 635 3669 1088 3752; x_wconf 80' lang='lat' dir='ltr'><strong>propositione,</strong></span> <span class='ocrx_word' id='word_1_243' title='bbox 1110 3670 1351 3732; x_wconf 87' lang='lat' dir='ltr'><strong>ratione</strong></span> <span class='ocrx_word' id='word_1_244' title='bbox 1382 3670 1480 3749; x_wconf 86' lang='lat' dir='ltr'><strong>cuj</strong></span> <span class='ocrx_word' id='word_1_245' title='bbox 1490 3687 1561 3732; x_wconf 82' lang='lat' dir='ltr'><strong>us</strong></span> 
     </span>
     <span class='ocr_line' id='line_1_37' title="bbox 148 3759 1556 3843; baseline 0.004 -25"><span class='ocrx_word' id='word_1_246' title='bbox 148 3773 219 3818; x_wconf 73' lang='lat' dir='ltr'><strong>nm</strong></span> <span class='ocrx_word' id='word_1_247' title='bbox 240 3759 409 3840; x_wconf 79' lang='lat' dir='ltr'><strong>obligat</strong></span> <span class='ocrx_word' id='word_1_248' title='bbox 452 3762 621 3839; x_wconf 84' lang='lat' dir='ltr'><strong>alios,</strong></span> <span class='ocrx_word' id='word_1_249' title='bbox 666 3763 783 3826; x_wconf 82' lang='lat' dir='ltr'><strong>sed</strong></span> <span class='ocrx_word' id='word_1_250' title='bbox 830 3768 1075 3826; x_wconf 84' lang='lat' dir='ltr'><strong>tautum</strong></span> <span class='ocrx_word' id='word_1_251' title='bbox 1124 3762 1556 3843; x_wconf 84' lang='lat' dir='ltr'><strong>recipientem,</strong></span> 
     </span>
     <span class='ocr_line' id='line_1_38' title="bbox 152 3855 1561 3936; baseline 0.006 -24"><span class='ocrx_word' id='word_1_252' title='bbox 152 3855 435 3926; x_wconf 71' lang='lat' dir='ltr'><strong>qulmnllum</strong></span> <span class='ocrx_word' id='word_1_253' title='bbox 478 3857 659 3920; x_wconf 85' lang='lat' dir='ltr'><strong>debet</strong></span> <span class='ocrx_word' id='word_1_254' title='bbox 704 3857 965 3936; x_wconf 74' lang='lat' dir='ltr'><strong>probaro</strong></span> <span class='ocrx_word' id='word_1_255' title='bbox 1012 3857 1296 3936; x_wconf 72' lang='lat' dir='ltr'><strong>spiritus,</strong></span> <span class='ocrx_word' id='word_1_256' title='bbox 1357 3875 1439 3918; x_wconf 73' lang='lat' dir='ltr'><strong>an</strong></span> <span class='ocrx_word' id='word_1_257' title='bbox 1488 3875 1561 3920; x_wconf 70' lang='lat' dir='ltr'><strong>ea</strong></span> 
     </span>
     <span class='ocr_line' id='line_1_39' title="bbox 150 3943 1561 4031; baseline 0.002 -22"><span class='ocrx_word' id='word_1_258' title='bbox 150 3943 221 4004; x_wconf 74' lang='lat' dir='ltr'><strong>Deo</strong></span> <span class='ocrx_word' id='word_1_259' title='bbox 236 3949 349 4021; x_wconf 56' lang='lat' dir='ltr'><strong>tien</strong></span> <span class='ocrx_word' id='word_1_260' title='bbox 378 3967 559 4031; x_wconf 84' lang='lat' dir='ltr'><strong>neque</strong></span> <span class='ocrx_word' id='word_1_261' title='bbox 606 3951 687 4012; x_wconf 87' lang='lat' dir='ltr'><strong>de</strong></span> <span class='ocrx_word' id='word_1_262' title='bbox 718 3955 848 4012; x_wconf 84' lang='lat' dir='ltr'><strong>tota</strong></span> <span class='ocrx_word' id='word_1_263' title='bbox 890 3948 1009 4011; x_wconf 83' lang='lat' dir='ltr'><strong>hac</strong></span> <span class='ocrx_word' id='word_1_264' title='bbox 1035 3948 1159 4010; x_wconf 88' lang='lat' dir='ltr'><strong>fide</strong></span> <span class='ocrx_word' id='word_1_265' title='bbox 1205 3951 1561 4030; x_wconf 77' lang='lat' dir='ltr'><strong>particulari</strong></span> 
     </span>
     <span class='ocr_line' id='line_1_40' title="bbox 152 4035 1561 4118; baseline 0.004 -17"><span class='ocrx_word' id='word_1_266' title='bbox 152 4039 309 4115; x_wconf 74' lang='lat' dir='ltr'><strong>amplius</strong></span> <span class='ocrx_word' id='word_1_267' title='bbox 332 4041 413 4104; x_wconf 84' lang='lat' dir='ltr'><strong>hic</strong></span> <span class='ocrx_word' id='word_1_268' title='bbox 440 4035 771 4106; x_wconf 72' lang='lat' dir='ltr'><strong>dicendum</strong></span> <span class='ocrx_word' id='word_1_269' title='bbox 796 4049 911 4118; x_wconf 70' lang='lat' dir='ltr'><strong>oet,</strong></span> <span class='ocrx_word' id='word_1_270' title='bbox 938 4042 1049 4106; x_wconf 82' lang='lat' dir='ltr'><strong>sed</strong></span> <span class='ocrx_word' id='word_1_271' title='bbox 1072 4043 1150 4105; x_wconf 86' lang='lat' dir='ltr'><strong>de</strong></span> <span class='ocrx_word' id='word_1_272' title='bbox 1188 4041 1311 4104; x_wconf 84' lang='lat' dir='ltr'><strong>fide</strong></span> <span class='ocrx_word' id='word_1_273' title='bbox 1338 4043 1561 4106; x_wconf 70' lang='lat' dir='ltr'><strong>Catho-</strong></span> 
     </span>
     <span class='ocr_line' id='line_1_41' title="bbox 150 4123 503 4198; baseline 0.011 -4"><span class='ocrx_word' id='word_1_274' title='bbox 150 4123 503 4198; x_wconf 58' lang='lat' dir='ltr'><strong>mmmmm.</strong></span> 
     </span>
    </p>

    <p class='ocr_par' dir='ltr' id='par_1_4' title="bbox 152 4223 1563 4777">
     <span class='ocr_line' id='line_1_42' title="bbox 192 4223 1563 4310; baseline -0.003 -12"><span class='ocrx_word' id='word_1_275' title='bbox 192 4223 226 4280; x_wconf 74' lang='lat'><strong>⁸·</strong></span> <span class='ocrx_word' id='word_1_276' title='bbox 254 4225 669 4308; x_wconf 63' lang='grc' dir='ltr'><strong>Ωιίκιαᾶἱοίεἱυ,</strong></span> <span class='ocrx_word' id='word_1_277' title='bbox 695 4233 769 4294; x_wconf 71' lang='lat' dir='ltr'><strong>ia</strong></span> <span class='ocrx_word' id='word_1_278' title='bbox 792 4231 974 4309; x_wconf 76' lang='lat' dir='ltr'><strong>fidem</strong></span> <span class='ocrx_word' id='word_1_279' title='bbox 1000 4231 1346 4310; x_wconf 65' lang='lat' dir='ltr'><strong>explicitam</strong></span> <span class='ocrx_word' id='word_1_280' title='bbox 1368 4236 1425 4294; x_wconf 80' lang='lat' dir='ltr'><strong>et</strong></span> <span class='ocrx_word' id='word_1_281' title='bbox 1446 4231 1563 4294; x_wconf 78' lang='lat' dir='ltr'><strong>im·</strong></span> 
     </span>
     <span class='ocr_line' id='line_1_43' title="bbox 152 4311 1561 4410; baseline 0.005 -31"><span class='ocrx_word' id='word_1_282' title='bbox 152 4311 405 4410; x_wconf 58' lang='lat' dir='ltr'><strong>plicitum—</strong></span> <span class='ocrx_word' id='word_1_283' title='bbox 426 4323 641 4398; x_wconf 81' lang='lat' dir='ltr'><strong>Quinto</strong></span> <span class='ocrx_word' id='word_1_284' title='bbox 666 4342 823 4403; x_wconf 84' lang='lat' dir='ltr'><strong>ergo</strong></span> <span class='ocrx_word' id='word_1_285' title='bbox 856 4323 1012 4386; x_wconf 78' lang='lat' dir='ltr'><strong>solet</strong></span> <span class='ocrx_word' id='word_1_286' title='bbox 1032 4323 1227 4386; x_wconf 86' lang='lat' dir='ltr'><strong>dividi</strong></span> <span class='ocrx_word' id='word_1_287' title='bbox 1254 4323 1389 4386; x_wconf 77' lang='lat' dir='ltr'><strong>haec</strong></span> <span class='ocrx_word' id='word_1_288' title='bbox 1409 4322 1561 4386; x_wconf 84' lang='lat' dir='ltr'><strong>fides</strong></span> 
     </span>
     <span class='ocr_line' id='line_1_44' title="bbox 154 4411 1561 4498; baseline 0.003 -24"><span class='ocrx_word' id='word_1_289' title='bbox 154 4420 193 4461; x_wconf 87' lang='lat'><strong>111</strong></span> <span class='ocrx_word' id='word_1_290' title='bbox 220 4411 479 4487; x_wconf 73' lang='lat' dir='ltr'><strong>explicitam</strong></span> <span class='ocrx_word' id='word_1_291' title='bbox 522 4423 584 4480; x_wconf 88' lang='lat' dir='ltr'><strong>et</strong></span> <span class='ocrx_word' id='word_1_292' title='bbox 613 4417 1008 4498; x_wconf 86' lang='lat' dir='ltr'><strong>implicitam,</strong></span> <span class='ocrx_word' id='word_1_293' title='bbox 1039 4424 1111 4478; x_wconf 86' lang='lat' dir='ltr'><strong>ut</strong></span> <span class='ocrx_word' id='word_1_294' title='bbox 1137 4435 1324 4497; x_wconf 87' lang='lat' dir='ltr'><strong>supra</strong></span> <span class='ocrx_word' id='word_1_295' title='bbox 1372 4416 1561 4480; x_wconf 86' lang='lat' dir='ltr'><strong>etiam</strong></span> 
     </span>
     <span class='ocr_line' id='line_1_45' title="bbox 152 4499 1563 4588; baseline -0.004 -10"><span class='ocrx_word' id='word_1_296' title='bbox 152 4499 271 4578; x_wconf 75' lang='lat' dir='ltr'><strong>tetigi,</strong></span> <span class='ocrx_word' id='word_1_297' title='bbox 286 4504 468 4587; x_wconf 75' lang='lat' dir='ltr'><strong>disput.</strong></span> <span class='ocrx_word' id='word_1_298' title='bbox 502 4511 565 4588; x_wconf 76' lang='lat'><strong>2,</strong></span> <span class='ocrx_word' id='word_1_299' title='bbox 584 4517 733 4576; x_wconf 86' lang='lat' dir='ltr'><strong>sect.</strong></span> <span class='ocrx_word' id='word_1_300' title='bbox 762 4512 829 4586; x_wconf 81' lang='grc'><strong>6,</strong></span> <span class='ocrx_word' id='word_1_301' title='bbox 856 4516 921 4572; x_wconf 91' lang='lat' dir='ltr'><strong>et</strong></span> <span class='ocrx_word' id='word_1_302' title='bbox 944 4510 1297 4572; x_wconf 85' lang='lat' dir='ltr'><strong>insinuatur</strong></span> <span class='ocrx_word' id='word_1_303' title='bbox 1316 4509 1399 4572; x_wconf 87' lang='lat' dir='ltr'><strong>ab</strong></span> <span class='ocrx_word' id='word_1_304' title='bbox 1437 4511 1563 4572; x_wconf 86' lang='lat' dir='ltr'><strong>An·</strong></span> 
     </span>
     <span class='ocr_line' id='line_1_46' title="bbox 152 4593 1561 4684; baseline 0.001 -21"><span class='ocrx_word' id='word_1_305' title='bbox 152 4593 317 4668; x_wconf 63' lang='lat' dir='ltr'><strong>goslino,</strong></span> <span class='ocrx_word' id='word_1_306' title='bbox 344 4603 407 4662; x_wconf 77' lang='lat'><strong>19</strong></span> <span class='ocrx_word' id='word_1_307' title='bbox 428 4611 581 4664; x_wconf 85' lang='lat' dir='ltr'><strong>cont.</strong></span> <span class='ocrx_word' id='word_1_308' title='bbox 633 4605 959 4674; x_wconf 73' lang='lat' dir='ltr'><strong>Faustum.</strong></span> <span class='ocrx_word' id='word_1_309' title='bbox 988 4621 1129 4684; x_wconf 85' lang='lat' dir='ltr'><strong>cap.</strong></span> <span class='ocrx_word' id='word_1_310' title='bbox 1163 4605 1263 4679; x_wconf 70' lang='lat' dir='ltr'><strong>u,</strong></span> <span class='ocrx_word' id='word_1_311' title='bbox 1294 4603 1411 4664; x_wconf 86' lang='lat' dir='ltr'><strong>sub</strong></span> <span class='ocrx_word' id='word_1_312' title='bbox 1448 4621 1561 4664; x_wconf 90' lang='lat' dir='ltr'><strong>no·</strong></span> 
     </span>
     <span class='ocr_line' id='line_1_47' title="bbox 154 4683 1562 4777; baseline 0 -20"><span class='ocrx_word' id='word_1_313' title='bbox 154 4683 321 4750; x_wconf 69' lang='lat' dir='ltr'><strong>notu,</strong></span> <span class='ocrx_word' id='word_1_314' title='bbox 348 4694 469 4770; x_wconf 75' lang='lat' dir='ltr'><strong>fidei</strong></span> <span class='ocrx_word' id='word_1_315' title='bbox 500 4697 774 4762; x_wconf 72' lang='lat' dir='ltr'><strong>revelate</strong></span> <span class='ocrx_word' id='word_1_316' title='bbox 826 4705 887 4762; x_wconf 78' lang='lat' dir='ltr'><strong>et</strong></span> <span class='ocrx_word' id='word_1_317' title='bbox 908 4699 1171 4774; x_wconf 63' lang='lat' dir='ltr'><strong>occulere,</strong></span> <span class='ocrx_word' id='word_1_318' title='bbox 1216 4715 1357 4777; x_wconf 82' lang='lat' dir='ltr'><strong>quse</strong></span> <span class='ocrx_word' id='word_1_319' title='bbox 1416 4701 1562 4758; x_wconf 86' lang='lat' dir='ltr'><strong>sunt</strong></span> 
     </span>
    </p>

    <p class='ocr_par' dir='ltr' id='par_1_5' title="bbox 114 4779 1565 5623">
     <span class='ocr_line' id='line_1_48' title="bbox 114 4779 1563 4873; baseline -0.001 -19"><span class='ocrx_word' id='word_1_320' title='bbox 114 4851 116 4854; x_wconf 11' lang='grc' dir='ltr'><em>Α</em></span> <span class='ocrx_word' id='word_1_321' title='bbox 154 4779 235 4836; x_wconf 62' lang='lat'><strong>²¹1</strong></span> <span class='ocrx_word' id='word_1_322' title='bbox 254 4789 461 4864; x_wconf 72' lang='lat' dir='ltr'><strong>propria,</strong></span> <span class='ocrx_word' id='word_1_323' title='bbox 496 4798 555 4850; x_wconf 88' lang='lat' dir='ltr'><strong>et</strong></span> <span class='ocrx_word' id='word_1_324' title='bbox 612 4791 683 4854; x_wconf 89' lang='lat' dir='ltr'><strong>in</strong></span> <span class='ocrx_word' id='word_1_325' title='bbox 731 4792 1051 4871; x_wconf 76' lang='lat' dir='ltr'><strong>Scriptura</strong></span> <span class='ocrx_word' id='word_1_326' title='bbox 1098 4789 1379 4866; x_wconf 75' lang='lat' dir='ltr'><strong>fundata,</strong></span> <span class='ocrx_word' id='word_1_327' title='bbox 1414 4792 1563 4873; x_wconf 84' lang='lat' dir='ltr'><strong>quia</strong></span> 
     </span>
     <span class='ocr_line' id='line_1_49' title="bbox 153 4863 1563 4964; baseline -0.001 -17"><span class='ocrx_word' id='word_1_328' title='bbox 153 4863 241 4930; x_wconf 51' lang='grc' dir='ltr'><strong>ΜΞ</strong></span> <span class='ocrx_word' id='word_1_329' title='bbox 260 4881 427 4941; x_wconf 63' lang='lat' dir='ltr'><strong>Veteris</strong></span> <span class='ocrx_word' id='word_1_330' title='bbox 460 4885 830 4948; x_wconf 76' lang='lat' dir='ltr'><strong>Testamenti</strong></span> <span class='ocrx_word' id='word_1_331' title='bbox 858 4891 949 4946; x_wconf 89' lang='lat' dir='ltr'><strong>est</strong></span> <span class='ocrx_word' id='word_1_332' title='bbox 979 4885 1245 4947; x_wconf 88' lang='lat' dir='ltr'><strong>obscura</strong></span> <span class='ocrx_word' id='word_1_333' title='bbox 1282 4890 1563 4964; x_wconf 87' lang='lat' dir='ltr'><strong>respectu</strong></span> 
     </span>
     <span class='ocr_line' id='line_1_50' title="bbox 152 4968 1563 5060; baseline -0.003 -18"><span class='ocrx_word' id='word_1_334' title='bbox 152 4975 259 5060; x_wconf 55' lang='lat' dir='ltr'><strong>”Q</strong></span> <span class='ocrx_word' id='word_1_335' title='bbox 278 4968 411 5048; x_wconf 59' lang='lat' dir='ltr'><strong>legis,</strong></span> <span class='ocrx_word' id='word_1_336' title='bbox 436 4979 567 5054; x_wconf 79' lang='lat' dir='ltr'><strong>quia</strong></span> <span class='ocrx_word' id='word_1_337' title='bbox 592 4978 661 5040; x_wconf 85' lang='lat' dir='ltr'><strong>in</strong></span> <span class='ocrx_word' id='word_1_338' title='bbox 700 4977 809 5040; x_wconf 81' lang='lat' dir='ltr'><strong>ino</strong></span> <span class='ocrx_word' id='word_1_339' title='bbox 839 4977 1318 5040; x_wconf 85' lang='lat' dir='ltr'><strong>continebantur</strong></span> <span class='ocrx_word' id='word_1_340' title='bbox 1358 4976 1563 5056; x_wconf 86' lang='lat' dir='ltr'><strong>impli-</strong></span> 
     </span>
     <span class='ocr_line' id='line_1_51' title="bbox 155 5059 1565 5151; baseline 0.001 -22"><span class='ocrx_word' id='word_1_341' title='bbox 155 5059 227 5115; x_wconf 72' lang='lat' dir='ltr'><strong>nte</strong></span> <span class='ocrx_word' id='word_1_342' title='bbox 256 5068 477 5140; x_wconf 70' lang='lat' dir='ltr'><strong>mysteria</strong></span> <span class='ocrx_word' id='word_1_343' title='bbox 512 5087 647 5150; x_wconf 68' lang='lat' dir='ltr'><strong>qaas</strong></span> <span class='ocrx_word' id='word_1_344' title='bbox 704 5071 775 5132; x_wconf 88' lang='lat' dir='ltr'><strong>in</strong></span> <span class='ocrx_word' id='word_1_345' title='bbox 818 5071 955 5151; x_wconf 87' lang='lat' dir='ltr'><strong>lege</strong></span> <span class='ocrx_word' id='word_1_346' title='bbox 1002 5071 1221 5150; x_wconf 74' lang='lat' dir='ltr'><strong>gratioe</strong></span> <span class='ocrx_word' id='word_1_347' title='bbox 1277 5069 1565 5150; x_wconf 82' lang='lat' dir='ltr'><strong>explicite</strong></span> 
     </span>
     <span class='ocr_line' id='line_1_52' title="bbox 158 5151 1563 5248; baseline -0.007 -14"><span class='ocrx_word' id='word_1_348' title='bbox 158 5151 391 5248; x_wconf 46' lang='lat' dir='ltr'><strong>Quum,</strong></span> <span class='ocrx_word' id='word_1_349' title='bbox 430 5163 499 5225; x_wconf 78' lang='lat' dir='ltr'><strong>de</strong></span> <span class='ocrx_word' id='word_1_350' title='bbox 538 5165 763 5244; x_wconf 80' lang='lat' dir='ltr'><strong>quibus</strong></span> <span class='ocrx_word' id='word_1_351' title='bbox 802 5166 893 5226; x_wconf 87' lang='lat' dir='ltr'><strong>ait</strong></span> <span class='ocrx_word' id='word_1_352' title='bbox 942 5164 1195 5240; x_wconf 85' lang='lat' dir='ltr'><strong>Paulus,</strong></span> <span class='ocrx_word' id='word_1_353' title='bbox 1240 5165 1281 5225; x_wconf 75' lang='lat'><em>2</em></span> <span class='ocrx_word' id='word_1_354' title='bbox 1318 5163 1399 5226; x_wconf 88' lang='lat' dir='ltr'><strong>ad</strong></span> <span class='ocrx_word' id='word_1_355' title='bbox 1452 5163 1563 5224; x_wconf 82' lang='lat' dir='ltr'><strong>Go-</strong></span> 
     </span>
     <span class='ocr_line' id='line_1_53' title="bbox 160 5243 1561 5336; baseline 0.009 -31"><span class='ocrx_word' id='word_1_356' title='bbox 160 5243 279 5306; x_wconf 75' lang='lat' dir='ltr'><strong>nnth.</strong></span> <span class='ocrx_word' id='word_1_357' title='bbox 298 5249 357 5310; x_wconf 78' lang='lat'><strong>3:</strong></span> <span class='ocrx_word' id='word_1_358' title='bbox 400 5255 517 5321; x_wconf 74' lang='lat' dir='ltr'><strong>Noe</strong></span> <span class='ocrx_word' id='word_1_359' title='bbox 560 5264 756 5324; x_wconf 63' lang='lat' dir='ltr'><strong>eum</strong></span> <span class='ocrx_word' id='word_1_360' title='bbox 800 5257 1067 5324; x_wconf 70' lang='lat' dir='ltr'><strong>revelata</strong></span> <span class='ocrx_word' id='word_1_361' title='bbox 1106 5257 1271 5336; x_wconf 78' lang='lat' dir='ltr'><strong>faeie</strong></span> <span class='ocrx_word' id='word_1_362' title='bbox 1295 5256 1561 5336; x_wconf 56' lang='lat' dir='ltr'><strong>¹aleriam</strong></span> 
     </span>
     <span class='ocr_line' id='line_1_54' title="bbox 164 5331 1565 5432; baseline -0.004 -17"><span class='ocrx_word' id='word_1_363' title='bbox 164 5331 321 5402; x_wconf 61' lang='lat'><strong>”⁰⁸⁸5</strong></span> <span class='ocrx_word' id='word_1_364' title='bbox 338 5351 657 5424; x_wconf 58' lang='lat' dir='ltr'><strong>mutantes</strong></span> <span class='ocrx_word' id='word_1_365' title='bbox 678 5377 709 5426; x_wconf 85' lang='lat'><strong>,·</strong></span> <span class='ocrx_word' id='word_1_366' title='bbox 734 5353 945 5432; x_wconf 82' lang='lat' dir='ltr'><strong>itaque</strong></span> <span class='ocrx_word' id='word_1_367' title='bbox 970 5351 1123 5414; x_wconf 83' lang='lat' dir='ltr'><strong>fides</strong></span> <span class='ocrx_word' id='word_1_368' title='bbox 1150 5349 1441 5430; x_wconf 85' lang='lat' dir='ltr'><strong>explicita</strong></span> <span class='ocrx_word' id='word_1_369' title='bbox 1472 5349 1565 5411; x_wconf 83' lang='lat' dir='ltr'><strong>di·</strong></span> 
     </span>
     <span class='ocr_line' id='line_1_55' title="bbox 166 5435 1563 5526; baseline -0.002 -19"><span class='ocrx_word' id='word_1_370' title='bbox 166 5435 261 5526; x_wconf 64' lang='lat'><strong>5³²⁰?</strong></span> <span class='ocrx_word' id='word_1_371' title='bbox 276 5447 487 5518; x_wconf 59' lang='lat' dir='ltr'><strong>roepoetu</strong></span> <span class='ocrx_word' id='word_1_372' title='bbox 509 5443 667 5508; x_wconf 83' lang='lat' dir='ltr'><strong>illius</strong></span> <span class='ocrx_word' id='word_1_373' title='bbox 690 5447 807 5522; x_wconf 86' lang='lat' dir='ltr'><strong>rei,</strong></span> <span class='ocrx_word' id='word_1_374' title='bbox 828 5463 935 5508; x_wconf 86' lang='lat' dir='ltr'><strong>seu</strong></span> <span class='ocrx_word' id='word_1_375' title='bbox 960 5444 1397 5526; x_wconf 80' lang='lat' dir='ltr'><strong>propositionis</strong></span> <span class='ocrx_word' id='word_1_376' title='bbox 1422 5459 1563 5524; x_wconf 70' lang='lat' dir='ltr'><strong>qum</strong></span> 
     </span>
     <span class='ocr_line' id='line_1_56' title="bbox 166 5527 1563 5623; baseline -0.001 -24"><span class='ocrx_word' id='word_1_377' title='bbox 166 5535 207 5578; x_wconf 77' lang='lat'><strong>¹¹²</strong></span> <span class='ocrx_word' id='word_1_378' title='bbox 222 5527 540 5598; x_wconf 58' lang='lat' dir='ltr'><strong>”formaliter</strong></span> <span class='ocrx_word' id='word_1_379' title='bbox 578 5540 865 5604; x_wconf 85' lang='lat' dir='ltr'><strong>creditur.</strong></span> <span class='ocrx_word' id='word_1_380' title='bbox 890 5539 1197 5623; x_wconf 82' lang='lat' dir='ltr'><strong>Implicita</strong></span> <span class='ocrx_word' id='word_1_381' title='bbox 1220 5543 1431 5600; x_wconf 86' lang='lat' dir='ltr'><strong>autem</strong></span> <span class='ocrx_word' id='word_1_382' title='bbox 1454 5555 1563 5598; x_wconf 86' lang='lat' dir='ltr'><strong>vo·-</strong></span> 
     </span>
    </p>
   </div>
   <div class='ocr_carea' id='block_1_3' title="bbox 3079 387 3196 453">
    <p class='ocr_par' dir='ltr' id='par_1_6' title="bbox 3079 387 3196 453">
     <span class='ocr_line' id='line_1_57' title="bbox 3079 387 3196 453; baseline 0.009 -1"><span class='ocrx_word' id='word_1_383' title='bbox 3079 387 3196 453; x_wconf 70' lang='lat'><strong>173</strong></span> 
     </span>
    </p>
   </div>
   <div class='ocr_carea' id='block_1_4' title="bbox 1634 491 3198 759">
    <p class='ocr_par' dir='ltr' id='par_1_7' title="bbox 1634 491 3198 759">
     <span class='ocr_line' id='line_1_58' title="bbox 1638 491 3196 572; baseline 0.002 -19"><span class='ocrx_word' id='word_1_384' title='bbox 1638 497 1815 553; x_wconf 89' lang='lat' dir='ltr'><strong>catur</strong></span> <span class='ocrx_word' id='word_1_385' title='bbox 1858 497 2144 572; x_wconf 87' lang='lat' dir='ltr'><strong>respectu</strong></span> <span class='ocrx_word' id='word_1_386' title='bbox 2189 491 2452 554; x_wconf 87' lang='lat' dir='ltr'><strong>aliarum</strong></span> <span class='ocrx_word' id='word_1_387' title='bbox 2479 507 2715 566; x_wconf 89' lang='lat' dir='ltr'><strong>rerum,</strong></span> <span class='ocrx_word' id='word_1_388' title='bbox 2740 508 2880 572; x_wconf 76' lang='lat' dir='ltr'><strong>quae</strong></span> <span class='ocrx_word' id='word_1_389' title='bbox 2903 493 2974 555; x_wconf 92' lang='lat' dir='ltr'><strong>in</strong></span> <span class='ocrx_word' id='word_1_390' title='bbox 3001 493 3196 556; x_wconf 86' lang='lat' dir='ltr'><strong>altera</strong></span> 
     </span>
     <span class='ocr_line' id='line_1_59' title="bbox 1636 584 3198 664; baseline 0.002 -18"><span class='ocrx_word' id='word_1_391' title='bbox 1636 584 1924 664; x_wconf 86' lang='lat' dir='ltr'><strong>explicite</strong></span> <span class='ocrx_word' id='word_1_392' title='bbox 1945 585 2180 646; x_wconf 88' lang='lat' dir='ltr'><strong>credita</strong></span> <span class='ocrx_word' id='word_1_393' title='bbox 2195 585 2449 660; x_wconf 88' lang='lat' dir='ltr'><strong>virtute,</strong></span> <span class='ocrx_word' id='word_1_394' title='bbox 2471 584 2568 648; x_wconf 87' lang='lat' dir='ltr'><strong>vel</strong></span> <span class='ocrx_word' id='word_1_395' title='bbox 2595 585 2848 648; x_wconf 86' lang='lat' dir='ltr'><strong>confuse</strong></span> <span class='ocrx_word' id='word_1_396' title='bbox 2877 587 3198 649; x_wconf 70' lang='lat' dir='ltr'><strong>continen-</strong></span> 
     </span>
     <span class='ocr_line' id='line_1_60' title="bbox 1634 677 3192 759; baseline 0.003 -20"><span class='ocrx_word' id='word_1_397' title='bbox 1634 684 1759 740; x_wconf 85' lang='lat' dir='ltr'><strong>tur.</strong></span> <span class='ocrx_word' id='word_1_398' title='bbox 1794 679 1901 740; x_wconf 86' lang='lat' dir='ltr'><strong>Est</strong></span> <span class='ocrx_word' id='word_1_399' title='bbox 1920 685 2132 741; x_wconf 87' lang='lat' dir='ltr'><strong>autem</strong></span> <span class='ocrx_word' id='word_1_400' title='bbox 2157 677 2606 740; x_wconf 87' lang='lat' dir='ltr'><strong>advertendum</strong></span> <span class='ocrx_word' id='word_1_401' title='bbox 2640 680 2802 740; x_wconf 90' lang='lat' dir='ltr'><strong>hanc</strong></span> <span class='ocrx_word' id='word_1_402' title='bbox 2827 680 3192 759; x_wconf 87' lang='lat' dir='ltr'><strong>implicitam</strong></span> 
     </span>
    </p>
   </div>
   <div class='ocr_carea' id='block_1_5' title="bbox 1640 770 3332 854">
    <p class='ocr_par' dir='ltr' id='par_1_8' title="bbox 1640 770 3332 854">
     <span class='ocr_line' id='line_1_61' title="bbox 1640 770 3332 854; baseline 0.002 -20"><span class='ocrx_word' id='word_1_403' title='bbox 1640 770 1853 848; x_wconf 85' lang='lat' dir='ltr'><strong>fidem,</strong></span> <span class='ocrx_word' id='word_1_404' title='bbox 1894 791 2022 834; x_wconf 91' lang='lat' dir='ltr'><strong>non</strong></span> <span class='ocrx_word' id='word_1_405' title='bbox 2069 774 2268 835; x_wconf 88' lang='lat' dir='ltr'><strong>solum</strong></span> <span class='ocrx_word' id='word_1_406' title='bbox 2325 781 2606 854; x_wconf 88' lang='lat' dir='ltr'><strong>respectu</strong></span> <span class='ocrx_word' id='word_1_407' title='bbox 2659 774 3031 851; x_wconf 80' lang='lat' dir='ltr'><strong>intellectus,</strong></span> <span class='ocrx_word' id='word_1_408' title='bbox 3088 775 3194 837; x_wconf 81' lang='lat' dir='ltr'><strong>sed</strong></span> <span class='ocrx_word' id='word_1_409' title='bbox 3325 783 3332 790; x_wconf 83' lang='lat'>&#39;</span> 
     </span>
    </p>
   </div>
   <div class='ocr_carea' id='block_1_6' title="bbox 1634 867 3205 5616">
    <p class='ocr_par' dir='ltr' id='par_1_9' title="bbox 1634 867 3200 3730">
     <span class='ocr_line' id='line_1_62' title="bbox 1637 867 3194 948; baseline 0.001 -20"><span class='ocrx_word' id='word_1_410' title='bbox 1637 867 1827 928; x_wconf 90' lang='lat' dir='ltr'><strong>etiam</strong></span> <span class='ocrx_word' id='word_1_411' title='bbox 1855 873 2134 948; x_wconf 87' lang='lat' dir='ltr'><strong>respectu</strong></span> <span class='ocrx_word' id='word_1_412' title='bbox 2147 867 2500 942; x_wconf 86' lang='lat' dir='ltr'><strong>voluntatis,</strong></span> <span class='ocrx_word' id='word_1_413' title='bbox 2531 869 2788 948; x_wconf 88' lang='lat' dir='ltr'><strong>spectari</strong></span> <span class='ocrx_word' id='word_1_414' title='bbox 2813 885 3017 948; x_wconf 83' lang='lat' dir='ltr'><strong>posse3</strong></span> <span class='ocrx_word' id='word_1_415' title='bbox 3043 886 3194 931; x_wconf 87' lang='lat' dir='ltr'><strong>nam</strong></span> 
     </span>
     <span class='ocr_line' id='line_1_63' title="bbox 1643 960 3189 1041; baseline -0.001 -18"><span class='ocrx_word' id='word_1_416' title='bbox 1643 979 1784 1024; x_wconf 89' lang='lat' dir='ltr'><strong>cum</strong></span> <span class='ocrx_word' id='word_1_417' title='bbox 1811 960 1964 1022; x_wconf 86' lang='lat' dir='ltr'><strong>fides</strong></span> <span class='ocrx_word' id='word_1_418' title='bbox 1997 962 2079 1022; x_wconf 86' lang='lat' dir='ltr'><strong>sit</strong></span> <span class='ocrx_word' id='word_1_419' title='bbox 2105 980 2144 1023; x_wconf 97' lang='lat' dir='ltr'><strong>a</strong></span> <span class='ocrx_word' id='word_1_420' title='bbox 2179 961 2522 1036; x_wconf 89' lang='lat' dir='ltr'><strong>voluntate,</strong></span> <span class='ocrx_word' id='word_1_421' title='bbox 2546 968 2616 1023; x_wconf 89' lang='lat' dir='ltr'><strong>ut</strong></span> <span class='ocrx_word' id='word_1_422' title='bbox 2643 967 2850 1041; x_wconf 87' lang='lat' dir='ltr'><strong>postea</strong></span> <span class='ocrx_word' id='word_1_423' title='bbox 2891 963 3189 1039; x_wconf 83' lang='lat' dir='ltr'><strong>dicemus,</strong></span> 
     </span>
     <span class='ocr_line' id='line_1_64' title="bbox 1638 1053 3194 1135; baseline 0.001 -19"><span class='ocrx_word' id='word_1_424' title='bbox 1638 1059 1842 1135; x_wconf 83' lang='lat' dir='ltr'><strong>potest</strong></span> <span class='ocrx_word' id='word_1_425' title='bbox 1856 1053 2144 1115; x_wconf 84' lang='lat' dir='ltr'><strong>voluntas</strong></span> <span class='ocrx_word' id='word_1_426' title='bbox 2156 1053 2449 1116; x_wconf 89' lang='lat' dir='ltr'><strong>vellenon</strong></span> <span class='ocrx_word' id='word_1_427' title='bbox 2461 1053 2659 1116; x_wconf 91' lang='lat' dir='ltr'><strong>solum</strong></span> <span class='ocrx_word' id='word_1_428' title='bbox 2671 1055 2918 1117; x_wconf 90' lang='lat' dir='ltr'><strong>credere</strong></span> <span class='ocrx_word' id='word_1_429' title='bbox 2942 1055 3004 1116; x_wconf 91' lang='lat' dir='ltr'><strong>id</strong></span> <span class='ocrx_word' id='word_1_430' title='bbox 3027 1056 3194 1135; x_wconf 89' lang='lat' dir='ltr'><strong>quod</strong></span> 
     </span>
     <span class='ocr_line' id='line_1_65' title="bbox 1639 1146 3194 1228; baseline 0.001 -20"><span class='ocrx_word' id='word_1_431' title='bbox 1639 1146 1927 1227; x_wconf 85' lang='lat' dir='ltr'><strong>explicite</strong></span> <span class='ocrx_word' id='word_1_432' title='bbox 1955 1147 2345 1227; x_wconf 86' lang='lat' dir='ltr'><strong>proponitur,</strong></span> <span class='ocrx_word' id='word_1_433' title='bbox 2377 1146 2484 1208; x_wconf 88' lang='lat' dir='ltr'><strong>sed</strong></span> <span class='ocrx_word' id='word_1_434' title='bbox 2525 1148 2713 1208; x_wconf 85' lang='lat' dir='ltr'><strong>etiam</strong></span> <span class='ocrx_word' id='word_1_435' title='bbox 2762 1149 3062 1228; x_wconf 88' lang='lat' dir='ltr'><strong>quidquid</strong></span> <span class='ocrx_word' id='word_1_436' title='bbox 3105 1149 3194 1210; x_wconf 90' lang='lat' dir='ltr'><strong>ibi</strong></span> 
     </span>
     <span class='ocr_line' id='line_1_66' title="bbox 1636 1239 3196 1320; baseline -0.001 -18"><span class='ocrx_word' id='word_1_437' title='bbox 1636 1240 1979 1302; x_wconf 87' lang='lat' dir='ltr'><strong>involvitur</strong></span> <span class='ocrx_word' id='word_1_438' title='bbox 2031 1259 2140 1302; x_wconf 90' lang='lat' dir='ltr'><strong>seu</strong></span> <span class='ocrx_word' id='word_1_439' title='bbox 2183 1239 2574 1316; x_wconf 82' lang='lat' dir='ltr'><strong>continetur3</strong></span> <span class='ocrx_word' id='word_1_440' title='bbox 2615 1243 2700 1302; x_wconf 89' lang='lat' dir='ltr'><strong>sic</strong></span> <span class='ocrx_word' id='word_1_441' title='bbox 2745 1240 2914 1302; x_wconf 88' lang='lat' dir='ltr'><strong>enim</strong></span> <span class='ocrx_word' id='word_1_442' title='bbox 2968 1241 3196 1320; x_wconf 79' lang='lat' dir='ltr'><strong>vulgus</strong></span> 
     </span>
     <span class='ocr_line' id='line_1_67' title="bbox 1638 1332 3196 1414; baseline 0.001 -20"><span class='ocrx_word' id='word_1_443' title='bbox 1638 1333 1917 1395; x_wconf 87' lang='lat' dir='ltr'><strong>fidelium</strong></span> <span class='ocrx_word' id='word_1_444' title='bbox 1942 1333 2137 1394; x_wconf 88' lang='lat' dir='ltr'><strong>credit</strong></span> <span class='ocrx_word' id='word_1_445' title='bbox 2157 1333 2454 1414; x_wconf 86' lang='lat' dir='ltr'><strong>implicite</strong></span> <span class='ocrx_word' id='word_1_446' title='bbox 2469 1332 2772 1414; x_wconf 81' lang='lat' dir='ltr'><strong>quidquid</strong></span> <span class='ocrx_word' id='word_1_447' title='bbox 2789 1334 2854 1394; x_wconf 91' lang='lat' dir='ltr'><strong>in</strong></span> <span class='ocrx_word' id='word_1_448' title='bbox 2879 1334 3196 1414; x_wconf 81' lang='lat' dir='ltr'><strong>Scriptura</strong></span> 
     </span>
     <span class='ocr_line' id='line_1_68' title="bbox 1636 1426 3197 1506; baseline 0.002 -19"><span class='ocrx_word' id='word_1_449' title='bbox 1636 1430 2013 1502; x_wconf 84' lang='lat' dir='ltr'><strong>continetur,</strong></span> <span class='ocrx_word' id='word_1_450' title='bbox 2067 1426 2320 1503; x_wconf 87' lang='lat' dir='ltr'><strong>scilicet,</strong></span> <span class='ocrx_word' id='word_1_451' title='bbox 2350 1426 2650 1506; x_wconf 88' lang='lat' dir='ltr'><strong>quidquid</strong></span> <span class='ocrx_word' id='word_1_452' title='bbox 2687 1426 2954 1489; x_wconf 74' lang='lat' dir='ltr'><strong>Ecclesia</strong></span> <span class='ocrx_word' id='word_1_453' title='bbox 2979 1427 3197 1490; x_wconf 84' lang='lat' dir='ltr'><strong>Catho-</strong></span> 
     </span>
     <span class='ocr_line' id='line_1_69' title="bbox 1634 1518 3198 1600; baseline 0.001 -18"><span class='ocrx_word' id='word_1_454' title='bbox 1634 1520 1755 1582; x_wconf 90' lang='lat' dir='ltr'><strong>lica</strong></span> <span class='ocrx_word' id='word_1_455' title='bbox 1784 1519 2026 1595; x_wconf 82' lang='lat' dir='ltr'><strong>definit,</strong></span> <span class='ocrx_word' id='word_1_456' title='bbox 2043 1520 2287 1582; x_wconf 85' lang='lat' dir='ltr'><strong>etiamsi</strong></span> <span class='ocrx_word' id='word_1_457' title='bbox 2315 1521 2382 1581; x_wconf 91' lang='lat' dir='ltr'><strong>in</strong></span> <span class='ocrx_word' id='word_1_458' title='bbox 2412 1518 2768 1600; x_wconf 78' lang='lat' dir='ltr'><strong>particulari</strong></span> <span class='ocrx_word' id='word_1_459' title='bbox 2795 1519 3026 1580; x_wconf 87' lang='lat' dir='ltr'><strong>nesciat</strong></span> <span class='ocrx_word' id='word_1_460' title='bbox 3047 1521 3198 1600; x_wconf 82' lang='lat' dir='ltr'><strong>quid</strong></span> 
     </span>
     <span class='ocr_line' id='line_1_70' title="bbox 1637 1611 3196 1694; baseline 0.001 -18"><span class='ocrx_word' id='word_1_461' title='bbox 1637 1613 1793 1676; x_wconf 88' lang='lat' dir='ltr'><strong>illud</strong></span> <span class='ocrx_word' id='word_1_462' title='bbox 1821 1614 1900 1676; x_wconf 88' lang='lat' dir='ltr'><strong>sit</strong></span> <span class='ocrx_word' id='word_1_463' title='bbox 1916 1631 1937 1693; x_wconf 83' lang='lat'>3</span> <span class='ocrx_word' id='word_1_464' title='bbox 1970 1632 2214 1694; x_wconf 88' lang='lat' dir='ltr'><strong>semper</strong></span> <span class='ocrx_word' id='word_1_465' title='bbox 2241 1623 2452 1676; x_wconf 87' lang='lat' dir='ltr'><strong>tamen</strong></span> <span class='ocrx_word' id='word_1_466' title='bbox 2497 1613 2634 1676; x_wconf 82' lang='lat' dir='ltr'><strong>haec</strong></span> <span class='ocrx_word' id='word_1_467' title='bbox 2665 1611 2949 1674; x_wconf 86' lang='lat' dir='ltr'><strong>voluntas</strong></span> <span class='ocrx_word' id='word_1_468' title='bbox 2973 1612 3196 1677; x_wconf 82' lang='lat' dir='ltr'><strong>funda-</strong></span> 
     </span>
     <span class='ocr_line' id='line_1_71' title="bbox 1636 1706 3196 1789; baseline -0.001 -20"><span class='ocrx_word' id='word_1_469' title='bbox 1636 1710 1827 1770; x_wconf 88' lang='lat' dir='ltr'><strong>turin</strong></span> <span class='ocrx_word' id='word_1_470' title='bbox 1860 1708 2154 1789; x_wconf 85' lang='lat' dir='ltr'><strong>explicita</strong></span> <span class='ocrx_word' id='word_1_471' title='bbox 2179 1706 2302 1768; x_wconf 85' lang='lat' dir='ltr'><strong>fide</strong></span> <span class='ocrx_word' id='word_1_472' title='bbox 2325 1708 2592 1787; x_wconf 87' lang='lat' dir='ltr'><strong>alicujus</strong></span> <span class='ocrx_word' id='word_1_473' title='bbox 2613 1707 2906 1778; x_wconf 86' lang='lat' dir='ltr'><strong>veritatis,</strong></span> <span class='ocrx_word' id='word_1_474' title='bbox 2933 1712 3005 1767; x_wconf 85' lang='lat' dir='ltr'><strong>ut</strong></span> <span class='ocrx_word' id='word_1_475' title='bbox 3032 1707 3196 1786; x_wconf 87' lang='lat' dir='ltr'><strong>quod</strong></span> 
     </span>
     <span class='ocr_line' id='line_1_72' title="bbox 1640 1800 3198 1882; baseline -0.001 -19"><span class='ocrx_word' id='word_1_476' title='bbox 1640 1803 1964 1882; x_wconf 83' lang='lat' dir='ltr'><strong>Scriptura</strong></span> <span class='ocrx_word' id='word_1_477' title='bbox 2012 1802 2092 1863; x_wconf 90' lang='lat' dir='ltr'><strong>sit</strong></span> <span class='ocrx_word' id='word_1_478' title='bbox 2135 1801 2396 1862; x_wconf 78' lang='lat' dir='ltr'><strong>verbum</strong></span> <span class='ocrx_word' id='word_1_479' title='bbox 2427 1800 2557 1876; x_wconf 89' lang='lat' dir='ltr'><strong>Dei,</strong></span> <span class='ocrx_word' id='word_1_480' title='bbox 2592 1800 2692 1862; x_wconf 87' lang='lat' dir='ltr'><strong>vel</strong></span> <span class='ocrx_word' id='word_1_481' title='bbox 2723 1800 2891 1879; x_wconf 86' lang='lat' dir='ltr'><strong>quod</strong></span> <span class='ocrx_word' id='word_1_482' title='bbox 2933 1801 3198 1862; x_wconf 83' lang='lat' dir='ltr'><strong>Ecclesia</strong></span> 
     </span>
     <span class='ocr_line' id='line_1_73' title="bbox 1638 1893 3200 1974; baseline -0.001 -18"><span class='ocrx_word' id='word_1_483' title='bbox 1638 1901 1895 1973; x_wconf 82' lang='lat' dir='ltr'><strong>regatur</strong></span> <span class='ocrx_word' id='word_1_484' title='bbox 1917 1895 1998 1956; x_wconf 88' lang='lat' dir='ltr'><strong>ab</strong></span> <span class='ocrx_word' id='word_1_485' title='bbox 2035 1894 2270 1974; x_wconf 85' lang='lat' dir='ltr'><strong>Spiritu</strong></span> <span class='ocrx_word' id='word_1_486' title='bbox 2301 1895 2551 1969; x_wconf 88' lang='lat' dir='ltr'><strong>Sancto,</strong></span> <span class='ocrx_word' id='word_1_487' title='bbox 2581 1899 2645 1954; x_wconf 91' lang='lat' dir='ltr'><strong>et</strong></span> <span class='ocrx_word' id='word_1_488' title='bbox 2677 1893 2766 1954; x_wconf 87' lang='lat' dir='ltr'><strong>ita</strong></span> <span class='ocrx_word' id='word_1_489' title='bbox 2804 1899 3066 1973; x_wconf 87' lang='lat' dir='ltr'><strong>utraque</strong></span> <span class='ocrx_word' id='word_1_490' title='bbox 3094 1893 3200 1955; x_wconf 92' lang='lat' dir='ltr'><strong>illa</strong></span> 
     </span>
     <span class='ocr_line' id='line_1_74' title="bbox 1637 1985 3198 2068; baseline -0.001 -19"><span class='ocrx_word' id='word_1_491' title='bbox 1637 1987 1791 2049; x_wconf 86' lang='lat' dir='ltr'><strong>fides</strong></span> <span class='ocrx_word' id='word_1_492' title='bbox 1842 1987 2123 2068; x_wconf 89' lang='lat' dir='ltr'><strong>proxime</strong></span> <span class='ocrx_word' id='word_1_493' title='bbox 2185 1992 2248 2050; x_wconf 88' lang='lat' dir='ltr'><strong>et</strong></span> <span class='ocrx_word' id='word_1_494' title='bbox 2290 1987 2650 2049; x_wconf 78' lang='lat' dir='ltr'><strong>immediate</strong></span> <span class='ocrx_word' id='word_1_495' title='bbox 2690 1986 2767 2049; x_wconf 86' lang='lat' dir='ltr'><strong>ad</strong></span> <span class='ocrx_word' id='word_1_496' title='bbox 2817 1985 3198 2048; x_wconf 79' lang='lat' dir='ltr'><strong>intellectum</strong></span> 
     </span>
     <span class='ocr_line' id='line_1_75' title="bbox 1637 2079 3193 2162; baseline -0.001 -18"><span class='ocrx_word' id='word_1_497' title='bbox 1637 2083 1941 2162; x_wconf 85' lang='lat' dir='ltr'><strong>pertiuet3</strong></span> <span class='ocrx_word' id='word_1_498' title='bbox 1969 2083 2123 2143; x_wconf 87' lang='lat' dir='ltr'><strong>etin</strong></span> <span class='ocrx_word' id='word_1_499' title='bbox 2147 2099 2223 2143; x_wconf 89' lang='lat' dir='ltr'><strong>ea</strong></span> <span class='ocrx_word' id='word_1_500' title='bbox 2251 2087 2452 2161; x_wconf 85' lang='lat' dir='ltr'><strong>potest</strong></span> <span class='ocrx_word' id='word_1_501' title='bbox 2485 2099 2618 2143; x_wconf 87' lang='lat' dir='ltr'><strong>esse</strong></span> <span class='ocrx_word' id='word_1_502' title='bbox 2653 2079 2852 2158; x_wconf 85' lang='lat' dir='ltr'><strong>magis</strong></span> <span class='ocrx_word' id='word_1_503' title='bbox 2873 2087 2936 2142; x_wconf 90' lang='lat' dir='ltr'><strong>et</strong></span> <span class='ocrx_word' id='word_1_504' title='bbox 2961 2079 3193 2152; x_wconf 85' lang='lat' dir='ltr'><strong>minus,</strong></span> 
     </span>
     <span class='ocr_line' id='line_1_76' title="bbox 1637 2173 3196 2255; baseline -0.001 -19"><span class='ocrx_word' id='word_1_505' title='bbox 1637 2181 1943 2255; x_wconf 85' lang='lat' dir='ltr'><strong>quatenus</strong></span> <span class='ocrx_word' id='word_1_506' title='bbox 1969 2175 2189 2237; x_wconf 86' lang='lat' dir='ltr'><strong>eadem</strong></span> <span class='ocrx_word' id='word_1_507' title='bbox 2228 2175 2456 2236; x_wconf 84' lang='lat' dir='ltr'><strong>veritas</strong></span> <span class='ocrx_word' id='word_1_508' title='bbox 2475 2180 2675 2254; x_wconf 88' lang='lat' dir='ltr'><strong>potest</strong></span> <span class='ocrx_word' id='word_1_509' title='bbox 2709 2175 2907 2253; x_wconf 85' lang='lat' dir='ltr'><strong>magis</strong></span> <span class='ocrx_word' id='word_1_510' title='bbox 2945 2173 3045 2235; x_wconf 91' lang='lat' dir='ltr'><strong>vel</strong></span> <span class='ocrx_word' id='word_1_511' title='bbox 3073 2174 3196 2236; x_wconf 86' lang='lat' dir='ltr'><strong>mi·</strong></span> 
     </span>
     <span class='ocr_line' id='line_1_77' title="bbox 1640 2266 3197 2348; baseline 0 -18"><span class='ocrx_word' id='word_1_512' title='bbox 1640 2287 1761 2330; x_wconf 89' lang='lat' dir='ltr'><strong>nus</strong></span> <span class='ocrx_word' id='word_1_513' title='bbox 1782 2267 2072 2348; x_wconf 87' lang='lat' dir='ltr'><strong>explicite</strong></span> <span class='ocrx_word' id='word_1_514' title='bbox 2099 2267 2410 2348; x_wconf 79' lang='lat' dir='ltr'><strong>cognosci,</strong></span> <span class='ocrx_word' id='word_1_515' title='bbox 2450 2273 2513 2329; x_wconf 90' lang='lat' dir='ltr'><strong>et</strong></span> <span class='ocrx_word' id='word_1_516' title='bbox 2547 2267 2614 2328; x_wconf 87' lang='lat' dir='ltr'><strong>in</strong></span> <span class='ocrx_word' id='word_1_517' title='bbox 2665 2266 2784 2327; x_wconf 89' lang='lat' dir='ltr'><strong>hoc</strong></span> <span class='ocrx_word' id='word_1_518' title='bbox 2809 2285 2992 2328; x_wconf 89' lang='lat' dir='ltr'><strong>sensu</strong></span> <span class='ocrx_word' id='word_1_519' title='bbox 3043 2266 3197 2330; x_wconf 84' lang='lat' dir='ltr'><strong>fides</strong></span> 
     </span>
     <span class='ocr_line' id='line_1_78' title="bbox 1642 2358 3196 2442; baseline -0.001 -20"><span class='ocrx_word' id='word_1_520' title='bbox 1642 2361 1954 2442; x_wconf 86' lang='lat' dir='ltr'><strong>explicita,</strong></span> <span class='ocrx_word' id='word_1_521' title='bbox 1988 2362 2240 2442; x_wconf 87' lang='lat' dir='ltr'><strong>quando</strong></span> <span class='ocrx_word' id='word_1_522' title='bbox 2275 2365 2367 2422; x_wconf 85' lang='lat' dir='ltr'><strong>est</strong></span> <span class='ocrx_word' id='word_1_523' title='bbox 2411 2359 2590 2422; x_wconf 86' lang='lat' dir='ltr'><strong>valde</strong></span> <span class='ocrx_word' id='word_1_524' title='bbox 2621 2358 2918 2441; x_wconf 82' lang='lat' dir='ltr'><strong>perfecta,</strong></span> <span class='ocrx_word' id='word_1_525' title='bbox 2945 2365 3010 2421; x_wconf 88' lang='lat' dir='ltr'><strong>et</strong></span> <span class='ocrx_word' id='word_1_526' title='bbox 3053 2377 3196 2421; x_wconf 92' lang='lat' dir='ltr'><strong>cum</strong></span> 
     </span>
     <span class='ocr_line' id='line_1_79' title="bbox 1640 2453 3198 2535; baseline -0.001 -19"><span class='ocrx_word' id='word_1_527' title='bbox 1640 2455 1927 2517; x_wconf 88' lang='lat' dir='ltr'><strong>distincta</strong></span> <span class='ocrx_word' id='word_1_528' title='bbox 1973 2454 2325 2535; x_wconf 79' lang='lat' dir='ltr'><strong>cognitione</strong></span> <span class='ocrx_word' id='word_1_529' title='bbox 2372 2453 2837 2534; x_wconf 78' lang='lat' dir='ltr'><strong>mysteriorum,</strong></span> <span class='ocrx_word' id='word_1_530' title='bbox 2881 2459 2955 2514; x_wconf 86' lang='lat' dir='ltr'><strong>ut</strong></span> <span class='ocrx_word' id='word_1_531' title='bbox 2989 2459 3080 2514; x_wconf 87' lang='lat' dir='ltr'><strong>est</strong></span> <span class='ocrx_word' id='word_1_532' title='bbox 3129 2455 3198 2515; x_wconf 89' lang='lat' dir='ltr'><strong>in</strong></span> 
     </span>
     <span class='ocr_line' id='line_1_80' title="bbox 1637 2545 3198 2630; baseline -0.001 -18"><span class='ocrx_word' id='word_1_533' title='bbox 1637 2550 1787 2611; x_wconf 88' lang='lat' dir='ltr'><strong>viris</strong></span> <span class='ocrx_word' id='word_1_534' title='bbox 1808 2549 2213 2630; x_wconf 82' lang='lat' dir='ltr'><strong>sapientibus,</strong></span> <span class='ocrx_word' id='word_1_535' title='bbox 2239 2548 2394 2611; x_wconf 90' lang='lat' dir='ltr'><strong>solet</strong></span> <span class='ocrx_word' id='word_1_536' title='bbox 2423 2548 2626 2610; x_wconf 89' lang='lat' dir='ltr'><strong>vocari</strong></span> <span class='ocrx_word' id='word_1_537' title='bbox 2669 2545 2834 2609; x_wconf 88' lang='lat' dir='ltr'><strong>clara</strong></span> <span class='ocrx_word' id='word_1_538' title='bbox 2857 2553 2920 2608; x_wconf 91' lang='lat' dir='ltr'><strong>et</strong></span> <span class='ocrx_word' id='word_1_539' title='bbox 2947 2545 3198 2611; x_wconf 83' lang='lat' dir='ltr'><strong>distinc-</strong></span> 
     </span>
     <span class='ocr_line' id='line_1_81' title="bbox 1640 2640 3193 2723; baseline 0.001 -20"><span class='ocrx_word' id='word_1_540' title='bbox 1640 2649 1729 2716; x_wconf 85' lang='lat' dir='ltr'><strong>ta,</strong></span> <span class='ocrx_word' id='word_1_541' title='bbox 1782 2643 2244 2723; x_wconf 86' lang='lat' dir='ltr'><strong>comparatione</strong></span> <span class='ocrx_word' id='word_1_542' title='bbox 2299 2641 2552 2704; x_wconf 85' lang='lat' dir='ltr'><strong>alterius</strong></span> <span class='ocrx_word' id='word_1_543' title='bbox 2609 2640 2816 2702; x_wconf 88' lang='lat' dir='ltr'><strong>minus</strong></span> <span class='ocrx_word' id='word_1_544' title='bbox 2877 2641 3193 2720; x_wconf 77' lang='lat' dir='ltr'><strong>perfectae3</strong></span> 
     </span>
     <span class='ocr_line' id='line_1_82' title="bbox 1639 2734 3195 2815; baseline 0.001 -20"><span class='ocrx_word' id='word_1_545' title='bbox 1639 2753 1768 2795; x_wconf 90' lang='lat' dir='ltr'><strong>non</strong></span> <span class='ocrx_word' id='word_1_546' title='bbox 1788 2741 1998 2797; x_wconf 88' lang='lat' dir='ltr'><strong>tamen</strong></span> <span class='ocrx_word' id='word_1_547' title='bbox 2041 2735 2207 2815; x_wconf 82' lang='lat' dir='ltr'><strong>quod</strong></span> <span class='ocrx_word' id='word_1_548' title='bbox 2236 2734 2519 2796; x_wconf 87' lang='lat' dir='ltr'><strong>excludat</strong></span> <span class='ocrx_word' id='word_1_549' title='bbox 2550 2751 2829 2813; x_wconf 82' lang='lat' dir='ltr'><strong>unquam</strong></span> <span class='ocrx_word' id='word_1_550' title='bbox 2860 2734 3195 2796; x_wconf 88' lang='lat' dir='ltr'><strong>obscurita-</strong></span> 
     </span>
     <span class='ocr_line' id='line_1_83' title="bbox 1638 2826 3193 2908; baseline 0.001 -21"><span class='ocrx_word' id='word_1_551' title='bbox 1638 2837 1767 2890; x_wconf 88' lang='lat' dir='ltr'><strong>tem</strong></span> <span class='ocrx_word' id='word_1_552' title='bbox 1800 2827 1966 2890; x_wconf 81' lang='lat' dir='ltr'><strong>fidei.</strong></span> <span class='ocrx_word' id='word_1_553' title='bbox 2011 2829 2102 2890; x_wconf 83' lang='lat' dir='ltr'><strong>Ex</strong></span> <span class='ocrx_word' id='word_1_554' title='bbox 2130 2827 2354 2908; x_wconf 85' lang='lat' dir='ltr'><strong>quibus</strong></span> <span class='ocrx_word' id='word_1_555' title='bbox 2389 2827 2644 2889; x_wconf 87' lang='lat' dir='ltr'><strong>tandem</strong></span> <span class='ocrx_word' id='word_1_556' title='bbox 2670 2826 2935 2906; x_wconf 82' lang='lat' dir='ltr'><strong>intelligi</strong></span> <span class='ocrx_word' id='word_1_557' title='bbox 2973 2834 3193 2908; x_wconf 88' lang='lat' dir='ltr'><strong>potest,</strong></span> 
     </span>
     <span class='ocr_line' id='line_1_84' title="bbox 1640 2920 3190 2999; baseline -0.002 -16"><span class='ocrx_word' id='word_1_558' title='bbox 1640 2923 1749 2984; x_wconf 94' lang='lat' dir='ltr'><strong>illa</strong></span> <span class='ocrx_word' id='word_1_559' title='bbox 1774 2923 1899 2983; x_wconf 90' lang='lat' dir='ltr'><strong>duo</strong></span> <span class='ocrx_word' id='word_1_560' title='bbox 1922 2921 2206 2984; x_wconf 89' lang='lat' dir='ltr'><strong>membra</strong></span> <span class='ocrx_word' id='word_1_561' title='bbox 2231 2939 2358 2983; x_wconf 88' lang='lat' dir='ltr'><strong>non</strong></span> <span class='ocrx_word' id='word_1_562' title='bbox 2387 2920 2687 2999; x_wconf 82' lang='lat' dir='ltr'><strong>distingui</strong></span> <span class='ocrx_word' id='word_1_563' title='bbox 2715 2927 3013 2999; x_wconf 84' lang='lat' dir='ltr'><strong>tanquam</strong></span> <span class='ocrx_word' id='word_1_564' title='bbox 3039 2921 3190 2984; x_wconf 73' lang='lat' dir='ltr'><strong>duos</strong></span> 
     </span>
     <span class='ocr_line' id='line_1_85' title="bbox 1640 3013 3190 3090; baseline -0.001 -13"><span class='ocrx_word' id='word_1_565' title='bbox 1640 3020 1811 3077; x_wconf 85' lang='lat' dir='ltr'><strong>actus</strong></span> <span class='ocrx_word' id='word_1_566' title='bbox 1858 3015 2030 3090; x_wconf 84' lang='lat' dir='ltr'><strong>fidei,</strong></span> <span class='ocrx_word' id='word_1_567' title='bbox 2071 3015 2178 3076; x_wconf 77' lang='lat' dir='ltr'><strong>sed</strong></span> <span class='ocrx_word' id='word_1_568' title='bbox 2211 3013 2552 3076; x_wconf 88' lang='lat' dir='ltr'><strong>secundum</strong></span> <span class='ocrx_word' id='word_1_569' title='bbox 2586 3013 2740 3074; x_wconf 88' lang='lat' dir='ltr'><strong>duas</strong></span> <span class='ocrx_word' id='word_1_570' title='bbox 2780 3013 3190 3090; x_wconf 86' lang='lat' dir='ltr'><strong>habitudines,</strong></span> 
     </span>
     <span class='ocr_line' id='line_1_86' title="bbox 1640 3107 3196 3186; baseline 0 -16"><span class='ocrx_word' id='word_1_571' title='bbox 1640 3109 1737 3170; x_wconf 91' lang='lat' dir='ltr'><strong>vel</strong></span> <span class='ocrx_word' id='word_1_572' title='bbox 1774 3108 2311 3170; x_wconf 85' lang='lat' dir='ltr'><strong>denominationes</strong></span> <span class='ocrx_word' id='word_1_573' title='bbox 2363 3107 2796 3186; x_wconf 75' lang='lat' dir='ltr'><strong>proveniente-3</strong></span> <span class='ocrx_word' id='word_1_574' title='bbox 2853 3107 2934 3168; x_wconf 89' lang='lat' dir='ltr'><strong>ab</strong></span> <span class='ocrx_word' id='word_1_575' title='bbox 2979 3109 3196 3170; x_wconf 91' lang='lat' dir='ltr'><strong>eodem</strong></span> 
     </span>
     <span class='ocr_line' id='line_1_87' title="bbox 1643 3201 3198 3282; baseline 0.001 -20"><span class='ocrx_word' id='word_1_576' title='bbox 1643 3209 1813 3277; x_wconf 87' lang='lat' dir='ltr'><strong>actu,</strong></span> <span class='ocrx_word' id='word_1_577' title='bbox 1862 3208 2144 3282; x_wconf 84' lang='lat' dir='ltr'><strong>respectu</strong></span> <span class='ocrx_word' id='word_1_578' title='bbox 2191 3201 2578 3262; x_wconf 87' lang='lat' dir='ltr'><strong>diversarum</strong></span> <span class='ocrx_word' id='word_1_579' title='bbox 2627 3217 2860 3261; x_wconf 89' lang='lat' dir='ltr'><strong>rerum.</strong></span> <span class='ocrx_word' id='word_1_580' title='bbox 2904 3201 3060 3262; x_wconf 87' lang='lat' dir='ltr'><strong>Nam</strong></span> <span class='ocrx_word' id='word_1_581' title='bbox 3099 3221 3198 3263; x_wconf 84' lang='lat' dir='ltr'><strong>res</strong></span> 
     </span>
     <span class='ocr_line' id='line_1_88' title="bbox 1639 3292 3200 3358; baseline 0.001 -2"><span class='ocrx_word' id='word_1_582' title='bbox 1639 3295 1998 3358; x_wconf 84' lang='lat' dir='ltr'><strong>immediate</strong></span> <span class='ocrx_word' id='word_1_583' title='bbox 2026 3305 2089 3357; x_wconf 92' lang='lat' dir='ltr'><strong>et</strong></span> <span class='ocrx_word' id='word_1_584' title='bbox 2134 3295 2202 3356; x_wconf 90' lang='lat' dir='ltr'><strong>in</strong></span> <span class='ocrx_word' id='word_1_585' title='bbox 2259 3311 2323 3356; x_wconf 85' lang='lat' dir='ltr'><strong>se</strong></span> <span class='ocrx_word' id='word_1_586' title='bbox 2365 3292 2600 3354; x_wconf 81' lang='lat' dir='ltr'><strong>credita</strong></span> <span class='ocrx_word' id='word_1_587' title='bbox 2636 3292 3073 3356; x_wconf 87' lang='lat' dir='ltr'><strong>denominatur</strong></span> <span class='ocrx_word' id='word_1_588' title='bbox 3092 3312 3200 3357; x_wconf 83' lang='lat' dir='ltr'><strong>ex-</strong></span> 
     </span>
     <span class='ocr_line' id='line_1_89' title="bbox 1639 3384 3195 3470; baseline -0.001 -20"><span class='ocrx_word' id='word_1_589' title='bbox 1639 3387 1847 3469; x_wconf 88' lang='lat' dir='ltr'><strong>plicite</strong></span> <span class='ocrx_word' id='word_1_590' title='bbox 1874 3386 2141 3463; x_wconf 83' lang='lat' dir='ltr'><strong>credita3</strong></span> <span class='ocrx_word' id='word_1_591' title='bbox 2163 3387 2225 3449; x_wconf 88' lang='lat' dir='ltr'><strong>id</strong></span> <span class='ocrx_word' id='word_1_592' title='bbox 2250 3405 2396 3449; x_wconf 87' lang='lat' dir='ltr'><strong>vero</strong></span> <span class='ocrx_word' id='word_1_593' title='bbox 2422 3385 2588 3470; x_wconf 88' lang='lat' dir='ltr'><strong>quod</strong></span> <span class='ocrx_word' id='word_1_594' title='bbox 2606 3387 2675 3447; x_wconf 88' lang='lat' dir='ltr'><strong>in</strong></span> <span class='ocrx_word' id='word_1_595' title='bbox 2698 3384 2806 3448; x_wconf 87' lang='lat' dir='ltr'><strong>illa</strong></span> <span class='ocrx_word' id='word_1_596' title='bbox 2823 3389 3195 3465; x_wconf 89' lang='lat' dir='ltr'><strong>continetur,</strong></span> 
     </span>
     <span class='ocr_line' id='line_1_90' title="bbox 1640 3479 3198 3562; baseline 0 -18"><span class='ocrx_word' id='word_1_597' title='bbox 1640 3501 1749 3562; x_wconf 91' lang='lat' dir='ltr'><strong>per</strong></span> <span class='ocrx_word' id='word_1_598' title='bbox 1782 3482 2071 3545; x_wconf 89' lang='lat' dir='ltr'><strong>eumdem</strong></span> <span class='ocrx_word' id='word_1_599' title='bbox 2099 3481 2355 3542; x_wconf 86' lang='lat' dir='ltr'><strong>omnino</strong></span> <span class='ocrx_word' id='word_1_600' title='bbox 2404 3486 2612 3542; x_wconf 87' lang='lat' dir='ltr'><strong>actum</strong></span> <span class='ocrx_word' id='word_1_601' title='bbox 2653 3479 2799 3543; x_wconf 85' lang='lat' dir='ltr'><strong>fidei</strong></span> <span class='ocrx_word' id='word_1_602' title='bbox 2831 3480 3198 3544; x_wconf 88' lang='lat' dir='ltr'><strong>denomina-</strong></span> 
     </span>
     <span class='ocr_line' id='line_1_91' title="bbox 1638 3573 3196 3656; baseline 0.001 -20"><span class='ocrx_word' id='word_1_603' title='bbox 1638 3583 1743 3638; x_wconf 89' lang='lat' dir='ltr'><strong>tur</strong></span> <span class='ocrx_word' id='word_1_604' title='bbox 1794 3574 2095 3656; x_wconf 87' lang='lat' dir='ltr'><strong>implicite</strong></span> <span class='ocrx_word' id='word_1_605' title='bbox 2138 3573 2469 3650; x_wconf 91' lang='lat' dir='ltr'><strong>creditum,</strong></span> <span class='ocrx_word' id='word_1_606' title='bbox 2499 3579 2563 3634; x_wconf 90' lang='lat' dir='ltr'><strong>et</strong></span> <span class='ocrx_word' id='word_1_607' title='bbox 2595 3573 2686 3634; x_wconf 87' lang='lat' dir='ltr'><strong>ita</strong></span> <span class='ocrx_word' id='word_1_608' title='bbox 2725 3589 2856 3635; x_wconf 88' lang='lat' dir='ltr'><strong>non</strong></span> <span class='ocrx_word' id='word_1_609' title='bbox 2895 3575 3196 3656; x_wconf 83' lang='lat' dir='ltr'><strong>multipli-</strong></span> 
     </span>
     <span class='ocr_line' id='line_1_92' title="bbox 1638 3665 2829 3730; baseline -0.001 0"><span class='ocrx_word' id='word_1_610' title='bbox 1638 3673 1859 3730; x_wconf 86' lang='lat' dir='ltr'><strong>cantur</strong></span> <span class='ocrx_word' id='word_1_611' title='bbox 1886 3673 2062 3729; x_wconf 87' lang='lat' dir='ltr'><strong>actus</strong></span> <span class='ocrx_word' id='word_1_612' title='bbox 2084 3683 2164 3729; x_wconf 86' lang='lat' dir='ltr'><strong>ex</strong></span> <span class='ocrx_word' id='word_1_613' title='bbox 2189 3667 2250 3727; x_wconf 90' lang='lat' dir='ltr'><strong>vi</strong></span> <span class='ocrx_word' id='word_1_614' title='bbox 2282 3665 2461 3728; x_wconf 72' lang='lat' dir='ltr'><strong>dictae</strong></span> <span class='ocrx_word' id='word_1_615' title='bbox 2485 3665 2829 3729; x_wconf 87' lang='lat' dir='ltr'><strong>divisionis.</strong></span> 
     </span>
    </p>

    <p class='ocr_par' dir='ltr' id='par_1_10' title="bbox 1634 3760 3205 5616">
     <span class='ocr_line' id='line_1_93' title="bbox 1715 3760 3202 3838; baseline 0.003 -14"><span class='ocrx_word' id='word_1_616' title='bbox 1715 3764 1779 3824; x_wconf 85' lang='lat'><strong>9.</strong></span> <span class='ocrx_word' id='word_1_617' title='bbox 1828 3761 2026 3826; x_wconf 76' lang='lat' dir='ltr'><strong>Sea-ta</strong></span> <span class='ocrx_word' id='word_1_618' title='bbox 2071 3761 2291 3824; x_wconf 72' lang='lat' dir='ltr'><strong>divisio</strong></span> <span class='ocrx_word' id='word_1_619' title='bbox 2341 3760 2410 3822; x_wconf 75' lang='lat' dir='ltr'><strong>iu</strong></span> <span class='ocrx_word' id='word_1_620' title='bbox 2452 3761 2632 3838; x_wconf 73' lang='lat' dir='ltr'><strong>fidem</strong></span> <span class='ocrx_word' id='word_1_621' title='bbox 2680 3762 3090 3826; x_wconf 75' lang='lat' dir='ltr'><strong>immediatam</strong></span> <span class='ocrx_word' id='word_1_622' title='bbox 3141 3771 3202 3828; x_wconf 70' lang='lat' dir='ltr'><strong>et</strong></span> 
     </span>
     <span class='ocr_line' id='line_1_94' title="bbox 1638 3852 3198 3936; baseline 0.002 -18"><span class='ocrx_word' id='word_1_623' title='bbox 1638 3857 1986 3920; x_wconf 59' lang='lat' dir='ltr'><strong>medactum.</strong></span> <span class='ocrx_word' id='word_1_624' title='bbox 2023 3889 2102 3900; x_wconf 90' lang='lat'><em>-</em></span> <span class='ocrx_word' id='word_1_625' title='bbox 2130 3852 2494 3935; x_wconf 75' lang='lat' dir='ltr'><strong>Aliquorum</strong></span> <span class='ocrx_word' id='word_1_626' title='bbox 2519 3854 2859 3934; x_wconf 63' lang='lat' dir='ltr'><strong>explicatio,</strong></span> <span class='ocrx_word' id='word_1_627' title='bbox 2881 3857 3056 3936; x_wconf 83' lang='lat' dir='ltr'><strong>quod,</strong></span> <span class='ocrx_word' id='word_1_628' title='bbox 3081 3859 3198 3921; x_wconf 74' lang='lat' dir='ltr'><strong>soi·</strong></span> 
     </span>
     <span class='ocr_line' id='line_1_95' title="bbox 1642 3947 3202 4028; baseline 0.002 -16"><span class='ocrx_word' id='word_1_629' title='bbox 1642 3949 1809 4025; x_wconf 83' lang='lat' dir='ltr'><strong>licet,</strong></span> <span class='ocrx_word' id='word_1_630' title='bbox 1832 3947 2138 4028; x_wconf 76' lang='lat' dir='ltr'><strong>primario</strong></span> <span class='ocrx_word' id='word_1_631' title='bbox 2167 3948 2342 4009; x_wconf 75' lang='lat' dir='ltr'><strong>cadat</strong></span> <span class='ocrx_word' id='word_1_632' title='bbox 2363 3963 2546 4027; x_wconf 69' lang='lat' dir='ltr'><strong>super</strong></span> <span class='ocrx_word' id='word_1_633' title='bbox 2569 3947 3004 4025; x_wconf 70' lang='lat' dir='ltr'><strong>revelationem,</strong></span> <span class='ocrx_word' id='word_1_634' title='bbox 3029 3956 3087 4014; x_wconf 78' lang='lat' dir='ltr'><strong>et</strong></span> <span class='ocrx_word' id='word_1_635' title='bbox 3111 3967 3202 4014; x_wconf 75' lang='lat' dir='ltr'><strong>se-</strong></span> 
     </span>
     <span class='ocr_line' id='line_1_96' title="bbox 1641 4039 3200 4120; baseline 0.001 -15"><span class='ocrx_word' id='word_1_636' title='bbox 1641 4042 1928 4106; x_wconf 75' lang='lat' dir='ltr'><strong>cundario</strong></span> <span class='ocrx_word' id='word_1_637' title='bbox 1957 4057 2136 4120; x_wconf 71' lang='lat' dir='ltr'><strong>super</strong></span> <span class='ocrx_word' id='word_1_638' title='bbox 2158 4057 2283 4103; x_wconf 79' lang='lat' dir='ltr'><strong>rem</strong></span> <span class='ocrx_word' id='word_1_639' title='bbox 2305 4039 2648 4102; x_wconf 78' lang='lat' dir='ltr'><strong>revelatam.</strong></span> <span class='ocrx_word' id='word_1_640' title='bbox 2669 4071 2753 4086; x_wconf 90' lang='lat'>—</span> <span class='ocrx_word' id='word_1_641' title='bbox 2771 4041 2886 4120; x_wconf 74' lang='lat' dir='ltr'><strong>Rej</strong></span> <span class='ocrx_word' id='word_1_642' title='bbox 2891 4042 3078 4104; x_wconf 77' lang='lat' dir='ltr'><strong>icitur</strong></span> <span class='ocrx_word' id='word_1_643' title='bbox 3103 4061 3200 4106; x_wconf 68' lang='lat' dir='ltr'><strong>ea-</strong></span> 
     </span>
     <span class='ocr_line' id='line_1_97' title="bbox 1634 4131 3197 4216; baseline 0.001 -20"><span class='ocrx_word' id='word_1_644' title='bbox 1634 4136 1911 4216; x_wconf 77' lang='lat' dir='ltr'><strong>plioatio.</strong></span> <span class='ocrx_word' id='word_1_645' title='bbox 1928 4167 2008 4178; x_wconf 90' lang='lat'>-</span> <span class='ocrx_word' id='word_1_646' title='bbox 2029 4133 2236 4208; x_wconf 88' lang='lat' dir='ltr'><strong>Sexto,</strong></span> <span class='ocrx_word' id='word_1_647' title='bbox 2265 4131 2563 4194; x_wconf 88' lang='lat' dir='ltr'><strong>dividitur</strong></span> <span class='ocrx_word' id='word_1_648' title='bbox 2587 4131 2668 4194; x_wconf 91' lang='lat' dir='ltr'><strong>ab</strong></span> <span class='ocrx_word' id='word_1_649' title='bbox 2688 4131 2996 4213; x_wconf 86' lang='lat' dir='ltr'><strong>aliquibus</strong></span> <span class='ocrx_word' id='word_1_650' title='bbox 3021 4136 3197 4213; x_wconf 85' lang='lat' dir='ltr'><strong>fides,</strong></span> 
     </span>
     <span class='ocr_line' id='line_1_98' title="bbox 1640 4224 3194 4306; baseline 0.002 -15"><span class='ocrx_word' id='word_1_651' title='bbox 1640 4231 1830 4291; x_wconf 88' lang='lat' dir='ltr'><strong>etiam</strong></span> <span class='ocrx_word' id='word_1_652' title='bbox 1858 4226 2170 4306; x_wconf 85' lang='lat' dir='ltr'><strong>explicita,</strong></span> <span class='ocrx_word' id='word_1_653' title='bbox 2203 4225 2270 4286; x_wconf 88' lang='lat' dir='ltr'><strong>in</strong></span> <span class='ocrx_word' id='word_1_654' title='bbox 2303 4224 2730 4288; x_wconf 86' lang='lat' dir='ltr'><strong>immediatam</strong></span> <span class='ocrx_word' id='word_1_655' title='bbox 2751 4233 2814 4288; x_wconf 92' lang='lat' dir='ltr'><strong>et</strong></span> <span class='ocrx_word' id='word_1_656' title='bbox 2839 4227 3194 4294; x_wconf 84' lang='lat' dir='ltr'><strong>mediatam.</strong></span> 
     </span>
     <span class='ocr_line' id='line_1_99' title="bbox 1640 4317 3202 4404; baseline 0.001 -22"><span class='ocrx_word' id='word_1_657' title='bbox 1640 4322 1791 4396; x_wconf 77' lang='lat' dir='ltr'><strong>Quae</strong></span> <span class='ocrx_word' id='word_1_658' title='bbox 1837 4318 2060 4380; x_wconf 88' lang='lat' dir='ltr'><strong>divisio</strong></span> <span class='ocrx_word' id='word_1_659' title='bbox 2107 4317 2348 4379; x_wconf 86' lang='lat' dir='ltr'><strong>duobus</strong></span> <span class='ocrx_word' id='word_1_660' title='bbox 2394 4318 2593 4380; x_wconf 89' lang='lat' dir='ltr'><strong>modis</strong></span> <span class='ocrx_word' id='word_1_661' title='bbox 2633 4319 2977 4399; x_wconf 85' lang='lat' dir='ltr'><strong>explicatur</strong></span> <span class='ocrx_word' id='word_1_662' title='bbox 3017 4343 3032 4382; x_wconf 73' lang='grc' dir='ltr'><strong>ε</strong></span> <span class='ocrx_word' id='word_1_663' title='bbox 3073 4327 3202 4404; x_wconf 88' lang='lat' dir='ltr'><strong>pri·</strong></span> 
     </span>
     <span class='ocr_line' id='line_1_100' title="bbox 1643 4410 3201 4492; baseline 0.002 -18"><span class='ocrx_word' id='word_1_664' title='bbox 1643 4431 1773 4488; x_wconf 91' lang='lat' dir='ltr'><strong>mo,</strong></span> <span class='ocrx_word' id='word_1_665' title='bbox 1798 4410 2216 4492; x_wconf 88' lang='lat' dir='ltr'><strong>comparando</strong></span> <span class='ocrx_word' id='word_1_666' title='bbox 2241 4428 2378 4471; x_wconf 86' lang='lat' dir='ltr'><strong>rem</strong></span> <span class='ocrx_word' id='word_1_667' title='bbox 2411 4411 2746 4474; x_wconf 83' lang='lat' dir='ltr'><strong>revelatam</strong></span> <span class='ocrx_word' id='word_1_668' title='bbox 2777 4413 2854 4475; x_wconf 87' lang='lat' dir='ltr'><strong>ad</strong></span> <span class='ocrx_word' id='word_1_669' title='bbox 2879 4414 3201 4478; x_wconf 86' lang='lat' dir='ltr'><strong>revelatio·</strong></span> 
     </span>
     <span class='ocr_line' id='line_1_101' title="bbox 1640 4503 3200 4580; baseline 0.003 -14"><span class='ocrx_word' id='word_1_670' title='bbox 1640 4523 1819 4580; x_wconf 90' lang='lat' dir='ltr'><strong>nem;</strong></span> <span class='ocrx_word' id='word_1_671' title='bbox 1874 4503 2185 4566; x_wconf 89' lang='lat' dir='ltr'><strong>credimus</strong></span> <span class='ocrx_word' id='word_1_672' title='bbox 2223 4503 2392 4564; x_wconf 89' lang='lat' dir='ltr'><strong>enim</strong></span> <span class='ocrx_word' id='word_1_673' title='bbox 2437 4511 2502 4565; x_wconf 92' lang='lat' dir='ltr'><strong>et</strong></span> <span class='ocrx_word' id='word_1_674' title='bbox 2539 4521 2672 4566; x_wconf 91' lang='lat' dir='ltr'><strong>rem</strong></span> <span class='ocrx_word' id='word_1_675' title='bbox 2719 4523 2760 4566; x_wconf 87' lang='lat' dir='ltr'><strong>a</strong></span> <span class='ocrx_word' id='word_1_676' title='bbox 2805 4507 2928 4568; x_wconf 91' lang='lat' dir='ltr'><strong>Deo</strong></span> <span class='ocrx_word' id='word_1_677' title='bbox 2967 4507 3200 4570; x_wconf 88' lang='lat' dir='ltr'><strong>revela·</strong></span> 
     </span>
     <span class='ocr_line' id='line_1_102' title="bbox 1639 4595 3202 4679; baseline 0.003 -21"><span class='ocrx_word' id='word_1_678' title='bbox 1639 4607 1795 4671; x_wconf 89' lang='lat' dir='ltr'><strong>tam,</strong></span> <span class='ocrx_word' id='word_1_679' title='bbox 1824 4601 1887 4658; x_wconf 87' lang='lat' dir='ltr'><strong>et</strong></span> <span class='ocrx_word' id='word_1_680' title='bbox 1910 4613 2056 4657; x_wconf 89' lang='lat' dir='ltr'><strong>eum</strong></span> <span class='ocrx_word' id='word_1_681' title='bbox 2101 4595 2272 4657; x_wconf 89' lang='lat' dir='ltr'><strong>illam</strong></span> <span class='ocrx_word' id='word_1_682' title='bbox 2303 4595 2599 4658; x_wconf 85' lang='lat' dir='ltr'><strong>revelasse</strong></span> <span class='ocrx_word' id='word_1_683' title='bbox 2615 4618 2634 4672; x_wconf 83' lang='lat'>3</span> <span class='ocrx_word' id='word_1_684' title='bbox 2664 4596 2878 4659; x_wconf 87' lang='lat' dir='ltr'><strong>dicunt</strong></span> <span class='ocrx_word' id='word_1_685' title='bbox 2911 4617 3061 4679; x_wconf 86' lang='lat' dir='ltr'><strong>ergo</strong></span> <span class='ocrx_word' id='word_1_686' title='bbox 3086 4601 3202 4663; x_wconf 87' lang='lat' dir='ltr'><strong>ali-</strong></span> 
     </span>
     <span class='ocr_line' id='line_1_103' title="bbox 1643 4687 3203 4773; baseline 0.004 -23"><span class='ocrx_word' id='word_1_687' title='bbox 1643 4691 1751 4770; x_wconf 89' lang='lat' dir='ltr'><strong>qui</strong></span> <span class='ocrx_word' id='word_1_688' title='bbox 1791 4689 1978 4752; x_wconf 86' lang='lat' dir='ltr'><strong>fidem</strong></span> <span class='ocrx_word' id='word_1_689' title='bbox 2008 4687 2398 4750; x_wconf 85' lang='lat' dir='ltr'><strong>revelationis</strong></span> <span class='ocrx_word' id='word_1_690' title='bbox 2427 4707 2560 4752; x_wconf 82' lang='lat' dir='ltr'><strong>esse</strong></span> <span class='ocrx_word' id='word_1_691' title='bbox 2579 4689 3029 4770; x_wconf 86' lang='lat' dir='ltr'><strong>immediatam,</strong></span> <span class='ocrx_word' id='word_1_692' title='bbox 3055 4695 3203 4773; x_wconf 88' lang='lat' dir='ltr'><strong>quia</strong></span> 
     </span>
     <span class='ocr_line' id='line_1_104' title="bbox 1644 4781 3202 4864; baseline 0.003 -19"><span class='ocrx_word' id='word_1_693' title='bbox 1644 4789 1738 4846; x_wconf 86' lang='lat' dir='ltr'><strong>est</strong></span> <span class='ocrx_word' id='word_1_694' title='bbox 1784 4782 1862 4844; x_wconf 90' lang='lat' dir='ltr'><strong>de</strong></span> <span class='ocrx_word' id='word_1_695' title='bbox 1908 4781 2288 4844; x_wconf 83' lang='lat' dir='ltr'><strong>revelatione</strong></span> <span class='ocrx_word' id='word_1_696' title='bbox 2349 4788 2598 4863; x_wconf 88' lang='lat' dir='ltr'><strong>propter</strong></span> <span class='ocrx_word' id='word_1_697' title='bbox 2649 4785 2939 4864; x_wconf 81' lang='lat' dir='ltr'><strong>seipsam,</strong></span> <span class='ocrx_word' id='word_1_698' title='bbox 2996 4793 3060 4848; x_wconf 92' lang='lat' dir='ltr'><strong>et</strong></span> <span class='ocrx_word' id='word_1_699' title='bbox 3113 4789 3202 4851; x_wconf 83' lang='lat' dir='ltr'><strong>ita</strong></span> 
     </span>
     <span class='ocr_line' id='line_1_105' title="bbox 1643 4874 3204 4959; baseline 0.003 -20"><span class='ocrx_word' id='word_1_700' title='bbox 1643 4895 1771 4940; x_wconf 88' lang='lat' dir='ltr'><strong>non</strong></span> <span class='ocrx_word' id='word_1_701' title='bbox 1794 4875 2087 4956; x_wconf 85' lang='lat' dir='ltr'><strong>supponit</strong></span> <span class='ocrx_word' id='word_1_702' title='bbox 2125 4874 2318 4937; x_wconf 86' lang='lat' dir='ltr'><strong>alium</strong></span> <span class='ocrx_word' id='word_1_703' title='bbox 2359 4881 2569 4937; x_wconf 87' lang='lat' dir='ltr'><strong>actum</strong></span> <span class='ocrx_word' id='word_1_704' title='bbox 2595 4875 2741 4939; x_wconf 85' lang='lat' dir='ltr'><strong>fidei</strong></span> <span class='ocrx_word' id='word_1_705' title='bbox 2777 4877 2844 4938; x_wconf 90' lang='lat' dir='ltr'><strong>in</strong></span> <span class='ocrx_word' id='word_1_706' title='bbox 2884 4897 3008 4959; x_wconf 91' lang='lat' dir='ltr'><strong>quo</strong></span> <span class='ocrx_word' id='word_1_707' title='bbox 3043 4883 3204 4944; x_wconf 83' lang='lat' dir='ltr'><strong>nita-</strong></span> 
     </span>
     <span class='ocr_line' id='line_1_106' title="bbox 1642 4967 3199 5052; baseline 0.004 -21"><span class='ocrx_word' id='word_1_708' title='bbox 1642 4977 1746 5032; x_wconf 87' lang='lat' dir='ltr'><strong>tur</strong></span> <span class='ocrx_word' id='word_1_709' title='bbox 1760 4985 1781 5048; x_wconf 83' lang='lat'>3</span> <span class='ocrx_word' id='word_1_710' title='bbox 1825 4967 2016 5030; x_wconf 82' lang='lat' dir='ltr'><strong>fidem</strong></span> <span class='ocrx_word' id='word_1_711' title='bbox 2063 4975 2274 5030; x_wconf 88' lang='lat' dir='ltr'><strong>autem</strong></span> <span class='ocrx_word' id='word_1_712' title='bbox 2315 4967 2394 5030; x_wconf 89' lang='lat' dir='ltr'><strong>de</strong></span> <span class='ocrx_word' id='word_1_713' title='bbox 2440 4969 2696 5031; x_wconf 85' lang='lat' dir='ltr'><strong>veritate</strong></span> <span class='ocrx_word' id='word_1_714' title='bbox 2738 4971 2864 5032; x_wconf 83' lang='lat' dir='ltr'><strong>alia</strong></span> <span class='ocrx_word' id='word_1_715' title='bbox 2905 4975 3199 5052; x_wconf 80' lang='lat' dir='ltr'><strong>revelata,</strong></span> 
     </span>
     <span class='ocr_line' id='line_1_107' title="bbox 1642 5062 3198 5143; baseline 0.003 -17"><span class='ocrx_word' id='word_1_716' title='bbox 1642 5081 1773 5126; x_wconf 89' lang='lat' dir='ltr'><strong>esse</strong></span> <span class='ocrx_word' id='word_1_717' title='bbox 1802 5062 2159 5138; x_wconf 85' lang='lat' dir='ltr'><strong>mediatam,</strong></span> <span class='ocrx_word' id='word_1_718' title='bbox 2187 5062 2338 5141; x_wconf 87' lang='lat' dir='ltr'><strong>quia</strong></span> <span class='ocrx_word' id='word_1_719' title='bbox 2359 5067 2452 5124; x_wconf 89' lang='lat' dir='ltr'><strong>est</strong></span> <span class='ocrx_word' id='word_1_720' title='bbox 2465 5069 2715 5143; x_wconf 89' lang='lat' dir='ltr'><strong>propter</strong></span> <span class='ocrx_word' id='word_1_721' title='bbox 2733 5065 3198 5140; x_wconf 86' lang='lat' dir='ltr'><strong>revelationem,</strong></span> 
     </span>
     <span class='ocr_line' id='line_1_108' title="bbox 1644 5153 3202 5239; baseline 0.003 -17"><span class='ocrx_word' id='word_1_722' title='bbox 1644 5165 1706 5222; x_wconf 87' lang='lat' dir='ltr'><strong>et</strong></span> <span class='ocrx_word' id='word_1_723' title='bbox 1733 5157 1958 5220; x_wconf 86' lang='lat' dir='ltr'><strong>nititur</strong></span> <span class='ocrx_word' id='word_1_724' title='bbox 1993 5157 2060 5216; x_wconf 88' lang='lat' dir='ltr'><strong>in</strong></span> <span class='ocrx_word' id='word_1_725' title='bbox 2099 5153 2224 5216; x_wconf 84' lang='lat' dir='ltr'><strong>alio</strong></span> <span class='ocrx_word' id='word_1_726' title='bbox 2271 5154 2458 5235; x_wconf 86' lang='lat' dir='ltr'><strong>priori</strong></span> <span class='ocrx_word' id='word_1_727' title='bbox 2503 5166 2679 5233; x_wconf 84' lang='lat' dir='ltr'><strong>actu,</strong></span> <span class='ocrx_word' id='word_1_728' title='bbox 2735 5176 2862 5239; x_wconf 89' lang='lat' dir='ltr'><strong>quo</strong></span> <span class='ocrx_word' id='word_1_729' title='bbox 2908 5163 3202 5226; x_wconf 85' lang='lat' dir='ltr'><strong>revelatio</strong></span> 
     </span>
     <span class='ocr_line' id='line_1_109' title="bbox 1646 5247 3204 5330; baseline 0.004 -18"><span class='ocrx_word' id='word_1_730' title='bbox 1646 5251 1783 5330; x_wconf 88' lang='lat' dir='ltr'><strong>ipsa</strong></span> <span class='ocrx_word' id='word_1_731' title='bbox 1806 5247 2045 5312; x_wconf 82' lang='lat' dir='ltr'><strong>credita</strong></span> <span class='ocrx_word' id='word_1_732' title='bbox 2071 5253 2186 5321; x_wconf 88' lang='lat' dir='ltr'><strong>est,</strong></span> <span class='ocrx_word' id='word_1_733' title='bbox 2223 5255 2287 5310; x_wconf 88' lang='lat' dir='ltr'><strong>et</strong></span> <span class='ocrx_word' id='word_1_734' title='bbox 2325 5248 2437 5310; x_wconf 86' lang='lat' dir='ltr'><strong>has</strong></span> <span class='ocrx_word' id='word_1_735' title='bbox 2465 5249 2620 5310; x_wconf 86' lang='lat' dir='ltr'><strong>duas</strong></span> <span class='ocrx_word' id='word_1_736' title='bbox 2645 5250 2798 5312; x_wconf 81' lang='lat' dir='ltr'><strong>tides</strong></span> <span class='ocrx_word' id='word_1_737' title='bbox 2819 5253 3054 5316; x_wconf 83' lang='lat' dir='ltr'><strong>-volunt</strong></span> <span class='ocrx_word' id='word_1_738' title='bbox 3075 5273 3204 5319; x_wconf 79' lang='lat' dir='ltr'><strong>esse</strong></span> 
     </span>
     <span class='ocr_line' id='line_1_110' title="bbox 1643 5340 3205 5425; baseline 0.004 -19"><span class='ocrx_word' id='word_1_739' title='bbox 1643 5345 1846 5425; x_wconf 88' lang='lat' dir='ltr'><strong>specie</strong></span> <span class='ocrx_word' id='word_1_740' title='bbox 1876 5341 2194 5403; x_wconf 85' lang='lat' dir='ltr'><strong>distinctas</strong></span> <span class='ocrx_word' id='word_1_741' title='bbox 2220 5340 2441 5404; x_wconf 87' lang='lat' dir='ltr'><strong>saltem</strong></span> <span class='ocrx_word' id='word_1_742' title='bbox 2467 5343 2671 5424; x_wconf 85' lang='lat' dir='ltr'><strong>quoad</strong></span> <span class='ocrx_word' id='word_1_743' title='bbox 2695 5349 2888 5406; x_wconf 86' lang='lat' dir='ltr'><strong>actus.</strong></span> <span class='ocrx_word' id='word_1_744' title='bbox 2925 5347 3077 5410; x_wconf 82' lang='lat' dir='ltr'><strong>Mihi</strong></span> <span class='ocrx_word' id='word_1_745' title='bbox 3101 5367 3205 5412; x_wconf 87' lang='lat' dir='ltr'><strong>ve·</strong></span> 
     </span>
     <span class='ocr_line' id='line_1_111' title="bbox 1640 5435 3200 5522; baseline 0.001 -22"><span class='ocrx_word' id='word_1_746' title='bbox 1640 5458 1713 5502; x_wconf 87' lang='lat' dir='ltr'><strong>ro</strong></span> <span class='ocrx_word' id='word_1_747' title='bbox 1740 5438 1878 5500; x_wconf 78' lang='lat' dir='ltr'><strong>haec</strong></span> <span class='ocrx_word' id='word_1_748' title='bbox 1900 5435 2208 5498; x_wconf 81' lang='lat' dir='ltr'><strong>sententia</strong></span> <span class='ocrx_word' id='word_1_749' title='bbox 2252 5435 2424 5496; x_wconf 87' lang='lat' dir='ltr'><strong>nullo</strong></span> <span class='ocrx_word' id='word_1_750' title='bbox 2461 5438 2646 5498; x_wconf 90' lang='lat' dir='ltr'><strong>modo</strong></span> <span class='ocrx_word' id='word_1_751' title='bbox 2683 5437 2932 5517; x_wconf 78' lang='lat' dir='ltr'><strong>probari</strong></span> <span class='ocrx_word' id='word_1_752' title='bbox 2979 5449 3200 5522; x_wconf 82' lang='lat' dir='ltr'><strong>potest,</strong></span> 
     </span>
     <span class='ocr_line' id='line_1_112' title="bbox 1642 5529 3204 5616; baseline 0.008 -24"><span class='ocrx_word' id='word_1_753' title='bbox 1642 5533 1791 5616; x_wconf 86' lang='lat' dir='ltr'><strong>quia</strong></span> <span class='ocrx_word' id='word_1_754' title='bbox 1817 5529 1968 5591; x_wconf 83' lang='lat' dir='ltr'><strong>fides</strong></span> <span class='ocrx_word' id='word_1_755' title='bbox 1995 5547 2116 5592; x_wconf 75' lang='lat' dir='ltr'><strong>aaa</strong></span> <span class='ocrx_word' id='word_1_756' title='bbox 2143 5533 2256 5605; x_wconf 89' lang='lat' dir='ltr'><strong>est,</strong></span> <span class='ocrx_word' id='word_1_757' title='bbox 2283 5533 2437 5590; x_wconf 82' lang='lat' dir='ltr'><strong>teste</strong></span> <span class='ocrx_word' id='word_1_758' title='bbox 2482 5529 2691 5609; x_wconf 87' lang='lat' dir='ltr'><strong>Paulo,</strong></span> <span class='ocrx_word' id='word_1_759' title='bbox 2722 5537 2782 5593; x_wconf 90' lang='lat' dir='ltr'><strong>et</strong></span> <span class='ocrx_word' id='word_1_760' title='bbox 2803 5534 3006 5596; x_wconf 90' lang='lat' dir='ltr'><strong>omnis</strong></span> <span class='ocrx_word' id='word_1_761' title='bbox 3033 5544 3204 5604; x_wconf 87' lang='lat' dir='ltr'><strong>actus</strong></span> 
     </span>
    </p>
   </div>
  </div>
 </body>
</html>
