3900 6217
610 401 777 453 SECT.
814 403 853 453 1.
889 402 970 453 AN
1006 402 1163 453 DEUS
1196 401 1292 454 SIT
1324 362 1633 454 OBJECTU'M
1668 400 2026 453 MATERIALE
2059 401 2140 451 ΕΤ
2173 400 2572 463 ΑΠᾸΞΩΠΑΤΠΜ
2607 398 2994 453 ΟΗΑΒῙΤΑΤΙὸ.

197 504 419 565 ordine
462 510 698 564 naturae
744 504 965 577 forma,
1010 504 1077 563 iu
1121 505 1455 581 composito
1486 501 1763 581 physice,

194 600 300 660 vel
348 598 690 671 artificiali,
722 598 1047 657 materiam
1090 597 1419 676 supponit,
1478 596 1767 675 illiusque

196 693 744 773 potentialitatem,
773 709 881 750 seu
909 690 1393 752 indifferentiam
1422 691 1501 751 ad
1532 696 1765 753 certam

199 787 469 867 speciem
522 783 932 857 determinat,
982 784 1067 844 sic
1118 784 1377 847 formale
1426 784 1759 863 objectum,

195 878 548 953 materiale,
597 877 677 938 ad
718 876 836 938 hoc
880 881 951 937 ut
991 878 1257 957 speciem
1305 877 1539 939 tribuat
1582 876 1765 939 alicui

196 972 455 1052 speciali
480 970 721 1043 virtuti.

846 1176 1059 1229 sceno
1094 1180 1132 1229 1.

198 1348 304 1413 An
343 1350 507 1413 Deus
535 1350 619 1413 sit
648 1350 939 1505 objecttim
960 1349 1274 1413 materiale
1295 1354 1353 1412 ct
1384 1351 1765 1433 adaequatum

814 1462 847 1509 c
888 1443 1162 1507 ‹tv-itatis.

282 1632 457 1693 Sicut
482 1631 801 1692 materiale
828 1630 1141 1710 objectum
1184 1632 1485 1711 cujusque
1516 1630 1765 1693 virtutis

195 1725 501 1803 Theologi
537 1726 951 1786 communiter
987 1724 1272 1785 dividunt
1310 1725 1376 1783 in
1426 1723 1763 1803 principale

196 1839 309 1880 seu
341 1820 748 1900 primarium,
778 1819 845 1880 in
894 1820 1099 1879 minus
1140 1818 1479 1897 principale
1528 1836 1637 1879 seu
1676 1836 1763 1880 se·

194 1913 600 1987 cundarium,
639 1914 797 1974 etin
840 1912 1263 1991 adaequatum,
1291 1912 1457 1990 quod
1497 1930 1573 1972 ex
1597 1917 1763 1971 utro·

193 2026 321 2086 que
353 2006 688 2081 conflatur,
723 2007 810 2067 sic
859 2011 921 2067 et
970 2005 1289 2065 charitatis
1321 2004 1660 2082 objectum,
1688 2005 1766 2066 de

193 2120 323 2181 quo
377 2102 445 2161 in
498 2102 805 2180 praesenti.
860 2099 1051 2174 Quale
1100 2116 1247 2161 vero
1288 2098 1406 2159 hoc
1452 2099 1765 2178 objectum

194 2196 302 2270 sit,
320 2202 384 2255 et
410 2214 549 2273 quae
574 2194 739 2255 illius
758 2200 986 2274 partes,
1022 2212 1133 2272 per
1164 2197 1485 2271 sequentes
1514 2192 1765 2254 conclu-

192 2289 403 2349 siones
434 2288 896 2369 explicabimus,

282 2386 343 2442 1.
393 2380 611 2445 Prima
662 2382 1085 2445 conclusio.——
1122 2380 1267 2441 Dico
1315 2399 1464 2459 ergo
1512 2382 1762 2462 primo:

196 2478 362 2537 Deus
386 2483 479 2537 est
504 2476 772 2555 primum
800 2481 861 2535 et
888 2475 1273 2554 praecipuum
1296 2476 1603 2553 objectum
1622 2477 1766 2538 cha·

196 2571 429 2645 ritatiS,
453 2570 875 2632 Romanorum
900 2570 1117 2649 quinto
1150 2586 1166 2630 :
1204 2568 1487 2632 Charitas
1508 2568 1622 2632 Da·
1646 2572 1768 2649 difi-

192 2670 347 2743 fusa
372 2672 463 2729 est
496 2667 565 2727 in
619 2666 896 2728 cordibus
930 2665 1163 2727 nostris
1181 2688 1203 2737 ,·
1247 2667 1274 2725 1
1307 2664 1486 2725 Joan.
1520 2665 1559 2724 2
1592 2682 1609 2725 :
1636 2664 1767 2737 'Qui

195 2765 407 2823 serrat
434 2760 674 2821 verbum
702 2760 761 2838 ej
766 2777 857 2833 us,
887 2757 949 2817 id
980 2764 1069 2818 est
1102 2757 1345 2833 Christi,
1376 2758 1443 2818 in
1482 2758 1588 2820 hoc
1625 2760 1765 2821 clla-

194 2852 360 2915 rz'tas
410 2854 531 2917 Dei
554 2856 826 2933 perfecta
867 2856 981 2914 est.
1016 2850 1247 2923 Quibus
1273 2850 1443 2926 loc13‚
1476 2869 1547 2911 ac
1596 2852 1766 2913 simi-

198 2945 385 3021 libus,
422 2948 601 3025 juxta
656 2946 1101 3023 Augustinum,
1132 2946 1209 3005 de
1262 2944 1489 3023 Spiritu
1537 2951 1599 3006 et
1640 2944 1761 3020 lit.‚

198 3062 254 3102 c.
291 3045 395 3115 32,
431 3046 491 3102 et
533 3042 892 3100 unanimem
921 3056 1311 3114 consensum,
1351 3057 1537 3117 quem
1576 3039 1763 3100 etiam

195 3144 410 3215 aperte
459 3137 751 3215 supponit
792 3134 1254 3205 Tridentinum,
1280 3152 1428 3195 sess
1472 3136 1535 3207 6,
1565 3153 1616 3195 c.
1664 3138 1763 3206 Π,

197 3232 475 3294 charitas
528 3230 642 3292 Dei
684 3240 1055 3307 usurpatur,
1102 3246 1227 3287 nou
1284 3228 1484 3289 solum
1540 3230 1685 3308 quia
1730 3248 1767 3290 a

194 3324 325 3383 Deo
366 3322 545 3382 nobis
584 3322 967 3391 infunditur,
997 3320 1101 3381 sed
1146 3322 1455 3401 praecipu'e
1500 3322 1645 3400 quia
1686 3322 1763 3383 ad

194 3414 377 3475 illum
444 3414 835 3474 terminatur.
895 3414 1157 3474 Ratione
1206 3414 1395 3473 etiam
1442 3414 1762 3492 probatur,

196 3510 345 3587 quia
372 3507 529 3567 illud
560 3512 651 3567 est
678 3508 1047 3586 primarium
1088 3508 1400 3587 objectum
1446 3508 1765 3569 materiale

198 3602 535 3674 charitati3‚
563 3602 629 3660 in
666 3618 791 3679 quo
822 3600 1117 3679 primario
1142 3600 1373 3660 relucet
1396 3601 1599 3680 ipsum
1640 3601 1767 3660 for-

196 3695 381 3767 male,
417 3694 579 3772 quod
630 3700 721 3753 est
759 3693 995 3754 bonum
1038 3694 1347 3768 divinum,
1390 3700 1461 3754 ut
1489 3695 1663 3754 docet
1690 3695 1759 3754 D.

196 3787 489 3862 Thomas,
521 3788 580 3847 2.
610 3789 673 3860 2,
696 3804 757 3865 q.
788 3788 889 3860 23,
908 3794 1034 3848 art.
1064 3790 1124 3861 1,
1156 3794 1217 3847 et
1240 3786 1445 3848 caeteri
1468 3786 1765 3865 Theologi

200 3880 617 3941 communiter
655 3901 670 3938 ε
705 3880 827 3941 tale
850 3887 1059 3941 autem
1094 3879 1327 3941 bonum
1357 3880 1423 3940 in
1449 3880 1572 3939 Deo
1598 3879 1764 3940 relu-

196 3979 295 4033 cet
349 3991 461 4052 per
514 3972 875 4049 essentiam,
928 3992 1000 4033 ac
1073 3974 1229 4035 adeo
1286 3974 1610 4053 primario;
1668 3992 1763 4035 er-

84 4094 97 4103 ·
200 4082 304 4143 go,
336 4071 455 4127 etc.

280 4162 343 4221 2.
392 4160 673 4223 Secunda
713 4161 1039 4233 conclusio,
1104 4162 1171 4225 dc
1227 4162 1636 4239 fida—Dico
1672 4182 1763 4225 se-

198 4254 405 4315 cundo
428 4270 445 4314 ε
471 4259 692 4331 praeter
721 4254 937 4325 Deum,
970 4256 1158 4315 etiam
1190 4254 1509 4334 proximus
1530 4256 1606 4315 ad
1634 4275 1764 4316 ma-

196 4346 419 4407 teriale
440 4345 749 4424 objectum
776 4346 1093 4407 charitatis
1115 4353 1366 4426 spectat.
1390 4350 1495 4409 Est
1518 4348 1594 4409 de
1616 4349 1760 4424 fide,

202 4447 233 4505 1
264 4443 445 4503 Joan.
478 4444 557 4503 4:
586 4441 667 4505 Si
691 4442 1007 4521 diliqimus
1036 4443 1314 4519 invicem,
1341 4443 1609 4509 char-itas
1633 4446 1764 4524 ejus

197 4539 269 4598 in
292 4536 461 4597 nobis
484 4541 591 4599 est.
621 4535 801 4597 Ratio
836 4541 950 4609 est,
982 4536 1126 4613 quia
1162 4536 1479 4614 proximus
1507 4544 1595 4597 est
1615 4536 1763 4616 quid

198 4629 332 4703 Dei,
360 4630 663 4708 particeps
694 4624 1091 4688 heatitudiuis
1121 4630 1288 4707 ejus3
1326 4629 1404 4689 ad
1424 4628 1760 4707 perfectam

198 4728 407 4783 autem
443 4720 779 4780 amicitiam
823 4726 1055 4799 spectat
1096 4738 1220 4781 non
1252 4719 1472 4780 *solum
1503 4721 1759 4799 diligere

198 4832 370 4889 eum,
404 4828 545 4873 cum
588 4831 711 4893 quo
758 4814 1054 4893 primario
1111 4818 1172 4873 et
1228 4832 1339 4895 per
1378 4832 1441 4874 se
1485 4814 1761 4874 amicitia

198 4907 610 4980 contrahitur,
638 4906 740 4967 sed
768 4907 983 4981 etiam,
1006 4907 1245 4967 ratione
1287 4906 1473 4981 illius,
1502 4926 1574 4967 ea
1622 4926 1759 4987 quae

194 5000 281 5062 ad
304 5001 509 5081 ipsum
539 5006 841 5079 spectant,
866 5009 934 5059 ut
962 5000 1211 5074 amicOS,
1237 4998 1420 5073 filios,
1451 5006 1567 5060 etc.

282 5096 339 5154 3.
387 5094 741 5167 Proximm,
772 5092 962 5155 omnis
1006 5094 1335 5155 rationalis
1373 5099 1763 5157 creatura.—

194 5190 361 5250 Item
386 5184 667 5250 Christus
694 5183 1354 5260 Dominus.-—Quaeres
1371 5192 1580 5247 tamen
1611 5186 1763 5267 quid

193 5278 587 5359 intelligatur
643 5280 897 5339 nomine
950 5278 1240 5358 proximi.
1283 5280 1711 5359 Respondetur
1742 5296 1758 5341 ε

192 5394 309 5455 per
326 5392 392 5434 se
422 5372 625 5433 omnis
654 5372 971 5433 rationalis
998 5379 1277 5433 creatura
1302 5392 1439 5452 quae
1459 5380 1548 5433 est
1571 5391 1763 5453 capax

196 5466 623 5528 beatitudinis,
658 5468 748 5526 lta
776 5466 1185 5544 Augustinus,
1220 5465 1262 5527 l.
1300 5470 1325 5526 1
1364 5466 1438 5526 de
1478 5468 1765 5529 Doctrina

198 5562 565 5638 christiana,
596 5580 649 5623 c.
682 5563 785 5641 23,
810 5560 891 5623 26
920 5566 983 5622 et
1014 5560 1125 5635 303
1154 5565 1215 5621 et
1242 5560 1349 5623 alii
1378 5562 1610 5641 Patres,
1632 5562 1759 5647 qui,

3288 390 3408 456 633

1847 501 1993 563 licet
2045 502 2394 582 specialiter
2421 502 2754 583 loquantur
2782 500 2857 562 de
2885 502 3268 573 hominibuS,
3306 522 3410 563 ex-

1846 597 2022 657 tendi
2060 598 2122 658 id
2152 597 2341 657 etiam
2376 603 2576 677 potest
2601 598 2678 659 ad
2725 596 3018 675 AngeIOS,
3050 604 3119 657 ut
3143 598 3212 659 D.
3247 597 3410 658 Tho·

1846 708 2000 763 maS,
2029 693 2088 751 2.
2122 692 2184 766 Ξ,
2216 710 2278 771 q.
2307 691 2411 765 25,
2446 697 2564 753 art.
2601 694 2701 765 10,
2738 692 2938 764 docet,
2971 697 3031 751 et
3077 690 3185 752 alii
3211 690 3413 753 Theo-

1844 782 1996 861 logi,
2030 782 2096 843 in
2129 786 2188 861 3,
2215 784 2357 846 dist.
2393 786 2496 860 28,
2527 798 2589 844 et
2617 784 2862 859 meritc,
2896 784 3043 863 quia
3071 790 3161 843 est
3191 785 3407 846 eadem

1846 877 2102 939 omnino
2149 878 2331 939 ratio.
2387 878 2473 939 De
2525 878 2790 938 inimicis
2834 877 3163 955 diligendis
3218 876 3405 952 infra,

1844 970 2002 1050 disp.
2037 973 2100 1045 5,
2126 976 2272 1032 sect.
2309 976 2367 1034 5.
2418 971 2589 1034 Adde
2622 973 2878 1032 nomine
2925 970 3195 1050 proximi
3229 969 3411 1031 intel-

1843 1062 1956 1143 ligi
1987 1064 2175 1125 etiam
2200 1066 2536 1141 Christum,
2573 1072 2641 1126 ut
2669 1064 3014 1138 hominem,
3041 1065 3188 1145 quia
3227 1070 3302 1125 ut
3327 1065 3412 1125 sic

1847 1168 1938 1222 est
1957 1162 2231 1241 ejusdem
2257 1169 2495 1223 naturae
2531 1160 2876 1236 nobiscum,
2893 1168 2951 1224 et
2982 1179 3232 1224 consors
3250 1160 3410 1239 ejus-

1846 1253 1988 1315 dem
2007 1254 2614 1334 beatitudinisssquod
2642 1260 2861 1316 notant
2886 1256 3079 1315 sancti
3104 1254 3314 1315 Patres
3341 1254 3410 1314 in

1844 1348 2139 1428 parabola
2163 1348 2559 1425 Samaritani,
2582 1351 2732 1410 Luc.
2768 1350 2867 1426 10,
2898 1354 2957 1411 et
2999 1349 3310 1425 Doctores,
3343 1347 3412 1408 in

1844 1446 1907 1516 4,
1945 1441 2088 1503 dist.
2126 1446 2185 1505 ¹.

1924 1538 1986 1597 4.
2037 1533 2301 1617 objectio
2341 1538 2668 1618 prima.--
2701 1537 3108 1601 Secunda.—
3139 1535 3407 1614 Solimo,

1844 1634 2108 1695 cumdem
2145 1633 2266 1696 sibi
2295 1634 2650 1713 prozimum
2683 1632 2868 1694 ctiam
2901 1649 3146 1695 csse.-—
3190 1630 3296 1693 Aa
3321 1648 3411 1693 so-

1844 1726 2104 1787 cundam
2135 1726 2536 1804 objectionem,
2559 1730 2899 1805 peccatores
2930 1742 3055 1787 esso
3075 1721 3406 1804 proximos.

1842 1851 1927 1867 -
1948 1816 2110 1891 Quid
2132 1820 2201 1881 dc
2221 1819 2638 1882 damnatis.—
2655 1817 2860 1879 Dices:
2895 1835 3044 1895 ergo
3072 1817 3203 1897 ipse
3222 1817 3410 1878 homo

1846 1910 2117 1989 diligens
2163 1928 2227 1971 se
2285 1911 2737 1989 com-putandus
2783 1916 2876 1971 est
2903 1912 3070 1971 inter
3097 1911 3411 1990 proximos

1845 2003 2215 2082 diligendos.
2259 2004 2426 2084 quod
2470 2004 2715 2065 videtur
2747 2004 2994 2079 falsum,
3035 2003 3181 2084 quia
3222 2003 3410 2064 homo

1847 2116 1974 2159 non
2003 2104 2094 2159 est
2123 2098 2240 2159 sibi
2269 2098 2625 2177 proximus;
2653 2106 2714 2160 et
2743 2098 3100 2176 Gregorius,
3125 2098 3294 2158 hom.
3331 2100 3408 2159 17

1846 2192 1911 2252 in
1942 2190 2268 2269 Evangel.,
2298 2193 2385 2251 ait
2409 2191 2772 2253 charitatem
2803 2193 2870 2251 in
2900 2191 3094 2253 alium
3126 2191 3404 2267 tendere,

1846 2293 1917 2347 ut
1939 2285 2204 2345 charitas
2231 2302 2356 2345 esse
2383 2286 2592 2364 possit.
2625 2286 2931 2361 Secunde,
2963 2292 3302 2365 peccatores
3349 2292 3412 2346 et

1848 2378 2158 2440 daemoues
2181 2379 2666 2441 continebuntur
2691 2378 2804 2439 suh
2827 2379 2944 2440 hoc
2967 2378 3232 2459 object0.
3267 2379 3412 2440 Res-

1848 2474 2158 2555 pondetur
2187 2473 2264 2535 ad
2292 2474 2591 2554 primum,
2623 2474 3037 2549 eoncedendO,
3069 2475 3119 2535 si
3146 2474 3410 2553 perfecte

1848 2587 1913 2631 se
1971 2568 2156 2631 homo
2224 2569 2444 2648 diligat
2509 2572 2759 2651 propter
2807 2572 2998 2631 Deum
3021 2616 3039 2645 ,
3088 2570 3216 2630 imo
3275 2576 3412 2648 post

1848 2666 2067 2740 Deum,
2099 2664 2299 2745 magis
2329 2664 2489 2727 circa
2517 2664 2637 2726 hoc
2683 2665 2995 2744 objectum
3043 2662 3408 2724 charitatem

1847 2776 1977 2818 esse
2038 2776 2226 2835 quam
2286 2758 2448 2819 cirea
2493 2758 2616 2819 alia
2627 2775 2646 2836 3
2679 2776 2821 2819 cum
2881 2775 3026 2819 vero
3075 2755 3409 2833 Gregorius

1846 2850 1998 2912 dicit
2027 2852 2388 2914 charitatem
2418 2853 2670 2914 tendere
2708 2852 2777 2912 in
2808 2851 3025 2927 alium,
3055 2850 3411 2928 intelligen-

1847 2948 1961 3008 dus
1989 2954 2100 3023 est,
2131 2956 2315 3027 prout
2341 2948 2529 3009 habet
2575 2950 2882 3009 rationem
2911 2948 3224 3027 propriam
3253 2946 3409 3007 ami-

1847 3042 2030 3115 citiae,
2070 3048 2133 3102 et
2191 3049 2472 3103 versatur
2525 3041 2690 3101 circa
2747 3041 3017 3121 primum
3073 3040 3406 3118 objectum,

1847 3152 1988 3195 cum
2019 3152 2142 3213 quo
2165 3134 2298 3195 haec
2327 3134 2602 3195 amicitia
2631 3134 3016 3195 contrahitur
3025 3156 3043 3208 ς
3071 3134 3137 3192 in
3165 3150 3286 3209 quo
3319 3138 3410 3193 est

1848 3229 2122 3289 notanda
2151 3228 2499 3289 differentia
2530 3230 2691 3288 inter
2726 3228 3002 3287 divinam
3043 3225 3406 3300 amicitiam,

1848 3328 1910 3381 et
1939 3321 2279 3382 humanam
2301 3344 2317 3396 3
2344 3340 2490 3382 nam
2523 3321 2639 3383 etsi
2663 3321 2941 3381 amicitia
2961 3320 3240 3380 humana
3257 3318 3408 3379 velit

1846 3414 2086 3475 bonum
2143 3415 2342 3476 amico
2392 3420 2646 3494 propter
2693 3415 2925 3493 ipsum,
2952 3418 3166 3473 tamen
3219 3412 3409 3473 homo

1845 3524 1972 3567 nou
2003 3526 2068 3567 se
2095 3507 2299 3585 diligit
2347 3515 2599 3587 propter
2643 3509 2945 3591 amicum,
2981 3523 3181 3584 neque
3233 3521 3410 3565 amor

1847 3600 1945 3660 sui
1999 3607 2209 3661 manat
2253 3620 2332 3663 ex
2365 3618 2578 3663 amore
2609 3600 2822 3675 amici3
2871 3599 3024 3677 quin
3063 3600 3264 3679 potius
3309 3596 3411 3659 hic

1847 3712 2025 3755 amor
2051 3695 2340 3773 supponit
2383 3694 2588 3768 illum,
2620 3699 2682 3753 et
2722 3712 2833 3772 per
2887 3692 3064 3752 illum
3101 3691 3407 3771 quodam-

1846 3786 2032 3847 modo
2069 3786 2390 3862 regulatur
2408 3809 2426 3860 ;
2458 3806 2608 3847 nam
2641 3786 2941 3847 debemus
2969 3786 3226 3862 diligere
3256 3782 3408 3845 ami-

1846 3899 1970 3951 c05,
1997 3880 2154 3939 sicut
2187 3898 2299 3941 nos
2327 3881 2528 3959 ipsos;
2561 3888 2626 3941 at
2656 3880 2870 3941 diviua
2909 3879 3184 3939 amicitia
3209 3896 3318 3956 per
3343 3895 3408 3938 se

1842 3974 2050 4052 primo
2100 3972 2300 4033 tendit
2341 3975 2408 4034 in
2439 3975 2654 4047 Deum,
2685 3978 2749 4035 et
2776 3970 2920 4033 inde
2968 3970 3310 4033 reflectitur
3339 3970 3406 4030 iu

1841 4072 2154 4127 amantem
2180 4082 2198 4141 ;
2223 4072 2286 4126 et
2310 4072 2628 4145 propterea
2644 4065 2746 4126 hic
2769 4082 2947 4125 amor
2972 4070 3061 4123 est
3091 4062 3408 4123 charitatis

1842 4165 1904 4222 et
1930 4159 2241 4234 amicitias,
2274 4159 2518 4219 etiamsi
2549 4159 2629 4219 sit
2655 4176 2831 4219 amor
2865 4158 2995 4229 sui;
3030 4175 3205 4216 amor
3240 4175 3273 4217 e
3320 4157 3407 4215 im

1844 4252 1962 4326 sui,
1997 4254 2108 4333 qui
2148 4271 2224 4314 ex
2255 4252 2500 4332 propria
2529 4251 2968 4313 commoditate
2999 4250 3296 4325 nascitur,
3329 4250 3407 4309 ad

1844 4364 2120 4407 amorem
2166 4345 2672 4425 concupiscentiae
2724 4349 3002 4422 spectat;
3046 4350 3110 4401 at
3153 4341 3260 4402 ille
3300 4341 3409 4421 qui

1844 4439 2118 4501 nascitur
2147 4456 2224 4498 ex
2255 4456 2466 4499 amore
2508 4438 2639 4511 Dei,
2658 4437 2733 4497 ad
2764 4436 3125 4499 charitatem
3148 4440 3402 4515 spectat,

1844 4539 1915 4593 ut
1940 4531 2115 4591 docet
2151 4532 2220 4591 D.
2263 4530 2555 4605 OE'homaS,
2603 4533 2662 4591 Ξ.
2705 4534 2768 4603 2,
2808 4549 2869 4609 q.
2917 4530 3018 4601 25,
3051 4534 3167 4588 art.
3221 4528 3280 4588 4.
3314 4528 3406 4587 Ad

1843 4625 2184 4685 secuudum
2213 4624 2652 4704 respondetur,
2686 4624 2873 4683 etiam
2903 4628 3248 4703 peccatores
3280 4638 3406 4681 esse

1842 4717 2186 4795 diligendos
2231 4733 2304 4778 ex
2362 4718 2683 4791 charitate,
2713 4734 2840 4777 nou
2885 4716 3126 4776 ratione
3181 4713 3405 4793 culpae,

1843 4813 1945 4873 sed
1976 4813 2216 4875 ratione
2265 4819 2526 4889 naturae,
2567 4832 2678 4893 per
2731 4828 2919 4890 quam
2959 4815 3103 4871 sunt
3156 4826 3408 4889 capaces

1843 4905 2070 4966 divinae
2095 4904 2412 4981 bonitatis„
2444 4912 2515 4966 ut
2562 4906 2788 4985 passim
2837 4904 3093 4965 tradunt
3119 4902 3406 4983 Augusti-

1840 5017 1962 5059 nus
2007 5004 2069 5059 et
2125 5000 2562 5078 Hieronymus.
2609 4996 3005 5059 observanda
3053 5002 3262 5056 autem
3313 4999 3408 5055 est

1842 5092 2192 5153 differentia
2219 5093 2383 5152 inter
2431 5098 2779 5171 peccatores
2833 5091 3100 5151 viatores
3135 5096 3192 5149 et
3231 5087 3404 5148 dam-

1842 5195 2052 5264 natos3
2081 5206 2229 5249 nam
2257 5188 2347 5248 illi
2371 5188 2728 5266 simpliciter
2755 5193 2896 5247 sunt
2930 5204 3183 5265 capaces
3216 5184 3408 5246 bono·

1844 5300 1986 5343 rum
2021 5280 2608 5365 supernaturalium,
2645 5280 2811 5341 uude
2841 5285 3095 5359 possunt
3123 5277 3400 5339 absolute

1845 5382 1908 5436 et
1936 5376 2260 5435 efficaciter
2286 5375 2518 5446 amari3
2552 5380 2616 5433 at
2656 5392 2803 5435 vero
2833 5374 3109 5434 damnati
3143 5377 3289 5432 sunt
3312 5372 3405 5430 iu-

1847 5488 2100 5547 capaces
2130 5469 2354 5529 horum
2408 5468 2739 5544 bonorum,
2771 5476 2833 5529 et
2864 5466 3002 5527 ideo
3048 5465 3404 5545 simpliciter

1847 5562 2026 5649 diligi
2053 5568 2371 5643 nequeunt
2401 5580 2610 5624 amore
2634 5563 2900 5645 perfecto
2921 5558 3266 5637 charitatis,
3285 5556 3404 5623 etsi
