3900 6217
1046 424 1213 476 SECT.
1252 427 1311 476 X.
1348 425 1507 488 Quos
1539 423 1852 478 EFFEc‘rus
1884 423 2134 476 usal-:AT
2167 423 2365 475 Ac‘rus
2398 421 2580 474 Flnm.

204 525 541 601 tinuimus,
584 527 729 605 quia
770 525 925 587 fides
976 525 1175 586 solum
1203 525 1403 587 tendit
1436 526 1514 586 ad
1556 526 1778 587 verita-

206 626 367 695 tem,
410 633 551 699 quae
610 624 812 700 potest
840 637 948 699 per
974 618 1283 680 naturalia
1328 620 1505 697 signa
1544 619 1611 679 in
1656 617 1779 678 iuis

206 712 403 774 rebus
427 713 639 792 aliquo
662 713 847 774 modo
870 712 1101 774 ostendi
1124 728 1147 790 3
1171 731 1310 792 spes
1336 718 1546 773 autem
1580 712 1775 788 nulla,

210 821 421 884 neque
442 807 673 881 infusa,
708 824 907 884 neque
934 804 1251 878 naturalis
1284 811 1496 866 manet
1518 806 1585 866 in
1606 805 1781 865 dam-

212 903 381 962 natis
414 901 578 962 circa
618 899 1089 974 beatitudinem,
1138 900 1284 978 quia
1313 916 1451 978 spes
1488 899 1686 960 fertur
1712 901 1779 959 in

212 993 455 1056 honum
494 993 811 1074 possibile3
842 991 1157 1054 beatitudo
1184 1001 1392 1053 autem
1441 991 1617 1054 nullo
1650 1009 1781 1052 mo·

212 1085 323 1162 do,
348 1085 807 1166 supernaturali
830 1087 925 1146 vel
954 1086 1251 1162 naturali,
1272 1085 1619 1150 ostenditur
1644 1103 1781 1164 pos-

210 1179 415 1243 sibilis
440 1181 507 1242 in
530 1181 859 1242 damnatis.
872 1180 1147 1260 Denique
1172 1181 1252 1242 ad
1280 1182 1583 1243 rationem
1617 1185 1786 1260 patet

210 1273 539 1352 responsio
562 1291 644 1335 ex
682 1273 860 1334 dictis
875 1288 896 1350 ;
940 1291 1085 1333 nam
1137 1274 1429 1336 revelatio
1474 1273 1783 1353 praeterita

210 1384 347 1428 non
374 1367 603 1428 sufficit
626 1367 707 1428 ad
739 1383 920 1428 usum
946 1367 1093 1428 fidei
1136 1368 1203 1428 in
1260 1367 1366 1430 illo
1407 1373 1595 1440 statu,
1642 1383 1786 1444 pro·

212 1466 361 1536 nter
386 1477 643 1539 pravam
667 1459 1130 1539 dispositionem
1171 1459 1529 1522 voluntatis.
1561 1459 1785 1519 Videa-

206 1559 323 1614 tur
344 1555 513 1616 circa
534 1553 653 1614 hoc
685 1559 983 1634 punctum
1004 1554 1083 1615 de
1118 1554 1241 1616 fide
1264 1553 1640 1628 daemonum,
1668 1552 1779 1614 lib.

208 1648 257 1708 8
276 1647 361 1710 de
384 1647 665 1728 Angelis,
694 1649 877 1725 capit.
906 1647 968 1708 6.

850 1889 1065 1942 SECTIO
1096 1891 1159 1943 X.

470 2071 629 2147 Quos
670 2075 919 2155 effectus
956 2075 1161 2139 habeat
1191 2079 1363 2138 actus
1380 2075 1545 2156 fidei.

300 2301 362 2360 ¹.
428 2297 741 2362 Resolutio
788 2299 871 2360 D.
934 2299 1197 2362 mom.
1248 2329 1333 2346 --
1376 2298 1787 2371 Quaestionem

220 2397 387 2454 hanc
427 2399 647 2454 tractat
681 2394 747 2454 D.
798 2393 1087 2467 Thomas»,
1116 2394 1182 2454 in
1214 2396 1275 2455 2.
1313 2395 1375 2454 2.
1409 2411 1470 2472 q.
1512 2395 1588 2470 93
1616 2401 1681 2455 et
1724 2395 1789 2455 in

212 2505 469 2547 summa
494 2486 717 2548 tribuit
764 2487 907 2548 fidei
951 2487 1104 2548 duos
1142 2487 1393 2548 effectus
1437 2504 1454 2548 z
1490 2505 1651 2548 unus
1697 2495 1791 2550 cst

212 2580 434 2652 timor,
462 2598 545 2641 ex
583 2580 693 2640 illo
731 2580 1003 2642 Jaeohis
1041 2596 1058 2641 ι
1088 2583 1401 2644 Daemones
1428 2581 1701 2654 credunt,
1732 2585 1791 2644 et

218 2673 733 2745 mmmiscsnt;
752 2692 919 2743 nam,
948 2674 1087 2733 licet
1108 2673 1260 2733 fides
1282 2674 1637 2734 daemonum
1662 2692 1789 2734 non

218 2768 297 2826 sit
318 2767 557 2838 infusa,
586 2772 658 2826 nt
690 2767 845 2842 dixi,
882 2773 1088 2827 tamen
1138 2786 1217 2827 cx
1248 2767 1357 2827 illa
1398 2767 1667 2828 sumitur
1692 2786 1793 2826 ar·

224 2866 597 2938 gumentum
625 2879 664 2922 a
691 2860 881 2920 simili
914 2859 1013 2920 vel
1050 2859 1285 2922 fortiori
1318 2859 1557 2920 ratione
1572 2874 1592 2935 3
1634 2859 1791 2920 alter

228 2953 471 3016 effeetus
504 2960 603 3014 est
651 2954 995 3033 purificatio
1046 2953 1269 3028 cordis,
1318 2943 1395 3014 ex'
1424 2952 1533 3013 illo
1576 2953 1785 3014 Actor.

242 3051 311 3110 15
338 3065 356 3110 :
380 3047 531 3111 Rae
552 3049 907 3128 purificans
932 3047 1112 3110 corda
1139 3065 1361 3110 eoo-unt.

304 3146 361 3203 Ξ.
404 3143 633 3204 Prima
662 3143 988 3222 difficultas
1018 3148 1231 3204 contra
1264 3141 1531 3222 positam
1564 3141 1793 3204 resolu-

222 3239 461 3298 tinam.
482 3236 871 3298 -Secunda
932 3235 1305 3312 difficultas.
1333 3263 1417 3280 ·-
1442 3233 1678 3298 Tertia.
1709 3266 1793 3279 —

220 3331 350 3390 Non
408 3335 583 3390 caret
620 3336 833 3388 tamen
858 3327 995 3388 haec
1030 3327 1325 3388 resolutio
1368 3325 1576 3406 aliqua
1626 3325 1789 3387 diffi-

218 3423 465 3484 cultate.
492 3422 727 3496 Prim0,
750 3421 897 3500 quia
920 3426 1095 3482 actus
1122 3419 1266 3480 fidei
1294 3425 1387 3481 est
1416 3420 1789 3496 immanem,

218 3525 281 3576 ct
300 3535 383 3577 ex
402 3516 525 3576 bac
542 3521 719 3594 parte
738 3520 833 3574 est
860 3521 1031 3574 actus
1051 3513 1327 3588 ultimus»,
1344 3514 1589 3575 nullum
1606 3513 1793 3575 effee-

220 3615 353 3670 tum
384 3615 525 3688 post
552 3625 619 3669 se
662 3608 1040 3686 relinquens,
1064 3607 1244 3686 juxta
1276 3607 1623 3668 doctrinam
1648 3607 1793 3668 Phi·

216 3702 485 3782 losopffi,
532 3703 571 3764 9
614 3700 1115 3780 Metaphysicor„
1168 3719 1303 3779 cap.
1356 3701 1428 3776 ,9,
1486 3707 1639 3760 tvxt.
1686 3704 1787 3775 16,

225 3795 573 3874 praesertim
616 3794 767 3875 quia
820 3801 993 3854 actus
1038 3793 1183 3854 fidei
1218 3800 1311 3855 est
1362 3793 1649 3874 quaedam
1690 3811 1793 3854 co-

222 3889 423 3966 gnitio
452 3887 857 3967 spemilativa,
892 3887 1075 3966 juxta
1112 3886 1289 3962 illud,
1340 3889 1416 3947 ad
1452 3887 1787 3948 Colossens.

226 3985 265 4042 3
309 4003 327 4041 ε
372 3981 517 4046 Nos
546 3986 745 4045 autem
783 3980 1051 4044 revelata
1082 3981 1237 4060 facie
1260 3979 1523 4060 pluriam
1547 3979 1797 4040 Domini

223 4076 605 4157 speculantes
620 4101 645 4147 ,·
684 4080 747 4136 et
786 4075 865 4134 ad
898 4073 1083 4134 Hebr.
1139 4076 1211 4134 Η
1254 4093 1269 4132 :
1304 4071 1453 4135 Fido
1498 4073 1797 4135 oredimus

226 4175 439 4252 aptata
468 4187 597 4232 esee
621 4169 856 4232 eoeoula-
874 4169 1047 4231 verbo
1074 4169 1190 4231 Dei
1202 4193 1229 4242 ;
1258 4185 1329 4228 ac
1350 4166 1616 4244 denique
1648 4167 1797 4243 quia

228 4283 333 4344 per
360 4269 551 4325 secat
576 4263 852 4341 cognitio
879 4263 986 4323 Dei
1032 4280 1175 4341 quae
1218 4267 1311 4322 est
1351 4260 1621 4321 maxime
1662 4277 1797 4339 spe·

228 4357 537 4430 eulativa3
566 4357 841 4435 cognitio
879 4362 1089 4417 autem
1134 4353 1507 4434 speculativa
1543 4370 1672 4414 non
1700 4359 1793 4413 est

228 4449 551 4530 operativa
566 4466 587 4527 3
624 4467 777 4527 ergo
800 4467 1003 4527 neque
1040 4448 1307 4526 cognitio
1338 4445 1485 4507 fidei
1504 4446 1623 4507 erit
1650 4463 1793 4524 ope-

226 4543 449 4619 rativa,
498 4561 575 4603 ac
600 4542 864 4602 subinde
894 4541 1142 4602 nullum
1177 4539 1405 4618 poterit
1450 4538 1679 4599 hahere
1706 4537 1795 4598 et'-

220 4639 483 4700 rectum.
516 4636 822 4710 Secundo,
849 4636 915 4695 in
944 4641 1207 4712 utroque
1223 4633 1447 4693 eflectu
1472 4649 1511 4691 a
1542 4633 1609 4690 D.
1632 4630 1795 4691 Tho-

216 4749 325 4792 ma
372 4731 579 4810 posito
614 4728 885 4790 occurrit
910 4727 1280 4801 difficultas3
1319 4743 1465 4786 nam
1496 4725 1563 4784 in
1592 4725 1795 4803 primo

218 4827 297 4886 de
326 4825 559 4885 timore
586 4821 835 4897 dicitur,
861 4819 1265 4882 Ecclesiastici
1296 4821 1337 4879 2
1373 4836 1389 4878 2
1423 4816 1541 4892 Qui
1566 4819 1798 4880 timetis

226 4923 443 4993 Deum,
478 4916 701 4982 credite
740 4917 883 4991 illi,
918 4935 1067 4996 ergo
1094 4917 1285 4976 timor
1312 4920 1408 4975 est
1454 4931 1638 4974 causa
1666 4931 1801 4974 cre-

224 5013 440 5074 dendi.
488 5011 667 5074 Unde
710 5012 901 5072 etiam
938 5009 1342 5090 Augustinus,
1401 5005 1478 5066 de
1524 5007 1799 5067 Catechi-

227 5107 439 5168 zandis
466 5103 755 5178 rudibus,
784 5121 924 5182 cap.
956 5104 1019 5178 5,
1048 5103 1205 5162 dixit
1232 5099 1457 5160 multos
1484 5099 1693 5160 venire
1716 5099 1799 5159 ad

229 5199 439 5273 fidem,
482 5198 715 5258 timore
754 5196 863 5256 Dei
886 5199 1237 5274 permotos3
1268 5209 1419 5270 ergo
1447 5208 1575 5251 non
1600 5198 1801 5270 potest

230 5294 415 5352 timor
438 5307 575 5351 ase
594 5288 854 5349 effectus
882 5288 1053 5349 fidei.
1084 5287 1155 5348 In
1183 5284 1377 5346 altero
1404 5302 1551 5345 vero
1578 5284 1799 5346 effectu

230 5385 503 5446 occurrit
531 5383 747 5444 statim
768 5381 1101 5444 difficultas
1120 5379 1201 5442 de
1223 5378 1662 5456 iustificatione
1688 5395 1801 5458 per

234 5479 457 5552 {idean
498 5495 630 5538 non
658 5477 831 5538 enim
861 5474 1139 5556 purificat
1168 5492 1295 5548 cor,
1332 5472 1453 5533 nisi
1495 5491 1643 5532 vera
1666 5473 1799 5550 jus·

234 5575 399 5653 titia;
438 5589 595 5652 ergo
622 5571 675 5632 si
703 5569 861 5631 fides
908 5567 1195 5650 purificat
1222 5584 1349 5642 cor,
1392 5564 1541 5627 fides
1572 5564 1803 5644 justifi-

3303 413 3413 475 201

1860 530 2002 600 cat,
2057 525 2167 604 qui
2206 530 2296 587 est
2335 541 2506 585 error
2555 523 2992 584 haereticorum
3037 521 3227 602 hujus
3267 525 3425 583 tem-

1862 617 2048 697 poris.
2067 618 2298 692 Tertio,
2325 633 2640 694 possumus
2668 617 2957 695 objicere,
2990 616 3136 695 quia
3151 615 3200 676 si
3217 615 3426 693 aliquo

1862 711 2048 772 modo
2087 716 2234 771 sunt
2261 711 2514 772 effectus
2545 709 2852 770 tribuendi
2883 707 3054 782 fidei,
3085 725 3210 768 non
3239 713 3427 768 erunt

1860 809 2106 864 tantum
2138 802 2452 864 tribuendi
2488 802 2582 863 illi
2630 801 2777 878 duo,
2823 801 2930 862 sed
2975 802 3164 862 etiam
3219 800 3424 879 plures

1860 896 1970 956 alii
1995 917 2012 970 3
2060 913 2208 958 nam
2273 895 2580 976 imprimis
2643 894 2870 956 Paulus
2916 895 3004 955 ait
3061 893 3246 956 fidem
3301 911 3428 957 esse

1861 989 2268 1053 substantiam
2295 1008 2501 1052 rerum
2527 991 3006 1068 sperandarum:
3053 1006 3200 1066 ergo
3233 988 3422 1048 etiam

1861 1103 2002 1164 spes
2041 1089 2132 1144 est
2171 1084 2422 1146 effectus
2449 1083 2613 1144 fidei.
2660 1085 2811 1144 Item
2855 1083 3213 1144 Coelestinus
3237 1084 3422 1160 Papa,

1864 1177 2122 1256 epistola
2148 1178 2349 1256 prima
2375 1177 2454 1237 ad
2489 1177 2812 1256 Episcopos
2833 1176 3018 1250 Gau„
3045 1194 3178 1255 cap.
3217 1177 3310 1248 12,
3333 1175 3424 1235 di·

1864 1271 1947 1331 cit
1973 1271 2186 1332 omnia
2234 1270 2490 1330 honesta
2539 1269 2762 1346 studia,
2808 1275 2870 1329 et
2917 1269 3196 1329 omnium
3233 1269 3426 1330 virtu·

1864 1369 2000 1424 tum
2033 1365 2166 1443 pias
2193 1363 2464 1424 actiones
2487 1381 2565 1423 ex
2591 1362 2711 1424 fide
2740 1361 3080 1442 proficisci3
3110 1368 3171 1423 et
3190 1363 3430 1439 Augus-

1866 1457 2057 1530 tinus,
2107 1474 2392 1518 sermone
2421 1457 2500 1517 10
2549 1456 2626 1516 de
2667 1455 2885 1516 Verbis
2918 1454 3217 1532 Apostoli,
3265 1453 3430 1515 inter

1863 1550 2116 1613 effectus
2133 1549 2274 1613 fidei
2303 1552 2479 1631 ponit
2501 1567 2716 1612 omnes
2741 1550 3166 1630 dispositiones
3190 1548 3266 1610 ad
3287 1565 3428 1626 gra-

1862 1644 2037 1706 tiam.
2081 1643 2158 1705 Et
2189 1643 2445 1723 epistola
2475 1645 2594 1706 105
2633 1649 2696 1704 et
2722 1647 3078 1718 107,·omne
3111 1643 3426 1716 meritum,

1862 1738 1994 1798 sive
2040 1738 2380 1818 perfectum
2439 1738 2565 1798 sive
2615 1737 3045 1817 imperiectum
3097 1753 3228 1796 esse
3279 1733 3430 1796 fidei

1865 1831 2190 1906 effectum3
2233 1838 2297 1892 et
2323 1833 2414 1893 ita
2451 1831 2640 1893 etiam
2673 1831 2969 1892 miracula
2995 1835 3314 1910 ponuntur
3340 1829 3428 1889 ef-

1864 1925 2060 1987 fectus
2089 1925 2255 2002 fidei,
2285 1931 2590 2006 quatenus
2632 1942 2740 2005 per
2769 1924 2940 1985 illam
2970 1925 3424 2002 impetrantur-3

1866 2036 1980 2080 cur
2034 2036 2182 2099 ergo
2229 2019 2356 2080 duo
2399 2025 2642 2079 tantum
2690 2017 2942 2079 effectus
3007 2015 3097 2078 illi
3145 2015 3429 2076 tribuun-

1866 2119 1970 2172 tur
1990 2114 2018 2172 ἲ

1949 2208 2010 2268 3.
2055 2203 2327 2270 Assertio
2347 2206 2558 2286 prima
2579 2233 2600 2266 .-
2633 2213 2806 2270 actm
2845 2203 2992 2283 fidei
3015 2203 3216 2266 nullos
3261 2204 3432 2266 habet

1868 2301 2116 2382 effectus
2137 2300 2446 2381 physicos,
2469 2301 2722 2381 proprie
2745 2299 3049 2380 loquendo.
3075 2327 3150 2342 —
3179 2297 3316 2357 Non
3341 2299 3432 2356 est

1868 2398 2080 2453 tamen
2107 2391 2356 2452 difficile
2385 2392 2481 2452 his
2511 2392 2883 2465 satisfacere,
2913 2409 3046 2452 rem
3075 2395 3270 2450 totam
3295 2388 3432 2450 brc-

1870 2487 2028 2546 viter
2047 2484 2434 2546 declarando.
2466 2485 2732 2546 Adverto
2755 2485 2949 2564 igitur
2968 2482 3211 2543 duobus
3233 2481 3432 2543 modis

1872 2596 2046 2658 posse
2085 2578 2348 2656 intelligi
2369 2585 2571 2638 actum
2601 2577 2746 2638 fidei
2773 2595 2900 2637 esse
2927 2593 3170 2638 causam
3195 2575 3434 2654 aliquo-

1872 2690 2012 2730 rum
2044 2670 2398 2746 effectuum,
2432 2671 2663 2732 scilicet
2687 2670 2784 2730 vel
2812 2671 3064 2750 physice
3095 2667 3192 2727 vel
3227 2684 3432 2727 mora-

1869 2765 2028 2824 liter.
2067 2766 2257 2826 Priori
2289 2764 2472 2826 modo
2501 2781 2626 2825 non
2659 2765 2856 2825 solent
2885 2769 3056 2824 actus
3081 2766 3432 2822 immanen-

1870 2865 1961 2918 tes
1987 2856 2215 2919 habere
2233 2858 2519 2938 physicos
2544 2857 2818 2932 effectus,
2849 2857 2969 2918 nisi
2997 2854 3097 2918 vel
3127 2859 3434 2935 quatenus

1871 2951 2220 3030 producunt
2248 2951 2516 3026 habitus,
2549 2952 2648 3012 vel
2693 2956 3000 3031 quatenus
3049 2967 3214 3010 unus
3259 2953 3433 3008 actus

1872 3050 2068 3124 potest
2097 3062 2224 3106 esse
2248 3063 2427 3106 causa
2454 3044 2731 3116 alterius,
2757 3045 2918 3105 sicut
2958 3059 3240 3104 assensus
3272 3057 3434 3120 prm·

1874 3138 2194 3199 missarum
2232 3145 2323 3199 cst
2361 3157 2545 3200 causa
2585 3155 2866 3199 assensus
2901 3135 3338 3209 conclusionis,
3371 3142 3434 3195 et

1870 3231 2134 3292 intentio
2169 3231 2308 3292 finis
2337 3238 2429 3292 est
2457 3249 2640 3292 causa
2671 3231 2991 3293 electionis
3029 3229 3241 3290 medii.
3268 3229 3431 3289 Neu-

1868 3330 1968 3384 tro
1993 3330 2198 3384 autem
2241 3343 2318 3385 cx
2347 3324 2444 3385 his
2471 3325 2668 3386 modis
2700 3340 3024 3404 possumus
3051 3322 3321 3401 aliquem
3345 3321 3436 3382 ef-

1871 3417 2103 3478 fectum
2141 3417 2462 3497 physicum
2517 3418 2788 3480 tribuere
2827 3417 2992 3479 actui
3017 3415 3166 3480 fidei
3214 3435 3324 3496 per
3367 3433 3433 3476 sc

1872 3529 1943 3572 ac
1973 3513 2216 3591 proprie
2254 3511 2581 3591 loquendo.
2615 3512 2768 3572 Nam
2805 3510 3110 3590 imprimis
3138 3525 3263 3569 non
3291 3525 3434 3589 pro-

1870 3603 2042 3665 ducit
2069 3605 2350 3665 habitum
2375 3606 2622 3684 proprie
2641 3609 2704 3664 et
2718 3604 3015 3679 effective,
3047 3603 3195 3683 quia
3215 3604 3282 3662 in
3305 3617 3436 3662 ma·-

1869 3697 2028 3758 tcria
2062 3698 2140 3758 dc
2175 3699 2406 3772 Gratia,
2443 3696 2552 3757 lib.
2589 3699 2652 3772 8,
2703 3713 2836 3776 cap.
2889 3698 2954 3771 4,
2997 3703 3308 3756 ostensum
3343 3700 3436 3754 est

1872 3789 2121 3851 habitus
2139 3791 2637 3870 supernaturales
2665 3797 2726 3852 et
2747 3789 2986 3850 infusos
3014 3806 3138 3849 non
3165 3787 3300 3849 fieri
3328 3803 3438 3865 per

1875 3902 2020 3944 suos
2046 3890 2248 3958 actus3
2281 3883 2528 3944 habitus
2547 3888 2753 3946 autem
2785 3883 2931 3943 fidei
2953 3881 3435 3961 supernaturalis

1876 3983 1990 4053 est,
2018 3985 2079 4038 et
2101 3995 2211 4057 per
2239 3994 2304 4038 se
2333 3976 2595 4055 infusus,
2625 3982 2695 4037 ut
2719 3975 2998 4057 sequenti
3019 3974 3434 4054 disputatione

1875 4070 2174 4131 dicemus.
2213 4071 2416 4132 Potest
2463 4079 2671 4130 autem
2718 4076 2886 4130 actus
2933 4067 3077 4130 fidei
3113 4067 3436 4146 disponere

1876 4164 1956 4225 ad
1991 4164 2273 4224 habitum
2307 4181 2514 4234 suum,
2551 4169 2613 4224 et
2654 4163 2744 4223 ita
2788 4161 2994 4223 vocari
3046 4179 3230 4222 causa
3255 4161 3430 4239 ejus;

1874 4259 1983 4320 illa
2011 4265 2220 4320 tamen
2249 4258 2571 4319 causalitas
2600 4259 2797 4336 magis
2827 4255 3073 4318 moralis
3108 4262 3222 4330 est,
3248 4271 3433 4334 quam

1874 4353 2153 4434 physica,
2187 4357 2254 4412 ut
2287 4353 2354 4412 in
2382 4353 2644 4413 materia
2673 4351 2862 4412 etiam
2889 4351 2966 4412 de
2991 4349 3220 4422 Gratia,
3251 4348 3436 4408 citato

1870 4447 2090 4521 libero,
2117 4463 2252 4525 cap.
2287 4447 2346 4521 5,
2377 4445 2711 4507 declaravi.
2743 4444 2976 4528 Deinde
3012 4459 3226 4502 omnes
3264 4446 3438 4502 actus

1871 4540 2018 4602 fidei
2046 4538 2399 4600 immediate
2427 4545 2490 4599 et
2518 4538 2838 4617 aequaliter
2877 4536 3218 4597 fundantur
3243 4535 3309 4596 in
3343 4551 3440 4594 rc-

1875 4633 2182 4694 velatione
2216 4631 2451 4708 divina,
2479 4637 2542 4691 et
2567 4631 2706 4691 ideo
2729 4647 2891 4691 unus
2922 4647 3045 4690 non
3080 4634 3172 4690 est
3191 4627 3436 4707 proprie

1876 4743 2056 4787 causa
2084 4725 2358 4800 alterius,
2402 4724 2548 4802 quia
2581 4741 2691 4803 per
2715 4724 3058 4784 discursum
3083 4739 3210 4781 nou
3247 4719 3432 4794 flunt,

1876 4818 1982 4880 sed
2003 4835 2217 4878 omnes
2245 4822 2388 4877 sunt
2417 4817 2774 4878 immediate
2799 4816 2878 4876 ab
2926 4814 3168 4890 habitu,
3199 4811 3298 4873 vel
3327 4829 3438 4872 au-

1876 4911 2049 4986 xilio,
2083 4918 2146 4972 et
2186 4911 2326 4971 ideo
2349 4912 2418 4970 in
2447 4909 2568 4972 fide
2617 4927 2745 4970 non
2791 4909 2972 4969 datur
3009 4907 3230 4986 aliquis
3263 4916 3438 4966 actus

1879 5005 1988 5084 qui
2013 5004 2093 5065 sit
2113 5005 2397 5084 proprius
2415 5004 2669 5065 effectus
2688 5001 2978 5082 physicus
2997 5001 3252 5062 alterius
3263 5005 3440 5060 actus

1878 5098 2042 5159 fidei.
2077 5098 2276 5157 Dices:
2331 5097 2644 5158 interdum
2675 5101 2874 5176 potest
2899 5113 2976 5157 ex
2997 5093 3342 5156 assensibus
3369 5092 3443 5154 fi·

1879 5192 1982 5252 dei
2013 5189 2151 5251 elici
2179 5205 2462 5252 assensus
2492 5190 2756 5269 alicujus
2803 5188 3214 5250 conclusionis
3231 5203 3250 5264 ;
3291 5203 3442 5264 ergo

1879 5283 1986 5345 ille
2013 5285 2134 5344 erit
2169 5284 2450 5364 proprius
2481 5284 2734 5346 effectus
2757 5282 2923 5343 fidei.
2979 5281 3358 5360 Respondeo,
3387 5280 3442 5340 si

1880 5378 2112 5457 priores
2141 5393 2426 5438 assensus
2456 5377 2655 5438 solum
2705 5379 3079 5436 concurrant
3122 5373 3201 5433 ad
3243 5373 3440 5453 appli-

1879 5470 2144 5532 candum
2187 5470 2564 5531 sufficienter
2609 5467 2919 5545 objectum
2963 5464 3108 5526 fidei
3156 5472 3442 5545 respectu

1880 5563 2134 5626 alterius
2173 5571 2380 5640 actus,
2415 5568 2566 5624 tunc
2590 5559 2768 5622 illum
2813 5577 2942 5622 nou
2973 5575 3108 5622 esse
3151 5559 3440 5621 effectum
