3900 6217
527 341 650 404 562

531 447 788 509 relicum
821 448 1013 509 etiam
1041 453 1187 509 ante
1229 447 1602 508 sententiam
1631 446 1876 508 tradere
1926 446 2095 508 bona

533 559 646 601 sua
675 537 844 602 fisi-0.
871 543 960 602 ltu
989 541 1191 600 tenuit
1213 540 1541 614 Adrianus,
1571 539 1850 620 quodlib.
1873 541 1935 614 6,
1970 545 2089 600 art.

531 639 590 708 1,
625 635 812 696 litter.
847 639 907 710 1,
933 641 996 694 et
1022 637 1300 714 sequitur
1349 635 1636 713 Sylvest„
1668 633 1839 695 verb.
1873 635 2097 697 Παννυ-

532 731 645 801 sie,
691 739 904 806 quaest.
936 730 976 790 8
998 774 1017 803 ‚
1053 736 1115 788 et
1141 727 1310 790 verb.
1355 726 1744 799 Asa-aesinus,
1776 734 1993 807 quaest.
2028 727 2091 802 6,

531 837 594 882 et
621 822 788 882 verb.
814 823 1030 896 Poena,
1062 827 1282 899 quaest.
1313 823 1386 882 21
1410 838 1431 900 3
1462 827 1524 882 et
1553 821 1848 898 Angelus,
1875 821 2093 880 eodem

525 914 756 990 verbo,
787 931 1047 974 numero
1083 916 1145 974 3.
1185 914 1505 975 Fundatur
1546 913 1913 993 specialiter,
1943 914 2094 992 quia

531 1007 834 1067 sententia
865 1006 1064 1068 solum
1093 1007 1433 1086 requiritur
1461 1013 1532 1066 ut
1557 1006 1854 1067 delictum
1877 1011 1959 1066 sit
1981 1025 2093 1066 no-

527 1107 687 1174 tum,
728 1107 790 1160 et
819 1099 1070 1160 tollatur
1115 1101 1350 1161 occasio
1399 1099 1666 1160 faciendi
1710 1099 2087 1178 injustitias3

529 1193 632 1252 sed
657 1192 790 1252 haec
825 1193 984 1252 ratio
1021 1198 1218 1252 cessat
1247 1192 1496 1272 quando
1530 1191 1822 1252 delictum
1862 1198 1957 1252 est
1982 1209 2090 1271 pu·

529 1284 757 1346 blicum
787 1307 804 1360 3
835 1301 986 1362 ergo
1014 1303 1140 1344 non
1189 1291 1280 1346 est
1305 1303 1418 1346 cur
1445 1290 1802 1363 expectetur
1843 1292 2092 1346 senlen-

526 1378 636 1438 tia.
665 1377 743 1438 Et
769 1377 1193 1452 confirmatur,
1224 1395 1371 1438 nam
1409 1379 1460 1437 si
1497 1376 1680 1438 fiscus
1710 1383 1858 1436 tunc
1891 1377 2093 1438 aufer-

527 1483 624 1531 ret
663 1470 826 1530 bona
871 1470 952 1530 ab
1001 1469 1290 1530 haeretico
1337 1475 1484 1530 aute
1516 1470 1908 1544 sententiam,
1949 1468 2094 1531 licet

528 1563 786 1624 fortasse
819 1562 1138 1622 exc-ederet
1163 1563 1230 1622 in
1274 1562 1490 1637 modo,
1521 1566 1731 1622 tamen
1762 1562 1826 1621 in
1860 1579 1928 1622 re
1962 1579 2093 1624 non

527 1656 938 1716 committeret
981 1655 1371 1732 injustitiam,
1416 1671 1530 1715 nec
1555 1661 1871 1715 teneretur
1915 1655 2095 1715 resti-

527 1755 703 1810 tuere
731 1748 893 1809 bona
921 1748 1249 1824 boe1·etico3
1279 1765 1428 1827 ergo
1467 1750 1714 1827 signum
1759 1755 1849 1808 est
1887 1749 2091 1827 ipsum

530 1841 892 1902 haereticum
917 1859 1042 1902 non
1063 1841 1292 1903 babere
1307 1842 1414 1920 jus
1429 1841 1738 1903 retinendi
1765 1840 1930 1901 hona
1956 1841 2089 1917 illa,

530 1951 605 1996 ac
634 1934 890 2014 proinde
920 1935 1128 1995 statim
1173 1952 1246 1995 ac
1291 1935 1587 1996 delictum
1614 1934 1930 1995 notorium
1972 1939 2086 2010 est,

536 2029 732 2089 teneri
769 2027 1026 2089 reddere
1056 2028 1219 2089 bona
1247 2027 1414 2089 fisco.

609 2123 669 2184 3.
720 2121 934 2183 Tertia
981 2120 1180 2202 opinio
1217 2137 1384 2196 vora,
1411 2137 1663 2202 usqam,
1709 2125 1768 2184 et
1819 2121 2093 2183 certissi-

529 2231 652 2276 ma.
683 2245 764 2260 —-
786 2215 990 2275 Tertia
1018 2213 1349 2288 sententia,
1391 2219 1452 2273 et
1484 2229 1654 2290 vera,
1703 2220 1816 2289 est,
1845 2214 2095 2274 haereti-

529 2323 700 2381 cum,
733 2306 1010 2386 quiandiu
1055 2323 1164 2386 per
1213 2305 1584 2367 sententiam
1632 2323 1757 2366 non
1809 2315 1900 2368 est
1945 2325 2093 2368 con-

532 2399 879 2476 demnatus,
907 2406 1015 2459 aut
1041 2399 1384 2460 declaratus
1399 2400 1747 2475 haereticae,
1761 2399 1928 2479 juste
1959 2415 2094 2478 pos-

530 2493 753 2567 sidere,
787 2501 850 2553 et
875 2494 966 2553 uti
997 2493 1198 2568 bonis,
1231 2509 1346 2552 nec
1369 2493 1571 2553 teneri
1613 2493 1682 2554 in
1721 2492 2095 2554 conscientia

528 2603 592 2646 se
625 2585 744 2646 illis
773 2584 1058 2667 spoliare,
1091 2601 1200 2646 aut
1226 2586 1375 2645 fisco
1402 2585 1668 2647 tradere,
1696 2585 1840 2646 Haec
1883 2586 2095 2665 opinio

527 2679 1038 2740 communissima
1067 2687 1158 2740 est
1181 2685 1244 2740 ct
1281 2677 1694 2753 securissima,
1733 2679 1885 2740 etin
1915 2678 2094 2757 praxi

529 2774 852 2834 servanda.
897 2775 1095 2834 Tenet
1143 2774 1446 2853 cajetan„
1487 2776 1556 2832 in
1595 2773 1866 2844 Summ.,
1914 2771 2089 2833 verb.

531 2867 744 2940 Pana,
773 2872 836 2926 et
875 2867 935 2929 2.
969 2867 1032 2941 2,
1059 2874 1278 2946 quaest.
1308 2865 1410 2939 26,
1445 2872 1566 2926 art.
1600 2867 1671 2939 33
1704 2865 1961 2940 Victor„
1996 2883 2097 2928 ro·

526 2958 666 3020 lect.
711 2963 740 3019 1
791 2959 868 3020 de
907 2959 1094 3033 Indis,
1129 2977 1303 3020 num.
1335 2959 1376 3018 8
1413 2963 1476 3017 et
1513 2958 1910 3037 sequentibus
1922 2978 1942 3033 3
1984 2959 2095 3019 So-

529 3059 618 3128 to,
651 3053 696 3112 l.
727 3056 758 3112 1
788 3052 864 3112 de
891 3053 1127 3128 justit„
1159 3058 1381 3132 quoest.
1405 3053 1466 3123 6,
1500 3059 1618 3112 art.
1651 3054 1713 3126 6,
1741 3057 1879 3131 post
1905 3069 2095 3132 quar-

530 3151 659 3205 tam
689 3146 1190 3224 conclusionem3
1237 3143 1545 3214 Corduba,
1581 3143 1744 3206 libro
1795 3149 1826 3205 1
1887 3146 2093 3219 Quaes·

529 3241 782 3314 tionar.,
819 3245 1036 3319 quaest.
1072 3240 1150 3300 36
1167 3284 1188 3315 ,
1217 3241 1390 3318 opin.
1425 3241 1454 3297 1
1504 3244 1568 3298 et
1595 3239 1634 3298 3
1655 3253 1676 3315 3
1732 3237 1981 3313 Navar.,
2024 3239 2093 3298 in

527 3331 726 3406 Sum„
758 3349 890 3410 cap.
923 3333 1025 3407 23,
1058 3349 1234 3392 num.
1265 3333 1390 3408 663
1435 3331 1666 3392 Anton.
1695 3331 1940 3407 Gomez,
1976 3330 2094 3392 sibi

527 3426 891 3499 contrarius,
921 3432 1264 3487 retractans
1298 3427 1562 3505 primam
1605 3425 1981 3486 sententiam
2025 3424 2095 3485 in

527 3519 741 3578 eodem
768 3519 812 3579 l.
847 3521 886 3579 3
926 3519 1166 3581 Variar.
1199 3566 1229 3596 ,.
1273 3537 1407 3598 cap.
1464 3519 1713 3596 ultim.3
1763 3518 1994 3593 Penha,
2025 3518 2091 3578 in

527 3611 846 3687 Director„
885 3619 1042 3691 part.
1077 3615 1151 3687 3,
1201 3623 1605 3674 commentar.
1657 3612 1813 3687 ⁴58,
1858 3620 1919 3673 et
1964 3611 2090 3674 late

525 3705 903 3784 respondens
951 3708 1340 3785 argumentis
1385 3706 1580 3766 Castri
1602 3727 1620 3780 3
1653 3706 1889 3766 Siman.
1916 3752 1937 3782 ,
1988 3708 2083 3768 tit.

526 3803 587 3873 9,
611 3818 648 3859 a
673 3817 735 3860 n.
768 3801 906 3874 157,
931 3805 995 3860 et
1012 3801 1220 3879 plures
1246 3799 1399 3860 alios
1422 3798 1778 3877 referendo3
1807 3799 2086 3877 Saucius,

532 3891 696 3952 dicto
723 3891 766 3952 l.
800 3895 839 3953 2
867 3893 930 3952 in
963 3892 1192 3967 Derai,
1224 3909 1278 3952 c.
1311 3895 1415 3969 22,
1441 3911 1476 3952 a
1509 3911 1576 3952 n.
1618 3894 1698 3968 63
1743 3892 1980 3968 Farin„
2014 3892 2091 3954 de

529 3983 781 4059 lla-resi,
813 4003 872 4064 q.
909 3987 1049 4061 190,
1081 4003 1145 4045 n.
1177 3987 1276 4046 23.

607 4081 666 4138 4.
715 4080 1000 4140 Primum
1045 4081 1496 4152 fundamentum
1537 4080 1720 4158 kujm
1757 4081 2087 4142 sententias.

525 4172 750 4231 —Duo
775 4177 1029 4250 possunt
1061 4189 1190 4231 esse
1216 4173 1522 4251 praecipua
1543 4172 1952 4232 fundamenta
1982 4172 2093 4233 hu·

522 4265 624 4342 jus
665 4264 1014 4339 sententiae,
1044 4265 1191 4343 quia
1223 4267 1346 4324 duo
1375 4271 1522 4325 sunt
1549 4266 1626 4325 ad
1651 4266 2093 4344 obligationem

523 4355 678 4434 legis
709 4359 1086 4432 necessaria,
1117 4357 1378 4432 scilieet,
1415 4365 1678 4437 potestas
1719 4360 2095 4438 etffvoluntus

533 4449 918 4528 legislatoris,
955 4451 1161 4511 Prima
1205 4467 1354 4529 ergo
1395 4454 1554 4512 ratio
1585 4452 1854 4512 sumitur
1883 4471 1957 4513 ex
1986 4452 2091 4513 de·

525 4543 690 4604 fectu
725 4545 1061 4623 potestatis,
1094 4561 1216 4623 qua
1265 4543 1410 4603 Soto
1439 4550 1501 4603 et
1538 4544 1713 4604 multi
1753 4543 1861 4604 alii
1903 4553 2090 4605 utun-

526 4643 668 4710 tur3
709 4636 853 4714 quia
882 4635 1021 4697 licet
1066 4637 1167 4697 lex
1209 4635 1488 4697 hnmana
1527 4639 1721 4715 possit
1767 4655 1941 4697 reum
1976 4655 2091 4716 pu-

527 4730 685 4803 nire,
731 4735 916 4808 atque
957 4731 1298 4808 etiam-per
1342 4747 1407 4790 se
1457 4728 1684 4789 inferre
1735 4728 1908 4789 illam
1964 4745 2091 4807 poe·

525 4839 694 4898 nam,
724 4839 864 4902 quie
894 4825 1200 4884 actionem
1228 4822 1502 4884 hominis
1531 4839 1658 4882 non
1686 4823 1970 4900 requirit,
1997 4828 2091 4882 ta·

529 4933 668 4975 men
707 4918 957 4995 quando
995 4935 1178 4996 poena
1207 4916 1288 4977 ad
1339 4917 1435 4976 sui
1475 4917 1904 4976 executionem
1957 4933 2093 4995 pos·

524 5009 684 5068 tulat
722 5008 1024 5069 actionem
1063 5011 1353 5084 hominis,
1385 5025 1526 5088 ‚non
1577 5014 1774 5088 potest
1823 5008 1923 5068 lex
1978 5008 2089 5070 hu-

529 5117 717 5161 mana
757 5100 1032 5179 obligare
1077 5119 1278 5173 reum,
1313 5101 1581 5161 utillum
1623 5103 1688 5161 in
1717 5119 1782 5161 se
1817 5119 2088 5181 exequa-

529 5202 666 5265 tur3
713 5197 816 5254 sed
847 5195 978 5254 haec
1017 5211 1202 5273 poena
1245 5194 1608 5273 privationis
1651 5194 1932 5253 omnium
1977 5195 2083 5254 ho-

525 5305 750 5348 norum
781 5305 906 5348 non
939 5289 1269 5348 mandatur
1313 5288 1663 5348 executioni
1714 5288 1846 5346 sine
1881 5286 2084 5348 homi-

525 5382 622 5441 nis
671 5385 944 5454 actione-3
997 5383 1145 5460 ergo
1197 5398 1326 5441 non
1393 5385 1591 5459 potest
1638 5380 1738 5440 lex
1807 5379 2083 5459 obligare

523 5493 722 5551 reum,
753 5479 828 5535 ut
863 5475 1038 5536 illam
1065 5476 1132 5534 in
1159 5491 1224 5535 se
1255 5479 1634 5554 exequatur,
1673 5475 1819 5554 quia
1865 5481 2083 5536 eontra

906 345 1146 401 msmrr.
1185 345 1336 398 xxn.
1375 345 1456 398 DE
1485 345 1842 397 'summum
1877 343 2066 396 POENA
2100 345 2574 410 nAEnETmolmu,
2610 345 2754 409 QUAE
2785 343 2901 398 EST
2930 341 3344 397 conscA‘rlo.

2174 447 2454 510 ordinem
2496 453 2739 508 natura>
2798 453 2893 507 eat
2945 449 3019 505 ut
3069 443 3287 524 aliquis
3336 445 3403 505 in
3456 446 3689 526 seipsum

2174 548 2367 621 agat,
2423 541 2761 621 praesertim
2799 541 2869 600 in
2922 555 3107 600 suum
3148 543 3587 600 nocumentum.
3628 543 3693 602 Et

2176 635 2604 710 confirmatur,
2638 635 2785 714 quia
2838 651 2966 694 non
3026 637 3223 712 potest
3264 631 3533 711 princeps
3578 634 3693 712 plus

2178 729 2455 806 obligare
2512 745 2623 807 per
2661 728 2861 805 legem
2882 772 2902 802 ,
2958 741 3147 805 qua-m
3199 723 3385 786 verbo
3426 741 3565 798 su03
3604 726 3693 787 sed

2176 839 2303 883 non
2327 827 2529 900 posset
2555 821 2837 900 princeps
2865 818 3159 899 privatim
3192 815 3481 878 mandare
3514 818 3694 898 alicui,

2178 920 2428 994 propter
2472 913 2859 994 personalem
2914 912 3331 990 cognitionem
3348 954 3369 988 ,
3421 927 3593 990 quam
3632 913 3697 972 de

2172 1009 2341 1068 illins
2364 1005 2594 1068 delicto
2640 1006 2849 1082 habet,
2902 1011 2974 1066 ut
3008 1007 3217 1066 omnia
3256 1005 3422 1066 bona
3464 1021 3569 1065 sua
3597 1006 3698 1086 ipsi

2173 1101 2414 1174 tradat3
2460 1117 2607 1179 ergo
2652 1115 2853 1179 neque
2881 1115 2992 1178 per
3018 1097 3220 1175 legem
3268 1103 3462 1177 potest
3484 1097 3541 1157 id
3570 1115 3700 1176 proe-

2173 1193 2395 1272 cipere.
2430 1189 2578 1252 Haee
2602 1199 2813 1253 tamen
2841 1192 3021 1265 ratio,
3054 1192 3121 1250 in
3152 1189 3424 1268 generali
3460 1197 3696 1270 sumpta,

2172 1301 2299 1345 non
2326 1285 2662 1361 concludit,
2692 1286 2841 1364 quia
2872 1283 3247 1364 principium
3279 1281 3445 1362 quod
3476 1283 3703 1343 assumit

2172 1397 2299 1440 non
2336 1393 2427 1440 est
2456 1378 2885 1439 universaliter
2920 1393 3138 1437 verum
3164 1398 3181 1450 ;
3210 1373 3535 1454 aliquando
3556 1375 3703 1435 enim

2172 1477 2373 1552 potest
2402 1470 2503 1532 lex
2540 1471 2821 1532 humana
2860 1469 3137 1548 obligare
3178 1483 3355 1529 reum
3380 1512 3402 1542 ,
3440 1475 3507 1526 ut
3549 1468 3609 1527 in
3648 1485 3703 1529 se

2172 1580 2283 1644 per
2314 1565 2625 1644 propriam
2659 1563 2965 1624 actIonem
2994 1567 3341 1642 exequatur
3370 1577 3621 1640 poenam,
3645 1565 3705 1620 ut

2174 1657 2240 1716 in
2266 1655 2429 1718 libro
2456 1659 2495 1718 5
2536 1656 2612 1718 de
2639 1656 2815 1734 Leg.,
2845 1675 2882 1716 a
2916 1673 3051 1734 cap.
3085 1658 3123 1716 7
3138 1699 3159 1730 ,
3210 1653 3451 1714 dictum
3480 1658 3589 1713 est.
3618 1655 3703 1713 Ni·

2172 1749 2513 1810 hilominus
2538 1756 2749 1810 tamen
2766 1748 3075 1828 applicata
3098 1747 3176 1808 ud
3202 1751 3560 1826 praeseute-
3588 1763 3705 1806 ma·

2172 1842 2394 1902 teriam
2440 1839 2933 1921 pmbabilissima
2968 1847 3097 1916 est3
3130 1839 3282 1918 quia
3321 1835 3477 1896 illud
3505 1837 3703 1915 pn’nci-

2171 1935 2348 2014 pium
2378 1935 2595 1994 saltem
2623 1933 2813 1994 habet
2836 1932 3041 1994 locum
3086 1932 3151 1991 in
3196 1945 3383 2010 poena
3427 1928 3705 1990 acerbissi-

2173 2044 2297 2102 ma,
2336 2031 2401 2088 et
2442 2027 2584 2087 ideo
2632 2043 2760 2086 non
2810 2031 3013 2106 potest
3056 2021 3323 2102 obligari
3368 2035 3509 2082 reus
3550 2027 3615 2082 ut
3650 2039 3705 2084 se

2172 2119 2428 2194 occidat,
2456 2119 2553 2180 vel
2582 2119 2851 2193 mutilet,
2882 2125 3027 2194 etc„
3058 2118 3207 2196 quia
3236 2116 3409 2194 leges
3444 2114 3703 2174 humane,

2172 2231 2303 2274 esse
2326 2212 2555 2274 debent
2604 2213 2878 2272 humano
2918 2211 3107 2273 etiam
3152 2209 3345 2272 modo
3398 2207 3703 2288 possibiles,

2172 2307 2303 2368 imo
2348 2313 2411 2366 et
2448 2305 2835 2366 tolerabiles:
2882 2303 3013 2365 haec
3058 2311 3273 2364 autem
3315 2319 3497 2381 poena
3534 2299 3707 2378 priva-

2172 2401 2359 2460 tionis
2402 2399 2683 2461 omnium
2720 2397 3030 2459 bonorum
3072 2395 3473 2458 acerbissima
3506 2401 3611 2468 est,
3656 2397 3707 2454 et

2174 2492 2489 2552 ordinarie
2550 2509 2757 2552 secum
2820 2490 3001 2552 affert
3058 2505 3361 2568 magnam
3406 2487 3703 2564 jacturam,

2174 2587 2361 2645 etiam
2404 2585 2470 2644 in
2498 2583 2917 2665 superioribus
2944 2583 3146 2657 bonis,
3194 2579 3297 2642 vel
3336 2579 3601 2653 honoris,
3634 2578 3707 2638 fa-

2174 2697 2320 2755 moe,
2350 2679 2516 2754 vitai,
2544 2679 2641 2740 vel
2672 2679 3130 2739 commoditatis
3154 2675 3493 2758 corporalis
3515 2696 3533 2749 3
3556 2691 3705 2752 ergo,

2174 2772 2493 2834 moraliter
2520 2772 2850 2854 loquendo,
2895 2789 3025 2832 non
3066 2776 3273 2851 potest
3321 2769 3421 2830 lex
3464 2767 3707 2829 humana

2176 2865 2455 2944 obligare
2509 2883 2685 2927 reum
2710 2907 2731 2942 ,
2778 2872 2849 2926 ut
2898 2881 3026 2925 non
3068 2861 3521 2924 condemnatus
3568 2859 3707 2920 hanc

2175 2979 2425 3042 poenam
2475 2962 2544 3020 in
2595 2979 2661 3022 se
2696 2965 3058 3038 exequatur.
3102 2958 3179 3018 Et
3219 2955 3447 3018 eadem
3500 2956 3707 3016 ratione

2174 3073 2375 3135 neque
2436 3057 2717 3136 princeps
2768 3054 2831 3115 id
2882 3052 3111 3133 poterit
3166 3049 3363 3112 verbo
3406 3049 3707 3130 precipere

2172 3157 2319 3210 ante
2340 3149 2945 3210 condemnationem.

2241 3245 2300 3304 ὃ.
2323 3241 2666 3308 Secundum
2682 3242 3141 3320 scammum
3160 3240 3401 3302 omnim
3418 3240 3618 3318 efficax
3640 3267 3707 3282 —

2174 3339 2453 3399 Secunda
2482 3340 2637 3399 ratio
2676 3335 3023 3398 evidentius
3042 3333 3424 3396 concludens
3452 3337 3555 3406 est,
3580 3331 3705 3412 quia

2172 3430 2337 3510 leges
2363 3433 2676 3505 humanm,
2710 3449 2821 3511 per
2842 3446 2999 3508 quas
3045 3429 3177 3488 lunc
3225 3443 3416 3507 poena
3448 3425 3707 3504 imposita

2173 3531 2287 3600 est,
2324 3541 2450 3585 non
2478 3523 2792 3585 declarant
2818 3523 3010 3583 talem
3050 3520 3425 3598 legislatoris
3454 3517 3705 3578 volunta·

2172 3623 2300 3678 tem
2315 3633 2336 3695 3
2364 3635 2509 3678 nam
2540 3617 2708 3696 leges
2746 3615 2957 3676 civiles
2988 3613 3187 3674 solum
3228 3613 3554 3692 imponunt
3584 3625 3705 3670 con·

2170 3709 2551 3772 fiscationem
2580 3711 2713 3790 ipso
2744 3709 2905 3770 facto
2928 3723 2949 3786 3
2984 3707 3062 3768 de
3106 3708 3471 3768 executione
3496 3709 3699 3776 amem,

2171 3821 2281 3864 seu
2310 3804 2535 3864 actuali
2557 3805 2904 3883 privatione
2933 3801 3265 3875 bonorum,
3292 3797 3449 3858 nihil
3474 3797 3703 3874 loquun-

2170 3905 2317 3975 tur-3
2349 3897 2451 3957 lex
2485 3905 2691 3957 autem
2746 3896 3045 3956 canoniea
3090 3894 3156 3953 in
3197 3891 3365 3952 dieto
3408 3907 3535 3970 cap.
3578 3885 3701 3950 Cam

2170 3991 2487 4053 secundum
2522 3990 2683 4068 leyes
2709 4035 2730 4066 ,
2768 3989 2968 4068 quoad
3016 3984 3517 4048 confiscationem
3538 4025 3557 4058 ,
3598 3995 3701 4038 non
3771 4011 3779 4019 -

2174 4082 2309 4162 plus
2336 4083 2608 4161 disponit
2638 4099 2823 4160 quam
2852 4081 3020 4159 leges
3056 4078 3314 4154 civiles3
3359 4074 3552 4156 quoad
3578 4087 3699 4132 exe·

2172 4177 2487 4236 cntionem
2515 4185 2723 4236 autem
2758 4174 3042 4255 prohibet
3072 4189 3155 4233 ne
3184 4171 3297 4232 fiat
3322 4179 3467 4230 ante
3492 4175 3700 4226 senten·

2174 4269 2327 4329 tium
2373 4268 2563 4329 latam
2595 4284 2616 4346 3
2660 4284 2811 4345 ergo
2862 4266 3059 4328 multo
3092 4265 3305 4326 minus
3336 4260 3589 4341 imponit
3624 4265 3699 4315 ta·

2173 4359 2298 4420 lem
2333 4361 2798 4438 obligationem.
2834 4361 3048 4420 Dicent
3098 4357 3187 4418 ibi
3253 4351 3695 4437 prohibitionem

2174 4453 2311 4515 fieri
2358 4453 2784 4534 potestatibus,
2829 4469 2937 4513 seu
2978 4449 3319 4530 judicibus,
3350 4464 3476 4508 non
3518 4452 3697 4504 tamen

2174 4547 2287 4625 ipsi
2334 4565 2461 4607 reo.
2502 4546 2931 4626 Respondetur
2958 4545 3103 4604 satis
3132 4559 3261 4604 esse
3288 4539 3455 4620 quod
3484 4538 3566 4599 illi
3592 4551 3696 4595 non

2172 4638 2603 4716 praecipiatur,
2642 4639 2789 4718 quia
2835 4643 2905 4699 ut
2954 4655 3078 4698 non
3129 4636 3365 4696 oriatur
3412 4629 3693 4708 obligatio,

2170 4733 2513 4810 praesertim
2554 4732 2761 4791 odiosa
2802 4736 2863 4791 et
2910 4729 3193 4809 poenalis,
3231 4727 3381 4788 satis
3428 4732 3514 4786 est
3558 4717 3695 4802 quod

2170 4841 2295 4883 non
2328 4825 2738 4904 praecipIatur.
2771 4825 2848 4883 Et
2888 4825 2973 4883 ita
3010 4827 3251 4902 partem
3306 4820 3465 4881 hanc
3505 4818 3695 4895 juvant

2172 4917 2385 4977 omnia
2413 4917 2715 4996 principia
2744 4915 2900 4994 juris
2991 4916 3155 4994 quod
3194 4931 3389 4994 ,πωπω
3428 4927 3541 4972 non
3573 4909 3696 4969 sunt

2172 5011 2555 5090 ampliandoe‚
2587 5029 2768 5092 nequo
2806 5010 3249 5084 exacerbandoe,
3279 5007 3447 5070 ultra
3468 5001 3695 5086 propria

2168 5109 2227 5166 et
2249 5105 2523 5185 oiyorosa
2564 5105 2741 5167 verba
2777 5104 2952 5183 lepis.
2996 5101 3271 5180 Denique
3302 5117 3463 5172 usus,
3488 5099 3587 5175 qui
3616 5096 3695 5153 est

2166 5199 2433 5274 optimus
2473 5198 2775 5276 interpres
2818 5195 3053 5274 legum,
3087 5195 3249 5254 hanc
3296 5198 3523 5272 partem
3566 5183 3695 5245 satis

2166 5289 2511 5356 confirmat.

2244 5383 2304 5442 6.
2349 5380 2453 5444 Aa
2473 5383 2743 5460 privtum
2784 5385 3228 5461 arqumentmu,
3270 5377 3334 5440 in
3368 5393 3523 5438 num.
3552 5377 3696 5434 1.-

2165 5473 2265 5538 Aa
2296 5476 2639 5539 secundum.
2672 5505 2751 5522 --
2780 5473 2879 5536 Aa
2912 5473 3177 5538 tertium·
3208 5503 3291 5520 —·-
3317 5470 3529 5533 Ultimo
3568 5480 3693 5526 con·
