3900 6217
638 444 813 500 SECT.
849 442 909 500 V.
945 440 1029 499 AN
1058 442 1338 501 nni-:nm
1368 440 1535 499 Fun-:1
1568 436 2040 497 CONVENIENTER
2071 438 2406 497 mnA'ruR
2439 442 2502 495 ln
2533 438 2834 497 SYMBOLO.

124 548 221 609 his
278 546 477 625 igitur
550 548 707 609 satis
752 549 1017 629 probata
1070 553 1286 610 manet
1337 545 1705 609 auctoritate

132 638 497 713 conclusi03
530 642 695 703 ratio
754 660 905 703 vero
955 643 1095 723 ejus
1156 646 1252 703 est
1291 640 1511 703 eadem
1566 656 1706 719 quae

114 736 247 813 jam
276 732 475 795 etiam
506 738 673 795 tacta
702 738 822 807 est,
852 734 1229 796 declarando
1258 733 1411 813 quid
1440 732 1704 794 moverit

120 825 461 904 Apostolos
505 826 587 887 ad
616 828 974 905 symbolum
1002 827 1533 907 componendum,
1582 826 1703 888 sci-

120 920 289 989 licet,
356 926 429 981 ut
486 920 795 982 baberent
850 920 1069 983 fideles
1120 922 1380 983 brevem
1434 920 1701 981 formam

126 1013 467 1093 profitendi
522 1014 755 1088 fidem;
802 1015 949 1077 dicit
998 1016 1161 1077 enim
1216 1015 1571 1097 ApostoluS‚
1622 1014 1704 1075 ad

124 1110 307 1167 Rom.
345 1108 464 1168 ¹0:
502 1108 686 1172 Corde
712 1110 879 1172 mai
905 1108 1338 1189 adjustitiam,
1382 1126 1483 1172 ore
1504 1111 1705 1172 autem

113 1202 255 1281 fieri
277 1202 983 1277 conmswnem,scilicet
1002 1200 1175 1276 fidei,
1194 1202 1571 1275 adsalutem3
1592 1200 1703 1282 igi-

118 1301 221 1353 tur
244 1310 339 1355 ne
375 1294 697 1374 simplices
722 1294 940 1359 fideles
997 1300 1207 1357 errent
1232 1296 1298 1357 in
1341 1295 1701 1376 hujusmodi

118 1385 555 1461 confessione,
589 1389 861 1467 oportuit
899 1389 1255 1468 symbolum
1294 1389 1384 1451 eis
1424 1388 1694 1464 tradere,

116 1494 207 1553 ut,
242 1482 585 1560 conceptis
608 1482 840 1554 verbis,
870 1487 933 1543 et
954 1483 1163 1557 certiS,
1192 1487 1261 1545 ut
1288 1480 1458 1545 citati
1485 1482 1700 1543 Patres

122 1573 365 1647 dicunt,
412 1580 680 1653 possent
732 1574 899 1636 hanc
940 1574 1153 1636 facere
1206 1576 1700 1650 confessionem3

130 1668 285 1728 item
318 1673 394 1728 ut
438 1684 562 1747 per
618 1670 779 1729 hanc
834 1668 1321 1731 uniformitatem
1368 1674 1703 1745 constaret,

130 1778 321 1821 unam
354 1776 505 1822 esse
537 1760 733 1823 fidem
772 1762 965 1824 totius
1014 1762 1307 1824 Ecclesiae
1348 1761 1705 1837 Catholicae,

128 1862 189 1915 ut
216 1854 373 1915 dixit
400 1855 790 1935 Ephiphan.,
815 1856 880 1917 in
911 1857 1289 1929 AnchoratO,
1308 1856 1373 1917 in
1396 1856 1565 1917 fine:
1598 1856 1711 1917 de-

120 1950 319 2027 niqne
364 1955 437 2010 ut
500 1966 755 2029 semper
800 1950 1109 2013 haberent
1156 1950 1373 2012 fideles
1425 1956 1709 2029 paratam

116 2040 491 2113 materiam,
550 2058 745 2120 quam
800 2048 1048 2121 oportet
1098 2042 1382 2123 explicite
1422 2041 1703 2104 credere.

202 2138 269 2194 ἵ.
326 2132 627 2199 Socanda
652 2136 1029 2198 assortia—
1054 2136 1367 2199 Probatur
1402 2137 1607 2219 primo
1632 2152 1710 2199 ex

116 2230 277 2291 Heb.
310 2232 419 2289 4¹.
448 2226 858 2292 *Probatur
892 2230 1143 2292 secundo
1194 2246 1281 2292 ea>
1302 2229 1711 2292 Joan.14.-

114 2322 445 2386 Probatur
472 2323 655 2386 tortio
682 2323 1205 2386 ratione.-Unde
1234 2324 1373 2385 dico
1402 2323 1703 2386 secundo:

116 2418 251 2479 liaec
275 2418 557 2479 materia
582 2416 731 2478 fidei
762 2418 1145 2480 sufficienter
1162 2418 1223 2478 in
1242 2418 1539 2499 Symbolo
1560 2436 1707 2479 con-

122 2512 385 2571 tinetur.
454 2510 767 2572 Probatur
817 2512 1116 2588 breviter,
1176 2512 1379 2592 primo
1430 2530 1575 2573 cum
1624 2512 1699 2572 D.

126 2605 371 2665 Thomu
408 2622 493 2665 ex
534 2603 641 2664 illo
672 2604 755 2665 ad
795 2604 987 2666 Hebr.
1048 2608 1117 2667 11
1154 2624 1168 2664 t
1198 2604 1383 2668 Fides
1414 2608 1507 2668 est
1539 2604 1705 2668 rube-

128 2698 335 2761 tantia
364 2714 585 2760 rervm
608 2700 1091 2779 sperandarum3
1121 2716 1269 2759 nam
1306 2699 1372 2759 in
1406 2698 1705 2778 Symbolo

128 2791 541 2852 continentur
566 2792 803 2865 omnia,
830 2808 973 2871 quae
1002 2792 1084 2853 ad
1106 2793 1268 2853 hanc
1293 2790 1705 2853 substantiam

130 2884 477 2962 pertinent,
510 2900 665 2944 nam
696 2882 778 2945 ibi
828 2885 1091 2947 docetur
1114 2884 1304 2959 Deua,
1336 2886 1442 2966 qui
1474 2890 1568 2948 est
1594 2884 1709 2946 ob-

140 2978 381 3055 jectum
398 2976 823 3051 beatitudinis,
842 2994 1035 3057 quam
1055 2996 1410 3057 speramus;
1443 2978 1711 3042 traditur

152 3070 335 3129 etiam
363 3070 661 3144 Chi-istm,
712 3070 819 3149 qui
864 3078 959 3133 est
985 3070 1083 3133 via
1113 3089 1227 3152 per
1266 3088 1457 3152 quam
1507 3072 1711 3134 tendi·-

142 3180 317 3235 mus;
350 3170 413 3225 et
440 3164 519 3226 dc
548 3170 821 3244 utroque
847 3165 1151 3228 docentur
1178 3166 1390 3227 omnia
1413 3166 1711 3247 mysteria

138 3258 606 3331 substantialia,
638 3262 703 3320 et
734 3260 1009 3320 maxime
1037 3260 1389 3321 necessaria
1407 3278 1539 3335 rac
1575 3264 1713 3321 tan-

134 3368 279 3411 nem
308 3352 698 3431 proponitur
712 3370 990 3433 praesens
1006 3353 1299 3428 Ecclesia,
1331 3352 1493 3415 intra
1521 3370 1711 3432 quam

134 3446 331 3505 solam
376 3450 597 3525 potest
636 3446 877 3525 sperari
928 3445 1096 3507 salus
1120 3446 1315 3519 ;·item
1344 3446 1713 3526 proponitur

134 3540 257 3599 vita
286 3544 564 3613 eterna,
596 3546 659 3601 et
716 3540 1109 3613 resurrecti0‚
1140 3558 1331 3619 quam
1362 3558 1711 3621 speramuS,

138 3650 207 3693 ac
234 3632 527 3712 denique
556 3650 687 3693 non
743 3633 1043 3694 omittitur
1074 3633 1383 3712 judicium
1411 3631 1713 3707 futurum,

138 3734 197 3787 et
222 3732 701 3807 consequenter
730 3727 919 3788 etiam
942 3726 1297 3787 insinuatur
1333 3732 1563 3789 aeterna
1587 3743 1719 3805 poe·

134 3838 217 3881 na
246 3820 443 3881 malis
488 3826 867 3899 praeparata,
896 3820 1041 3899 quia
1072 3820 1257 3881 timor
1286 3820 1475 3881 etiam
1500 3838 1721 3882 neces-

132 3919 339 3978 sarius
373 3922 498 3989 est,
542 3932 623 3977 ne
652 3934 797 3995 spes
838 3916 904 3975 in
930 3914 1487 3995 praa-sumptionem
1516 3922 1722 3978 trans—

138 4016 272 4083 eat;
306 4029 469 4091 ergo
503 4008 1029 4072 sufficientissime
1071 4010 1503 4091 complectitur
1536 4010 1721 4090 Sym·-

138 4104 357 4165 bolum
414 4104 754 4165 materiam
800 4104 969 4165 fidei.
1018 4102 1197 4167 Unde
1256 4104 1443 4167 etiam
1510 4110 1718 4184 potest

148 4198 267 4259 hoc
306 4198 675 4259 confirmari
714 4216 791 4259 ex
834 4198 1041 4260 verbis
1080 4198 1327 4276 Christi,
1372 4198 1555 4261 Joan.
1599 4199 1714 4259 14:

160 4294 311 4357 Hoec
344 4298 435 4357 est
452 4293 593 4356 vita
622 4298 867 4366 (eima,
898 4298 972 4356 ut
1019 4296 1372 4376 cognoscant
1414 4296 1473 4356 te
1524 4290 1719 4354 solum

154 4388 343 4448 Deum
362 4404 601 4459 verum,
624 4391 684 4449 et
699 4402 868 4467 quem
890 4386 1121 4450 misisti
1135 4386 1347 4450 Jesum
1386 4382 1718 4461 Christum,

150 4478 469 4558 adjunctis
512 4479 724 4541 verbis
762 4480 1113 4557 Augustini,
1158 4496 1432 4540 sermon.
1488 4479 1594 4539 181
1642 4475 1722 4538 de

148 4574 471 4651 Tempore
500 4590 518 4633 :
550 4571 907 4653 Symbolum
928 4572 1097 4636 breve
1121 4576 1211 4636 est
1234 4572 1453 4649 verbis,
1472 4572 1581 4634 sed
1598 4590 1724 4635 ma-

146 4686 339 4749 ynum
366 4665 437 4728 in
456 4664 891 4737 sacramenti&-
924 4666 1219 4747 quidquid
1258 4664 1414 4729 enim
1469 4666 1537 4729 de
1573 4664 1719 4739 Dav,

148 4764 209 4824 et
231 4760 483 4824 Christo
500 4760 569 4823 in
576 4758 927 4842 Scriptum
942 4758 1236 4824 traditum
1250 4764 1361 4832 est,
1379 4758 1445 4821 in
1460 4756 1723 4838 symbolo

152 4855 531 4918 continetur.
574 4854 857 4935 Denique
890 4872 967 4914 ex
1010 4852 1381 4915 necessitate
1426 4850 1577 4913 fidei
1623 4868 1725 4911 ex-

152 4948 387 5028 plicitae
412 4948 539 5008 hoc
554 4946 785 5027 optime
812 4946 1273 5027 comprobatum
1302 4946 1449 5025 quia
1467 4944 1531 5005 in
1550 4944 1726 5024 Sym-

156 5042 307 5103 bolo
362 5040 721 5103 continetur
771 5039 1072 5120 quidquid
1123 5039 1549 5100 necessarium
1607 5043 1723 5111 est,

3267 434 3347 501 ΞΘ

1786 576 1867 592 -
1892 544 2017 607 Sed
2055 544 2305 624 objiciet
2334 543 2556 624 aliquis
2585 563 2600 605 :
2631 562 2780 606 nam
2833 544 2934 607 vel
2989 545 3122 607 haec
3180 546 3347 606 suffi-

1788 637 2014 699 cientia
2045 644 2140 699 est
2187 636 2252 698 in
2279 650 2662 717 unoquoque
2697 638 3007 717 symb010‚
3042 643 3105 700 et
3133 639 3216 701 ita
3247 658 3347 700 su-

1782 732 2024 809 perflue
2049 730 2538 810 multiplicantur
2571 732 2776 811 plura,
2817 732 2916 793 vel
2970 739 3064 794 est
3105 738 3346 795 tantum

1783 824 1849 885 in
1897 824 2262 887 collectione
2303 840 2546 897 eorum,
2577 829 2642 885 et
2693 824 2779 885 ita
2823 824 3066 905 singula
3109 826 3350 887 insuffl-

1782 918 2012 979 cientia
2039 922 2205 994 sunt,
2231 918 2400 997 quod
2429 917 2550 979 dici
2579 935 2706 980 non
2735 923 2960 997 potest.
2983 920 3056 980 Et
3085 926 3350 999 augetur

1783 1010 2136 1086 difficultas,
2174 1012 2322 1090 quia
2364 1010 2429 1071 in
2457 1030 2584 1071 uno
2615 1010 2900 1091 symbolo
2931 1010 3140 1091 aliqua
3168 1014 3352 1073 omit-

1784 1110 2022 1179 tuntur,
2057 1122 2195 1184 quoe
2229 1104 2295 1165 in
2325 1102 2447 1166 alio
2493 1106 2914 1180 continentur,
2945 1112 3014 1167 ut
3055 1104 3120 1165 in
3170 1104 3350 1185 Sym-

1781 1199 1925 1260 bolo
1958 1199 2398 1279 Apostolorum
2439 1201 2692 1279 ponitur
2741 1199 3081 1263 descensus
3129 1200 3352 1263 Christi

1782 1292 1861 1352 ad
1910 1292 2170 1367 inferos,
2231 1298 2292 1354 et
2350 1293 2707 1354 communio
2767 1294 3161 1368 Sanctorum,
3212 1312 3350 1375 quae

1782 1387 2151 1447 omittuntur
2205 1387 2271 1447 in
2319 1386 2618 1466 Symbolo
2663 1388 2914 1449 Nicaeno
2988 1394 3052 1449 et
3117 1406 3152 1449 e
3205 1406 3351 1449 con-

1784 1496 1968 1540 verso
2013 1480 2080 1540 in
2137 1479 2434 1559 Symbolo
2479 1480 2732 1542 Patrum
2787 1482 3040 1560 ponitur
3100 1500 3352 1562 proces-

1786 1569 1878 1633 sio
1936 1572 2200 1652 Spiritus
2265 1574 2474 1635 Sancti
2523 1592 2558 1634 a
2603 1575 2808 1643 Patre,
2854 1592 2993 1654 quae
3038 1574 3104 1635 in
3155 1577 3352 1655 Apos-

1784 1666 1972 1728 tolico
2014 1666 2404 1739 omittuntur,
2437 1670 2502 1729 et
2543 1666 2610 1727 in
2637 1665 2861 1730 eodem
2894 1672 3112 1747 postea
3140 1668 3352 1729 addita

1788 1766 1883 1823 est
1897 1761 2213 1840 processio
2241 1760 2506 1841 Spiritus
2525 1762 2733 1824 Sancti
2755 1780 2793 1822 a
2813 1760 2991 1835 Filio,
3020 1780 3161 1842 quae
3179 1764 3352 1843 prius

1787 1856 1993 1917 fuerat
2053 1855 2305 1918 omissa.
2357 1858 2433 1918 Et
2486 1856 2656 1935 quod
2709 1856 2913 1938 magis
2949 1863 3154 1937 urget,
3209 1876 3355 1920 cum

1790 1947 2022 2011 Paulus
2047 1948 2234 2027 dicat,
2265 1948 2538 2029 primum
2570 1950 2874 2026 omnium,
2908 1956 3195 2030 oportere
3225 1969 3354 2013 cre-

1790 2042 1941 2104 dere
1991 2044 2193 2103 Deum
2255 2061 2414 2117 esse,
2471 2048 2533 2104 ct
2583 2050 3123 2105 remuneratorem
3184 2062 3348 2119 esse,

1789 2139 2084 2197 neutrum
2129 2136 2356 2197 horum
2397 2136 2462 2196 in
2491 2136 2792 2217 symbolis
2822 2138 3094 2216 ponitur.
3135 2139 3223 2200 Ac
3251 2137 3356 2199 de-

1788 2229 1980 2309 nique
2001 2230 2368 2309 mysterium
2392 2230 2792 2292 Eucharistiae
2818 2230 3064 2293 videtur
3081 2231 3352 2293 maxime

1788 2323 2218 2383 necessarium
2246 2322 2328 2383 ad
2369 2322 2778 2398 credendum,
2811 2327 2871 2384 et
2904 2328 2998 2385 est
3039 2340 3236 2385 unum
3277 2342 3355 2385 ex

1793 2414 2265 2490 difficilior-ihm,
2300 2419 2364 2477 et
2403 2421 2618 2477 tamen
2649 2416 2714 2476 in
2756 2416 3056 2497 symbolis
3088 2436 3214 2479 non
3249 2436 3359 2501 po·

1786 2508 1982 2582 nitur3
2017 2526 2145 2570 non
2195 2514 2292 2570 est
2342 2526 2495 2590 ergo
2540 2506 2912 2571 sufficientia
2960 2510 3257 2573 doctrinae
3289 2510 3356 2571 in

1786 2602 2106 2682 symbolis.

1864 2695 1926 2757 9.
1971 2694 2074 2758 Aa
2095 2695 2469 2777 objectiones.
2496 2727 2579 2742 -
2607 2694 2863 2779 fflplecv
2907 2694 3161 2778 symboli
3177 2697 3352 2778 finis.

1784 2820 1867 2835 -
1894 2787 2000 2852 Ad
2035 2790 2306 2871 primam
2343 2788 2881 2868 confirmationem.
2907 2823 2990 2838 -
3013 2792 3120 2855 Ad
3147 2808 3359 2854 secun-

1789 2884 1929 2946 dam
1959 2880 2492 2963 confirmationem.
2523 2910 2606 2931 --
2634 2884 3070 2964 Respondetur
3091 2884 3173 2947 ad
3193 2902 3358 2965 prae·

1791 2977 2041 3056 cipuam
2071 2976 2521 3053 difficultatem,
2550 2996 2694 3040 cum
2729 2978 3083 3042 Alexandro
3115 2980 3356 3055 Alens.,

1793 3072 1831 3131 3
1856 3076 2045 3150 part„
2077 3076 2296 3150 quaest.
2341 3072 2442 3135 69.
2486 3090 2569 3131 m.
2609 3074 2667 3145 2,
2713 3072 3088 3153 spectandos
3116 3091 3254 3135 esse
3284 3072 3359 3133 fi-

1790 3180 1905 3225 nes
1927 3164 2420 3244 uniuscujusque
2446 3165 2737 3245 symboli,
2763 3169 2824 3227 et
2853 3166 2936 3227 ita
2957 3166 3200 3247 singula
3220 3185 3370 3229 esse-

1793 3256 2165 3319 snfficientia
2186 3256 2267 3319 ad
2295 3258 2789 3338 uniuscujusque
2817 3258 3036 3335 finem,
3061 3264 3122 3321 et
3145 3260 3356 3321 omnia

1794 3350 2001 3425 simul,
2051 3350 2132 3411 ad
2166 3368 2386 3412 omnes
2432 3350 2623 3412 etiam
2653 3350 2813 3413 fines
2842 3352 3026 3413 simul
3051 3358 3354 3433 sumptoS.

1798 3444 1955 3506 Sunt
1997 3448 2208 3506 autem
2239 3442 2304 3504 hi
2329 3450 2457 3505 tres
2499 3443 2684 3521 fines,
2746 3444 3004 3522 scilicet,
3034 3442 3357 3507 instructio

1796 3535 2096 3613 fidelium,
2137 3536 2427 3599 refutatio
2452 3538 2788 3611 haeresum,
2814 3544 2875 3599 et
2896 3538 3098 3618 major
3123 3541 3362 3618 myste-

1798 3630 2037 3692 riorum
2075 3630 2422 3711 explicatio.
2455 3630 2714 3710 Propter
2735 3631 3009 3711 primum
3035 3630 3226 3693 finem
3270 3630 3360 3691 in-

1800 3724 2086 3786 stitutum
2135 3729 2230 3786 est
2261 3724 2628 3805 Symbolum
2672 3724 3121 3804 Apostolicum‚
3171 3728 3234 3786 et
3279 3723 3360 3784 ad

1800 3818 1979 3879 illum
2031 3820 2126 3881 est
2171 3818 2796 3891 sufficientissimum;
2855 3836 3004 3879 nam
3039 3816 3089 3878 si
3135 3816 3361 3879 fideles

1802 3912 2005 3974 sciant
2032 3918 2094 3973 et
2117 3912 2375 3974 credant
2399 3931 2536 3992 quae
2562 3912 2627 3973 in
2652 3912 2759 3975 illo
2788 3913 3205 3985 continentur,
3237 3910 3361 3973 suf-

1801 4006 1929 4067 ficit
1946 4001 2030 4068 ad
2059 4006 2346 4068 salutem.
2377 4006 2472 4067 Ad
2507 4006 2856 4068 secundum
2882 4006 3097 4081 finem,
3131 4005 3364 4068 scilicet

1800 4098 1883 4161 ad
1942 4098 2386 4162 refutationem
2444 4116 2730 4163 errorum
2755 4146 2775 4176 ‚
2837 4098 3188 4163 institutum
3249 4098 3362 4161 ruit

1801 4194 2166 4273 Symbolum
2199 4194 2470 4268 Patrum,
2507 4210 2622 4255 seu
2649 4194 3086 4270 Conciliorum,
3143 4200 3212 4255 ut
3243 4210 3361 4273 ego

1800 4286 2039 4362 senti0,
2095 4286 2239 4349 licet
2301 4286 2545 4348 Aiensis
2597 4286 2717 4347 hoc
2771 4288 3007 4349 tribuat
3062 4286 3362 4369 Symbolo

1803 4379 2148 4454 Athanasii,
2177 4388 2388 4443 tamen
2413 4399 2633 4443 revera
2684 4386 2927 4444 constat
2952 4380 3128 4442 illum
3172 4380 3364 4443 fuisse

1804 4492 2067 4555 scopum
2089 4472 2343 4538 Concilii
2369 4472 2622 4548 Nicaeni,
2658 4478 2719 4536 et
2741 4472 3141 4555 sequentium
3170 4491 3185 4547 ;
3209 4474 3366 4535 etita

1805 4568 1855 4629 si
1886 4568 2026 4648 quis
2077 4569 2310 4629 attente
2349 4566 2722 4643 consideret,
2775 4567 3050 4630 inveniet
3085 4568 3366 4649 singulas

1804 4662 2140 4744 particulas
2185 4660 2428 4723 additas
2467 4660 2614 4723 huic
2662 4660 2961 4749 Symbolo
3007 4662 3170 4723 ultra
3206 4663 3370 4741 Apo-

1806 4756 2096 4817 stolicum
2185 4753 2375 4815 fuisse
2480 4753 2562 4815 ad
2638 4754 3003 4816 refutandas
3089 4754 3369 4833 singulas

1804 4848 2078 4911 haereses
2103 4894 2118 4921 ,
2165 4846 2477 4928 praecipue
2535 4853 2754 4910 contra
2805 4846 3176 4928 mysterium
3233 4848 3372 4908 Tri-

1807 4942 2019 5003 nitatis
2072 4947 2133 5003 et
2197 4938 2652 5004 Incarnationis
2680 4986 2696 5015 ,
2765 4946 2836 5002 ut
2863 4982 2866 4984 Α
2895 4940 3193 5021 expendit
3255 4940 3372 5004 Ga·

1808 5034 1985 5111 briel,
2033 5033 2302 5096 distinct.
2333 5034 2434 5108 25,
2469 5040 2685 5114 quaest.
2713 5036 2782 5109 13
2811 5032 3192 5097 Athanasius
3220 5050 3369 5096 vero

156 5136 265 5196 vel
296 5140 549 5213 oportet
578 5132 864 5213 explicite
893 5132 1169 5195 credere.
1200 5132 1377 5196 Unde
1406 5132 1529 5194 Leo
1560 5130 1730 5212 Papa
1812 5126 1892 5189 ad
1918 5128 2228 5207 majorem
2269 5126 2746 5207 explicationem
2785 5129 3014 5190 horum
3041 5126 3373 5207 mysterio-

156 5246 357 5308 supra
384 5229 531 5291 dicit
558 5228 847 5289 sufficere
874 5228 1037 5288 hanc
1052 5226 1333 5306 regulam
1361 5224 1439 5286 ad
1468 5224 1730 5286 instruc·

1812 5240 1952 5282 rum
1982 5239 2167 5282 suum
2217 5219 2584 5300 symbolum
2634 5222 3004 5300 composuit,
3035 5226 3098 5282 et
3126 5220 3266 5282 ideo
3307 5220 3373 5281 in

158 5325 401 5391 tionem
428 5321 899 5396 fidelium,nam
926 5326 1122 5382 totum
1151 5318 1213 5380 id
1242 5318 1540 5392 continet,
1562 5316 1733 5396 quod
1814 5316 1904 5377 eis
1932 5315 2129 5376 multa
2171 5313 2427 5389 addidit,
2455 5318 2520 5377 et
2550 5312 2671 5375 alia
2699 5312 2835 5376 fere
2858 5312 3084 5376 omisit.
3133 5314 3208 5374 Et
3227 5313 3373 5374 hinc

162 5418 487 5479 neminem
512 5420 579 5477 in
616 5414 895 5477 Ecclesia
924 5416 1091 5476 Deus
1112 5412 1302 5474 voluit
1322 5411 1637 5493 ignorare.

244 5514 305 5573 8.
356 5510 617 5592 objectio
652 5514 873 5574 contra
926 5510 1269 5591 proximam
1316 5507 1727 5571 assertionem.

168 5640 245 5655 —
262 5608 666 5689 confirmatur
683 5604 999 5687 primm-
1028 5604 1437 5685 Consti-matur
1453 5594 1729 5666 s'ecmzdo.

1809 5408 1992 5471 facile
2043 5407 2300 5471 solvitur
2346 5407 2469 5469 alia
2519 5406 2870 5482 difficultas,
2915 5423 3065 5468 nam
3104 5406 3193 5469 illi
3247 5406 3372 5469 duo

1813 5502 2055 5565 articuli
2098 5500 2176 5563 de
2227 5501 2668 5563 communione
2723 5500 3096 5561 Sanctorum
3153 5506 3216 5562 et
3267 5499 3374 5561 de-

1814 5616 2040 5660 scensu
2068 5596 2150 5659 ad
2181 5596 2412 5657 inferos
2442 5594 2652 5656 omissi
2683 5599 2831 5656 sunt
2852 5594 2916 5655 in
2933 5594 3230 5675 Symbola
3261 5594 3376 5655 Pa-
