<?xml version="1.0" encoding="UTF-8"?>
<!DOCTYPE html PUBLIC "-//W3C//DTD XHTML 1.0 Transitional//EN"
    "http://www.w3.org/TR/xhtml1/DTD/xhtml1-transitional.dtd">
<html xmlns="http://www.w3.org/1999/xhtml" xml:lang="en" lang="en">
 <head>
  <title>
</title>
<meta http-equiv="Content-Type" content="text/html;charset=utf-8" />
  <meta name='ocr-system' content='tesseract 3.04.00' />
  <meta name='ocr-capabilities' content='ocr_page ocr_carea ocr_par ocr_line ocrx_word'/>
</head>
<body>
  <div class='ocr_page' id='page_1' title='image "./rpfranciscisuar00duvagoog_0698.png"; bbox 0 0 3900 6217; ppageno 0'>
   <div class='ocr_carea' id='block_1_1' title="bbox 0 6132 295 6189">
    <p class='ocr_par' dir='ltr' id='par_1_1' title="bbox 0 6132 295 6189">
     <span class='ocr_line' id='line_1_1' title="bbox 0 6132 295 6189; baseline 0 0"><span class='ocrx_word' id='word_1_1' title='bbox 0 6132 295 6189; x_wconf 56' lang='lat' dir='ltr'><strong>1-—L</strong></span> 
     </span>
    </p>
   </div>
   <div class='ocr_carea' id='block_1_2' title="bbox 443 306 569 367">
    <p class='ocr_par' dir='ltr' id='par_1_2' title="bbox 443 306 569 367">
     <span class='ocr_line' id='line_1_2' title="bbox 443 306 569 367; baseline -0.048 0"><span class='ocrx_word' id='word_1_2' title='bbox 443 306 569 367; x_wconf 77' lang='lat'><strong>680.</strong></span> 
     </span>
    </p>
   </div>
   <div class='ocr_carea' id='block_1_3' title="bbox 440 409 2032 5525">
    <p class='ocr_par' dir='ltr' id='par_1_3' title="bbox 440 409 2014 2719">
     <span class='ocr_line' id='line_1_3' title="bbox 445 409 2010 491; baseline -0.002 -19"><span class='ocrx_word' id='word_1_3' title='bbox 445 411 817 485; x_wconf 89' lang='lat' dir='ltr'><strong>dominium,</strong></span> <span class='ocrx_word' id='word_1_4' title='bbox 849 416 1085 473; x_wconf 89' lang='lat' dir='ltr'><strong>certum</strong></span> <span class='ocrx_word' id='word_1_5' title='bbox 1126 416 1217 471; x_wconf 86' lang='lat' dir='ltr'><strong>est</strong></span> <span class='ocrx_word' id='word_1_6' title='bbox 1244 429 1317 471; x_wconf 84' lang='lat' dir='ltr'><strong>ex</strong></span> <span class='ocrx_word' id='word_1_7' title='bbox 1348 410 1467 471; x_wconf 91' lang='lat' dir='ltr'><strong>illis</strong></span> <span class='ocrx_word' id='word_1_8' title='bbox 1494 430 1617 471; x_wconf 90' lang='lat' dir='ltr'><strong>non</strong></span> <span class='ocrx_word' id='word_1_9' title='bbox 1649 425 1822 491; x_wconf 80' lang='lat' dir='ltr'><strong>posse</strong></span> <span class='ocrx_word' id='word_1_10' title='bbox 1850 409 2010 470; x_wconf 88' lang='lat' dir='ltr'><strong>elee-</strong></span> 
     </span>
     <span class='ocr_line' id='line_1_4' title="bbox 446 503 2010 583; baseline -0.003 -16"><span class='ocrx_word' id='word_1_11' title='bbox 446 522 737 583; x_wconf 78' lang='lat' dir='ltr'><strong>mosynas</strong></span> <span class='ocrx_word' id='word_1_12' title='bbox 764 504 961 565; x_wconf 77' lang='lat' dir='ltr'><strong>iacere</strong></span> <span class='ocrx_word' id='word_1_13' title='bbox 987 503 1118 563; x_wconf 86' lang='lat' dir='ltr'><strong>sinc</strong></span> <span class='ocrx_word' id='word_1_14' title='bbox 1147 504 1334 582; x_wconf 86' lang='lat' dir='ltr'><strong>patris</strong></span> <span class='ocrx_word' id='word_1_15' title='bbox 1385 520 1720 580; x_wconf 87' lang='lat' dir='ltr'><strong>consensu;</strong></span> <span class='ocrx_word' id='word_1_16' title='bbox 1752 510 1815 564; x_wconf 90' lang='lat' dir='ltr'><strong>et</strong></span> <span class='ocrx_word' id='word_1_17' title='bbox 1843 503 2010 563; x_wconf 88' lang='lat' dir='ltr'><strong>idem</strong></span> 
     </span>
     <span class='ocr_line' id='line_1_5' title="bbox 447 596 2010 676; baseline -0.003 -17"><span class='ocrx_word' id='word_1_18' title='bbox 447 606 535 659; x_wconf 87' lang='lat' dir='ltr'><strong>est</strong></span> <span class='ocrx_word' id='word_1_19' title='bbox 564 598 640 658; x_wconf 90' lang='lat' dir='ltr'><strong>de</strong></span> <span class='ocrx_word' id='word_1_20' title='bbox 686 596 953 676; x_wconf 79' lang='lat' dir='ltr'><strong>pupillis,</strong></span> <span class='ocrx_word' id='word_1_21' title='bbox 984 598 1089 676; x_wconf 90' lang='lat' dir='ltr'><strong>qui</strong></span> <span class='ocrx_word' id='word_1_22' title='bbox 1122 614 1235 675; x_wconf 86' lang='lat' dir='ltr'><strong>per</strong></span> <span class='ocrx_word' id='word_1_23' title='bbox 1258 596 1425 675; x_wconf 81' lang='lat' dir='ltr'><strong>leges</strong></span> <span class='ocrx_word' id='word_1_24' title='bbox 1445 596 1679 658; x_wconf 88' lang='lat' dir='ltr'><strong>habent</strong></span> <span class='ocrx_word' id='word_1_25' title='bbox 1714 596 2010 657; x_wconf 88' lang='lat' dir='ltr'><strong>adminis-</strong></span> 
     </span>
     <span class='ocr_line' id='line_1_6' title="bbox 443 688 2006 768; baseline -0.001 -17"><span class='ocrx_word' id='word_1_26' title='bbox 443 690 773 751; x_wconf 88' lang='lat' dir='ltr'><strong>trationem</strong></span> <span class='ocrx_word' id='word_1_27' title='bbox 805 690 1183 768; x_wconf 77' lang='lat' dir='ltr'><strong>Impeditam.</strong></span> <span class='ocrx_word' id='word_1_28' title='bbox 1215 690 1329 749; x_wconf 87' lang='lat' dir='ltr'><strong>Sed</strong></span> <span class='ocrx_word' id='word_1_29' title='bbox 1367 689 1722 751; x_wconf 87' lang='lat' dir='ltr'><strong>addendum</strong></span> <span class='ocrx_word' id='word_1_30' title='bbox 1760 694 1854 750; x_wconf 87' lang='lat' dir='ltr'><strong>est</strong></span> <span class='ocrx_word' id='word_1_31' title='bbox 1894 688 2006 749; x_wconf 88' lang='lat' dir='ltr'><strong>hos</strong></span> 
     </span>
     <span class='ocr_line' id='line_1_7' title="bbox 445 780 2010 863; baseline -0.002 -19"><span class='ocrx_word' id='word_1_32' title='bbox 445 783 603 845; x_wconf 88' lang='lat' dir='ltr'><strong>filios</strong></span> <span class='ocrx_word' id='word_1_33' title='bbox 631 780 856 843; x_wconf 84' lang='lat' dir='ltr'><strong>habere</strong></span> <span class='ocrx_word' id='word_1_34' title='bbox 889 783 1200 845; x_wconf 89' lang='lat' dir='ltr'><strong>interdum</strong></span> <span class='ocrx_word' id='word_1_35' title='bbox 1228 784 1642 863; x_wconf 90' lang='lat' dir='ltr'><strong>quarumdum</strong></span> <span class='ocrx_word' id='word_1_36' title='bbox 1670 800 1881 845; x_wconf 86' lang='lat' dir='ltr'><strong>rerum</strong></span> <span class='ocrx_word' id='word_1_37' title='bbox 1902 781 2010 841; x_wconf 89' lang='lat' dir='ltr'><strong>do-</strong></span> 
     </span>
     <span class='ocr_line' id='line_1_8' title="bbox 448 875 2007 955; baseline 0 -19"><span class='ocrx_word' id='word_1_38' title='bbox 448 877 712 937; x_wconf 88' lang='lat' dir='ltr'><strong>minium</strong></span> <span class='ocrx_word' id='word_1_39' title='bbox 741 882 802 937; x_wconf 87' lang='lat' dir='ltr'><strong>et</strong></span> <span class='ocrx_word' id='word_1_40' title='bbox 828 894 1031 951; x_wconf 89' lang='lat' dir='ltr'><strong>usum,</strong></span> <span class='ocrx_word' id='word_1_41' title='bbox 1060 883 1129 935; x_wconf 86' lang='lat' dir='ltr'><strong>ut</strong></span> <span class='ocrx_word' id='word_1_42' title='bbox 1159 877 1381 955; x_wconf 89' lang='lat' dir='ltr'><strong>peculii</strong></span> <span class='ocrx_word' id='word_1_43' title='bbox 1414 876 1759 951; x_wconf 75' lang='lat' dir='ltr'><strong>castrensis,</strong></span> <span class='ocrx_word' id='word_1_44' title='bbox 1791 875 1853 936; x_wconf 92' lang='lat' dir='ltr'><strong>id</strong></span> <span class='ocrx_word' id='word_1_45' title='bbox 1894 882 2007 950; x_wconf 84' lang='lat' dir='ltr'><strong>est,</strong></span> 
     </span>
     <span class='ocr_line' id='line_1_9' title="bbox 446 968 2006 1048; baseline 0 -19"><span class='ocrx_word' id='word_1_46' title='bbox 446 969 513 1029; x_wconf 90' lang='lat' dir='ltr'><strong>in</strong></span> <span class='ocrx_word' id='word_1_47' title='bbox 566 970 809 1045; x_wconf 88' lang='lat' dir='ltr'><strong>militia,</strong></span> <span class='ocrx_word' id='word_1_48' title='bbox 853 968 951 1031; x_wconf 85' lang='lat' dir='ltr'><strong>vel</strong></span> <span class='ocrx_word' id='word_1_49' title='bbox 990 970 1219 1030; x_wconf 84' lang='lat' dir='ltr'><strong>intuitu</strong></span> <span class='ocrx_word' id='word_1_50' title='bbox 1272 970 1511 1031; x_wconf 71' lang='lat' dir='ltr'><strong>militias</strong></span> <span class='ocrx_word' id='word_1_51' title='bbox 1555 976 2006 1048; x_wconf 88' lang='lat' dir='ltr'><strong>comparatum,</strong></span> 
     </span>
     <span class='ocr_line' id='line_1_10' title="bbox 446 1061 2009 1144; baseline 0 -21"><span class='ocrx_word' id='word_1_52' title='bbox 446 1063 547 1125; x_wconf 81' lang='lat' dir='ltr'><strong>vel</strong></span> <span class='ocrx_word' id='word_1_53' title='bbox 580 1064 753 1143; x_wconf 86' lang='lat' dir='ltr'><strong>quasi</strong></span> <span class='ocrx_word' id='word_1_54' title='bbox 782 1071 1111 1137; x_wconf 80' lang='lat' dir='ltr'><strong>castrense,</strong></span> <span class='ocrx_word' id='word_1_55' title='bbox 1142 1064 1205 1124; x_wconf 93' lang='lat' dir='ltr'><strong>id</strong></span> <span class='ocrx_word' id='word_1_56' title='bbox 1241 1071 1351 1136; x_wconf 87' lang='lat' dir='ltr'><strong>est,</strong></span> <span class='ocrx_word' id='word_1_57' title='bbox 1412 1072 1837 1144; x_wconf 87' lang='lat' dir='ltr'><strong>comparatum</strong></span> <span class='ocrx_word' id='word_1_58' title='bbox 1879 1061 2009 1123; x_wconf 87' lang='lat' dir='ltr'><strong>offi-</strong></span> 
     </span>
     <span class='ocr_line' id='line_1_11' title="bbox 446 1154 2006 1235; baseline -0.001 -19"><span class='ocrx_word' id='word_1_59' title='bbox 446 1158 540 1217; x_wconf 88' lang='lat' dir='ltr'><strong>cio</strong></span> <span class='ocrx_word' id='word_1_60' title='bbox 570 1154 805 1215; x_wconf 88' lang='lat' dir='ltr'><strong>liberali</strong></span> <span class='ocrx_word' id='word_1_61' title='bbox 858 1161 918 1215; x_wconf 86' lang='lat' dir='ltr'><strong>et</strong></span> <span class='ocrx_word' id='word_1_62' title='bbox 971 1155 1239 1234; x_wconf 84' lang='lat' dir='ltr'><strong>publico,</strong></span> <span class='ocrx_word' id='word_1_63' title='bbox 1273 1159 1367 1219; x_wconf 85' lang='lat' dir='ltr'><strong>vel</strong></span> <span class='ocrx_word' id='word_1_64' title='bbox 1417 1156 1589 1235; x_wconf 78' lang='lat' dir='ltr'><strong>regia</strong></span> <span class='ocrx_word' id='word_1_65' title='bbox 1647 1155 2006 1216; x_wconf 82' lang='lat' dir='ltr'><strong>donatione.</strong></span> 
     </span>
     <span class='ocr_line' id='line_1_12' title="bbox 444 1248 2013 1327; baseline -0.003 -14"><span class='ocrx_word' id='word_1_66' title='bbox 444 1252 535 1313; x_wconf 91' lang='lat' dir='ltr'><strong>Na</strong></span> <span class='ocrx_word' id='word_1_67' title='bbox 543 1269 599 1309; x_wconf 85' lang='lat' dir='ltr'><strong>m</strong></span> <span class='ocrx_word' id='word_1_68' title='bbox 622 1250 697 1308; x_wconf 86' lang='lat' dir='ltr'><strong>de</strong></span> <span class='ocrx_word' id='word_1_69' title='bbox 711 1248 809 1309; x_wconf 89' lang='lat' dir='ltr'><strong>his</strong></span> <span class='ocrx_word' id='word_1_70' title='bbox 824 1248 999 1309; x_wconf 87' lang='lat' dir='ltr'><strong>bonis</strong></span> <span class='ocrx_word' id='word_1_71' title='bbox 1015 1256 1265 1327; x_wconf 84' lang='lat' dir='ltr'><strong>possunt</strong></span> <span class='ocrx_word' id='word_1_72' title='bbox 1279 1248 1659 1311; x_wconf 85' lang='lat' dir='ltr'><strong>filiifamilias</strong></span> <span class='ocrx_word' id='word_1_73' title='bbox 1675 1249 2013 1327; x_wconf 87' lang='lat' dir='ltr'><strong>eleemosy-</strong></span> 
     </span>
     <span class='ocr_line' id='line_1_13' title="bbox 445 1341 2014 1423; baseline -0.001 -21"><span class='ocrx_word' id='word_1_74' title='bbox 445 1361 559 1403; x_wconf 84' lang='lat' dir='ltr'><strong>nas</strong></span> <span class='ocrx_word' id='word_1_75' title='bbox 598 1341 796 1401; x_wconf 82' lang='lat' dir='ltr'><strong>facere</strong></span> <span class='ocrx_word' id='word_1_76' title='bbox 812 1357 833 1418; x_wconf 82' lang='lat'>3</span> <span class='ocrx_word' id='word_1_77' title='bbox 870 1358 1040 1405; x_wconf 79' lang='lat' dir='ltr'><strong>secus</strong></span> <span class='ocrx_word' id='word_1_78' title='bbox 1067 1359 1211 1401; x_wconf 77' lang='lat' dir='ltr'><strong>vero</strong></span> <span class='ocrx_word' id='word_1_79' title='bbox 1238 1348 1331 1403; x_wconf 89' lang='lat' dir='ltr'><strong>est</strong></span> <span class='ocrx_word' id='word_1_80' title='bbox 1348 1342 1424 1403; x_wconf 90' lang='lat' dir='ltr'><strong>de</strong></span> <span class='ocrx_word' id='word_1_81' title='bbox 1466 1342 1705 1423; x_wconf 83' lang='lat' dir='ltr'><strong>peculio</strong></span> <span class='ocrx_word' id='word_1_82' title='bbox 1727 1341 2014 1421; x_wconf 80' lang='lat' dir='ltr'><strong>profecti·</strong></span> 
     </span>
     <span class='ocr_line' id='line_1_14' title="bbox 442 1432 2012 1514; baseline 0 -19"><span class='ocrx_word' id='word_1_83' title='bbox 442 1436 555 1509; x_wconf 77' lang='lat' dir='ltr'><strong>tio,</strong></span> <span class='ocrx_word' id='word_1_84' title='bbox 588 1434 651 1493; x_wconf 86' lang='lat' dir='ltr'><strong>id</strong></span> <span class='ocrx_word' id='word_1_85' title='bbox 693 1440 803 1507; x_wconf 90' lang='lat' dir='ltr'><strong>est,</strong></span> <span class='ocrx_word' id='word_1_86' title='bbox 850 1432 1019 1513; x_wconf 88' lang='lat' dir='ltr'><strong>quod</strong></span> <span class='ocrx_word' id='word_1_87' title='bbox 1052 1434 1149 1494; x_wconf 84' lang='lat' dir='ltr'><strong>vel</strong></span> <span class='ocrx_word' id='word_1_88' title='bbox 1198 1453 1273 1495; x_wconf 85' lang='lat' dir='ltr'><strong>ex</strong></span> <span class='ocrx_word' id='word_1_89' title='bbox 1308 1435 1488 1495; x_wconf 88' lang='lat' dir='ltr'><strong>rebus</strong></span> <span class='ocrx_word' id='word_1_90' title='bbox 1516 1436 1809 1514; x_wconf 86' lang='lat' dir='ltr'><strong>paternis,</strong></span> <span class='ocrx_word' id='word_1_91' title='bbox 1864 1451 2012 1495; x_wconf 84' lang='lat' dir='ltr'><strong>cum</strong></span> 
     </span>
     <span class='ocr_line' id='line_1_15' title="bbox 444 1526 2010 1605; baseline -0.001 -17"><span class='ocrx_word' id='word_1_92' title='bbox 444 1528 531 1588; x_wconf 89' lang='lat' dir='ltr'><strong>eis</strong></span> <span class='ocrx_word' id='word_1_93' title='bbox 558 1527 856 1587; x_wconf 88' lang='lat' dir='ltr'><strong>nimirum</strong></span> <span class='ocrx_word' id='word_1_94' title='bbox 888 1526 1285 1605; x_wconf 80' lang='lat' dir='ltr'><strong>negotiandO,</strong></span> <span class='ocrx_word' id='word_1_95' title='bbox 1318 1528 1417 1589; x_wconf 86' lang='lat' dir='ltr'><strong>vel</strong></span> <span class='ocrx_word' id='word_1_96' title='bbox 1446 1547 1519 1588; x_wconf 85' lang='lat' dir='ltr'><strong>cx</strong></span> <span class='ocrx_word' id='word_1_97' title='bbox 1552 1528 1884 1589; x_wconf 81' lang='lat' dir='ltr'>donatione</span> <span class='ocrx_word' id='word_1_98' title='bbox 1906 1526 2010 1587; x_wconf 89' lang='lat' dir='ltr'><strong>in-</strong></span> 
     </span>
     <span class='ocr_line' id='line_1_16' title="bbox 444 1618 2012 1700; baseline 0.001 -21"><span class='ocrx_word' id='word_1_99' title='bbox 444 1620 607 1679; x_wconf 89' lang='lat' dir='ltr'><strong>tuitu</strong></span> <span class='ocrx_word' id='word_1_100' title='bbox 633 1620 823 1698; x_wconf 89' lang='lat' dir='ltr'><strong>patris</strong></span> <span class='ocrx_word' id='word_1_101' title='bbox 839 1618 1024 1695; x_wconf 86' lang='lat' dir='ltr'><strong>facta,</strong></span> <span class='ocrx_word' id='word_1_102' title='bbox 1054 1621 1387 1699; x_wconf 83' lang='lat' dir='ltr'><strong>profectum</strong></span> <span class='ocrx_word' id='word_1_103' title='bbox 1414 1627 1524 1683; x_wconf 88' lang='lat' dir='ltr'><strong>est.</strong></span> <span class='ocrx_word' id='word_1_104' title='bbox 1559 1622 1712 1684; x_wconf 87' lang='lat' dir='ltr'><strong>Nam</strong></span> <span class='ocrx_word' id='word_1_105' title='bbox 1735 1618 1876 1681; x_wconf 89' lang='lat' dir='ltr'><strong>talis</strong></span> <span class='ocrx_word' id='word_1_106' title='bbox 1906 1639 2012 1700; x_wconf 88' lang='lat' dir='ltr'><strong>pe·</strong></span> 
     </span>
     <span class='ocr_line' id='line_1_17' title="bbox 442 1712 2008 1793; baseline 0.001 -19"><span class='ocrx_word' id='word_1_107' title='bbox 442 1712 587 1774; x_wconf 85' lang='lat' dir='ltr'><strong>culii</strong></span> <span class='ocrx_word' id='word_1_108' title='bbox 614 1712 959 1773; x_wconf 89' lang='lat' dir='ltr'><strong>dominium</strong></span> <span class='ocrx_word' id='word_1_109' title='bbox 1002 1720 1093 1775; x_wconf 89' lang='lat' dir='ltr'><strong>est</strong></span> <span class='ocrx_word' id='word_1_110' title='bbox 1120 1714 1283 1791; x_wconf 88' lang='lat' dir='ltr'><strong>apud</strong></span> <span class='ocrx_word' id='word_1_111' title='bbox 1314 1722 1589 1793; x_wconf 87' lang='lat' dir='ltr'><strong>patrem;</strong></span> <span class='ocrx_word' id='word_1_112' title='bbox 1624 1720 1687 1774; x_wconf 88' lang='lat' dir='ltr'><strong>ct</strong></span> <span class='ocrx_word' id='word_1_113' title='bbox 1706 1713 1871 1775; x_wconf 89' lang='lat' dir='ltr'><strong>idem</strong></span> <span class='ocrx_word' id='word_1_114' title='bbox 1915 1731 2008 1775; x_wconf 87' lang='lat' dir='ltr'><strong>re-</strong></span> 
     </span>
     <span class='ocr_line' id='line_1_18' title="bbox 441 1804 2012 1887; baseline 0.001 -22"><span class='ocrx_word' id='word_1_115' title='bbox 441 1804 806 1866; x_wconf 85' lang='lat' dir='ltr'><strong>solvendum</strong></span> <span class='ocrx_word' id='word_1_116' title='bbox 850 1806 925 1868; x_wconf 88' lang='lat' dir='ltr'><strong>de</strong></span> <span class='ocrx_word' id='word_1_117' title='bbox 965 1807 1205 1886; x_wconf 88' lang='lat' dir='ltr'><strong>peculio</strong></span> <span class='ocrx_word' id='word_1_118' title='bbox 1238 1808 1599 1883; x_wconf 87' lang='lat' dir='ltr'><strong>adventitio,</strong></span> <span class='ocrx_word' id='word_1_119' title='bbox 1630 1808 1816 1887; x_wconf 87' lang='lat' dir='ltr'><strong>quod,</strong></span> <span class='ocrx_word' id='word_1_120' title='bbox 1848 1807 2012 1868; x_wconf 88' lang='lat' dir='ltr'><strong>scili·</strong></span> 
     </span>
     <span class='ocr_line' id='line_1_19' title="bbox 445 1900 2012 1979; baseline -0.001 -18"><span class='ocrx_word' id='word_1_121' title='bbox 445 1905 573 1975; x_wconf 88' lang='lat' dir='ltr'><strong>cet,</strong></span> <span class='ocrx_word' id='word_1_122' title='bbox 624 1900 963 1979; x_wconf 86' lang='lat' dir='ltr'><strong>acquiritur</strong></span> <span class='ocrx_word' id='word_1_123' title='bbox 1012 1918 1119 1977; x_wconf 84' lang='lat' dir='ltr'><strong>per</strong></span> <span class='ocrx_word' id='word_1_124' title='bbox 1159 1900 1552 1961; x_wconf 85' lang='lat' dir='ltr'><strong>donationem</strong></span> <span class='ocrx_word' id='word_1_125' title='bbox 1602 1901 1830 1961; x_wconf 85' lang='lat' dir='ltr'><strong>factam</strong></span> <span class='ocrx_word' id='word_1_126' title='bbox 1876 1901 2012 1961; x_wconf 88' lang='lat' dir='ltr'><strong>sine</strong></span> 
     </span>
     <span class='ocr_line' id='line_1_20' title="bbox 444 1993 2008 2072; baseline 0.001 -21"><span class='ocrx_word' id='word_1_127' title='bbox 444 1994 678 2053; x_wconf 89' lang='lat' dir='ltr'><strong>iutuitu</strong></span> <span class='ocrx_word' id='word_1_128' title='bbox 724 1994 937 2072; x_wconf 76' lang='lat' dir='ltr'><strong>patriS,</strong></span> <span class='ocrx_word' id='word_1_129' title='bbox 968 1993 1066 2053; x_wconf 86' lang='lat' dir='ltr'><strong>vel</strong></span> <span class='ocrx_word' id='word_1_130' title='bbox 1118 1993 1245 2053; x_wconf 88' lang='lat' dir='ltr'><strong>alio</strong></span> <span class='ocrx_word' id='word_1_131' title='bbox 1296 1993 1523 2069; x_wconf 81' lang='lat' dir='ltr'><strong>labore,</strong></span> <span class='ocrx_word' id='word_1_132' title='bbox 1576 2000 1639 2055; x_wconf 87' lang='lat' dir='ltr'><strong>et</strong></span> <span class='ocrx_word' id='word_1_133' title='bbox 1676 1993 2008 2069; x_wconf 88' lang='lat' dir='ltr'><strong>industria,</strong></span> 
     </span>
     <span class='ocr_line' id='line_1_21' title="bbox 444 2084 2010 2167; baseline 0.001 -22"><span class='ocrx_word' id='word_1_134' title='bbox 444 2103 631 2165; x_wconf 91' lang='lat' dir='ltr'><strong>quam</strong></span> <span class='ocrx_word' id='word_1_135' title='bbox 658 2103 799 2145; x_wconf 85' lang='lat' dir='ltr'><strong>cum</strong></span> <span class='ocrx_word' id='word_1_136' title='bbox 820 2084 1001 2147; x_wconf 91' lang='lat' dir='ltr'><strong>rebus</strong></span> <span class='ocrx_word' id='word_1_137' title='bbox 1029 2086 1299 2167; x_wconf 89' lang='lat' dir='ltr'><strong>paternis</strong></span> <span class='ocrx_word' id='word_1_138' title='bbox 1325 2086 1723 2164; x_wconf 75' lang='lat' dir='ltr'><strong>negotiando.</strong></span> <span class='ocrx_word' id='word_1_139' title='bbox 1754 2087 1908 2147; x_wconf 88' lang='lat' dir='ltr'><strong>Nam</strong></span> <span class='ocrx_word' id='word_1_140' title='bbox 1938 2086 2010 2147; x_wconf 92' lang='lat' dir='ltr'><strong>li-</strong></span> 
     </span>
     <span class='ocr_line' id='line_1_22' title="bbox 442 2178 2008 2259; baseline 0.001 -20"><span class='ocrx_word' id='word_1_141' title='bbox 442 2186 541 2239; x_wconf 86' lang='lat' dir='ltr'><strong>cet</strong></span> <span class='ocrx_word' id='word_1_142' title='bbox 562 2178 685 2239; x_wconf 89' lang='lat' dir='ltr'><strong>tale</strong></span> <span class='ocrx_word' id='word_1_143' title='bbox 710 2180 1053 2239; x_wconf 89' lang='lat' dir='ltr'><strong>dominium</strong></span> <span class='ocrx_word' id='word_1_144' title='bbox 1070 2182 1147 2239; x_wconf 90' lang='lat' dir='ltr'><strong>sit</strong></span> <span class='ocrx_word' id='word_1_145' title='bbox 1169 2180 1333 2259; x_wconf 87' lang='lat' dir='ltr'><strong>apud</strong></span> <span class='ocrx_word' id='word_1_146' title='bbox 1358 2180 1583 2255; x_wconf 87' lang='lat' dir='ltr'><strong>filium,</strong></span> <span class='ocrx_word' id='word_1_147' title='bbox 1609 2187 1817 2240; x_wconf 90' lang='lat' dir='ltr'><strong>tamen</strong></span> <span class='ocrx_word' id='word_1_148' title='bbox 1837 2199 2008 2241; x_wconf 85' lang='lat' dir='ltr'><strong>usus-</strong></span> 
     </span>
     <span class='ocr_line' id='line_1_23' title="bbox 440 2270 2007 2353; baseline 0.001 -21"><span class='ocrx_word' id='word_1_149' title='bbox 440 2270 679 2332; x_wconf 72' lang='lat' dir='ltr'><strong>fructus</strong></span> <span class='ocrx_word' id='word_1_150' title='bbox 702 2284 793 2333; x_wconf 85' lang='lat' dir='ltr'><strong>est</strong></span> <span class='ocrx_word' id='word_1_151' title='bbox 820 2273 983 2351; x_wconf 89' lang='lat' dir='ltr'><strong>apud</strong></span> <span class='ocrx_word' id='word_1_152' title='bbox 1012 2278 1271 2352; x_wconf 88' lang='lat' dir='ltr'><strong>patrem,</strong></span> <span class='ocrx_word' id='word_1_153' title='bbox 1305 2279 1366 2333; x_wconf 90' lang='lat' dir='ltr'><strong>et</strong></span> <span class='ocrx_word' id='word_1_154' title='bbox 1390 2273 1526 2345; x_wconf 81' lang='lat' dir='ltr'><strong>ideo</strong></span> <span class='ocrx_word' id='word_1_155' title='bbox 1555 2292 1680 2333; x_wconf 90' lang='lat' dir='ltr'><strong>non</strong></span> <span class='ocrx_word' id='word_1_156' title='bbox 1701 2272 2007 2353; x_wconf 69' lang='lat' dir='ltr'><strong>potest-fi-</strong></span> 
     </span>
     <span class='ocr_line' id='line_1_24' title="bbox 446 2364 2008 2446; baseline -0.001 -21"><span class='ocrx_word' id='word_1_157' title='bbox 446 2364 568 2425; x_wconf 90' lang='lat' dir='ltr'><strong>lius</strong></span> <span class='ocrx_word' id='word_1_158' title='bbox 599 2365 675 2424; x_wconf 92' lang='lat' dir='ltr'><strong>de</strong></span> <span class='ocrx_word' id='word_1_159' title='bbox 726 2364 831 2425; x_wconf 90' lang='lat' dir='ltr'><strong>illo</strong></span> <span class='ocrx_word' id='word_1_160' title='bbox 872 2364 1071 2427; x_wconf 86' lang='lat' dir='ltr'><strong>facere</strong></span> <span class='ocrx_word' id='word_1_161' title='bbox 1113 2365 1589 2446; x_wconf 77' lang='lat' dir='ltr'><strong>eleemosynam.</strong></span> <span class='ocrx_word' id='word_1_162' title='bbox 1638 2365 2008 2427; x_wconf 85' lang='lat' dir='ltr'><strong>Addendum</strong></span> 
     </span>
     <span class='ocr_line' id='line_1_25' title="bbox 447 2458 2010 2539; baseline 0.003 -21"><span class='ocrx_word' id='word_1_163' title='bbox 447 2463 659 2519; x_wconf 86' lang='lat' dir='ltr'><strong>tamen</strong></span> <span class='ocrx_word' id='word_1_164' title='bbox 690 2463 779 2517; x_wconf 77' lang='lat' dir='ltr'><strong>ost</strong></span> <span class='ocrx_word' id='word_1_165' title='bbox 806 2459 1049 2535; x_wconf 81' lang='lat' dir='ltr'><strong>regulas</strong></span> <span class='ocrx_word' id='word_1_166' title='bbox 1076 2458 1328 2519; x_wconf 89' lang='lat' dir='ltr'><strong>datasiu</strong></span> <span class='ocrx_word' id='word_1_167' title='bbox 1354 2460 1655 2538; x_wconf 81' lang='lat' dir='ltr'><strong>religiosis</strong></span> <span class='ocrx_word' id='word_1_168' title='bbox 1682 2459 2010 2539; x_wconf 80' lang='lat' dir='ltr'><strong>procedere</strong></span> 
     </span>
     <span class='ocr_line' id='line_1_26' title="bbox 449 2550 2014 2627; baseline 0.001 -14"><span class='ocrx_word' id='word_1_169' title='bbox 449 2551 637 2613; x_wconf 86' lang='lat' dir='ltr'><strong>etiam</strong></span> <span class='ocrx_word' id='word_1_170' title='bbox 667 2551 731 2611; x_wconf 88' lang='lat' dir='ltr'><strong>in</strong></span> <span class='ocrx_word' id='word_1_171' title='bbox 775 2550 1203 2627; x_wconf 74' lang='lat' dir='ltr'><strong>filiisfamiliaS,</strong></span> <span class='ocrx_word' id='word_1_172' title='bbox 1232 2553 1283 2613; x_wconf 92' lang='lat' dir='ltr'><strong>si</strong></span> <span class='ocrx_word' id='word_1_173' title='bbox 1320 2571 1431 2614; x_wconf 94' lang='lat' dir='ltr'><strong>suo</strong></span> <span class='ocrx_word' id='word_1_174' title='bbox 1459 2554 1645 2615; x_wconf 88' lang='lat' dir='ltr'><strong>modo</strong></span> <span class='ocrx_word' id='word_1_175' title='bbox 1671 2572 2014 2615; x_wconf 87' lang='lat' dir='ltr'><strong>accommo-</strong></span> 
     </span>
     <span class='ocr_line' id='line_1_27' title="bbox 450 2644 1921 2719; baseline -0.001 -12"><span class='ocrx_word' id='word_1_176' title='bbox 450 2644 698 2707; x_wconf 81' lang='lat' dir='ltr'><strong>dentur.</strong></span> <span class='ocrx_word' id='word_1_177' title='bbox 766 2708 773 2719; x_wconf 74' lang='grc'>,</span> <span class='ocrx_word' id='word_1_178' title='bbox 1904 2702 1921 2717; x_wconf 82' lang='grc'>,</span> 
     </span>
    </p>

    <p class='ocr_par' dir='ltr' id='par_1_4' title="bbox 447 2739 2032 5525">
     <span class='ocr_line' id='line_1_28' title="bbox 530 2739 2012 2814; baseline 0.003 -15"><span class='ocrx_word' id='word_1_179' title='bbox 530 2740 588 2801; x_wconf 77' lang='grc'><strong>5.</strong></span> <span class='ocrx_word' id='word_1_180' title='bbox 638 2742 725 2803; x_wconf 77' lang='lat' dir='ltr'><strong>De</strong></span> <span class='ocrx_word' id='word_1_181' title='bbox 762 2757 968 2803; x_wconf 76' lang='lat' dir='ltr'><strong>uxore.</strong></span> <span class='ocrx_word' id='word_1_182' title='bbox 1008 2773 1088 2787; x_wconf 92' lang='lat'><em>-</em></span> <span class='ocrx_word' id='word_1_183' title='bbox 1124 2742 1375 2814; x_wconf 87' lang='lat' dir='ltr'><strong>Quart0,</strong></span> <span class='ocrx_word' id='word_1_184' title='bbox 1429 2739 1763 2801; x_wconf 87' lang='lat' dir='ltr'><strong>dicendum</strong></span> <span class='ocrx_word' id='word_1_185' title='bbox 1790 2748 1881 2803; x_wconf 93' lang='lat' dir='ltr'><strong>est</strong></span> <span class='ocrx_word' id='word_1_186' title='bbox 1932 2741 2012 2803; x_wconf 92' lang='lat' dir='ltr'><strong>de</strong></span> 
     </span>
     <span class='ocr_line' id='line_1_29' title="bbox 447 2833 2006 2914; baseline 0.003 -23"><span class='ocrx_word' id='word_1_187' title='bbox 447 2850 661 2895; x_wconf 85' lang='lat' dir='ltr'><strong>uxore:</strong></span> <span class='ocrx_word' id='word_1_188' title='bbox 689 2852 854 2914; x_wconf 65' lang='lat' dir='ltr'><strong>quae,</strong></span> <span class='ocrx_word' id='word_1_189' title='bbox 876 2833 1023 2895; x_wconf 89' lang='lat' dir='ltr'><strong>licet</strong></span> <span class='ocrx_word' id='word_1_190' title='bbox 1047 2852 1173 2895; x_wconf 84' lang='lat' dir='ltr'><strong>suae</strong></span> <span class='ocrx_word' id='word_1_191' title='bbox 1195 2834 1357 2893; x_wconf 85' lang='lat' dir='ltr'><strong>dotis</strong></span> <span class='ocrx_word' id='word_1_192' title='bbox 1383 2833 1606 2895; x_wconf 86' lang='lat' dir='ltr'><strong>habeat</strong></span> <span class='ocrx_word' id='word_1_193' title='bbox 1634 2836 2006 2909; x_wconf 87' lang='lat' dir='ltr'><strong>dominium,</strong></span> 
     </span>
     <span class='ocr_line' id='line_1_30' title="bbox 448 2927 2014 3008; baseline 0.002 -22"><span class='ocrx_word' id='word_1_194' title='bbox 448 2943 575 2987; x_wconf 91' lang='lat' dir='ltr'><strong>non</strong></span> <span class='ocrx_word' id='word_1_195' title='bbox 604 2933 811 2987; x_wconf 88' lang='lat' dir='ltr'><strong>tamen</strong></span> <span class='ocrx_word' id='word_1_196' title='bbox 842 2927 1461 3001; x_wconf 76' lang='lat' dir='ltr'><strong>administrationem,</strong></span> <span class='ocrx_word' id='word_1_197' title='bbox 1490 2934 1552 2989; x_wconf 87' lang='lat' dir='ltr'><strong>et</strong></span> <span class='ocrx_word' id='word_1_198' title='bbox 1578 2928 1719 2989; x_wconf 87' lang='lat' dir='ltr'><strong>ideo</strong></span> <span class='ocrx_word' id='word_1_199' title='bbox 1750 2947 1876 2989; x_wconf 91' lang='lat' dir='ltr'><strong>nou</strong></span> <span class='ocrx_word' id='word_1_200' title='bbox 1904 2948 2014 3008; x_wconf 85' lang='lat' dir='ltr'><strong>po·</strong></span> 
     </span>
     <span class='ocr_line' id='line_1_31' title="bbox 450 3019 2014 3100; baseline 0.003 -21"><span class='ocrx_word' id='word_1_201' title='bbox 450 3025 569 3081; x_wconf 91' lang='lat' dir='ltr'><strong>test</strong></span> <span class='ocrx_word' id='word_1_202' title='bbox 593 3019 669 3080; x_wconf 89' lang='lat' dir='ltr'><strong>de</strong></span> <span class='ocrx_word' id='word_1_203' title='bbox 717 3019 824 3080; x_wconf 89' lang='lat' dir='ltr'><strong>illa</strong></span> <span class='ocrx_word' id='word_1_204' title='bbox 850 3020 1051 3081; x_wconf 87' lang='lat' dir='ltr'><strong>facere</strong></span> <span class='ocrx_word' id='word_1_205' title='bbox 1079 3020 1535 3100; x_wconf 85' lang='lat' dir='ltr'><strong>eleemosynam</strong></span> <span class='ocrx_word' id='word_1_206' title='bbox 1558 3021 1692 3082; x_wconf 87' lang='lat' dir='ltr'><strong>sine</strong></span> <span class='ocrx_word' id='word_1_207' title='bbox 1722 3021 1839 3081; x_wconf 87' lang='lat' dir='ltr'><strong>viri</strong></span> <span class='ocrx_word' id='word_1_208' title='bbox 1868 3040 2014 3094; x_wconf 81' lang='lat' dir='ltr'><strong>con-</strong></span> 
     </span>
     <span class='ocr_line' id='line_1_32' title="bbox 452 3112 2014 3194; baseline 0.001 -23"><span class='ocrx_word' id='word_1_209' title='bbox 452 3130 659 3189; x_wconf 88' lang='lat' dir='ltr'><strong>sensu,</strong></span> <span class='ocrx_word' id='word_1_210' title='bbox 710 3131 843 3191; x_wconf 86' lang='lat' dir='ltr'><strong>cap.</strong></span> <span class='ocrx_word' id='word_1_211' title='bbox 899 3112 1067 3187; x_wconf 79' lang='lat' dir='ltr'><strong>Quod</strong></span> <span class='ocrx_word' id='word_1_212' title='bbox 1107 3115 1251 3189; x_wconf 78' lang='lat' dir='ltr'><strong>Dec,</strong></span> <span class='ocrx_word' id='word_1_213' title='bbox 1303 3114 1404 3186; x_wconf 92' lang='grc'><strong>33,</strong></span> <span class='ocrx_word' id='word_1_214' title='bbox 1459 3121 1676 3194; x_wconf 70' lang='lat' dir='ltr'><strong>quaest.</strong></span> <span class='ocrx_word' id='word_1_215' title='bbox 1734 3116 1795 3190; x_wconf 82' lang='lat'><strong>5,</strong></span> <span class='ocrx_word' id='word_1_216' title='bbox 1848 3114 2014 3194; x_wconf 88' lang='lat' dir='ltr'><strong>quod</strong></span> 
     </span>
     <span class='ocr_line' id='line_1_33' title="bbox 453 3204 2020 3284; baseline 0.003 -19"><span class='ocrx_word' id='word_1_217' title='bbox 453 3204 639 3265; x_wconf 87' lang='lat' dir='ltr'><strong>etiam</strong></span> <span class='ocrx_word' id='word_1_218' title='bbox 691 3205 1160 3283; x_wconf 83' lang='lat' dir='ltr'><strong>intelligendum</strong></span> <span class='ocrx_word' id='word_1_219' title='bbox 1220 3217 1311 3267; x_wconf 91' lang='lat' dir='ltr'><strong>est</strong></span> <span class='ocrx_word' id='word_1_220' title='bbox 1346 3206 1519 3283; x_wconf 78' lang='lat' dir='ltr'><strong>iuxta</strong></span> <span class='ocrx_word' id='word_1_221' title='bbox 1556 3207 1799 3284; x_wconf 87' lang='lat' dir='ltr'><strong>regulas</strong></span> <span class='ocrx_word' id='word_1_222' title='bbox 1844 3208 2020 3269; x_wconf 87' lang='lat' dir='ltr'><strong>datas</strong></span> 
     </span>
     <span class='ocr_line' id='line_1_34' title="bbox 454 3298 2020 3378; baseline 0.002 -20"><span class='ocrx_word' id='word_1_223' title='bbox 454 3298 531 3357; x_wconf 91' lang='lat' dir='ltr'><strong>de</strong></span> <span class='ocrx_word' id='word_1_224' title='bbox 560 3299 863 3378; x_wconf 82' lang='lat' dir='ltr'><strong>religioso.</strong></span> <span class='ocrx_word' id='word_1_225' title='bbox 901 3299 1201 3360; x_wconf 69' lang='lat' dir='ltr'><strong>Praeterea</strong></span> <span class='ocrx_word' id='word_1_226' title='bbox 1246 3299 1575 3378; x_wconf 85' lang='lat' dir='ltr'><strong>spectanda</strong></span> <span class='ocrx_word' id='word_1_227' title='bbox 1618 3306 1711 3361; x_wconf 90' lang='lat' dir='ltr'><strong>est</strong></span> <span class='ocrx_word' id='word_1_228' title='bbox 1762 3318 2020 3361; x_wconf 86' lang='lat' dir='ltr'><strong>consue-</strong></span> 
     </span>
     <span class='ocr_line' id='line_1_35' title="bbox 457 3392 2020 3471; baseline 0.003 -20"><span class='ocrx_word' id='word_1_229' title='bbox 457 3392 608 3452; x_wconf 86' lang='lat' dir='ltr'><strong>tudo</strong></span> <span class='ocrx_word' id='word_1_230' title='bbox 626 3406 647 3468; x_wconf 83' lang='lat'>3</span> <span class='ocrx_word' id='word_1_231' title='bbox 702 3410 847 3453; x_wconf 91' lang='lat' dir='ltr'><strong>nam</strong></span> <span class='ocrx_word' id='word_1_232' title='bbox 896 3409 1049 3470; x_wconf 88' lang='lat' dir='ltr'><strong>quas</strong></span> <span class='ocrx_word' id='word_1_233' title='bbox 1095 3392 1513 3471; x_wconf 82' lang='lat' dir='ltr'><strong>eleemosynas</strong></span> <span class='ocrx_word' id='word_1_234' title='bbox 1553 3392 1727 3455; x_wconf 86' lang='lat' dir='ltr'><strong>laicae</strong></span> <span class='ocrx_word' id='word_1_235' title='bbox 1768 3394 2020 3455; x_wconf 81' lang='lat' dir='ltr'><strong>feminae</strong></span> 
     </span>
     <span class='ocr_line' id='line_1_36' title="bbox 459 3485 2020 3567; baseline 0.002 -22"><span class='ocrx_word' id='word_1_236' title='bbox 459 3485 857 3546; x_wconf 88' lang='lat' dir='ltr'><strong>matrimonio</strong></span> <span class='ocrx_word' id='word_1_237' title='bbox 890 3486 1149 3546; x_wconf 89' lang='lat' dir='ltr'><strong>minime</strong></span> <span class='ocrx_word' id='word_1_238' title='bbox 1190 3488 1419 3567; x_wconf 69' lang='lat' dir='ltr'><strong>junctae</strong></span> <span class='ocrx_word' id='word_1_239' title='bbox 1470 3486 1697 3547; x_wconf 80' lang='lat' dir='ltr'><strong>similis</strong></span> <span class='ocrx_word' id='word_1_240' title='bbox 1720 3486 2020 3548; x_wconf 86' lang='lat' dir='ltr'><strong>conditio·</strong></span> 
     </span>
     <span class='ocr_line' id='line_1_37' title="bbox 457 3578 2022 3659; baseline 0.002 -21"><span class='ocrx_word' id='word_1_241' title='bbox 457 3578 556 3639; x_wconf 88' lang='lat' dir='ltr'><strong>nis</strong></span> <span class='ocrx_word' id='word_1_242' title='bbox 581 3578 779 3640; x_wconf 87' lang='lat' dir='ltr'><strong>solent</strong></span> <span class='ocrx_word' id='word_1_243' title='bbox 802 3578 1027 3646; x_wconf 85' lang='lat' dir='ltr'><strong>facere.</strong></span> <span class='ocrx_word' id='word_1_244' title='bbox 1050 3586 1248 3659; x_wconf 86' lang='lat' dir='ltr'><strong>potest</strong></span> <span class='ocrx_word' id='word_1_245' title='bbox 1272 3581 1459 3639; x_wconf 84' lang='lat' dir='ltr'><strong>etiam</strong></span> <span class='ocrx_word' id='word_1_246' title='bbox 1482 3597 1637 3639; x_wconf 83' lang='lat' dir='ltr'><strong>uxor</strong></span> <span class='ocrx_word' id='word_1_247' title='bbox 1658 3579 1856 3641; x_wconf 84' lang='lat' dir='ltr'><strong>facere</strong></span> <span class='ocrx_word' id='word_1_248' title='bbox 1884 3578 2022 3641; x_wconf 87' lang='lat' dir='ltr'><strong>abs-</strong></span> 
     </span>
     <span class='ocr_line' id='line_1_38' title="bbox 458 3671 2022 3751; baseline 0.001 -20"><span class='ocrx_word' id='word_1_249' title='bbox 458 3671 840 3749; x_wconf 89' lang='lat' dir='ltr'><strong>quelicentia</strong></span> <span class='ocrx_word' id='word_1_250' title='bbox 867 3673 1097 3733; x_wconf 89' lang='lat' dir='ltr'><strong>mariti.</strong></span> <span class='ocrx_word' id='word_1_251' title='bbox 1118 3672 1365 3733; x_wconf 76' lang='lat' dir='ltr'><strong>Addunt</strong></span> <span class='ocrx_word' id='word_1_252' title='bbox 1390 3672 1661 3751; x_wconf 85' lang='lat' dir='ltr'><strong>Angelus</strong></span> <span class='ocrx_word' id='word_1_253' title='bbox 1693 3679 1754 3732; x_wconf 90' lang='lat' dir='ltr'><strong>et</strong></span> <span class='ocrx_word' id='word_1_254' title='bbox 1782 3672 2022 3751; x_wconf 82' lang='lat' dir='ltr'><strong>Sylves-</strong></span> 
     </span>
     <span class='ocr_line' id='line_1_39' title="bbox 458 3766 2024 3845; baseline 0 -20"><span class='ocrx_word' id='word_1_255' title='bbox 458 3772 578 3835; x_wconf 88' lang='lat' dir='ltr'><strong>ter,</strong></span> <span class='ocrx_word' id='word_1_256' title='bbox 610 3766 851 3828; x_wconf 73' lang='lat' dir='ltr'><strong>etiamsi</strong></span> <span class='ocrx_word' id='word_1_257' title='bbox 874 3766 1185 3845; x_wconf 69' lang='lat' dir='ltr'><strong>prohibeat</strong></span> <span class='ocrx_word' id='word_1_258' title='bbox 1208 3810 1224 3837; x_wconf 91' lang='lat'><strong>,</strong></span> <span class='ocrx_word' id='word_1_259' title='bbox 1250 3766 1397 3845; x_wconf 87' lang='lat' dir='ltr'><strong>quia</strong></span> <span class='ocrx_word' id='word_1_260' title='bbox 1410 3766 1907 3844; x_wconf 82' lang='lat' dir='ltr'><strong>praesumendum</strong></span> <span class='ocrx_word' id='word_1_261' title='bbox 1930 3770 2024 3825; x_wconf 90' lang='lat' dir='ltr'><strong>est</strong></span> 
     </span>
     <span class='ocr_line' id='line_1_40' title="bbox 461 3857 2024 3937; baseline -0.001 -18"><span class='ocrx_word' id='word_1_262' title='bbox 461 3876 587 3919; x_wconf 90' lang='lat' dir='ltr'><strong>non</strong></span> <span class='ocrx_word' id='word_1_263' title='bbox 618 3876 695 3919; x_wconf 85' lang='lat' dir='ltr'><strong>ex</strong></span> <span class='ocrx_word' id='word_1_264' title='bbox 742 3858 953 3918; x_wconf 90' lang='lat' dir='ltr'><strong>animo</strong></span> <span class='ocrx_word' id='word_1_265' title='bbox 1000 3857 1346 3937; x_wconf 85' lang='lat' dir='ltr'><strong>prohibere,</strong></span> <span class='ocrx_word' id='word_1_266' title='bbox 1382 3860 1488 3919; x_wconf 88' lang='lat' dir='ltr'><strong>sed</strong></span> <span class='ocrx_word' id='word_1_267' title='bbox 1523 3864 1591 3917; x_wconf 88' lang='lat' dir='ltr'><strong>ut</strong></span> <span class='ocrx_word' id='word_1_268' title='bbox 1618 3858 1789 3919; x_wconf 90' lang='lat' dir='ltr'><strong>illam</strong></span> <span class='ocrx_word' id='word_1_269' title='bbox 1820 3859 2024 3919; x_wconf 90' lang='lat' dir='ltr'><strong>conti-</strong></span> 
     </span>
     <span class='ocr_line' id='line_1_41' title="bbox 461 3951 2026 4031; baseline -0.001 -17"><span class='ocrx_word' id='word_1_270' title='bbox 461 3957 606 4015; x_wconf 85' lang='lat' dir='ltr'><strong>neat</strong></span> <span class='ocrx_word' id='word_1_271' title='bbox 626 3970 661 4011; x_wconf 91' lang='lat' dir='ltr'><strong>a</strong></span> <span class='ocrx_word' id='word_1_272' title='bbox 680 3951 1047 4029; x_wconf 83' lang='lat' dir='ltr'><strong>largioribus</strong></span> <span class='ocrx_word' id='word_1_273' title='bbox 1066 3952 1495 4031; x_wconf 60' lang='lat' dir='ltr'><strong>eleemosynis</strong></span> <span class='ocrx_word' id='word_1_274' title='bbox 1520 3952 1669 4012; x_wconf 84' lang='lat' dir='ltr'><strong>Item</strong></span> <span class='ocrx_word' id='word_1_275' title='bbox 1698 3951 1842 4029; x_wconf 87' lang='lat' dir='ltr'><strong>quia</strong></span> <span class='ocrx_word' id='word_1_276' title='bbox 1868 3957 2026 4013; x_wconf 87' lang='lat' dir='ltr'><strong>esset</strong></span> 
     </span>
     <span class='ocr_line' id='line_1_42' title="bbox 462 4044 2026 4125; baseline 0.001 -21"><span class='ocrx_word' id='word_1_277' title='bbox 462 4044 916 4124; x_wconf 90' lang='lat' dir='ltr'><strong>quodammodo</strong></span> <span class='ocrx_word' id='word_1_278' title='bbox 966 4046 1263 4125; x_wconf 88' lang='lat' dir='ltr'><strong>injuriosa</strong></span> <span class='ocrx_word' id='word_1_279' title='bbox 1292 4044 1434 4105; x_wconf 88' lang='lat' dir='ltr'><strong>talis</strong></span> <span class='ocrx_word' id='word_1_280' title='bbox 1474 4044 1825 4123; x_wconf 81' lang='lat' dir='ltr'><strong>prohibitio,</strong></span> <span class='ocrx_word' id='word_1_281' title='bbox 1877 4045 2026 4123; x_wconf 88' lang='lat' dir='ltr'><strong>qnia</strong></span> 
     </span>
     <span class='ocr_line' id='line_1_43' title="bbox 464 4138 2026 4218; baseline 0 -19"><span class='ocrx_word' id='word_1_282' title='bbox 464 4145 555 4199; x_wconf 90' lang='lat' dir='ltr'><strong>est</strong></span> <span class='ocrx_word' id='word_1_283' title='bbox 576 4144 789 4199; x_wconf 87' lang='lat' dir='ltr'><strong>contra</strong></span> <span class='ocrx_word' id='word_1_284' title='bbox 826 4140 931 4217; x_wconf 86' lang='lat' dir='ltr'><strong>jus</strong></span> <span class='ocrx_word' id='word_1_285' title='bbox 969 4138 1243 4199; x_wconf 89' lang='lat' dir='ltr'><strong>debitum</strong></span> <span class='ocrx_word' id='word_1_286' title='bbox 1302 4140 1505 4212; x_wconf 85' lang='lat' dir='ltr'><strong>uxori,</strong></span> <span class='ocrx_word' id='word_1_287' title='bbox 1562 4158 1701 4218; x_wconf 83' lang='lat' dir='ltr'><strong>quae</strong></span> <span class='ocrx_word' id='word_1_288' title='bbox 1746 4157 1871 4198; x_wconf 90' lang='lat' dir='ltr'><strong>non</strong></span> <span class='ocrx_word' id='word_1_289' title='bbox 1932 4145 2026 4199; x_wconf 85' lang='lat' dir='ltr'><strong>cst</strong></span> 
     </span>
     <span class='ocr_line' id='line_1_44' title="bbox 465 4232 2028 4305; baseline -0.003 -10"><span class='ocrx_word' id='word_1_290' title='bbox 465 4234 721 4295; x_wconf 88' lang='lat' dir='ltr'><strong>omnino</strong></span> <span class='ocrx_word' id='word_1_291' title='bbox 762 4250 959 4293; x_wconf 83' lang='lat' dir='ltr'><strong>serva.</strong></span> <span class='ocrx_word' id='word_1_292' title='bbox 996 4233 1113 4295; x_wconf 86' lang='lat' dir='ltr'><strong>Sed</strong></span> <span class='ocrx_word' id='word_1_293' title='bbox 1161 4232 1583 4305; x_wconf 87' lang='lat' dir='ltr'><strong>nihilominus,</strong></span> <span class='ocrx_word' id='word_1_294' title='bbox 1626 4232 1675 4291; x_wconf 92' lang='lat' dir='ltr'><strong>si</strong></span> <span class='ocrx_word' id='word_1_295' title='bbox 1718 4236 2028 4291; x_wconf 87' lang='lat' dir='ltr'><strong>constaret</strong></span> 
     </span>
     <span class='ocr_line' id='line_1_45' title="bbox 465 4325 2026 4400; baseline -0.003 -11"><span class='ocrx_word' id='word_1_296' title='bbox 465 4346 601 4389; x_wconf 90' lang='lat' dir='ltr'><strong>eam</strong></span> <span class='ocrx_word' id='word_1_297' title='bbox 644 4346 772 4389; x_wconf 90' lang='lat' dir='ltr'><strong>esse</strong></span> <span class='ocrx_word' id='word_1_298' title='bbox 806 4328 1187 4387; x_wconf 70' lang='lat' dir='ltr'><strong>voluntatem</strong></span> <span class='ocrx_word' id='word_1_299' title='bbox 1239 4328 1373 4400; x_wconf 87' lang='lat' dir='ltr'><strong>viri,</strong></span> <span class='ocrx_word' id='word_1_300' title='bbox 1432 4328 1623 4387; x_wconf 86' lang='lat' dir='ltr'><strong>tutius</strong></span> <span class='ocrx_word' id='word_1_301' title='bbox 1678 4332 1835 4386; x_wconf 86' lang='lat' dir='ltr'><strong>esset</strong></span> <span class='ocrx_word' id='word_1_302' title='bbox 1880 4325 2026 4385; x_wconf 85' lang='lat' dir='ltr'><strong>ohe-</strong></span> 
     </span>
     <span class='ocr_line' id='line_1_46' title="bbox 467 4418 2021 4497; baseline -0.001 -18"><span class='ocrx_word' id='word_1_303' title='bbox 467 4418 620 4495; x_wconf 88' lang='lat' dir='ltr'><strong>dire,</strong></span> <span class='ocrx_word' id='word_1_304' title='bbox 676 4428 747 4480; x_wconf 84' lang='lat' dir='ltr'><strong>ut</strong></span> <span class='ocrx_word' id='word_1_305' title='bbox 792 4421 1015 4481; x_wconf 83' lang='lat' dir='ltr'><strong>Navar.</strong></span> <span class='ocrx_word' id='word_1_306' title='bbox 1074 4419 1271 4495; x_wconf 86' lang='lat' dir='ltr'><strong>docet,</strong></span> <span class='ocrx_word' id='word_1_307' title='bbox 1324 4420 1389 4479; x_wconf 91' lang='lat' dir='ltr'><strong>in</strong></span> <span class='ocrx_word' id='word_1_308' title='bbox 1418 4418 1713 4493; x_wconf 87' lang='lat' dir='ltr'><strong>Manuali,</strong></span> <span class='ocrx_word' id='word_1_309' title='bbox 1754 4436 1889 4497; x_wconf 89' lang='lat' dir='ltr'><strong>cap.</strong></span> <span class='ocrx_word' id='word_1_310' title='bbox 1923 4420 2021 4491; x_wconf 85' lang='lat'><strong>17,</strong></span> 
     </span>
     <span class='ocr_line' id='line_1_47' title="bbox 466 4511 2021 4591; baseline -0.004 -16"><span class='ocrx_word' id='word_1_311' title='bbox 466 4532 641 4575; x_wconf 86' lang='lat' dir='ltr'><strong>num.</strong></span> <span class='ocrx_word' id='word_1_312' title='bbox 674 4516 815 4591; x_wconf 78' lang='lat'><strong>153,</strong></span> <span class='ocrx_word' id='word_1_313' title='bbox 845 4515 1039 4574; x_wconf 87' lang='lat' dir='ltr'><strong>citans</strong></span> <span class='ocrx_word' id='word_1_314' title='bbox 1053 4514 1417 4587; x_wconf 82' lang='lat' dir='ltr'><strong>Antonium,</strong></span> <span class='ocrx_word' id='word_1_315' title='bbox 1437 4513 1541 4591; x_wconf 90' lang='lat' dir='ltr'><strong>qui</strong></span> <span class='ocrx_word' id='word_1_316' title='bbox 1559 4512 1747 4571; x_wconf 87' lang='lat' dir='ltr'><strong>etiam</strong></span> <span class='ocrx_word' id='word_1_317' title='bbox 1763 4511 2021 4581; x_wconf 79' lang='lat' dir='ltr'><strong>addunt,</strong></span> 
     </span>
     <span class='ocr_line' id='line_1_48' title="bbox 465 4604 2026 4685; baseline -0.001 -18"><span class='ocrx_word' id='word_1_318' title='bbox 465 4604 544 4667; x_wconf 92' lang='lat' dir='ltr'><strong>ob</strong></span> <span class='ocrx_word' id='word_1_319' title='bbox 565 4622 890 4685; x_wconf 84' lang='lat' dir='ltr'><strong>urgentem</strong></span> <span class='ocrx_word' id='word_1_320' title='bbox 932 4607 1353 4667; x_wconf 87' lang='lat' dir='ltr'><strong>necessitatem</strong></span> <span class='ocrx_word' id='word_1_321' title='bbox 1371 4605 1661 4684; x_wconf 75' lang='lat' dir='ltr'><strong>corporiS,</strong></span> <span class='ocrx_word' id='word_1_322' title='bbox 1684 4604 1779 4665; x_wconf 91' lang='lat' dir='ltr'><strong>vel</strong></span> <span class='ocrx_word' id='word_1_323' title='bbox 1798 4606 2026 4665; x_wconf 83' lang='lat' dir='ltr'><strong>animae</strong></span> 
     </span>
     <span class='ocr_line' id='line_1_49' title="bbox 465 4698 2024 4781; baseline -0.003 -20"><span class='ocrx_word' id='word_1_324' title='bbox 465 4701 754 4781; x_wconf 71' lang='lat' dir='ltr'><strong>propriae,</strong></span> <span class='ocrx_word' id='word_1_325' title='bbox 806 4700 905 4761; x_wconf 84' lang='lat' dir='ltr'><strong>vel</strong></span> <span class='ocrx_word' id='word_1_326' title='bbox 956 4699 1187 4775; x_wconf 89' lang='lat' dir='ltr'><strong>mariti,</strong></span> <span class='ocrx_word' id='word_1_327' title='bbox 1234 4698 1330 4759; x_wconf 86' lang='lat' dir='ltr'><strong>vel</strong></span> <span class='ocrx_word' id='word_1_328' title='bbox 1377 4698 1649 4773; x_wconf 85' lang='lat' dir='ltr'><strong>familiae,</strong></span> <span class='ocrx_word' id='word_1_329' title='bbox 1696 4716 1869 4777; x_wconf 87' lang='lat' dir='ltr'><strong>posse</strong></span> <span class='ocrx_word' id='word_1_330' title='bbox 1910 4698 2024 4757; x_wconf 87' lang='lat' dir='ltr'><strong>ali-</strong></span> 
     </span>
     <span class='ocr_line' id='line_1_50' title="bbox 470 4791 2026 4873; baseline 0.001 -22"><span class='ocrx_word' id='word_1_331' title='bbox 470 4810 659 4873; x_wconf 83' lang='lat' dir='ltr'><strong>quam</strong></span> <span class='ocrx_word' id='word_1_332' title='bbox 689 4792 1145 4872; x_wconf 78' lang='lat' dir='ltr'><strong>eleemosynam</strong></span> <span class='ocrx_word' id='word_1_333' title='bbox 1173 4792 1374 4853; x_wconf 86' lang='lat' dir='ltr'><strong>facere</strong></span> <span class='ocrx_word' id='word_1_334' title='bbox 1404 4798 1477 4851; x_wconf 92' lang='lat' dir='ltr'><strong>ut</strong></span> <span class='ocrx_word' id='word_1_335' title='bbox 1507 4791 1785 4853; x_wconf 86' lang='lat' dir='ltr'><strong>obtineat</strong></span> <span class='ocrx_word' id='word_1_336' title='bbox 1828 4810 2026 4853; x_wconf 87' lang='lat' dir='ltr'><strong>reme·</strong></span> 
     </span>
     <span class='ocr_line' id='line_1_51' title="bbox 470 4882 2030 4959; baseline 0 -14"><span class='ocrx_word' id='word_1_337' title='bbox 470 4885 643 4946; x_wconf 90' lang='lat' dir='ltr'><strong>dium</strong></span> <span class='ocrx_word' id='word_1_338' title='bbox 672 4904 709 4945; x_wconf 88' lang='lat' dir='ltr'><strong>a</strong></span> <span class='ocrx_word' id='word_1_339' title='bbox 739 4886 885 4947; x_wconf 87' lang='lat' dir='ltr'><strong>Deo.</strong></span> <span class='ocrx_word' id='word_1_340' title='bbox 927 4885 1179 4959; x_wconf 86' lang='lat' dir='ltr'><strong>Ultimo,</strong></span> <span class='ocrx_word' id='word_1_341' title='bbox 1211 4884 1560 4945; x_wconf 82' lang='lat' dir='ltr'><strong>addendum</strong></span> <span class='ocrx_word' id='word_1_342' title='bbox 1602 4889 1695 4945; x_wconf 87' lang='lat' dir='ltr'><strong>est</strong></span> <span class='ocrx_word' id='word_1_343' title='bbox 1742 4882 1819 4945; x_wconf 90' lang='lat' dir='ltr'><strong>de</strong></span> <span class='ocrx_word' id='word_1_344' title='bbox 1850 4884 2030 4945; x_wconf 89' lang='lat' dir='ltr'><strong>bonis</strong></span> 
     </span>
     <span class='ocr_line' id='line_1_52' title="bbox 469 4976 2026 5058; baseline -0.001 -20"><span class='ocrx_word' id='word_1_345' title='bbox 469 4976 1039 5058; x_wconf 86' lang='lat' dir='ltr'><strong>paraphernalibus,</strong></span> <span class='ocrx_word' id='word_1_346' title='bbox 1064 4995 1328 5057; x_wconf 89' lang='lat' dir='ltr'><strong>quorum</strong></span> <span class='ocrx_word' id='word_1_347' title='bbox 1347 4977 1634 5040; x_wconf 85' lang='lat' dir='ltr'><strong>videlicet</strong></span> <span class='ocrx_word' id='word_1_348' title='bbox 1656 4978 2026 5053; x_wconf 88' lang='lat' dir='ltr'><strong>dominium,</strong></span> 
     </span>
     <span class='ocr_line' id='line_1_53' title="bbox 468 5071 2030 5149; baseline 0.001 -18"><span class='ocrx_word' id='word_1_349' title='bbox 468 5079 531 5131; x_wconf 86' lang='lat' dir='ltr'><strong>et</strong></span> <span class='ocrx_word' id='word_1_350' title='bbox 548 5071 999 5133; x_wconf 81' lang='lat' dir='ltr'><strong>administratio</strong></span> <span class='ocrx_word' id='word_1_351' title='bbox 1022 5071 1217 5131; x_wconf 87' lang='lat' dir='ltr'><strong>libera</strong></span> <span class='ocrx_word' id='word_1_352' title='bbox 1246 5071 1599 5132; x_wconf 78' lang='lat' dir='ltr'><strong>conceditur</strong></span> <span class='ocrx_word' id='word_1_353' title='bbox 1627 5072 1826 5146; x_wconf 88' lang='lat' dir='ltr'><strong>uxori,</strong></span> <span class='ocrx_word' id='word_1_354' title='bbox 1854 5089 2030 5149; x_wconf 88' lang='lat' dir='ltr'><strong>posse</strong></span> 
     </span>
     <span class='ocr_line' id='line_1_54' title="bbox 469 5162 2032 5243; baseline -0.001 -19"><span class='ocrx_word' id='word_1_355' title='bbox 469 5163 639 5225; x_wconf 92' lang='lat' dir='ltr'><strong>illam</strong></span> <span class='ocrx_word' id='word_1_356' title='bbox 683 5164 884 5225; x_wconf 82' lang='lat' dir='ltr'><strong>facere</strong></span> <span class='ocrx_word' id='word_1_357' title='bbox 922 5164 1363 5243; x_wconf 83' lang='lat' dir='ltr'><strong>eleemosynaS,</strong></span> <span class='ocrx_word' id='word_1_358' title='bbox 1416 5171 1655 5225; x_wconf 85' lang='lat' dir='ltr'><strong>servato</strong></span> <span class='ocrx_word' id='word_1_359' title='bbox 1700 5162 1907 5225; x_wconf 90' lang='lat' dir='ltr'><strong>debito</strong></span> <span class='ocrx_word' id='word_1_360' title='bbox 1930 5181 2032 5222; x_wconf 88' lang='lat' dir='ltr'><strong>or-</strong></span> 
     </span>
     <span class='ocr_line' id='line_1_55' title="bbox 470 5256 2026 5335; baseline 0.001 -19"><span class='ocrx_word' id='word_1_361' title='bbox 470 5256 648 5332; x_wconf 88' lang='lat' dir='ltr'><strong>dine;</strong></span> <span class='ocrx_word' id='word_1_362' title='bbox 675 5257 761 5317; x_wconf 89' lang='lat' dir='ltr'><strong>ita</strong></span> <span class='ocrx_word' id='word_1_363' title='bbox 802 5258 869 5317; x_wconf 92' lang='lat' dir='ltr'><strong>D.</strong></span> <span class='ocrx_word' id='word_1_364' title='bbox 903 5256 1172 5317; x_wconf 87' lang='lat' dir='ltr'><strong>Thomas</strong></span> <span class='ocrx_word' id='word_1_365' title='bbox 1206 5257 1266 5317; x_wconf 72' lang='lat'><strong>2.</strong></span> <span class='ocrx_word' id='word_1_366' title='bbox 1298 5258 1360 5330; x_wconf 73' lang='lat'><strong>2,</strong></span> <span class='ocrx_word' id='word_1_367' title='bbox 1390 5261 1605 5335; x_wconf 62' lang='lat' dir='ltr'><strong>quaest.</strong></span> <span class='ocrx_word' id='word_1_368' title='bbox 1640 5258 1740 5334; x_wconf 74' lang='lat'><strong>32,</strong></span> <span class='ocrx_word' id='word_1_369' title='bbox 1761 5256 1933 5316; x_wconf 86' lang='lat' dir='ltr'><strong>artic.</strong></span> <span class='ocrx_word' id='word_1_370' title='bbox 1962 5256 2026 5329; x_wconf 90' lang='grc'><strong>8,</strong></span> 
     </span>
     <span class='ocr_line' id='line_1_56' title="bbox 470 5348 2030 5427; baseline -0.002 -15"><span class='ocrx_word' id='word_1_371' title='bbox 470 5350 549 5413; x_wconf 86' lang='lat' dir='ltr'><strong>ad</strong></span> <span class='ocrx_word' id='word_1_372' title='bbox 571 5353 635 5423; x_wconf 76' lang='lat'><strong>2,</strong></span> <span class='ocrx_word' id='word_1_373' title='bbox 667 5355 729 5412; x_wconf 91' lang='lat' dir='ltr'><strong>et</strong></span> <span class='ocrx_word' id='word_1_374' title='bbox 754 5368 966 5411; x_wconf 86' lang='lat' dir='ltr'><strong>omues</strong></span> <span class='ocrx_word' id='word_1_375' title='bbox 986 5350 1417 5425; x_wconf 84' lang='lat' dir='ltr'><strong>communiter,</strong></span> <span class='ocrx_word' id='word_1_376' title='bbox 1442 5350 1550 5427; x_wconf 90' lang='lat' dir='ltr'><strong>qui</strong></span> <span class='ocrx_word' id='word_1_377' title='bbox 1582 5348 1748 5409; x_wconf 91' lang='lat' dir='ltr'><strong>idem</strong></span> <span class='ocrx_word' id='word_1_378' title='bbox 1776 5362 2030 5411; x_wconf 88' lang='lat' dir='ltr'><strong>censent</strong></span> 
     </span>
     <span class='ocr_line' id='line_1_57' title="bbox 471 5440 2032 5525; baseline -0.004 -16"><span class='ocrx_word' id='word_1_379' title='bbox 471 5444 547 5509; x_wconf 88' lang='lat' dir='ltr'><strong>de</strong></span> <span class='ocrx_word' id='word_1_380' title='bbox 563 5442 931 5525; x_wconf 87' lang='lat' dir='ltr'><strong>quibusdam</strong></span> <span class='ocrx_word' id='word_1_381' title='bbox 958 5440 1136 5503; x_wconf 88' lang='lat' dir='ltr'><strong>honis</strong></span> <span class='ocrx_word' id='word_1_382' title='bbox 1173 5460 1311 5522; x_wconf 77' lang='lat' dir='ltr'><strong>quoe</strong></span> <span class='ocrx_word' id='word_1_383' title='bbox 1332 5460 1489 5503; x_wconf 86' lang='lat' dir='ltr'><strong>uxor</strong></span> <span class='ocrx_word' id='word_1_384' title='bbox 1508 5442 1774 5523; x_wconf 85' lang='lat' dir='ltr'><strong>acquirit</strong></span> <span class='ocrx_word' id='word_1_385' title='bbox 1794 5460 1908 5503; x_wconf 87' lang='lat' dir='ltr'><strong>sua</strong></span> <span class='ocrx_word' id='word_1_386' title='bbox 1934 5443 2032 5503; x_wconf 88' lang='lat' dir='ltr'><strong>in·</strong></span> 
     </span>
    </p>
   </div>
   <div class='ocr_carea' id='block_1_4' title="bbox 1306 306 2710 362">
    <p class='ocr_par' dir='ltr' id='par_1_5' title="bbox 1306 306 2710 362">
     <span class='ocr_line' id='line_1_58' title="bbox 1306 306 2710 362; baseline -0.001 -1"><span class='ocrx_word' id='word_1_387' title='bbox 1306 338 1315 347; x_wconf 90' lang='lat'><strong>·</strong></span> <span class='ocrx_word' id='word_1_388' title='bbox 1382 310 1614 361; x_wconf 76' lang='lat' dir='ltr'><strong>DlSl‘UT.</strong></span> <span class='ocrx_word' id='word_1_389' title='bbox 1650 311 1751 362; x_wconf 75' lang='lat' dir='ltr'><strong>Vll.</strong></span> <span class='ocrx_word' id='word_1_390' title='bbox 1792 311 1868 361; x_wconf 82' lang='lat' dir='ltr'><strong>DE</strong></span> <span class='ocrx_word' id='word_1_391' title='bbox 1904 308 2238 361; x_wconf 73' lang='lat' dir='ltr'>PRAECEPTO</span> <span class='ocrx_word' id='word_1_392' title='bbox 2271 306 2710 361; x_wconf 69' lang='lat' dir='ltr'><strong>ELEEMOSYNAE.</strong></span> 
     </span>
    </p>
   </div>
   <div class='ocr_carea' id='block_1_5' title="bbox 2087 406 3736 5523">
    <p class='ocr_par' dir='ltr' id='par_1_6' title="bbox 2088 406 3661 1031">
     <span class='ocr_line' id='line_1_59' title="bbox 2090 406 3660 481; baseline 0 -14"><span class='ocrx_word' id='word_1_393' title='bbox 2090 409 2348 481; x_wconf 85' lang='lat' dir='ltr'><strong>dustria,</strong></span> <span class='ocrx_word' id='word_1_394' title='bbox 2380 426 2504 469; x_wconf 88' lang='lat' dir='ltr'><strong>non</strong></span> <span class='ocrx_word' id='word_1_395' title='bbox 2529 407 2868 471; x_wconf 78' lang='lat' dir='ltr'><strong>necessaria</strong></span> <span class='ocrx_word' id='word_1_396' title='bbox 2895 406 2974 469; x_wconf 85' lang='lat' dir='ltr'><strong>ad</strong></span> <span class='ocrx_word' id='word_1_397' title='bbox 3013 407 3430 469; x_wconf 80' lang='lat' dir='ltr'><strong>sustendanda</strong></span> <span class='ocrx_word' id='word_1_398' title='bbox 3459 424 3660 467; x_wconf 80' lang='lat' dir='ltr'><strong>onera</strong></span> 
     </span>
     <span class='ocr_line' id='line_1_60' title="bbox 2091 501 3652 582; baseline -0.003 -19"><span class='ocrx_word' id='word_1_399' title='bbox 2091 501 2495 575; x_wconf 86' lang='lat' dir='ltr'><strong>matrimonii,</strong></span> <span class='ocrx_word' id='word_1_400' title='bbox 2527 502 2692 582; x_wconf 89' lang='lat' dir='ltr'><strong>quod</strong></span> <span class='ocrx_word' id='word_1_401' title='bbox 2722 503 2864 581; x_wconf 87' lang='lat' dir='ltr'><strong>jure</strong></span> <span class='ocrx_word' id='word_1_402' title='bbox 2908 502 3226 563; x_wconf 88' lang='lat' dir='ltr'><strong>communi</strong></span> <span class='ocrx_word' id='word_1_403' title='bbox 3265 520 3480 563; x_wconf 80' lang='lat' dir='ltr'><strong>verum</strong></span> <span class='ocrx_word' id='word_1_404' title='bbox 3513 507 3652 576; x_wconf 89' lang='lat' dir='ltr'><strong>est;</strong></span> 
     </span>
     <span class='ocr_line' id='line_1_61' title="bbox 2088 595 3660 676; baseline 0 -21"><span class='ocrx_word' id='word_1_405' title='bbox 2088 602 2298 657; x_wconf 86' lang='lat' dir='ltr'><strong>tamen</strong></span> <span class='ocrx_word' id='word_1_406' title='bbox 2328 596 2396 657; x_wconf 91' lang='lat' dir='ltr'><strong>in</strong></span> <span class='ocrx_word' id='word_1_407' title='bbox 2422 614 2794 676; x_wconf 85' lang='lat' dir='ltr'><strong>unoquoque</strong></span> <span class='ocrx_word' id='word_1_408' title='bbox 2817 614 3012 675; x_wconf 82' lang='lat' dir='ltr'><strong>regno</strong></span> <span class='ocrx_word' id='word_1_409' title='bbox 3057 596 3432 657; x_wconf 79' lang='lat' dir='ltr'><strong>servandum</strong></span> <span class='ocrx_word' id='word_1_410' title='bbox 3461 602 3556 657; x_wconf 81' lang='lat' dir='ltr'><strong>est</strong></span> <span class='ocrx_word' id='word_1_411' title='bbox 3579 595 3660 655; x_wconf 83' lang='lat'><strong>11-</strong></span> 
     </span>
     <span class='ocr_line' id='line_1_62' title="bbox 2089 688 3653 769; baseline 0.003 -22"><span class='ocrx_word' id='word_1_412' title='bbox 2089 688 2206 749; x_wconf 82' lang='lat' dir='ltr'><strong>lius</strong></span> <span class='ocrx_word' id='word_1_413' title='bbox 2234 692 2575 769; x_wconf 88' lang='lat' dir='ltr'><strong>proprium,</strong></span> <span class='ocrx_word' id='word_1_414' title='bbox 2605 690 2659 750; x_wconf 88' lang='lat' dir='ltr'><strong>si</strong></span> <span class='ocrx_word' id='word_1_415' title='bbox 2687 694 2902 759; x_wconf 78' lang='lat' dir='ltr'><strong>exstet,</strong></span> <span class='ocrx_word' id='word_1_416' title='bbox 2935 690 3014 749; x_wconf 88' lang='lat' dir='ltr'><strong>de</strong></span> <span class='ocrx_word' id='word_1_417' title='bbox 3052 707 3176 768; x_wconf 83' lang='lat' dir='ltr'><strong>quo</strong></span> <span class='ocrx_word' id='word_1_418' title='bbox 3219 690 3473 764; x_wconf 64' lang='lat' dir='ltr'><strong>Navar„</strong></span> <span class='ocrx_word' id='word_1_419' title='bbox 3508 708 3653 768; x_wconf 84' lang='lat' dir='ltr'><strong>cap.</strong></span> 
     </span>
     <span class='ocr_line' id='line_1_63' title="bbox 2094 782 3660 863; baseline -0.001 -20"><span class='ocrx_word' id='word_1_420' title='bbox 2094 785 2193 859; x_wconf 73' lang='lat'><strong>⁴7,</strong></span> <span class='ocrx_word' id='word_1_421' title='bbox 2239 804 2276 845; x_wconf 90' lang='lat' dir='ltr'><strong>a</strong></span> <span class='ocrx_word' id='word_1_422' title='bbox 2315 801 2492 845; x_wconf 89' lang='lat' dir='ltr'><strong>num.</strong></span> <span class='ocrx_word' id='word_1_423' title='bbox 2529 784 2664 854; x_wconf 70' lang='lat'><strong>114,</strong></span> <span class='ocrx_word' id='word_1_424' title='bbox 2699 789 2762 845; x_wconf 86' lang='lat' dir='ltr'><strong>et</strong></span> <span class='ocrx_word' id='word_1_425' title='bbox 2809 782 2938 859; x_wconf 88' lang='lat' dir='ltr'><strong>alii,</strong></span> <span class='ocrx_word' id='word_1_426' title='bbox 2977 790 3161 863; x_wconf 87' lang='lat' dir='ltr'><strong>atque</strong></span> <span class='ocrx_word' id='word_1_427' title='bbox 3197 784 3286 844; x_wconf 89' lang='lat' dir='ltr'><strong>ita</strong></span> <span class='ocrx_word' id='word_1_428' title='bbox 3311 800 3388 844; x_wconf 85' lang='lat' dir='ltr'><strong>ex</strong></span> <span class='ocrx_word' id='word_1_429' title='bbox 3435 782 3660 844; x_wconf 82' lang='lat' dir='ltr'><strong>induc—</strong></span> 
     </span>
     <span class='ocr_line' id='line_1_64' title="bbox 2091 875 3661 957; baseline 0 -20"><span class='ocrx_word' id='word_1_430' title='bbox 2091 880 2258 938; x_wconf 87' lang='lat' dir='ltr'><strong>tione</strong></span> <span class='ocrx_word' id='word_1_431' title='bbox 2286 877 2472 951; x_wconf 84' lang='lat' dir='ltr'><strong>facta,</strong></span> <span class='ocrx_word' id='word_1_432' title='bbox 2515 876 2770 957; x_wconf 82' lang='lat' dir='ltr'><strong>probata</strong></span> <span class='ocrx_word' id='word_1_433' title='bbox 2811 876 3182 955; x_wconf 85' lang='lat' dir='ltr'><strong>relinquitur</strong></span> <span class='ocrx_word' id='word_1_434' title='bbox 3213 875 3484 937; x_wconf 84' lang='lat' dir='ltr'><strong>secunda</strong></span> <span class='ocrx_word' id='word_1_435' title='bbox 3507 894 3661 939; x_wconf 87' lang='lat' dir='ltr'><strong>eon·</strong></span> 
     </span>
     <span class='ocr_line' id='line_1_65' title="bbox 2093 968 2304 1031; baseline 0.014 -3"><span class='ocrx_word' id='word_1_436' title='bbox 2093 968 2304 1031; x_wconf 82' lang='lat' dir='ltr'><strong>clusio,</strong></span> 
     </span>
    </p>

    <p class='ocr_par' dir='ltr' id='par_1_7' title="bbox 2087 1058 3736 5523">
     <span class='ocr_line' id='line_1_66' title="bbox 2173 1058 3664 1125; baseline 0 -2"><span class='ocrx_word' id='word_1_437' title='bbox 2173 1064 2231 1125; x_wconf 84' lang='lat'><strong>6.</strong></span> <span class='ocrx_word' id='word_1_438' title='bbox 2281 1062 2494 1125; x_wconf 74' lang='lat' dir='ltr'><strong>Tertia</strong></span> <span class='ocrx_word' id='word_1_439' title='bbox 2516 1058 2928 1125; x_wconf 72' lang='lat' dir='ltr'><strong>conclusio.—</strong></span> <span class='ocrx_word' id='word_1_440' title='bbox 2963 1062 3170 1123; x_wconf 84' lang='lat' dir='ltr'><strong>Tertia</strong></span> <span class='ocrx_word' id='word_1_441' title='bbox 3193 1062 3524 1123; x_wconf 72' lang='lat' dir='ltr'><strong>conclusio,</strong></span> <span class='ocrx_word' id='word_1_442' title='bbox 3558 1064 3664 1123; x_wconf 84' lang='lat' dir='ltr'><strong>Ex</strong></span> 
     </span>
     <span class='ocr_line' id='line_1_67' title="bbox 2091 1150 3663 1234; baseline -0.001 -15"><span class='ocrx_word' id='word_1_443' title='bbox 2091 1158 2270 1219; x_wconf 72' lang='lat' dir='ltr'><strong>lionis</strong></span> <span class='ocrx_word' id='word_1_444' title='bbox 2299 1150 2510 1217; x_wconf 71' lang='lat' dir='ltr'><strong>illicite</strong></span> <span class='ocrx_word' id='word_1_445' title='bbox 2539 1153 2872 1234; x_wconf 86' lang='lat' dir='ltr'><strong>acquisitis,</strong></span> <span class='ocrx_word' id='word_1_446' title='bbox 2903 1159 2966 1215; x_wconf 88' lang='lat' dir='ltr'><strong>et</strong></span> <span class='ocrx_word' id='word_1_447' title='bbox 2995 1173 3134 1234; x_wconf 82' lang='lat' dir='ltr'><strong>quae</strong></span> <span class='ocrx_word' id='word_1_448' title='bbox 3187 1162 3332 1216; x_wconf 84' lang='lat' dir='ltr'><strong>sunt</strong></span> <span class='ocrx_word' id='word_1_449' title='bbox 3383 1156 3663 1219; x_wconf 76' lang='lat' dir='ltr'><strong>obnoxia</strong></span> 
     </span>
     <span class='ocr_line' id='line_1_68' title="bbox 2093 1247 3660 1328; baseline -0.001 -17"><span class='ocrx_word' id='word_1_450' title='bbox 2093 1248 2496 1323; x_wconf 85' lang='lat' dir='ltr'><strong>restitutioni,</strong></span> <span class='ocrx_word' id='word_1_451' title='bbox 2531 1266 2658 1309; x_wconf 91' lang='lat' dir='ltr'><strong>non</strong></span> <span class='ocrx_word' id='word_1_452' title='bbox 2685 1252 2888 1327; x_wconf 86' lang='lat' dir='ltr'><strong>potest</strong></span> <span class='ocrx_word' id='word_1_453' title='bbox 2921 1247 3316 1328; x_wconf 72' lang='lat' dir='ltr'><strong>eleemosyna</strong></span> <span class='ocrx_word' id='word_1_454' title='bbox 3339 1248 3499 1324; x_wconf 82' lang='lat' dir='ltr'><strong>dari,</strong></span> <span class='ocrx_word' id='word_1_455' title='bbox 3529 1250 3660 1310; x_wconf 84' lang='lat' dir='ltr'><strong>nisi</strong></span> 
     </span>
     <span class='ocr_line' id='line_1_69' title="bbox 2093 1342 3666 1415; baseline -0.002 -10"><span class='ocrx_word' id='word_1_456' title='bbox 2093 1345 2194 1405; x_wconf 81' lang='lat' dir='ltr'><strong>vel</strong></span> <span class='ocrx_word' id='word_1_457' title='bbox 2216 1344 2282 1404; x_wconf 89' lang='lat' dir='ltr'><strong>in</strong></span> <span class='ocrx_word' id='word_1_458' title='bbox 2311 1361 2454 1403; x_wconf 77' lang='lat' dir='ltr'><strong>casu</strong></span> <span class='ocrx_word' id='word_1_459' title='bbox 2487 1348 2784 1403; x_wconf 81' lang='lat' dir='ltr'><strong>extremoe</strong></span> <span class='ocrx_word' id='word_1_460' title='bbox 2817 1342 3216 1415; x_wconf 77' lang='lat' dir='ltr'><strong>necessitatis,</strong></span> <span class='ocrx_word' id='word_1_461' title='bbox 3263 1342 3360 1403; x_wconf 80' lang='lat' dir='ltr'><strong>vel</strong></span> <span class='ocrx_word' id='word_1_462' title='bbox 3397 1344 3448 1403; x_wconf 89' lang='lat' dir='ltr'><strong>si</strong></span> <span class='ocrx_word' id='word_1_463' title='bbox 3475 1342 3666 1403; x_wconf 65' lang='lat' dir='ltr'><strong>lecti·-</strong></span> 
     </span>
     <span class='ocr_line' id='line_1_70' title="bbox 2093 1436 3668 1499; baseline -0.001 0"><span class='ocrx_word' id='word_1_464' title='bbox 2093 1439 2250 1499; x_wconf 87' lang='lat' dir='ltr'><strong>tutio</strong></span> <span class='ocrx_word' id='word_1_465' title='bbox 2273 1444 2430 1499; x_wconf 90' lang='lat' dir='ltr'><strong>esset</strong></span> <span class='ocrx_word' id='word_1_466' title='bbox 2455 1438 2520 1497; x_wconf 90' lang='lat' dir='ltr'><strong>in</strong></span> <span class='ocrx_word' id='word_1_467' title='bbox 2539 1436 2646 1498; x_wconf 91' lang='lat' dir='ltr'><strong>illo</strong></span> <span class='ocrx_word' id='word_1_468' title='bbox 2663 1436 2852 1497; x_wconf 89' lang='lat' dir='ltr'><strong>modo</strong></span> <span class='ocrx_word' id='word_1_469' title='bbox 2873 1436 3172 1498; x_wconf 75' lang='lat' dir='ltr'><strong>facienda.</strong></span> <span class='ocrx_word' id='word_1_470' title='bbox 3195 1437 3376 1498; x_wconf 84' lang='lat' dir='ltr'><strong>Ratio</strong></span> <span class='ocrx_word' id='word_1_471' title='bbox 3391 1437 3668 1499; x_wconf 79' lang='lat' dir='ltr'><strong>sumitur</strong></span> 
     </span>
     <span class='ocr_line' id='line_1_71' title="bbox 2091 1530 3664 1609; baseline -0.002 -15"><span class='ocrx_word' id='word_1_472' title='bbox 2091 1550 2170 1593; x_wconf 82' lang='lat' dir='ltr'><strong>ex</strong></span> <span class='ocrx_word' id='word_1_473' title='bbox 2193 1532 2403 1607; x_wconf 88' lang='lat' dir='ltr'><strong>dictis;</strong></span> <span class='ocrx_word' id='word_1_474' title='bbox 2433 1536 2567 1591; x_wconf 84' lang='lat' dir='ltr'><strong>tum</strong></span> <span class='ocrx_word' id='word_1_475' title='bbox 2599 1530 2788 1591; x_wconf 87' lang='lat' dir='ltr'><strong>etiam</strong></span> <span class='ocrx_word' id='word_1_476' title='bbox 2823 1530 2974 1609; x_wconf 86' lang='lat' dir='ltr'><strong>quia</strong></span> <span class='ocrx_word' id='word_1_477' title='bbox 2991 1530 3108 1591; x_wconf 85' lang='lat' dir='ltr'><strong>hac</strong></span> <span class='ocrx_word' id='word_1_478' title='bbox 3134 1530 3300 1591; x_wconf 85' lang='lat' dir='ltr'><strong>bona</strong></span> <span class='ocrx_word' id='word_1_479' title='bbox 3325 1530 3664 1591; x_wconf 80' lang='lat' dir='ltr'><strong>restituen-</strong></span> 
     </span>
     <span class='ocr_line' id='line_1_72' title="bbox 2089 1622 3663 1703; baseline -0.003 -16"><span class='ocrx_word' id='word_1_480' title='bbox 2089 1626 2170 1687; x_wconf 89' lang='lat' dir='ltr'><strong>da</strong></span> <span class='ocrx_word' id='word_1_481' title='bbox 2207 1623 2404 1703; x_wconf 86' lang='lat' dir='ltr'><strong>magis</strong></span> <span class='ocrx_word' id='word_1_482' title='bbox 2441 1628 2878 1701; x_wconf 84' lang='lat' dir='ltr'><strong>computantur</strong></span> <span class='ocrx_word' id='word_1_483' title='bbox 2927 1622 3088 1683; x_wconf 88' lang='lat' dir='ltr'><strong>inter</strong></span> <span class='ocrx_word' id='word_1_484' title='bbox 3129 1622 3295 1683; x_wconf 87' lang='lat' dir='ltr'><strong>bona</strong></span> <span class='ocrx_word' id='word_1_485' title='bbox 3339 1623 3663 1685; x_wconf 84' lang='lat' dir='ltr'><strong>creditoris</strong></span> 
     </span>
     <span class='ocr_line' id='line_1_73' title="bbox 2089 1716 3662 1797; baseline -0.002 -19"><span class='ocrx_word' id='word_1_486' title='bbox 2089 1737 2278 1797; x_wconf 87' lang='lat' dir='ltr'><strong>quam</strong></span> <span class='ocrx_word' id='word_1_487' title='bbox 2307 1717 2624 1790; x_wconf 87' lang='lat' dir='ltr'><strong>debitoris,</strong></span> <span class='ocrx_word' id='word_1_488' title='bbox 2653 1722 2724 1775; x_wconf 90' lang='lat' dir='ltr'><strong>ut</strong></span> <span class='ocrx_word' id='word_1_489' title='bbox 2751 1716 2988 1786; x_wconf 81' lang='lat' dir='ltr'><strong>celebre</strong></span> <span class='ocrx_word' id='word_1_490' title='bbox 3015 1722 3104 1777; x_wconf 49' lang='grc' dir='ltr'><strong>ὧι</strong></span> <span class='ocrx_word' id='word_1_491' title='bbox 3131 1716 3296 1796; x_wconf 83' lang='lat' dir='ltr'><strong>apud</strong></span> <span class='ocrx_word' id='word_1_492' title='bbox 3333 1716 3662 1796; x_wconf 82' lang='lat' dir='ltr'><strong>jurisperi-</strong></span> 
     </span>
     <span class='ocr_line' id='line_1_74' title="bbox 2089 1809 3662 1888; baseline -0.003 -15"><span class='ocrx_word' id='word_1_493' title='bbox 2089 1820 2204 1873; x_wconf 77' lang='grc' dir='ltr'><strong>ιοε.</strong></span> <span class='ocrx_word' id='word_1_494' title='bbox 2241 1813 2390 1873; x_wconf 81' lang='lat' dir='ltr'><strong>item</strong></span> <span class='ocrx_word' id='word_1_495' title='bbox 2407 1810 2493 1869; x_wconf 88' lang='lat' dir='ltr'><strong>ita</strong></span> <span class='ocrx_word' id='word_1_496' title='bbox 2520 1815 2763 1870; x_wconf 87' lang='lat' dir='ltr'><strong>tenetur</strong></span> <span class='ocrx_word' id='word_1_497' title='bbox 2791 1809 3100 1888; x_wconf 80' lang='lat' dir='ltr'><strong>quispiam</strong></span> <span class='ocrx_word' id='word_1_498' title='bbox 3119 1809 3467 1883; x_wconf 86' lang='lat' dir='ltr'><strong>restituere,</strong></span> <span class='ocrx_word' id='word_1_499' title='bbox 3491 1810 3662 1869; x_wconf 83' lang='lat' dir='ltr'><strong>sicut</strong></span> 
     </span>
     <span class='ocr_line' id='line_1_75' title="bbox 2090 1901 3656 1965; baseline -0.002 0"><span class='ocrx_word' id='word_1_500' title='bbox 2090 1924 2219 1965; x_wconf 87' lang='lat' dir='ltr'><strong>non</strong></span> <span class='ocrx_word' id='word_1_501' title='bbox 2259 1902 2476 1963; x_wconf 83' lang='lat' dir='ltr'><strong>furari.</strong></span> <span class='ocrx_word' id='word_1_502' title='bbox 2523 1901 2643 1964; x_wconf 88' lang='lat' dir='ltr'><strong>Sed</strong></span> <span class='ocrx_word' id='word_1_503' title='bbox 2685 1920 2810 1963; x_wconf 89' lang='lat' dir='ltr'><strong>non</strong></span> <span class='ocrx_word' id='word_1_504' title='bbox 2849 1901 2991 1963; x_wconf 83' lang='lat' dir='ltr'><strong>lieet</strong></span> <span class='ocrx_word' id='word_1_505' title='bbox 3027 1901 3220 1963; x_wconf 77' lang='lat' dir='ltr'><strong>furari</strong></span> <span class='ocrx_word' id='word_1_506' title='bbox 3251 1902 3332 1962; x_wconf 81' lang='lat' dir='ltr'><strong>ad</strong></span> <span class='ocrx_word' id='word_1_507' title='bbox 3375 1901 3656 1963; x_wconf 77' lang='lat' dir='ltr'><strong>dandam</strong></span> 
     </span>
     <span class='ocr_line' id='line_1_76' title="bbox 2089 1993 3664 2075; baseline -0.002 -17"><span class='ocrx_word' id='word_1_508' title='bbox 2089 1998 2579 2075; x_wconf 81' lang='lat' dir='ltr'><strong>eleemosynam3</strong></span> <span class='ocrx_word' id='word_1_509' title='bbox 2611 2012 2760 2073; x_wconf 81' lang='lat' dir='ltr'><strong>ergo</strong></span> <span class='ocrx_word' id='word_1_510' title='bbox 2781 2012 2980 2073; x_wconf 91' lang='lat' dir='ltr'><strong>neque</strong></span> <span class='ocrx_word' id='word_1_511' title='bbox 3003 1993 3176 2055; x_wconf 86' lang='lat' dir='ltr'><strong>illam</strong></span> <span class='ocrx_word' id='word_1_512' title='bbox 3193 1994 3338 2055; x_wconf 85' lang='lat' dir='ltr'><strong>dare</strong></span> <span class='ocrx_word' id='word_1_513' title='bbox 3363 2012 3441 2054; x_wconf 82' lang='lat' dir='ltr'><strong>ex</strong></span> <span class='ocrx_word' id='word_1_514' title='bbox 3461 1994 3664 2055; x_wconf 87' lang='lat' dir='ltr'><strong>obno-</strong></span> 
     </span>
     <span class='ocr_line' id='line_1_77' title="bbox 2087 2086 3668 2167; baseline -0.002 -17"><span class='ocrx_word' id='word_1_515' title='bbox 2087 2090 2207 2151; x_wconf 86' lang='lat' dir='ltr'><strong>xiis</strong></span> <span class='ocrx_word' id='word_1_516' title='bbox 2233 2088 2626 2151; x_wconf 86' lang='lat' dir='ltr'><strong>restitutioni.</strong></span> <span class='ocrx_word' id='word_1_517' title='bbox 2647 2088 2854 2147; x_wconf 82' lang='lat' dir='ltr'><strong>Dices:</strong></span> <span class='ocrx_word' id='word_1_518' title='bbox 2885 2086 3104 2147; x_wconf 87' lang='lat' dir='ltr'><strong>eodem</strong></span> <span class='ocrx_word' id='word_1_519' title='bbox 3127 2095 3499 2166; x_wconf 81' lang='lat' dir='ltr'><strong>argumento</strong></span> <span class='ocrx_word' id='word_1_520' title='bbox 3513 2104 3668 2167; x_wconf 86' lang='lat' dir='ltr'><strong>pro-</strong></span> 
     </span>
     <span class='ocr_line' id='line_1_78' title="bbox 2089 2180 3668 2260; baseline -0.001 -17"><span class='ocrx_word' id='word_1_521' title='bbox 2089 2181 2342 2243; x_wconf 84' lang='lat' dir='ltr'><strong>baretur</strong></span> <span class='ocrx_word' id='word_1_522' title='bbox 2366 2198 2492 2241; x_wconf 89' lang='lat' dir='ltr'><strong>non</strong></span> <span class='ocrx_word' id='word_1_523' title='bbox 2520 2199 2696 2260; x_wconf 87' lang='lat' dir='ltr'><strong>posse</strong></span> <span class='ocrx_word' id='word_1_524' title='bbox 2724 2180 2994 2259; x_wconf 86' lang='lat' dir='ltr'><strong>aliquem</strong></span> <span class='ocrx_word' id='word_1_525' title='bbox 3026 2181 3296 2241; x_wconf 87' lang='lat' dir='ltr'><strong>retinere</strong></span> <span class='ocrx_word' id='word_1_526' title='bbox 3314 2200 3454 2260; x_wconf 85' lang='lat' dir='ltr'><strong>quae</strong></span> <span class='ocrx_word' id='word_1_527' title='bbox 3481 2180 3668 2242; x_wconf 83' lang='lat' dir='ltr'><strong>resti·</strong></span> 
     </span>
     <span class='ocr_line' id='line_1_79' title="bbox 2087 2274 3670 2354; baseline -0.001 -19"><span class='ocrx_word' id='word_1_528' title='bbox 2087 2281 2262 2335; x_wconf 88' lang='lat' dir='ltr'><strong>tuere</strong></span> <span class='ocrx_word' id='word_1_529' title='bbox 2276 2281 2548 2350; x_wconf 89' lang='lat' dir='ltr'><strong>tenetur,</strong></span> <span class='ocrx_word' id='word_1_530' title='bbox 2564 2279 2814 2354; x_wconf 87' lang='lat' dir='ltr'><strong>propter</strong></span> <span class='ocrx_word' id='word_1_531' title='bbox 2833 2274 3164 2335; x_wconf 83' lang='lat' dir='ltr'><strong>instantem</strong></span> <span class='ocrx_word' id='word_1_532' title='bbox 3179 2292 3430 2351; x_wconf 76' lang='lat' dir='ltr'><strong>gravem</strong></span> <span class='ocrx_word' id='word_1_533' title='bbox 3449 2291 3670 2335; x_wconf 71' lang='lat' dir='ltr'><strong>neces-</strong></span> 
     </span>
     <span class='ocr_line' id='line_1_80' title="bbox 2087 2367 3666 2447; baseline -0.001 -18"><span class='ocrx_word' id='word_1_534' title='bbox 2087 2368 2355 2443; x_wconf 85' lang='lat' dir='ltr'><strong>sitatem,</strong></span> <span class='ocrx_word' id='word_1_535' title='bbox 2381 2369 2525 2447; x_wconf 89' lang='lat' dir='ltr'><strong>quia</strong></span> <span class='ocrx_word' id='word_1_536' title='bbox 2543 2386 2668 2429; x_wconf 90' lang='lat' dir='ltr'><strong>non</strong></span> <span class='ocrx_word' id='word_1_537' title='bbox 2692 2372 2892 2445; x_wconf 88' lang='lat' dir='ltr'><strong>potest</strong></span> <span class='ocrx_word' id='word_1_538' title='bbox 2915 2385 2988 2427; x_wconf 91' lang='lat' dir='ltr'><strong>ea</strong></span> <span class='ocrx_word' id='word_1_539' title='bbox 3009 2367 3220 2429; x_wconf 77' lang='lat' dir='ltr'><strong>furari.</strong></span> <span class='ocrx_word' id='word_1_540' title='bbox 3243 2367 3418 2429; x_wconf 89' lang='lat' dir='ltr'><strong>Unde</strong></span> <span class='ocrx_word' id='word_1_541' title='bbox 3439 2385 3666 2428; x_wconf 84' lang='lat' dir='ltr'><strong>secuu-</strong></span> 
     </span>
     <span class='ocr_line' id='line_1_81' title="bbox 2090 2459 3672 2539; baseline 0 -18"><span class='ocrx_word' id='word_1_542' title='bbox 2090 2462 2171 2521; x_wconf 91' lang='lat' dir='ltr'><strong>do</strong></span> <span class='ocrx_word' id='word_1_543' title='bbox 2201 2480 2398 2539; x_wconf 79' lang='lat' dir='ltr'><strong>arguo</strong></span> <span class='ocrx_word' id='word_1_544' title='bbox 2427 2480 2462 2520; x_wconf 90' lang='lat' dir='ltr'><strong>a</strong></span> <span class='ocrx_word' id='word_1_545' title='bbox 2489 2460 2833 2523; x_wconf 85' lang='lat' dir='ltr'><strong>contrario:</strong></span> <span class='ocrx_word' id='word_1_546' title='bbox 2868 2467 3068 2539; x_wconf 84' lang='lat' dir='ltr'><strong>potest</strong></span> <span class='ocrx_word' id='word_1_547' title='bbox 3093 2459 3352 2539; x_wconf 83' lang='lat' dir='ltr'><strong>quisque</strong></span> <span class='ocrx_word' id='word_1_548' title='bbox 3377 2478 3504 2520; x_wconf 90' lang='lat' dir='ltr'><strong>non</strong></span> <span class='ocrx_word' id='word_1_549' title='bbox 3535 2478 3672 2521; x_wconf 72' lang='lat' dir='ltr'><strong>res-</strong></span> 
     </span>
     <span class='ocr_line' id='line_1_82' title="bbox 2092 2552 3672 2631; baseline 0 -18"><span class='ocrx_word' id='word_1_550' title='bbox 2092 2556 2339 2628; x_wconf 86' lang='lat' dir='ltr'><strong>tituere,</strong></span> <span class='ocrx_word' id='word_1_551' title='bbox 2369 2560 2438 2614; x_wconf 92' lang='lat' dir='ltr'><strong>ut</strong></span> <span class='ocrx_word' id='word_1_552' title='bbox 2457 2571 2585 2614; x_wconf 81' lang='lat' dir='ltr'><strong>suae</strong></span> <span class='ocrx_word' id='word_1_553' title='bbox 2614 2552 2788 2631; x_wconf 83' lang='lat' dir='ltr'><strong>gravi</strong></span> <span class='ocrx_word' id='word_1_554' title='bbox 2817 2552 3160 2615; x_wconf 82' lang='lat' dir='ltr'><strong>necessitati</strong></span> <span class='ocrx_word' id='word_1_555' title='bbox 3179 2552 3544 2628; x_wconf 80' lang='lat' dir='ltr'><strong>subveniat3</strong></span> <span class='ocrx_word' id='word_1_556' title='bbox 3571 2572 3672 2613; x_wconf 89' lang='lat' dir='ltr'><strong>er-</strong></span> 
     </span>
     <span class='ocr_line' id='line_1_83' title="bbox 2091 2645 3658 2727; baseline 0 -20"><span class='ocrx_word' id='word_1_557' title='bbox 2091 2664 2171 2725; x_wconf 89' lang='lat' dir='ltr'><strong>go</strong></span> <span class='ocrx_word' id='word_1_558' title='bbox 2191 2653 2252 2708; x_wconf 91' lang='lat' dir='ltr'><strong>et</strong></span> <span class='ocrx_word' id='word_1_559' title='bbox 2283 2662 2350 2707; x_wconf 89' lang='lat' dir='ltr'><strong>ut</strong></span> <span class='ocrx_word' id='word_1_560' title='bbox 2398 2646 2686 2727; x_wconf 82' lang='lat' dir='ltr'><strong>proximi,</strong></span> <span class='ocrx_word' id='word_1_561' title='bbox 2713 2664 2896 2724; x_wconf 89' lang='lat' dir='ltr'><strong>quem</strong></span> <span class='ocrx_word' id='word_1_562' title='bbox 2935 2652 3100 2707; x_wconf 89' lang='lat' dir='ltr'><strong>certe</strong></span> <span class='ocrx_word' id='word_1_563' title='bbox 3132 2645 3314 2707; x_wconf 85' lang='lat' dir='ltr'><strong>debet</strong></span> <span class='ocrx_word' id='word_1_564' title='bbox 3359 2647 3517 2707; x_wconf 87' lang='lat' dir='ltr'><strong>sicut</strong></span> <span class='ocrx_word' id='word_1_565' title='bbox 3565 2664 3658 2707; x_wconf 88' lang='lat' dir='ltr'><strong>se·</strong></span> 
     </span>
     <span class='ocr_line' id='line_1_84' title="bbox 2090 2738 3660 2820; baseline -0.001 -20"><span class='ocrx_word' id='word_1_566' title='bbox 2090 2741 2293 2820; x_wconf 87' lang='lat' dir='ltr'><strong>ipsum</strong></span> <span class='ocrx_word' id='word_1_567' title='bbox 2331 2740 2609 2817; x_wconf 78' lang='lat' dir='ltr'><strong>diligere.</strong></span> <span class='ocrx_word' id='word_1_568' title='bbox 2663 2740 2832 2801; x_wconf 88' lang='lat' dir='ltr'><strong>Idem</strong></span> <span class='ocrx_word' id='word_1_569' title='bbox 2887 2738 3181 2801; x_wconf 87' lang='lat' dir='ltr'><strong>suadetur</strong></span> <span class='ocrx_word' id='word_1_570' title='bbox 3221 2757 3298 2800; x_wconf 84' lang='lat' dir='ltr'><strong>ex</strong></span> <span class='ocrx_word' id='word_1_571' title='bbox 3345 2738 3660 2813; x_wconf 85' lang='lat' dir='ltr'><strong>Patribus,</strong></span> 
     </span>
     <span class='ocr_line' id='line_1_85' title="bbox 2093 2826 3667 2913; baseline 0.001 -20"><span class='ocrx_word' id='word_1_572' title='bbox 2093 2834 2199 2913; x_wconf 85' lang='lat' dir='ltr'><strong>qui</strong></span> <span class='ocrx_word' id='word_1_573' title='bbox 2231 2833 2547 2895; x_wconf 87' lang='lat' dir='ltr'><strong>interdum</strong></span> <span class='ocrx_word' id='word_1_574' title='bbox 2574 2832 2812 2907; x_wconf 87' lang='lat' dir='ltr'><strong>volunt,</strong></span> <span class='ocrx_word' id='word_1_575' title='bbox 2851 2826 3340 2911; x_wconf 70' lang='lat' dir='ltr'><strong>uteleem&#39;osyna</strong></span> <span class='ocrx_word' id='word_1_576' title='bbox 3372 2839 3667 2912; x_wconf 83' lang='lat' dir='ltr'><strong>erogetur</strong></span> 
     </span>
     <span class='ocr_line' id='line_1_86' title="bbox 2095 2926 3664 3006; baseline -0.001 -18"><span class='ocrx_word' id='word_1_577' title='bbox 2095 2945 2172 2988; x_wconf 78' lang='lat' dir='ltr'><strong>ex</strong></span> <span class='ocrx_word' id='word_1_578' title='bbox 2195 2928 2420 3006; x_wconf 79' lang='lat' dir='ltr'><strong>injiiste</strong></span> <span class='ocrx_word' id='word_1_579' title='bbox 2465 2928 2798 3005; x_wconf 83' lang='lat' dir='ltr'><strong>acquisitis.</strong></span> <span class='ocrx_word' id='word_1_580' title='bbox 2835 2926 2922 2987; x_wconf 81' lang='lat' dir='ltr'><strong>Ad</strong></span> <span class='ocrx_word' id='word_1_581' title='bbox 2969 2933 3410 3005; x_wconf 80' lang='lat' dir='ltr'><strong>argumentum</strong></span> <span class='ocrx_word' id='word_1_582' title='bbox 3466 2926 3664 3005; x_wconf 81' lang='lat' dir='ltr'><strong>igitur</strong></span> 
     </span>
     <span class='ocr_line' id='line_1_87' title="bbox 2095 3018 3670 3098; baseline 0 -19"><span class='ocrx_word' id='word_1_583' title='bbox 2095 3019 2361 3081; x_wconf 89' lang='lat' dir='ltr'><strong>concedo</strong></span> <span class='ocrx_word' id='word_1_584' title='bbox 2411 3020 2724 3098; x_wconf 79' lang='lat' dir='ltr'><strong>sequelam</strong></span> <span class='ocrx_word' id='word_1_585' title='bbox 2769 3037 2896 3081; x_wconf 89' lang='lat' dir='ltr'><strong>non</strong></span> <span class='ocrx_word' id='word_1_586' title='bbox 2944 3037 3072 3081; x_wconf 84' lang='lat' dir='ltr'><strong>esse</strong></span> <span class='ocrx_word' id='word_1_587' title='bbox 3116 3018 3464 3093; x_wconf 81' lang='lat' dir='ltr'><strong>formalem,</strong></span> <span class='ocrx_word' id='word_1_588' title='bbox 3513 3019 3670 3098; x_wconf 79' lang='lat' dir='ltr'><strong>quia</strong></span> 
     </span>
     <span class='ocr_line' id='line_1_88' title="bbox 2099 3112 3668 3193; baseline 0 -18"><span class='ocrx_word' id='word_1_589' title='bbox 2099 3112 2405 3175; x_wconf 85' lang='lat' dir='ltr'><strong>naturalia</strong></span> <span class='ocrx_word' id='word_1_590' title='bbox 2434 3120 2736 3193; x_wconf 77' lang='lat' dir='ltr'><strong>praecepta</strong></span> <span class='ocrx_word' id='word_1_591' title='bbox 2751 3112 3112 3191; x_wconf 85' lang='lat' dir='ltr'><strong>simpliciter</strong></span> <span class='ocrx_word' id='word_1_592' title='bbox 3138 3112 3455 3190; x_wconf 72' lang='lat' dir='ltr'><strong>negativa,</strong></span> <span class='ocrx_word' id='word_1_593' title='bbox 3475 3120 3550 3173; x_wconf 85' lang='lat' dir='ltr'><strong>ut</strong></span> <span class='ocrx_word' id='word_1_594' title='bbox 3575 3120 3668 3175; x_wconf 82' lang='lat' dir='ltr'><strong>est</strong></span> 
     </span>
     <span class='ocr_line' id='line_1_89' title="bbox 2101 3205 3668 3286; baseline 0 -19"><span class='ocrx_word' id='word_1_595' title='bbox 2101 3226 2226 3268; x_wconf 85' lang='lat' dir='ltr'><strong>nou</strong></span> <span class='ocrx_word' id='word_1_596' title='bbox 2253 3208 2526 3281; x_wconf 85' lang='lat' dir='ltr'><strong>furandi,</strong></span> <span class='ocrx_word' id='word_1_597' title='bbox 2557 3207 2829 3267; x_wconf 81' lang='lat' dir='ltr'><strong>strictius</strong></span> <span class='ocrx_word' id='word_1_598' title='bbox 2857 3205 3154 3284; x_wconf 79' lang='lat' dir='ltr'><strong>obligant,</strong></span> <span class='ocrx_word' id='word_1_599' title='bbox 3191 3224 3380 3285; x_wconf 89' lang='lat' dir='ltr'><strong>quam</strong></span> <span class='ocrx_word' id='word_1_600' title='bbox 3411 3225 3488 3267; x_wconf 87' lang='lat' dir='ltr'><strong>ea</strong></span> <span class='ocrx_word' id='word_1_601' title='bbox 3525 3224 3668 3286; x_wconf 71' lang='lat' dir='ltr'><strong>quse</strong></span> 
     </span>
     <span class='ocr_line' id='line_1_90' title="bbox 2099 3300 3668 3381; baseline 0 -20"><span class='ocrx_word' id='word_1_602' title='bbox 2099 3300 2352 3381; x_wconf 87' lang='lat' dir='ltr'><strong>aliquod</strong></span> <span class='ocrx_word' id='word_1_603' title='bbox 2381 3300 2822 3361; x_wconf 84' lang='lat' dir='ltr'><strong>affirmativum</strong></span> <span class='ocrx_word' id='word_1_604' title='bbox 2878 3300 3225 3375; x_wconf 85' lang='lat' dir='ltr'><strong>includunt,</strong></span> <span class='ocrx_word' id='word_1_605' title='bbox 3262 3307 3332 3361; x_wconf 87' lang='lat' dir='ltr'><strong>ut</strong></span> <span class='ocrx_word' id='word_1_606' title='bbox 3369 3307 3464 3361; x_wconf 86' lang='lat' dir='ltr'><strong>est</strong></span> <span class='ocrx_word' id='word_1_607' title='bbox 3507 3318 3668 3379; x_wconf 76' lang='lat' dir='ltr'><strong>prae·</strong></span> 
     </span>
     <span class='ocr_line' id='line_1_91' title="bbox 2101 3394 3671 3473; baseline -0.001 -18"><span class='ocrx_word' id='word_1_608' title='bbox 2101 3401 2344 3473; x_wconf 86' lang='lat' dir='ltr'><strong>ceptum</strong></span> <span class='ocrx_word' id='word_1_609' title='bbox 2371 3394 2764 3467; x_wconf 83' lang='lat' dir='ltr'><strong>restituendi3</strong></span> <span class='ocrx_word' id='word_1_610' title='bbox 2812 3395 2879 3455; x_wconf 88' lang='lat' dir='ltr'><strong>in</strong></span> <span class='ocrx_word' id='word_1_611' title='bbox 2917 3394 3204 3473; x_wconf 77' lang='lat' dir='ltr'><strong>praesenti</strong></span> <span class='ocrx_word' id='word_1_612' title='bbox 3227 3402 3438 3454; x_wconf 89' lang='lat' dir='ltr'><strong>tamen</strong></span> <span class='ocrx_word' id='word_1_613' title='bbox 3463 3399 3671 3453; x_wconf 69' lang='lat' dir='ltr'><strong>mate-</strong></span> 
     </span>
     <span class='ocr_line' id='line_1_92' title="bbox 2101 3486 3669 3562; baseline 0 -14"><span class='ocrx_word' id='word_1_614' title='bbox 2101 3488 2218 3560; x_wconf 87' lang='lat' dir='ltr'><strong>ria,</strong></span> <span class='ocrx_word' id='word_1_615' title='bbox 2250 3488 2308 3547; x_wconf 88' lang='lat' dir='ltr'><strong>id</strong></span> <span class='ocrx_word' id='word_1_616' title='bbox 2341 3504 2431 3547; x_wconf 86' lang='lat' dir='ltr'><strong>est</strong></span> <span class='ocrx_word' id='word_1_617' title='bbox 2455 3486 2689 3549; x_wconf 88' lang='lat' dir='ltr'><strong>seclusa</strong></span> <span class='ocrx_word' id='word_1_618' title='bbox 2711 3487 2818 3549; x_wconf 90' lang='lat' dir='ltr'><strong>illa</strong></span> <span class='ocrx_word' id='word_1_619' title='bbox 2846 3489 3230 3562; x_wconf 85' lang='lat' dir='ltr'><strong>necessitate,</strong></span> <span class='ocrx_word' id='word_1_620' title='bbox 3257 3486 3424 3547; x_wconf 83' lang='lat' dir='ltr'><strong>bona</strong></span> <span class='ocrx_word' id='word_1_621' title='bbox 3457 3492 3546 3547; x_wconf 84' lang='lat' dir='ltr'><strong>est</strong></span> <span class='ocrx_word' id='word_1_622' title='bbox 3572 3504 3669 3548; x_wconf 85' lang='lat' dir='ltr'><strong>se·-</strong></span> 
     </span>
     <span class='ocr_line' id='line_1_93' title="bbox 2101 3578 3668 3659; baseline -0.001 -19"><span class='ocrx_word' id='word_1_623' title='bbox 2101 3579 2302 3659; x_wconf 87' lang='lat' dir='ltr'><strong>quela.</strong></span> <span class='ocrx_word' id='word_1_624' title='bbox 2345 3578 2434 3639; x_wconf 83' lang='lat' dir='ltr'><strong>Ad</strong></span> <span class='ocrx_word' id='word_1_625' title='bbox 2465 3580 2830 3654; x_wconf 88' lang='lat' dir='ltr'><strong>secundum,</strong></span> <span class='ocrx_word' id='word_1_626' title='bbox 2865 3585 2957 3640; x_wconf 85' lang='lat' dir='ltr'><strong>est</strong></span> <span class='ocrx_word' id='word_1_627' title='bbox 2984 3580 3332 3641; x_wconf 79' lang='lat' dir='ltr'><strong>differentia</strong></span> <span class='ocrx_word' id='word_1_628' title='bbox 3358 3580 3524 3639; x_wconf 85' lang='lat' dir='ltr'><strong>inter</strong></span> <span class='ocrx_word' id='word_1_629' title='bbox 3555 3596 3668 3639; x_wconf 87' lang='lat' dir='ltr'><strong>ne-</strong></span> 
     </span>
     <span class='ocr_line' id='line_1_94' title="bbox 2101 3672 3670 3752; baseline -0.002 -17"><span class='ocrx_word' id='word_1_630' title='bbox 2101 3674 2443 3735; x_wconf 83' lang='lat' dir='ltr'><strong>cessitatem</strong></span> <span class='ocrx_word' id='word_1_631' title='bbox 2475 3674 2785 3752; x_wconf 84' lang='lat' dir='ltr'><strong>propriam</strong></span> <span class='ocrx_word' id='word_1_632' title='bbox 2833 3680 2896 3733; x_wconf 90' lang='lat' dir='ltr'><strong>et</strong></span> <span class='ocrx_word' id='word_1_633' title='bbox 2913 3673 3180 3735; x_wconf 85' lang='lat' dir='ltr'><strong>alienam</strong></span> <span class='ocrx_word' id='word_1_634' title='bbox 3203 3689 3224 3750; x_wconf 84' lang='lat'>3</span> <span class='ocrx_word' id='word_1_635' title='bbox 3247 3690 3394 3733; x_wconf 87' lang='lat' dir='ltr'><strong>nam</strong></span> <span class='ocrx_word' id='word_1_636' title='bbox 3419 3672 3670 3751; x_wconf 82' lang='lat' dir='ltr'><strong>propria</strong></span> 
     </span>
     <span class='ocr_line' id='line_1_95' title="bbox 2101 3764 3670 3843; baseline -0.003 -15"><span class='ocrx_word' id='word_1_637' title='bbox 2101 3766 2248 3828; x_wconf 81' lang='lat' dir='ltr'><strong>facit</strong></span> <span class='ocrx_word' id='word_1_638' title='bbox 2287 3773 2498 3826; x_wconf 87' lang='lat' dir='ltr'><strong>actum</strong></span> <span class='ocrx_word' id='word_1_639' title='bbox 2547 3766 2904 3827; x_wconf 84' lang='lat' dir='ltr'><strong>restituendi</strong></span> <span class='ocrx_word' id='word_1_640' title='bbox 2949 3764 3264 3827; x_wconf 87' lang='lat' dir='ltr'><strong>moraliter</strong></span> <span class='ocrx_word' id='word_1_641' title='bbox 3307 3764 3670 3843; x_wconf 84' lang='lat' dir='ltr'><strong>impossibi-</strong></span> 
     </span>
     <span class='ocr_line' id='line_1_96' title="bbox 2103 3859 3672 3935; baseline -0.001 -16"><span class='ocrx_word' id='word_1_642' title='bbox 2103 3859 2250 3933; x_wconf 77' lang='lat' dir='ltr'><strong>lem,</strong></span> <span class='ocrx_word' id='word_1_643' title='bbox 2283 3859 2346 3919; x_wconf 86' lang='lat' dir='ltr'><strong>id</strong></span> <span class='ocrx_word' id='word_1_644' title='bbox 2379 3868 2490 3933; x_wconf 90' lang='lat' dir='ltr'><strong>est,</strong></span> <span class='ocrx_word' id='word_1_645' title='bbox 2537 3860 2714 3920; x_wconf 83' lang='lat' dir='ltr'><strong>valde</strong></span> <span class='ocrx_word' id='word_1_646' title='bbox 2761 3859 3110 3935; x_wconf 86' lang='lat' dir='ltr'><strong>difficilem3</strong></span> <span class='ocrx_word' id='word_1_647' title='bbox 3161 3876 3290 3918; x_wconf 89' lang='lat' dir='ltr'><strong>non</strong></span> <span class='ocrx_word' id='word_1_648' title='bbox 3337 3859 3424 3917; x_wconf 89' lang='lat' dir='ltr'><strong>sic</strong></span> <span class='ocrx_word' id='word_1_649' title='bbox 3453 3865 3672 3918; x_wconf 85' lang='lat' dir='ltr'><strong>autem</strong></span> 
     </span>
     <span class='ocr_line' id='line_1_97' title="bbox 2103 3952 3670 4032; baseline -0.001 -20"><span class='ocrx_word' id='word_1_650' title='bbox 2103 3954 2327 4013; x_wconf 85' lang='lat' dir='ltr'><strong>aliena.</strong></span> <span class='ocrx_word' id='word_1_651' title='bbox 2361 3955 2509 4014; x_wconf 88' lang='lat' dir='ltr'><strong>Item</strong></span> <span class='ocrx_word' id='word_1_652' title='bbox 2537 3956 2686 4032; x_wconf 88' lang='lat' dir='ltr'><strong>quia</strong></span> <span class='ocrx_word' id='word_1_653' title='bbox 2723 3954 3022 4030; x_wconf 80' lang='lat' dir='ltr'><strong>obligatio</strong></span> <span class='ocrx_word' id='word_1_654' title='bbox 3071 3952 3482 4013; x_wconf 85' lang='lat' dir='ltr'><strong>subveniendi</strong></span> <span class='ocrx_word' id='word_1_655' title='bbox 3527 3970 3670 4030; x_wconf 83' lang='lat' dir='ltr'><strong>pro·</strong></span> 
     </span>
     <span class='ocr_line' id='line_1_98' title="bbox 2104 4030 3674 4124; baseline 0 -19"><span class='ocrx_word' id='word_1_656' title='bbox 2104 4030 2254 4123; x_wconf 66' lang='lat' dir='ltr'><strong>p‘riae</strong></span> <span class='ocrx_word' id='word_1_657' title='bbox 2312 4047 2658 4107; x_wconf 88' lang='lat' dir='ltr'><strong>necessitati</strong></span> <span class='ocrx_word' id='word_1_658' title='bbox 2681 4046 2882 4124; x_wconf 83' lang='lat' dir='ltr'><strong>major</strong></span> <span class='ocrx_word' id='word_1_659' title='bbox 2929 4052 3044 4121; x_wconf 90' lang='lat' dir='ltr'><strong>est,</strong></span> <span class='ocrx_word' id='word_1_660' title='bbox 3079 4052 3150 4106; x_wconf 82' lang='lat' dir='ltr'><strong>ut</strong></span> <span class='ocrx_word' id='word_1_661' title='bbox 3191 4044 3566 4123; x_wconf 75' lang='lat' dir='ltr'><strong>intelligitur</strong></span> <span class='ocrx_word' id='word_1_662' title='bbox 3593 4062 3674 4105; x_wconf 81' lang='lat' dir='ltr'><strong>ex</strong></span> 
     </span>
     <span class='ocr_line' id='line_1_99' title="bbox 2105 4138 3670 4217; baseline 0.001 -19"><span class='ocrx_word' id='word_1_663' title='bbox 2105 4138 2518 4217; x_wconf 88' lang='lat' dir='ltr'><strong>disputatione</strong></span> <span class='ocrx_word' id='word_1_664' title='bbox 2549 4140 2770 4217; x_wconf 83' lang='lat' dir='ltr'><strong>prima,</strong></span> <span class='ocrx_word' id='word_1_665' title='bbox 2805 4140 3076 4199; x_wconf 86' lang='lat' dir='ltr'><strong>sectione</strong></span> <span class='ocrx_word' id='word_1_666' title='bbox 3119 4144 3356 4217; x_wconf 85' lang='lat' dir='ltr'><strong>quarta.</strong></span> <span class='ocrx_word' id='word_1_667' title='bbox 3392 4140 3670 4217; x_wconf 83' lang='lat' dir='ltr'><strong>Denique</strong></span> 
     </span>
     <span class='ocr_line' id='line_1_100' title="bbox 2106 4231 3670 4310; baseline 0 -19"><span class='ocrx_word' id='word_1_668' title='bbox 2106 4232 2254 4309; x_wconf 88' lang='lat' dir='ltr'><strong>quia</strong></span> <span class='ocrx_word' id='word_1_669' title='bbox 2295 4249 2436 4291; x_wconf 83' lang='lat' dir='ltr'><strong>cum</strong></span> <span class='ocrx_word' id='word_1_670' title='bbox 2481 4231 2785 4310; x_wconf 84' lang='lat' dir='ltr'><strong>quispiam</strong></span> <span class='ocrx_word' id='word_1_671' title='bbox 2835 4236 3161 4293; x_wconf 83' lang='lat' dir='ltr'><strong>excusatur</strong></span> <span class='ocrx_word' id='word_1_672' title='bbox 3213 4250 3250 4291; x_wconf 91' lang='lat' dir='ltr'><strong>a</strong></span> <span class='ocrx_word' id='word_1_673' title='bbox 3285 4232 3670 4291; x_wconf 79' lang='lat' dir='ltr'><strong>restituendo</strong></span> 
     </span>
     <span class='ocr_line' id='line_1_101' title="bbox 2106 4324 3673 4403; baseline 0 -20"><span class='ocrx_word' id='word_1_674' title='bbox 2106 4333 2354 4402; x_wconf 83' lang='lat' dir='ltr'><strong>propter</strong></span> <span class='ocrx_word' id='word_1_675' title='bbox 2383 4325 2804 4385; x_wconf 82' lang='lat' dir='ltr'><strong>necessitatem</strong></span> <span class='ocrx_word' id='word_1_676' title='bbox 2824 4324 3158 4403; x_wconf 87' lang='lat' dir='ltr'><strong>propriam,</strong></span> <span class='ocrx_word' id='word_1_677' title='bbox 3190 4343 3318 4385; x_wconf 89' lang='lat' dir='ltr'><strong>non</strong></span> <span class='ocrx_word' id='word_1_678' title='bbox 3337 4330 3470 4385; x_wconf 77' lang='lat' dir='ltr'><strong>tam</strong></span> <span class='ocrx_word' id='word_1_679' title='bbox 3494 4325 3554 4385; x_wconf 89' lang='lat' dir='ltr'><strong>id</strong></span> <span class='ocrx_word' id='word_1_680' title='bbox 3577 4338 3673 4385; x_wconf 59' lang='grc' dir='ltr'><strong>ωε</strong></span> 
     </span>
     <span class='ocr_line' id='line_1_102' title="bbox 2106 4417 3673 4497; baseline 0.003 -22"><span class='ocrx_word' id='word_1_681' title='bbox 2106 4422 2175 4475; x_wconf 87' lang='grc' dir='ltr'><strong>ιιι</strong></span> <span class='ocrx_word' id='word_1_682' title='bbox 2231 4417 2631 4477; x_wconf 85' lang='lat' dir='ltr'><strong>subveniatur</strong></span> <span class='ocrx_word' id='word_1_683' title='bbox 2666 4418 3010 4479; x_wconf 85' lang='lat' dir='ltr'><strong>necessitati</strong></span> <span class='ocrx_word' id='word_1_684' title='bbox 3056 4418 3336 4497; x_wconf 81' lang='lat' dir='ltr'><strong>propriae,</strong></span> <span class='ocrx_word' id='word_1_685' title='bbox 3369 4434 3563 4496; x_wconf 82' lang='lat' dir='ltr'><strong>quam</strong></span> <span class='ocrx_word' id='word_1_686' title='bbox 3591 4434 3673 4479; x_wconf 83' lang='lat' dir='ltr'><strong>ne</strong></span> 
     </span>
     <span class='ocr_line' id='line_1_103' title="bbox 2108 4492 3736 4588; baseline -0.001 -20"><span class='ocrx_word' id='word_1_687' title='bbox 2108 4509 2172 4568; x_wconf 90' lang='lat' dir='ltr'><strong>in</strong></span> <span class='ocrx_word' id='word_1_688' title='bbox 2205 4526 2280 4569; x_wconf 88' lang='lat' dir='ltr'><strong>ea</strong></span> <span class='ocrx_word' id='word_1_689' title='bbox 2325 4510 2736 4571; x_wconf 86' lang='lat' dir='ltr'><strong>constituatur</strong></span> <span class='ocrx_word' id='word_1_690' title='bbox 2767 4510 3102 4571; x_wconf 85' lang='lat' dir='ltr'><strong>auferendo</strong></span> <span class='ocrx_word' id='word_1_691' title='bbox 3125 4528 3162 4569; x_wconf 90' lang='lat' dir='ltr'><strong>a</strong></span> <span class='ocrx_word' id='word_1_692' title='bbox 3186 4529 3250 4571; x_wconf 84' lang='lat' dir='ltr'><strong>se</strong></span> <span class='ocrx_word' id='word_1_693' title='bbox 3277 4509 3440 4588; x_wconf 84' lang='lat' dir='ltr'><strong>quod</strong></span> <span class='ocrx_word' id='word_1_694' title='bbox 3475 4508 3672 4587; x_wconf 85' lang='lat' dir='ltr'><strong>possi-</strong></span> <span class='ocrx_word' id='word_1_695' title='bbox 3711 4492 3736 4517; x_wconf 82' lang='lat'><em>⁰</em></span> 
     </span>
     <span class='ocr_line' id='line_1_104' title="bbox 2109 4602 3674 4682; baseline -0.001 -19"><span class='ocrx_word' id='word_1_696' title='bbox 2109 4602 2212 4663; x_wconf 88' lang='lat' dir='ltr'><strong>det</strong></span> <span class='ocrx_word' id='word_1_697' title='bbox 2223 4619 2244 4679; x_wconf 89' lang='lat'>;</span> <span class='ocrx_word' id='word_1_698' title='bbox 2276 4622 2446 4663; x_wconf 89' lang='lat' dir='ltr'><strong>secus</strong></span> <span class='ocrx_word' id='word_1_699' title='bbox 2471 4621 2616 4663; x_wconf 88' lang='lat' dir='ltr'><strong>vero</strong></span> <span class='ocrx_word' id='word_1_700' title='bbox 2645 4610 2735 4663; x_wconf 89' lang='lat' dir='ltr'><strong>est</strong></span> <span class='ocrx_word' id='word_1_701' title='bbox 2765 4604 2840 4662; x_wconf 92' lang='lat' dir='ltr'><strong>de</strong></span> <span class='ocrx_word' id='word_1_702' title='bbox 2865 4604 3170 4682; x_wconf 87' lang='lat' dir='ltr'><strong>proxim0,</strong></span> <span class='ocrx_word' id='word_1_703' title='bbox 3202 4604 3309 4682; x_wconf 88' lang='lat' dir='ltr'><strong>qui</strong></span> <span class='ocrx_word' id='word_1_704' title='bbox 3331 4603 3459 4681; x_wconf 84' lang='lat' dir='ltr'><strong>jam</strong></span> <span class='ocrx_word' id='word_1_705' title='bbox 3491 4602 3674 4663; x_wconf 85' lang='lat' dir='ltr'><strong>estin</strong></span> 
     </span>
     <span class='ocr_line' id='line_1_105' title="bbox 2109 4694 3674 4776; baseline -0.001 -19"><span class='ocrx_word' id='word_1_706' title='bbox 2109 4697 2491 4769; x_wconf 79' lang='lat' dir='ltr'><strong>necessitate,</strong></span> <span class='ocrx_word' id='word_1_707' title='bbox 2525 4698 2690 4757; x_wconf 87' lang='lat' dir='ltr'><strong>circa</strong></span> <span class='ocrx_word' id='word_1_708' title='bbox 2719 4715 2907 4776; x_wconf 87' lang='lat' dir='ltr'><strong>quam</strong></span> <span class='ocrx_word' id='word_1_709' title='bbox 2947 4697 3106 4758; x_wconf 84' lang='lat' dir='ltr'><strong>ulter</strong></span> <span class='ocrx_word' id='word_1_710' title='bbox 3137 4696 3338 4758; x_wconf 87' lang='lat' dir='ltr'><strong>solum</strong></span> <span class='ocrx_word' id='word_1_711' title='bbox 3389 4714 3452 4757; x_wconf 93' lang='lat' dir='ltr'><strong>se</strong></span> <span class='ocrx_word' id='word_1_712' title='bbox 3483 4694 3674 4757; x_wconf 87' lang='lat' dir='ltr'><strong>habet</strong></span> 
     </span>
     <span class='ocr_line' id='line_1_106' title="bbox 2109 4788 3672 4869; baseline -0.003 -18"><span class='ocrx_word' id='word_1_713' title='bbox 2109 4790 2413 4868; x_wconf 81' lang='lat' dir='ltr'><strong>negative.</strong></span> <span class='ocrx_word' id='word_1_714' title='bbox 2449 4792 2658 4853; x_wconf 83' lang='lat' dir='ltr'><strong>Patres</strong></span> <span class='ocrx_word' id='word_1_715' title='bbox 2695 4796 2904 4850; x_wconf 88' lang='lat' dir='ltr'><strong>autem</strong></span> <span class='ocrx_word' id='word_1_716' title='bbox 2929 4808 3056 4850; x_wconf 88' lang='lat' dir='ltr'><strong>non</strong></span> <span class='ocrx_word' id='word_1_717' title='bbox 3099 4790 3440 4869; x_wconf 84' lang='lat' dir='ltr'><strong>loquuntur</strong></span> <span class='ocrx_word' id='word_1_718' title='bbox 3466 4788 3546 4849; x_wconf 88' lang='lat' dir='ltr'><strong>de</strong></span> <span class='ocrx_word' id='word_1_719' title='bbox 3575 4789 3672 4847; x_wconf 82' lang='lat' dir='ltr'><strong>in-</strong></span> 
     </span>
     <span class='ocr_line' id='line_1_107' title="bbox 2103 4883 3672 4962; baseline -0.001 -20"><span class='ocrx_word' id='word_1_720' title='bbox 2103 4884 2270 4962; x_wconf 87' lang='lat' dir='ltr'><strong>juste</strong></span> <span class='ocrx_word' id='word_1_721' title='bbox 2309 4883 2644 4962; x_wconf 86' lang='lat' dir='ltr'><strong>acquisitis,</strong></span> <span class='ocrx_word' id='word_1_722' title='bbox 2681 4883 2787 4945; x_wconf 89' lang='lat' dir='ltr'><strong>sed</strong></span> <span class='ocrx_word' id='word_1_723' title='bbox 2817 4884 2979 4961; x_wconf 79' lang='lat' dir='ltr'><strong>ipsas</strong></span> <span class='ocrx_word' id='word_1_724' title='bbox 3001 4883 3251 4943; x_wconf 80' lang='lat' dir='ltr'><strong>divitias</strong></span> <span class='ocrx_word' id='word_1_725' title='bbox 3279 4900 3450 4943; x_wconf 80' lang='lat' dir='ltr'><strong>more</strong></span> <span class='ocrx_word' id='word_1_726' title='bbox 3483 4899 3672 4943; x_wconf 77' lang='lat' dir='ltr'><strong>evan·</strong></span> 
     </span>
     <span class='ocr_line' id='line_1_108' title="bbox 2110 4973 3674 5055; baseline -0.002 -20"><span class='ocrx_word' id='word_1_727' title='bbox 2110 4976 2306 5055; x_wconf 77' lang='lat' dir='ltr'><strong>gelico</strong></span> <span class='ocrx_word' id='word_1_728' title='bbox 2333 4982 2552 5037; x_wconf 84' lang='lat' dir='ltr'><strong>vocant</strong></span> <span class='ocrx_word' id='word_1_729' title='bbox 2593 4975 2860 5054; x_wconf 78' lang='lat' dir='ltr'><strong>iniquaS,</strong></span> <span class='ocrx_word' id='word_1_730' title='bbox 2893 4992 3022 5037; x_wconf 89' lang='lat' dir='ltr'><strong>non</strong></span> <span class='ocrx_word' id='word_1_731' title='bbox 3054 4975 3216 5055; x_wconf 87' lang='lat' dir='ltr'><strong>quod</strong></span> <span class='ocrx_word' id='word_1_732' title='bbox 3261 4992 3508 5053; x_wconf 80' lang='lat' dir='ltr'><strong>semper</strong></span> <span class='ocrx_word' id='word_1_733' title='bbox 3552 4973 3674 5033; x_wconf 88' lang='lat' dir='ltr'><strong>iui-</strong></span> 
     </span>
     <span class='ocr_line' id='line_1_109' title="bbox 2110 5069 3670 5149; baseline -0.001 -21"><span class='ocrx_word' id='word_1_734' title='bbox 2110 5087 2232 5148; x_wconf 89' lang='lat' dir='ltr'><strong>que</strong></span> <span class='ocrx_word' id='word_1_735' title='bbox 2253 5076 2622 5147; x_wconf 80' lang='lat' dir='ltr'><strong>comparatae</strong></span> <span class='ocrx_word' id='word_1_736' title='bbox 2651 5069 2802 5143; x_wconf 86' lang='lat' dir='ltr'><strong>sint,</strong></span> <span class='ocrx_word' id='word_1_737' title='bbox 2827 5070 2932 5131; x_wconf 84' lang='lat' dir='ltr'><strong>sed</strong></span> <span class='ocrx_word' id='word_1_738' title='bbox 2957 5070 3106 5149; x_wconf 86' lang='lat' dir='ltr'><strong>quia</strong></span> <span class='ocrx_word' id='word_1_739' title='bbox 3127 5086 3288 5147; x_wconf 82' lang='lat' dir='ltr'><strong>saepe</strong></span> <span class='ocrx_word' id='word_1_740' title='bbox 3315 5069 3402 5129; x_wconf 86' lang='lat' dir='ltr'><strong>ita</strong></span> <span class='ocrx_word' id='word_1_741' title='bbox 3423 5086 3670 5147; x_wconf 79' lang='lat' dir='ltr'><strong>compa-</strong></span> 
     </span>
     <span class='ocr_line' id='line_1_110' title="bbox 2111 5160 3666 5241; baseline 0.001 -20"><span class='ocrx_word' id='word_1_742' title='bbox 2111 5169 2348 5237; x_wconf 78' lang='lat' dir='ltr'><strong>rantur,</strong></span> <span class='ocrx_word' id='word_1_743' title='bbox 2381 5168 2443 5222; x_wconf 87' lang='lat' dir='ltr'><strong>et</strong></span> <span class='ocrx_word' id='word_1_744' title='bbox 2487 5178 2714 5241; x_wconf 82' lang='lat' dir='ltr'><strong>magno</strong></span> <span class='ocrx_word' id='word_1_745' title='bbox 2743 5162 3010 5241; x_wconf 84' lang='lat' dir='ltr'><strong>quodam</strong></span> <span class='ocrx_word' id='word_1_746' title='bbox 3053 5169 3115 5225; x_wconf 86' lang='lat' dir='ltr'><strong>et</strong></span> <span class='ocrx_word' id='word_1_747' title='bbox 3157 5163 3374 5241; x_wconf 87' lang='lat' dir='ltr'><strong>iniquo</strong></span> <span class='ocrx_word' id='word_1_748' title='bbox 3417 5160 3666 5238; x_wconf 82' lang='lat' dir='ltr'><strong>labore3</strong></span> 
     </span>
     <span class='ocr_line' id='line_1_111' title="bbox 2110 5255 3672 5335; baseline 0.002 -20"><span class='ocrx_word' id='word_1_749' title='bbox 2110 5274 2309 5333; x_wconf 86' lang='lat' dir='ltr'><strong>neque</strong></span> <span class='ocrx_word' id='word_1_750' title='bbox 2327 5255 2666 5335; x_wconf 85' lang='lat' dir='ltr'><strong>loquuntur</strong></span> <span class='ocrx_word' id='word_1_751' title='bbox 2683 5256 2762 5319; x_wconf 85' lang='lat' dir='ltr'><strong>de</strong></span> <span class='ocrx_word' id='word_1_752' title='bbox 2779 5256 3192 5335; x_wconf 71' lang='lat' dir='ltr'><strong>eleemosyna,</strong></span> <span class='ocrx_word' id='word_1_753' title='bbox 3217 5256 3324 5317; x_wconf 81' lang='lat' dir='ltr'><strong>sed</strong></span> <span class='ocrx_word' id='word_1_754' title='bbox 3351 5256 3416 5316; x_wconf 89' lang='lat' dir='ltr'><strong>in</strong></span> <span class='ocrx_word' id='word_1_755' title='bbox 3442 5273 3672 5334; x_wconf 80' lang='lat' dir='ltr'><strong>genere</strong></span> 
     </span>
     <span class='ocr_line' id='line_1_112' title="bbox 2109 5346 3672 5427; baseline 0.001 -20"><span class='ocrx_word' id='word_1_756' title='bbox 2109 5348 2186 5409; x_wconf 83' lang='lat' dir='ltr'><strong>de</strong></span> <span class='ocrx_word' id='word_1_757' title='bbox 2215 5348 2379 5411; x_wconf 86' lang='lat' dir='ltr'><strong>bono</strong></span> <span class='ocrx_word' id='word_1_758' title='bbox 2405 5367 2524 5409; x_wconf 88' lang='lat' dir='ltr'><strong>usu</strong></span> <span class='ocrx_word' id='word_1_759' title='bbox 2551 5349 2936 5413; x_wconf 85' lang='lat' dir='ltr'><strong>divitiarum.</strong></span> <span class='ocrx_word' id='word_1_760' title='bbox 2975 5348 3204 5411; x_wconf 87' lang='lat' dir='ltr'><strong>Deinde</strong></span> <span class='ocrx_word' id='word_1_761' title='bbox 3233 5346 3501 5426; x_wconf 79' lang='lat' dir='ltr'><strong>intelligi</strong></span> <span class='ocrx_word' id='word_1_762' title='bbox 3532 5366 3672 5427; x_wconf 85' lang='lat' dir='ltr'><strong>pos-</strong></span> 
     </span>
     <span class='ocr_line' id='line_1_113' title="bbox 2109 5430 3672 5523; baseline -0.001 -19"><span class='ocrx_word' id='word_1_763' title='bbox 2109 5430 2254 5505; x_wconf 82' lang='lat' dir='ltr'><strong>sunt</strong></span> <span class='ocrx_word' id='word_1_764' title='bbox 2277 5442 2354 5503; x_wconf 89' lang='lat' dir='ltr'><strong>de</strong></span> <span class='ocrx_word' id='word_1_765' title='bbox 2381 5441 2504 5505; x_wconf 87' lang='lat' dir='ltr'><strong>illis</strong></span> <span class='ocrx_word' id='word_1_766' title='bbox 2541 5441 2724 5509; x_wconf 83' lang='lat' dir='ltr'><strong>rebus</strong></span> <span class='ocrx_word' id='word_1_767' title='bbox 2753 5460 2894 5523; x_wconf 77' lang='lat' dir='ltr'><strong>quoe</strong></span> <span class='ocrx_word' id='word_1_768' title='bbox 2920 5446 3290 5523; x_wconf 67' lang='lat' dir='ltr'><strong>comparatae</strong></span> <span class='ocrx_word' id='word_1_769' title='bbox 3327 5448 3476 5503; x_wconf 73' lang='lat' dir='ltr'><strong>mut</strong></span> <span class='ocrx_word' id='word_1_770' title='bbox 3500 5441 3672 5523; x_wconf 81' lang='lat' dir='ltr'><strong>turpi</strong></span> 
     </span>
    </p>
   </div>
  </div>
 </body>
</html>
