3900 6217
970 371 1140 424 SECT.
1176 370 1280 424 vu.
1318 368 1399 420 DE
1430 366 1645 419 musis
1678 366 1757 418 ET
1790 367 2164 420 nrm-:ermes
2195 367 2576 421 rnorussrtffi.

154 474 493 553 deputatus
528 491 567 534 a
594 473 721 534 Deo
754 479 847 534 est
874 479 944 533 ut
986 471 1325 552 prophetiae
1352 487 1585 532 munus
1612 486 1726 530 suo

155 575 437 646 tempore
459 572 767 643 exerceat,
794 567 975 644 juxta
1005 565 1062 626 id
1088 565 1315 626 Jerem.
1351 567 1420 624 l:
1454 561 1727 641 Prophe·-

154 668 277 722 tam
310 659 383 720 in
408 658 685 744 pentibus
710 659 845 722 dedi
866 665 943 722 te.
973 657 1289 734 Quomodo
1318 657 1501 718 Num.
1538 658 1599 716 tt
1628 671 1726 716 as·-

155 753 383 813 seritur
406 753 803 832 septuaginta
826 753 991 814 viros
1018 770 1054 812 a
1084 752 1293 831 Moyse
1315 751 1539 812 electos
1560 767 1724 810 rece·

158 847 309 925 pisse
332 846 631 926 spiritum
662 845 931 920 Domini,
953 851 1015 906 et
1043 844 1455 926 prophetasse,
1482 847 1545 904 et
1568 859 1728 901 nun-

160 957 345 1018 quam
405 939 677 1018 amplius
738 957 1038 1013 cessasse3
1093 956 1221 998 non
1276 937 1441 1018 quod
1486 953 1727 1014 semper

159 1031 693 1112 prophetaverint,
736 1029 842 1091 sed
868 1031 1033 1110 quod
1079 1031 1291 1110 rejecti
1328 1049 1453 1090 non
1493 1028 1728 1090 fuerint

159 1150 192 1188 a
228 1145 495 1188 munere
545 1125 978 1207 prophetandi,
1007 1143 1081 1186 ac
1128 1126 1308 1188 certis
1347 1123 1730 1204 temporibus

160 1221 510 1300 receperint
538 1219 780 1282 divinas
806 1218 1213 1281 revelationes
1234 1225 1422 1300 prout
1444 1216 1728 1298 expedie-

160 1315 286 1376 bat.

233 1410 298 1470 9.
342 1404 629 1472 Assertio
658 1405 843 1472 tertia
870 1402 1729 1469 bimembris.-Nihilominus

157 1503 341 1562 tertio
377 1501 719 1562 dicendum
747 1507 838 1561 est
866 1519 941 1561 ex
974 1499 1332 1580 prophetica
1354 1497 1729 1559 revelatione

156 1611 425 1654 manere
470 1592 709 1672 aliquid
764 1612 867 1674 per
900 1591 1156 1654 modum
1194 1591 1443 1652 babitus
1478 1590 1546 1650 in
1592 1607 1729 1670 pro—

156 1686 369 1766 pheta,
418 1685 589 1765 quod
644 1687 957 1746 interdum
1008 1703 1137 1746 non
1184 1690 1277 1745 est
1328 1682 1732 1744 essentialiter

156 1781 477 1840 diversum
533 1797 571 1840 a
606 1777 845 1840 lumine
866 1824 893 1855 ,
930 1796 1053 1857 quo
1103 1795 1421 1840 assensum
1468 1774 1733 1856 praebuit

158 1872 549 1954 propheticae
600 1871 988 1934 revelationi.
1037 1871 1337 1932 Probatur
1406 1869 1679 1950 primum
1708 1911 1733 1944 ,

152 1965 467 2046 quoniam
504 1966 827 2044 prophetat
874 1963 1279 2026 recordantur
1333 1980 1547 2022 eorum
1592 1979 1733 2040 quae

152 2059 509 2136 viderunt3
558 2065 816 2119 manent
862 2076 1009 2136 crgo
1064 2058 1131 2118 in
1182 2057 1268 2117 eis
1316 2055 1568 2134 species.
1619 2053 1735 2118 De·

152 2153 329 2227 iude,
370 2157 689 2212 tranfflcta
728 2150 1127 2226 revelatione,
1150 2148 1437 2227 judicant
1461 2147 1536 2206 de
1580 2146 1735 2207 veri·

152 2252 281 2306 tate
330 2245 501 2325 ejus,
542 2251 717 2306 tanta
744 2243 1113 2304 certitudine
1152 2254 1386 2320 quanta
1423 2239 1735 2319 judicave-

150 2346 296 2402 rant
316 2339 485 2400 dum
511 2343 915 2418 perageretur
935 2353 957 2414 3
986 2353 1135 2414 ergo
1156 2333 1389 2395 habent
1416 2330 1733 2394 habituale

158 2431 423 2512 aliquod
456 2429 841 2510 principium
891 2447 1012 2509 quo
1046 2428 1459 2490 assentiantur
1482 2471 1503 2502 ,
1550 2430 1735 2504 atque

155 2531 437 2586 utuntur
488 2542 637 2584 eum
687 2521 963 2583 libuerit.
998 2521 1311 2596 Quocirca,
1347 2519 1399 2580 si
1442 2517 1735 2578 revelatio

156 2618 529 2698 prophetica
558 2617 681 2678 fuit
716 2616 1062 2692 inevidens,
1092 2615 1305 2676 lumen
1332 2610 1494 2692 quod
1536 2611 1739 2672 fuerat

160 2711 554 2792 principium
604 2707 1019 2784 assentiendi,
1049 2707 1338 2786 quodque
1373 2703 1575 2764 adbuc
1608 2721 1740 2766 ma-

164 2813 289 2878 net,
322 2801 680 2866 secundum
712 2801 1114 2862 substantiam
1164 2799 1331 2860 idem
1368 2803 1503 2872 cst,
1554 2795 1738 2858 nimi-

172 2917 307 2958 rum
322 2896 555 2958 lumen
582 2895 751 2970 fide-i,
782 2900 852 2954 ut
878 2893 1259 2956 ostendimus
1288 2891 1559 2954 sectione
1588 2908 1740 2968 prae-

182 2990 415 3050 cedeati
443 3035 465 3065 ,
520 2987 813 3070 quamvis
866 3006 985 3048 non
1046 2991 1294 3046 maneat
1331 2981 1452 3058 ‚sub
1500 2984 1741 3044 ratione

180 3081 513 3162 prophetici
528 3081 813 3154 lumiuiS,
840 3079 946 3142 sed
964 3077 1256 3158 simplicis
1284 3075 1451 3152 fidei,
1474 3093 1547 3136 eo
1576 3073 1741 3154 quod

170 3175 605 3254 propheticam
642 3174 1067 3252 cognitionem
1110 3187 1399 3230 exercere
1446 3174 1741 3248 nequeat,

167 3288 307 3328 eum
364 3287 501 3329 non
567 3275 819 3329 maneat
872 3265 1273 3345 conjunctum
1317 3281 1459 3324 cum
1514 3261 1743 3322 eisdem

168 3363 503 3442 speciebus
554 3359 871 3438 omnibus,
899 3365 1010 3420 aut
1051 3369 1212 3420 certe
1250 3374 1394 3417 cum
1439 3353 1611 3416 omni
1644 3373 1743 3416 ea-

160 3475 307 3517 rum
336 3473 465 3515 usu
487 3459 557 3516 et
583 3451 1070 3534 apprehensione
1086 3467 1107 3527 3
1137 3449 1201 3511 id
1228 3447 1399 3511 enim
1428 3465 1554 3508 non
1584 3464 1743 3508 sem-

162 3569 273 3629 psn·
324 3549 399 3608 in
442 3546 767 3607 voluntate
820 3543 1136 3624 prophetas
1187 3541 1375 3602 situm
1418 3546 1547 3614 est,
1577 3539 1745 3600 utin

161 3661 445 3703 numero
489 3642 531 3702 6
572 3639 827 3715 notavi,
874 3637 981 3698 sed
1024 3655 1100 3698 ex
1148 3635 1442 3715 peculiari
1470 3629 1580 3694 Dei
1613 3651 1745 3694 mo-

160 3737 339 3796 tione
370 3733 630 3816 pendet.
664 3727 836 3806 'Quod
870 3731 922 3792 si
953 3729 1223 3809 cognitio
1276 3727 1400 3788 fuit
1452 3725 1703 3788 evidens
1721 3769 1742 3800 ,

158 3829 391 3890 lumen
432 3826 713 3907 quidem,
749 3823 913 3905 quod
942 3823 1007 3884 in
1054 3819 1313 3884 instanti
1356 3818 1749 3882 revelationis

156 3921 357 3981 datur
384 3921 471 3980 ad
498 3917 984 3991 assentiendum,
1016 3921 1232 3996 aptum
1260 3913 1337 3974 dc
1382 3931 1447 3974 se
1482 3919 1641 3974 esset
1668 3911 1743 3974 ad

154 4013 673 4094 permanendum
703 4035 723 4090 3
768 4030 895 4072 non
932 4016 1144 4070 tamen
1184 4006 1550 4069 crediderim
1604 4024 1744 4086 per-

156 4126 459 4182 manere,
485 4115 624 4186 tum
652 4103 800 4184 quia
819 4109 1303 4165 consentaneum
1324 4118 1451 4162 nou
1472 4106 1565 4160 est
1593 4117 1749 4179 puro

154 4202 429 4278 viatori,
458 4207 597 4261 tum
628 4198 710 4261 ob
738 4197 1174 4278 congruentias
1220 4195 1372 4258 alias
1407 4193 1474 4255 iu
1501 4211 1679 4254 num.
1712 4194 1747 4253 7

158 4294 511 4370 adductas3
546 4312 621 4354 ac
650 4297 822 4372 patet
864 4292 929 4352 in
960 4287 1152 4352 Paulo
1190 4295 1253 4349 et
1280 4289 1511 4368 Moyse,
1546 4285 1599 4346 si
1626 4283 1751 4346 ele-

160 4389 303 4448 vati
349 4385 696 4448 credantur
743 4385 823 4446 ad
868 4384 1065 4447 Deum
1118 4381 1455 4444 videndum
1502 4379 1571 4440 in
1625 4377 1752 4440 vita

164 4480 461 4542 mortali.

797 4656 1013 4709 SECTto
1042 4655 1148 4709 vn.

382 4843 481 4906 De
521 4841 731 4904 causis
764 4846 819 4903 et
863 4837 1169 4920 effectibus
1206 4835 1560 4919 prophetice.

268 5049 324 5107 l.
378 5041 584 5108 Causa
619 5041 901 5123 formalis
955 5046 1015 5105 et
1042 5039 1258 5121 finalis
1290 5033 1647 5119 prophetice.
1673 5065 1757 5080 —

188 5138 387 5202 cansa
414 5133 1017 5216 effic.'eus.—-An9eli
1043 5151 1238 5198 causoe
1262 5127 1756 5192 instrumentales

184 5232 744 5294 retelationum.—-
771 5229 1143 5288 Tractentur
1187 5225 1317 5286 hoec
1352 5241 1391 5284 a
1426 5221 1569 5282 divo
1595 5221 1755 5280 Tho-

194 5343 297 5385 ma
314 5326 376 5386 Ξ.
414 5326 567 5402 2,q.
604 5322 745 5396 172,
774 5338 873 5395 ac,
924 5317 1252 5399 suppositis
1298 5318 1371 5377 iis
1424 5333 1561 5394 qua:
1602 5313 1757 5374 dixi-

194 5436 355 5492 mus,
399 5414 836 5477 diffieultatem
888 5429 1013 5472 non
1070 5411 1325 5472 habent.
1376 5409 1528 5468 Nam
1569 5405 1619 5467 si
1674 5406 1759 5466 lo-

196 5527 456 5589 quamur
484 5507 563 5568 de
601 5524 791 5569 eausa
837 5503 1109 5579 formali,
1141 5501 1373 5563 nullam
1406 5499 1593 5560 babet
1625 5519 1763 5580 pro-

511 5629 617 5676 111.

1806 467 2020 548 phetia
2059 475 2288 548 praeter
2323 488 2502 532 snam
2529 467 2882 540 essentiam,
2915 475 3008 532 est
3033 469 3203 532 enim
3231 471 3363 552 ipsa

1804 563 2098 642 quaedam
2125 561 2360 640 torma3
2411 565 2462 624 si
2503 563 2584 624 de
2625 562 2822 638 finali,
2851 562 3086 624 dictum
3109 565 3242 643 jam
3271 573 3364 628 est

1804 655 1938 718 dari
1966 657 2046 717 ob
2086 656 2414 720 utilitatem
2454 657 2742 730 aliorum,
2783 656 2890 736 qui
2931 663 3024 720 est
3067 658 3210 720 finis
3256 677 3365 722 ex-

1805 749 2107 811 trinsecus
2133 795 2154 825 ,
2199 770 2275 812 ex
2323 751 2430 810 Dei
2478 750 2798 811 voluntate
2852 769 2960 812 seu
3017 751 3363 816 intentione

1807 844 2106 924 pendens.
2139 842 2296 906 Nam
2326 844 2656 906 intrinsece
2689 845 2822 923 ipsa
2862 853 2952 905 est
2987 852 3237 925 propter
3259 867 3364 908 cm

1807 939 2156 1016 gnitionem
2205 938 2430 1016 objecti
2458 982 2479 1012 ,
2519 956 2658 1018 quae
2707 955 2817 1018 per
2851 957 2916 998 se
2962 957 3191 1018 magna
3227 959 3365 1020 per-

1806 1030 1992 1092 fectio
2025 1038 2140 1107 est,
2175 1030 2738 1112 communicarique
2767 1038 2962 1110 potest
2987 1032 3227 1095 homini
3270 1035 3377 1096 in-

1810 1125 2080 1199 terdum,
2113 1131 2362 1204 propter
2393 1122 2771 1202 singularem
2815 1126 2951 1204 ejus
2983 1127 3364 1204 dignitatem

1810 1225 1871 1279 et
1899 1217 2354 1294 excellentiam,
2382 1225 2452 1278 ut
2481 1219 2680 1279 Beatoe
2717 1218 2979 1296 Virgini.
3016 1219 3190 1280 Unde
3235 1220 3370 1282 obi-

1808 1318 1904 1373 ter
1944 1311 2136 1372 etiam
2177 1310 2370 1388 liquet
2399 1310 2538 1390 quis
2577 1309 2658 1370 sit
2685 1309 2932 1372 effectus
2986 1313 3362 1392 prophetiae,

1808 1404 2042 1464 scilicet
2091 1402 2324 1464 utilitas
2371 1403 2636 1464 aliorum
2675 1409 2740 1464 et
2783 1403 3174 1468 confirmatio
3223 1407 3368 1468 fidei

1810 1515 1921 1576 per
1948 1497 2361 1575 coguitionem
2391 1503 2452 1557 et
2475 1495 2938 1575 praedictionem
2962 1497 3363 1562 occultorum.

1813 1590 1897 1650 De
1954 1607 2134 1650 causa
2195 1589 2500 1650 efficiente
2559 1590 2842 1669 superius
2905 1597 3220 1652 ostensum
3277 1601 3373 1654 est

1812 1682 2215 1762 principalem
2243 1699 2376 1742 esse
2417 1683 2610 1744 Deum
2643 1682 3196 1761 supernaturaliter
3224 1703 3370 1765 ope-

1813 1781 2073 1850 rantem,
2121 1781 2304 1854 atque
2344 1775 2500 1835 adeo
2543 1775 2954 1837 divinationes
3003 1775 3138 1838 illas
3157 1823 3178 1854 ,
3227 1796 3370 1857 qua.²

1814 1868 2168 1930 daemonum
2197 1870 2426 1930 virtute
2465 1868 2648 1945 finnt,
2685 1887 2861 1930 veras
2889 1888 3015 1930 non
3061 1889 3192 1934 esse
3236 1891 3373 1951 pro-

1816 1960 2075 2038 phetias·
2109 1960 2496 2022 Concurrunt
2534 1967 2742 2023 autem
2783 1961 3119 2042 aliquando
3163 1965 3374 2026 Sancti

1805 2053 2062 2131 -Angeli,
2103 2059 2171 2112 ut
2213 2055 2280 2114 D.
2308 2054 2597 2130 ThomaS,
2626 2054 2882 2116 articulo
2931 2057 3226 2134 seeundo,
3257 2058 3368 2132 ait,

1815 2152 1877 2206 et
1906 2145 2234 2224 Cajetanus
2268 2146 2426 2207 bene
2458 2146 2746 2226 explieat,
2777 2154 3074 2227 tanquam
3103 2150 3375 2212 ministri

1815 2238 1912 2300 vel
1942 2239 2355 2300 instrumenta
2385 2239 2514 2314 Dei,
2555 2257 2682 2300 non
2722 2240 3110 2304 infundendo
3145 2243 3374 2322 speeies

1816 2336 1925 2392 aut
1950 2330 2190 2406 lumen,
2221 2349 2424 2411 neque
2452 2350 2560 2412 per
2597 2352 2660 2394 se
2687 2333 3027 2396 efficienter
3067 2337 3374 2398 movendo

1813 2423 2162 2486 intellectus
2201 2429 2312 2484 aut
2357 2424 2702 2487 voluntates
2735 2426 3178 2506 prophetarum
3205 2475 3226 2502 ‚
3267 2429 3376 2491 sed

1815 2517 2180 2596 applicando
2229 2516 2540 2594 objectum
2587 2535 2696 2598 per
2757 2519 3193 2583 similitudines
3219 2571 3234 2593 ,
3279 2523 3378 2586 vel

1825 2612 2260 2691 phantasmata
2286 2610 2536 2686 similia,
2565 2630 2639 2674 ac
2673 2613 2948 2676 docendo
2993 2614 3382 2678 instruendo-

1819 2723 1941 2784 que
1977 2704 2320 2780 hominem,
2345 2711 2418 2765 nt
2449 2705 2634 2766 latius
2669 2706 2736 2768 in
2765 2707 2966 2786 prima
2994 2717 3169 2788 parte
3195 2730 3382 2791 expo-

1820 2799 2063 2863 suimus
2095 2801 2143 2873 ¹,
2173 2803 2359 2878 atque
2400 2799 2589 2860 etiam
2635 2818 2718 2860 an
2751 2818 2966 2861 omnes
3011 2803 3382 2882 prophetica}

1820 2891 2228 2954 revelationes
2266 2893 2609 2953 ministerio
2657 2891 3038 2972 Angelorum
3081 2896 3208 2956 sint
3253 2897 3383 2958 sae-

1822 2991 1925 3046 tae.
1942 2984 2120 3044 Unde
2147 2983 2526 3064 improbatus
2543 2984 2912 3065 relinquitur
2939 3005 3110 3050 error
3139 3007 3380 3066 eorum,

1826 3078 1935 3157 qui
1963 3078 2391 3157 praedictiones
2419 3095 2634 3140 omnes
2661 3079 3052 3158 propheticas
3083 3083 3286 3144 nescio
3315 3083 3380 3144 in

1825 3188 2016 3249 quam
2043 3171 2331 3232 virtutem
2369 3169 2668 3232 occultam
2714 3171 2944 3234 referre
2975 3174 3380 3251 conabantur,

1825 3281 1968 3324 eum
2002 3263 2228 3343 quibus
2272 3263 2398 3324 late
2435 3263 2712 3342 disputat
2752 3265 3018 3340 Medina,
3043 3265 3188 3328 libr.
3227 3273 3262 3330 2
3307 3269 3386 3330 de

1826 3357 2016 3418 Recta
2053 3355 2120 3416 in
2159 3357 2352 3418 Deum
2379 3354 2553 3432 Fide,
2585 3375 2640 3418 c.
2675 3359 2732 3416 l.

1905 3450 1966 3508 Ξ.
2017 3447 2216 3512 Causa
2253 3448 2875 3526 subjectiva—Beati
2895 3456 2964 3513 ut
2992 3451 3234 3532 possint
3261 3471 3387 3518 esse

1826 3559 2016 3607 caasa
2051 3540 2382 3620 subjectiva
2425 3543 2779 3624 prophetie.
2817 3574 2898 3590 —
2935 3545 3160 3606 Ultima
3201 3563 3386 3609 causa

1828 3635 2164 3718 prophetiae
2189 3643 2280 3696 est
2307 3635 2672 3716 subJ’ectiva,
2703 3655 2841 3718 quae
2869 3638 3171 3700 rationem
3199 3639 3390 3703 babet

1824 3749 2023 3792 causoe
2088 3729 2422 3790 materialis
2436 3752 2455 3804 3
2496 3730 2574 3792 de
2619 3749 2744 3810 qua-
2797 3731 3002 3811 primo
3057 3733 3388 3796 dicendum

1827 3842 1966 3886 eam
2011 3823 2234 3884 debere
2276 3840 2405 3884 esse
2435 3831 2782 3886 creaturam
2821 3824 3212 3904 rationalem,
3241 3846 3388 3889 eum

1827 3915 2203 3978 irrationalis
2256 3933 2450 3996 capax
2501 3935 2631 3978 non
2675 3917 2760 3977 sit
2798 3916 3247 3996 intelligentiae.
3280 3921 3388 3982 Se·

1828 4010 2056 4085 cund0,
2089 4016 2340 4090 propter
2363 4010 2670 4073 rationem
2711 4011 3106 4086 contrariam,
3135 4031 3386 4076 omnem

1828 4101 2195 4164 rationalem
2233 4110 2602 4178 creaturam,
2635 4123 2746 4183 per
2789 4122 2854 4165 se
2890 4104 3226 4184 loquendo,
3257 4126 3388 4170 esse

1830 4213 2114 4276 capacem
2139 4195 2326 4275 hujus
2365 4195 2534 4258 doni.
2559 4197 2718 4258 Hinc
2763 4198 2946 4259 tertio
2973 4198 3237 4278 quilibet
3266 4200 3391 4260 via·

1829 4295 1929 4350 tor
1963 4305 2095 4352 esse
2129 4295 2328 4368 potest
2353 4288 2702 4369 subjectum
2729 4289 3096 4370 prophetiae,
3125 4310 3253 4353 non
3280 4293 3392 4354 ob-

1828 4388 2030 4444 stante
2058 4400 2450 4462 quaeumque
2489 4383 2710 4444 morali
2741 4382 2838 4446 vel
2871 4385 3141 4446 naturali
3189 4386 3391 4466 dispo-

1830 4474 2052 4537 sitione
2073 4493 2289 4554 prava3
2315 4493 2444 4536 non
2470 4475 2722 4555 quidem
2739 4475 3032 4552 naturali,
3057 4478 3204 4558 quia
3233 4480 3391 4542 neu·

1830 4575 2045 4630 auctor
2071 4567 2432 4648 prophetiae,
2461 4569 2709 4630 vincere
2744 4575 2946 4648 potest
2975 4569 3162 4630 talem
3187 4570 3389 4650 dispo-

1830 4662 2120 4722 sitionem
2162 4660 2262 4722 vel
2288 4660 2458 4722 illam
2481 4678 2801 4723 removere
2824 4675 2846 4738 3
2875 4660 2964 4722 sic
2987 4661 3156 4724 enim
3187 4661 3389 4725 homi·

1832 4773 1941 4816 nes
1995 4753 2210 4832 lingua
2275 4753 2600 4833 impeditos
2655 4753 2802 4816 facit
2867 4753 3224 4836 eloquentes
3249 4801 3270 4832 ,
3324 4763 3392 4818 ut

1831 4844 2026 4906 Exod.
2067 4849 2130 4922 4,
2184 4843 2412 4912 Jerem.
2475 4849 2530 4908 l.
2574 4847 2784 4923 Unde,
2825 4847 2970 4908 licet
3023 4848 3092 4909 in
3140 4848 3392 4912 homine

1834 4937 2282 5019 impedimenta
2317 4939 2719 5000 inveniantur
2755 4958 2904 5001 usus
2929 4942 3208 5017 rationiS,
3235 4945 3394 5004 Deus

1836 5034 2046 5090 tamen
2097 5037 2297 5110 potest
2341 5032 2438 5092 vel
2479 5031 2586 5093 illa
2614 5031 2882 5108 auferre,
2914 5033 3014 5096 vel
3035 5081 3056 5109 ,
3094 5033 3219 5096 iltis
3263 5054 3393 5098 non

1836 5123 2248 5201 obstantibus,
2282 5125 2523 5188 elevare
2567 5134 2840 5188 mentem
2885 5127 2964 5188 ad
3016 5128 3400 5208 spiritualem

1837 5216 2312 5296 intelligentiam
2370 5219 2503 5280 sine
2557 5219 2966 5298 dependentia
3009 5237 3048 5280 a
3097 5221 3396 5284 sensibus.

1840 5313 1925 5374 De
1975 5311 2374 5392 dispositione
2415 5317 2602 5376 etiam
2634 5313 2856 5374 morali
2903 5319 3092 5394 patet,
3129 5315 3278 5394 quia
3304 5315 3412 5377 do-

1934 5504 1947 5538 ·
2013 5499 2288 5565 Hatetur
2309 5501 2530 5582 jamin
2579 5499 2620 5564 l.
2659 5501 2700 5561 6
2733 5499 2808 5562 de
2838 5499 3115 5578 AngeIIS,
3145 5517 3279 5580 cap.
3317 5505 3414 5565 16.

3021 5609 3099 5665 16
