3900 6217
736 393 910 450 secr.
946 394 1005 448 v.
1040 394 1127 449 Aa
1159 392 1239 449 ns
1272 382 1544 449 ainans
1572 393 1785 450 rama:
1817 393 2276 452 vitamus-sir
2306 393 2429 453 sos
2462 395 2668 459 rosss.
2703 382 2839 453 κτα.
3307 394 3379 456 61

238 500 349 557 ss.
397 494 823 580 eumaem
848 499 991 579 jam
1034 499 1128 562 ad·
1152 496 1475 562 secundum
1518 500 1745 577 mda-

156 594 437 655 πει-κύω
464 593 538 653 in
562 610 629 653 n.-
653 594 716 654 A.
740 592 955 653 --=Ad
982 592 1342 654 secundum·
1372 608 1526 671 ergo
1560 607 1745 673 argu·

156 688 480 766 mentum,
509 701 822 763 negamus
843 683 984 746 fleri
1012 701 1197 766 posse
1226 691 1294 747 ut
1322 686 1608 747 absoluta
1632 687 1742 747 Dei

152 778 503 857 promissio
531 780 871 859 aliquando
895 779 1085 841 fuerit
1103 777 1546 859 non'impleta3
1574 778 1744 861 quod

152 888 311 930 vero
361 872 641 933 sumitur
688 872 1043 934 ex'GeneS.
1085 874 1149 948 4‘,
1196 872 1357 933 falso
1402 874 1738 953 allegatum

162 982 315 1024 nam
350 965 443 1025 ibi
472 970 606 1027 non
625 968 941 1045 promisit
960 968 1157 1041 Deus,
1188 972 1263 1028 ut*
1298 972 1481 1028 notat
1500 968 1745 1046 Gaje'ta-

162 1076 309 1131 nuS,
342 1074 467 1120 nee
500 1060 991 1139 praedixitssaim
1018 1078 1056 1123 a
1100 1062 1357 1123 nemine
1404 1060 1538 1123 fore
1586 1061 1743 1123 occl—

156 1150 473 1225 dendnm‚
500 1166 651 1213 eum
680 1154 874 1215 dixit:
905 1155 1317 1233 Nequaquam
1344 1154 1434 1216 ita
1459 1153 1595 1229 fiet3
1629 1154 1744 1215 sed

154 1260 285 1303 non
328 1244 538 1306 misse
582 1247 997 1308 occidendum
1038 1248 1320 1329 impune,
1352 1254 1559 1327 neque
1597 1260 1745 1327 pro-

151 1340 295 1415 pter
316 1338 472 1415 ejus
502 1344 835 1418 peecatum
857 1340 1079 1402 datum
1094 1340 1297 1401 fuisse
1318 1341 1453 1402 aliis
1478 1340 1742 1403 liberam

150 1436 549 1508 potestatem
580 1433 907 1495 occidendi
920 1434 1126 1506 illum,
1150 1434 1321 1511 qued
1349 1434 1743 1495 ferissimum

160 1530 325 1585 erat·
346 1526 458 1586 Aa
495 1526 620 1587 alia
658 1544 811 1589 vero
842 1528 1003 1601 loca,
1049 1529 1502 1606 respondemus
1530 1529 1743 1589 inillis

163 1636 290 1678 non
344 1620 667 1681 contineri
723 1621 1165 1700 promissiones
1228 1622 1578 1696 absolutas,
1630 1622 1743 1682 sed

166 1713 719 1786 comminationes,
764 1730 903 1792 quae
926 1714 1265 1774 *includunt
1300 1714 1688 1774 conditiones
1722 1732 1737 1774 :

166 1804 247 1867 Si
270 1806 559 1868 homnae
590 1822 713 1867 non
740 1812 1067 1879 mmmm,
1098 1808 1224 1879 vel,
1256 1823 1374 1867 non
1400 1813 1593 1885 ayant
1612 1820 1743 1887 poe—

156 1898 489 1963 aientium
500 1925 533 1973 ·,·
555 1906 622 1961 >et
652 1914 819 1980 saepe
844 1901 1165 1962 continent
1192 1901 1626 1980 praedict-iones
1650 1915 1739 1961 se-

152 1992 447 2052 candum
480 1999 741 2053 enisum
774 1994 1189 2053 habitualium
1214 2007 1571 2063 cansarum,
1604 2006 1745 2072 quae

150 2088 351 2146 etiam
402 2085 741 2148 includunt
786 2087 1239 2151 conditionem:
1272 2086 1397 2148 Nisi
1443 2088 1633 2159 Deus,
1664 2087 1746 2147 ab

150 2179 426 2241 homine
472 2186 793 2252 exoratus,
826 2193 1081 2241 cursum
1113 2180 1287 2240 illum
1313 2179 1637 2259 impediat,
1682 2183 1749 2239 ut

151 2274 428 2350 exponit
472 2274 661 2334 divus
702 2274 999 2346 ThomaS,
1036 2275 1237 2353 prima
1282 2280 1479 2352 parte,
1528 2291 1589 2351 q.
1645 2275 1744 2345 45,

152 2372 271 2426 art.
302 2370 369 2440 7,
392 2372 459 2427 et
480 2368 749 2427 latius2.
774 2369 834 2442 2,
860 2374 1078 2446 quaest.
1102 2370 1241 2439 171,
1268 2383 1383 2445 per
1404 2371 1622 2429 totam.
1651 2366 1747 2427 Ad

154 2460 481 2520 rationem
530 2476 685 2520 vero
732 2461 1171 2540 respondetur,
1219 2462 1440 2534 Deum,
1490 2465 1749 2539 propter

160 2568 346 2612 suam
368 2553 883 2633 promissionem,-
904 2570 1031 2614 non
1054 2554 1282 2633 privari
1304 2570 1417 2614 sna
1436 2553 1742 2632 potentia,

160 2646 453 2706 dominio
490 2654 605 2707 aut
643 2647 956 2723 libertate,
986 2649 1097 2708 sed
1124 2647 1503 2707 constituere
1530 2630 1761 2707 volun:

166 2744 365 2799 tatem
392 2756 603 2813 suam,
630 2744 699 2799 ut
720 2746 937 2823 nostro
962 2740 1152 2801 modo
1174 2740 1527 2819 loquamur,
1554 2740 1747 2800 veluti

168 2834 237 2892 in
262 2841 411 2893 actu
440 2834 725 2897 secundo
766 2841 831 2895 et
860 2835 1075 2896 ultim-o
1102 2842 1393 2915 respectu
1418 2834 1747 2895 extrinseci

183 2928 439 3006 objecti,
468 2946 579 2989 sea
619 2929 815 2990 futuri
856 2930 1143 3001 effectum
1178 2937 1241 2990 et
1286 2929 1429 2990 ideo
1466 2928 1747 3008 quandiu

187 3028 281 3081 est
312 3022 427 3081 sub
463 3022 567 3082 tali
602 3030 771 3096 actu,
802 3040 934 3083 non
962 3028 1166 3103 potest
1204 3023 1373 3084 exire
1396 3024 1467 3083 in
1502 3023 1746 3101 opposi-

180 3120 332 3187 tum,
358 3120 771 3193 non-'propter
794 3116 1105 3177 defectum
1126 3116 1442 3195 potentiae,
1462 3116 1577 3175 sed
1595 3114 1746 3193 quia

170 3214 490 3285 repugnat
537 3208 727 3269 simul
764 3208 999 3270 habere
1038 3216 1213 3270 actus
1268 3210 1647 3281 contrariom
1684 3210 1747 3270 et

168 3302 320 3377 qaia
350 3300 419 3358 in
456 3300 593 3361 Deo
632 3301 977 3361 secundum
1016 3320 1085 3362 se
1115 3318 1243 3362 non
1282 3306 1379 3363 est
1408 3302 1741 3374 successim

166 3390 313 3452 sed·
334 3393 659 3453 aeternitas
710 3398 847 3454 tota-
877 3394 1081 3468 simul,
1138 3394 1283 3455 ideo
1322 3395 1387 3454 in
1427 3395 1746 3473 proposito

164 3484 379 3545 semel
427 3486 669 3560 habito,
714 3504 965 3566 semper
1006 3494 1339 3567 permanet
1375 3488 1747 3549 necessitate

164 3578 721 3655 immutabilitatis,
752 3600 881 3642 non
918 3582 1318 3661 impotentiae.

253 3676 353 3733 12.
386 3672 497 3735 Ad
516 3675 767 3737 tertium
783 3676 1244 3752 fundamentum
1268 3674 1339 3737 in
1362 3694 1425 3737 n.
1458 3678 1497 3737 5
1519 3675 1749 3753 satisfit

152 3786 277 3848 per
302 3768 705 3829 assertionem
740 3770 984 3832 tertiam-
1012 3770 1083 3833 do
1112 3772 1455 3850 fida-*Pro
1486 3783 1749 3849 respon-

162 3864 355 3921 sione
379 3860 469 3922 ad
498 3862 771 3935 tertium,
807 3860 943 3924 dieo
976 3863 1159 3924 tertio
1194 3882 1209 3923 :
1242 3882 1371 3924 non
1408 3864 1617 3923 minus
1646 3882 1749 3924 re-

164 3962 417 4036 pugnat
449 3954 654 4017 Deum
690 3957 941 4018 mentiri
978 3974 1094 4037 per
1132 3958 1344 4032 alium,
1396 3974 1587 4037 quam
1632 3966 1747 4037 per

170 4052 477 4130 seipsum.
520 4052 637 4113 -Ita
702 4052 933 4113 docent
969 4079 975 4087 ·
1002 4069 1223 4114 omnes
1290 4053 1612 4131 Theologi,
1682 4056 1749 4113 et

176 4146 467 4223 quamvis
514 4146 705 4219 Cano,
752 4146 796 4206 1.
846 4148 888 4207 Ξ
928 4146 1007 4207 de
1054 4147 1472 4226 Locis,'capit.
1520 4148 1579 4220 3,
1620 4162 1747 4207 non

182 4238 651 4300 anileatdicere
682 4240 1090 4301 assertionem
1116 4241 1283 4301 hanc
1314 4255 1450 4301 esse
1480 4240 1557 4301 de
1598 4238 1741 4315 tide,

179 4332 586 4393 nihilomiuus
606 4334 855 4411 proprie
879 4334 1278 4406 intellectam,
1298 4332 1581 4395 existimo
1606 4348 1745 4394 esse

178 4431 433 4503 certam,
464 4426 627 4488 slent
648 4428 915 4507 primam
942 4428 1373 4501 assertionem,
1402 4428 1549 4506 quia
1576 4426 1749 4506 quod

176 4522 363 4583 alicui
408 4531 543 4583 non
576 4521 739 4583 'licet
768 4521 981 4584 facere
1012 4538 1125 4602 per
1164 4540 1231 4583 se
1278 4522 1507 4601 ipsum,
1538 4535 1747 4601 neque

178 4636 291 4696 per
330 4613 527 4677 alium
566 4616 731 4692 licet,
766 4621 835 4678 ut
876 4624 970 4678 est
1016 4616 1204 4679 etiam
1235 4615 1749 4696 ,iurisperitorum

184 4713 455 4785 axioma,
492 4728 571 4773 ex
604 4712 647 4772 l.
678 4714 741 4786 (Ξ,
770 4710 808 4791 ξ
835 4716 896 4787 ⁴1,
928 4710 993 4773 ff.
1029 4712 1109 4773 de
1149 4712 1475 4773 Administ.
1510 4728 1633 4773 rer.
1669 4708 1750 4773 ad

184 4800 500 4867 civitatem
524 4805 997 4885 pertinentium,
1028 4824 1170 4867 cum
1202 4804 1526 4867 similibus.
1554 4806 1627 4867 Et
1654 4824 1750 4867 ra·

184 4898 265 4959 tio
286 4897 354 4959 in
382 4900 678 4978 praesenti
705 4904 819 4973 est,
848 4900 991 4979 quia
1018 4904 1149 4960 tota
1172 4900 1407 4960 malitia
1438 4898 1749 4960 mendacii

182 4994 627 5057 refunderetur
640 4996 711 5055 in
744 4993 964 5067 Deum,
990 4992 1232 5056 etiamsi
1260 5011 1377 5075 per
1398 5001 1751 5057 creaturam

182 5088 333 5149 illud
369 5086 713 5168 proferret3
754 5104 904 5148 nam
955 5094 1239 5149 creatura
1290 5088 1491 5149 solum
1542 5088 1625 5149 ibi
1682 5106 1749 5151 se

182 5182 375 5243 habet
406 5188 479 5243 nt
504 5182 813 5253 minister,
846 5198 958 5242 sen
988 5182 1244 5242 nuntius
1270 5180 1551 5243 referens
1582 5182 1751 5243 testi-

184 5276 465 5337 monium
508 5268 646 5348 Dei,
678 5274 849 5353 quod
878 5274 1203 5336 manifeste
1234 5274 1570 5336 ostendunt
1602 5274 1752 5336 Pro-

182 5372 411 5449 phetae,
443 5388 588 5431 cum
631 5368 723 5431 'sic
750 5370 1093 5447 loquuntur
1126 5386 1140 5428 :
1170 5370 1327 5433 Hoeo
1357 5370 1507 5433 dicit
1544 5366 1753 5431 Domi-

184 5484 313 5538 nus,
336 5464 438 5526 vel
466 5482 613 5526 cum
639 5464 959 5543 Scriptura
986 5462 1165 5523 dicit:
1189 5464 1451 5525 Locutus
1472 5468 1563 5526 est
1590 5462 1753 5525 Deus

180 5578 287 5645 pe-r
308 5558 709 5644 Prophetam,
740 5556 840 5617 vel
871 5576 884 5619 ε
922 5554 1147 5621 Factus
1172 5562 1263 5621 est
1284 5574 1477 5619 sermo
1506 5554 1756 5619 Domini

1825 495 2312 583 ad'Propk‘e'tam,
2341 506 2499 576 etc.;
2539 508 2604 563 et
2639 502 2924 563 similiter
2947 496 3169 581 Angeli
3193 518 3387 583 quan-

1824 591 1907 653 do
1935 591 2278 673 loquuntur
2317 598 2387 656 ut
2419 595 2682 656 ministri
2721 594 2851 669 Del,
2882 594 3050 655 Deus
3081 595 3148 655 in
3177 592 3271 656 eis·
3295 594 3389 655 lo·-

1824 686 1930 765 qui
1963 686 2209 759 dieitur,
2243 687 2401 749 sicut
2437 685 2631 749 Exod.
2671 686 2710 748 3
2736 688 2966 749 dicitur
2997 686 3166 748 Deus
3195 703 3388 767 appa-

1822 780 2024 840 ruisse
2046 780 2270 859 Moysi,
2311 786 2374 842 et
2399 780 2685 841 locut-um
2717 781 2774 843 ei
2814 780 3010 841 fuisse
3039 779 3104 840 in
3133 782 3386 841 [lamma

1821 873 1992 946 rubi:
2031 878 2092 934 et
2126 880 2336 935 tamen
2377 874 2752 954 Stephanus,
2785 876 2989 935 Actor.
3017 877 3081 947 7,
3108 873 3391 935 >declarat

1821 966 1976 1028 illud
2019 967 2213 1030 fuisse
2259 986 2379 1048 per
2427 971 2770 1049 Angelum:
2799 968 3134 1030 et·eodem
3171 960 3384 1042 mo‘dQ

1823 1060 1970 1123 Luc.
2007 1064 2064 1137 1,
2108 1068 2169 1123 et
2203 1062 2297 1123 ad
2339 1062 2530 1124 Hehr.
2567 1066 2622 1138 1,
2657 1062 2882 1125 dicitur
2925 1064 3092 1124 Deus
3125 1060 3386 1123 locutus

1823 1155 2014 1216 faisse
2041 1170 2294 1235 perora
2324 1154 2806 1235 Prophetarum3
2841 1162 2991 1237 ergo
3025 1172 3154 1216 non
3183 1160 3388 1235 potest

1822 1249 2026 1327 magis
2051 1246 2186 1309 esse
2215 1246 2450 1310 falsitas
2478 1250 2542 1309 in
2575 1248 2680 1310 tali
2707 1250 2896 1311 modo
2923 1248 3223 1327 loquendi
3249 1248 3385 1323 Dei,

1822 1355 2013 1423 quarn
2045 1358 2190 1402 cum
2215 1340 2490 1421 loquitur
2515 1357 2632 1423 per
2665 1340 3072 1423 seipsum.·E·t
3103 1340 3388 1403 declara-

1822 1442 1929 1496 tur
1968 1436 2248 1510 tandem,
2293 1435 2438 1513 quia
2478 1442 2612 1495 'non
2649 1441 2853 1513 potest
2883 1434 3043 1496 Deus
3071 1434 3242 1512 loqui
3275 1452 3389 1514 per

1826 1526 2040 1601 alium,
2071 1529 2223 1607 quin
2271 1528 2567 1606 loquatur
2592 1527 2764 1607 prius
2807 1546 2922 1608 per
2958 1544 3059 1603 se;
3090 1546 3239 1589 nam
3281 1526 3386 1590 ille

1827 1622 1931 1700 qui
1980 1621 2256 1699 loquitur
2299 1622 2552 1682 nomine
2595 1620 2728 1695 Dei,
2779 1638 3036 1683 necesse
3074 1628 3170 1683 est
3216 1620 3388 1701 prius

1827 1716 2042 1777 audiat
2070 1731 2208 1794 quae
2235 1714 2402 1794 loqui
2431 1716 2650 1788 dehet3
2677 1732 2826 1795 crgo
2855 1716 2953 1777 vel
2981 1714 3155 1777 audit
3171 1716 3389 1777 imme-

1826 1810 1991 1871 diat'e
2023 1830 2059 1871 a
2087 1810 2242 1884 Dea,
2276 1816 2338 1871 et
2379 1810 2685 1871 habemas
2713 1811 3058 1883 intentum;
3088 1808 3190 1872 vel
3216 1810 3393 1873 audit

1828 1904 1907 1964 ab
1933 1902 2055 1965 alla
2090 1908 2396 1975 creatura,
2425 1908 2486 1964 ct
2513 1920 2772 1965 necesse
2803 1910 2900 1965 est
2923 1910 2994 1965 ut
3016 1901 3124 1965 ill'a
3141 1904 3243 1966 ‘ab
3269 1904 3392 1967 alio

1828 1996 2128 2070 audierim
2161 2013 2308 2057 nam
2340 1996 2393 2057 si
2421 1996 2499 2058 de
2527 2013 2642 2058 suo
2671 1996 2984 2077 loquatur,
3011 1996 3077 2057 in
3109 1998 3299 2075 illam,
3333 2004 3394 2061 et

1828 2097 1959 2153 non
1987 2092 2051 2152 in
2077 2090 2277 2153 Deum
2302 2090 2652 2152 resolvetur
2679 2098 2807 2153 tota
2835 2090 3194 2153 locutiovel
3219 2109 3395 2154 reve-

1829 2184 2000 2257 latio,
2037 2186 2212 2247 etita
2247 2184 2421 2246 nullo
2454 2184 2640 2246 modo
2677 2186 2792 2247 erit
2829 2186 3067 2260 'divium
3102 2185 3150 2247 si
3182 2192 3392 2248 autem

1829 2278 1909 2341 ab
1942 2279 2065 2340 alio
2099 2278 2353 2351 audivit,
2379 2296 2518 2339 cum
2549 2295 2677 2340 non
2706 2278 2902 2359 possit
2931 2278 3183 2359 procedi
3211 2282 3277 2341 in
3303 2282 3393 2341 in-

1826 2372 2097 2446 finitum,
2146 2372 2492 2434 sistendum
2545 2379 2638 2434 est
2691 2374 2756 2434 in
2803 2372 3034 2452 aliqu0‚
3083 2376 3184 2434 cui
3231 2376 3394 2436 Deus

1826 2466 2184 2527 immediate
2238 2467 2565 2545 loquatur3
2624 2484 2774 2545 ergo
2831 2464 3063 2528 locutio
3112 2466 3228 2528 Dei
3279 2484 3394 2547 per

1828 2559 2021 2620 alium
2069 2558 2400 2621 resolvitur
2445 2560 2508 2619 in
2539 2558 2923 2621 locutionem
2963 2560 3071 2620 Dei
3125 2578 3238 2639 per
3283 2578 3386 2634 se3

1828 2672 1979 2735 ergo
2024 2654 2104 2714 ab
2141 2654 2248 2713 illa
2286 2654 2477 2715 habet
2517 2654 2827 2733 aequalem
2866 2652 3388 2717 infallibilitatem.

1828 2746 1903 2808 Et
1933 2746 2376 2808 confirmatur:
2405 2764 2553 2807 nam
2581 2748 2660 2808 ob
2691 2746 2854 2807 hanc
2885 2764 3139 2809 eausam
3169 2750 3394 2810 eadem

1826 2840 1951 2902 fide
1983 2848 2045 2901 et
2065 2839 2434 2902 certitudine
2457 2858 2574 2901 nos
2597 2840 2934 2913 credimus,
2961 2857 3080 2921 qua
3115 2839 3396 2921 Apostoli

1825 2935 1925 2995 vel
1969 2931 2315 3012 Prophetae,
2369 2933 2534 3014 quod
2577 2933 2948 3013 significavit
2994 2934 3210 2996 Petrus
3250 2953 3392 2997 cum

1827 3026 1981 3088 dixit
2008 3046 2023 3087 z
2055 3026 2364 3091 Habemus
2385 3026 2712 3108 firmiorem
2735 3026 3146 3110 propheticum
3173 3046 3394 3091 sermo-

1826 3138 1958 3202 nem
1993 3122 2093 3183 cui
2133 3122 2475 3197 benefacitis
2515 3122 2905 3196 cnfidenter,
2939 3128 3060 3181 etc.
3078 3143 3094 3195 ;
3127 3122 3186 3181 et
3217 3122 3393 3183 ‘simi-

1825 3212 1989 3285 liter,
2014 3228 2153 3293 quae
2179 3214 2578 3274 continentur
2598 3214 2662 3272 in
2686 3212 3024 3291 Scriptura,
3050 3218 3193 3275 sunt
3215 3232 3391 3295 aequc

1826 3314 1996 3367 certa
2049 3326 2122 3367 ac
2173 3306 2361 3367 verba
2397 3306 2756 3366 immediata
2796 3306 2927 3379 Dei,
2963 3306 3110 3385 quia
3161 3308 3393 3387 Spiritu

1828 3400 2059 3462 Sancto
2087 3400 2369 3479 inspirati
2407 3398 2594 3459 locuti
2625 3404 2773 3459 sunt
2805 3400 3002 3461 sancti
3039 3400 3149 3461 Dei
3197 3401 3394 3462 homi-

1828 3510 1964 3554 neS.
2709 3508 2714 3515 '

1910 3590 2009 3649 13.
2053 3588 2294 3669 Duplecc
2330 3588 2540 3650 modus
2576 3585 2852 3671 loquendi
2879 3606 2992 3668 per
3017 3586 3394 3652 ultuma—Ut

1830 3698 1982 3761 ergo
2010 3681 2091 3741 ad
2125 3681 2374 3741 tertium
2400 3684 2844 3758 argumentum
2873 3682 3389 3760 respondeamus,

1831 3772 2282 3835 advertendum
2308 3780 2401 3835 est
2429 3774 2674 3835 duobus
2694 3774 2898 3835 modis
2921 3774 3177 3855 intelligi
3207 3793 3391 3855 posse

1826 3869 2028 3929 Deum
2067 3868 2238 3947 loqui
2266 3881 2381 3947 per
2411 3866 2604 3927 alium
2632 3884 2804 3928 :uno
2829 3866 3038 3943 modo,
3071 3869 3216 3949 quia
3251 3870 3395 3930 mit-

1828 3960 1901 4023 tit
1926 3961 2100 4022 illum
2145 3968 2212 4021 ut
2247 3961 2504 4023 nomine
2545 3975 2660 4019 suo
2707 3959 3021 4039 loquatur,
3055 3964 3118 4022 et
3163 3966 3232 4023 ut
3275 3978 3392 4023 suo

1828 4054 2182 4116 testimonio
2205 4052 2533 4115 confirmet
2553 4070 2690 4133 quae
2709 4052 2957 4127 dixerit,
2982 4056 3391 4135 ‘proponendo

1828 4146 1932 4207 illa
1978 4146 2358 4208 sufficienter
2399 4151 2470 4207 ut
2519 4144 2845 4207 testificata
2887 4162 2922 4207 a
2979 4146 3126 4221 Deo,
3169 4152 3230 4209 et
3274 4148 3392 4209 hoc

1826 4240 2016 4301 modo
2057 4238 2374 4321 praecipue
2418 4239 2784 4319 intelligitur
2811 4240 3068 4301 assertio
3105 4247 3176 4301 'et
3213 4238 3394 4303 certi-

1826 4334 1980 4396 tudo
2030 4336 2188 4413 ejuS‚
2227 4352 2366 4413 quae
2413 4333 2563 4394 satis
2603 4334 2867 4413 probata
2911 4340 3024 4395 est.
3060 4332 3194 4395 Alio
3240 4348 3390 4397 vero

1826 4427 2016 4489 modo
2053 4426 2176 4489 dici
2218 4433 2423 4505 potest
2467 4426 2633 4487 Deus
2663 4426 2837 4505 loqui
2872 4444 2984 4506 per
3009 4426 3227 4502 alium,
3263 4446 3392 4489 non

1830 4522 1975 4601 quia
2015 4522 2087 4582 in
2139 4518 2242 4581 illo
2287 4518 2462 4599 ponit
2505 4520 2767 4581 verbum
2815 4535 3024 4594 suum,
3071 4534 3194 4582 nec
3240 4520 3394 4601 ‘quia

1828 4616 1993 4677 Deus
2025 4613 2342 4677 testificari
2375 4611 2526 4674 velit
2553 4628 2690 4693 quae
2740 4612 2900 4674 alius
2947 4611 3223 4675 dicturus
3273 4620 3389 4687 est,

1831 4708 1943 4771 sed
1981 4710 2131 4789 quia
2163 4713 2379 4769 monet
2417 4712 2480 4768 et
2518 4706 2777 4768 inclinat
2814 4723 2962 4768 eum
3006 4706 3088 4769 ad
3131 4706 3252 4770 hoc
3289 4706 3394 4770 vel

1828 4802 1981 4865 illud
2019 4800 2428 4882 loquendum,
2467 4798 2616 4861 licet
2653 4806 2867 4881 postea
2910 4802 3121 4875 home,
3155 4801 3260 4881 qui
3302 4800 3390 4863 lo-

1832 4900 2064 4979 quitur,
2090 4902 2334 4959 tantum
2364 4894 2617 4957 nomine
2645 4911 2760 4957 suo
2786 4894 3097 4975 loquatur,
3124 4899 3184 4958 et
3208 4914 3393 4958 saum

1828 4992 2278 5063 testimonium,
2328 4989 2433 5051 'vel
2476 4988 2856 5069 opinionem,
2911 4996 3020 5051 aut
3067 4990 3393 5052 scientiam

1832 5086 2216 5166 interponat;
2261 5090 2322 5145 et
2361 5084 2462 5144 hic
2509 5080 2816 5163 posterior
2863 5082 3088 5145 modus
3131 5102 3260 5145 non
3304 5086 3393 5147 ita

1834 5180 2000 5241 clare
2035 5181 2350 5259 repugnat
2382 5173 2756 5250 certitudini,
2791 5180 2856 5237 et
2879 5176 3118 5237 veritati
3161 5170 3390 5237 nostrae

1834 5272 2002 5347 fidei,
2031 5278 2094 5333 et
2118 5270 2381 5332 fortasse
2411 5268 2490 5331 de
2515 5271 2636 5330 hoc
2665 5268 2851 5329 modo
2873 5266 3175 5329 intellexit
3199 5268 3389 5343 Can0,

1832 5384 1960 5426 non
1989 5382 2124 5426 esse
2154 5364 2232 5425 de
2260 5362 2386 5425 fide
2425 5360 2598 5423 illum
2628 5378 2765 5422 esse
2793 5358 3264 5440 impossibilem.
3295 5360 3395 5421 Di—

1834 5478 1906 5521 co
1942 5462 2154 5521 autem
2185 5456 2374 5519 etiam
2401 5474 2537 5518 esse
2569 5454 2716 5517 satis
2747 5446 3166 5528 certum,'non
3207 5472 3392 5534 posse

1832 5554 2035 5615 Deum
2083 5570 2196 5634 per
2242 5552 2434 5612 alium
2479 5548 2750 5623 mentiri,
2785 5548 2970 5609 etiam
3003 5548 3121 5609 hoc
3167 5546 3387 5629 modo;
