3900 6217
711 414 883 471 SECT.
920 418 980 471 V.
1018 416 1313 480 Qcouono
1346 414 1555 469 POSSl'l'
1588 414 1751 470 ΠΒΕΙ
1782 414 2210 468 centumalus
2241 416 2325 469 AD
2361 414 2522 467 USUU
2555 405 2895 466 aerucam.

188 510 540 578 hitndinem
584 518 667 581 ad
722 520 911 583 fldem
943 520 1223 583 divinam
1264 521 1591 599 objectiva,
1624 536 1755 582 non

188 614 271 668 est
294 626 555 673 neeesse
574 620 647 674 ut
676 614 895 676 eodem
920 614 1108 675 modo
1135 614 1217 676 sit
1242 614 1495 677 evidens
1518 632 1629 695 per
1646 612 1756 675 ha·

186 704 539 767 bitudinem
566 706 647 768 ad
682 706 869 771 fidem
894 708 1196 783 divinam,
1226 718 1301 769 ut
1325 708 1626 769 divinitus
1652 707 1757 769 iu·

184 796 405 860 fusam.
428 798 568 861 Hoc
587 806 797 863 autem
824 800 1199 881 intelligitur
1228 798 1306 862 de
1324 800 1755 877 credibilitate,

185 898 249 952 ut
273 892 362 953 sic
384 892 627 971 dicam,
648 894 1073 973 antecedente,
1094 895 1157 956 id
1181 900 1295 970 est,
1319 912 1456 975 qnae
1482 913 1558 956 ex
1578 902 1758 975 parte

186 984 433 1063 objecti,
476 989 989 1068 praeapponitur
1028 988 1105 1049 ad
1145 988 1555 1063 credendum3
1608 1006 1760 1049 nam

185 1081 625 1143 consecutione
661 1080 930 1161 quadam
955 1082 1144 1145 etiam
1168 1088 1313 1145 sunt
1339 1100 1439 1145 res
1462 1082 1607 1143 fidei
1635 1083 1760 1144 evi-

184 1173 406 1235 denter
436 1172 769 1237 credibiles
794 1178 861 1237 iu
892 1176 1107 1239 ordine
1146 1178 1223 1239 ad
1250 1176 1440 1239 fldem
1466 1176 1757 1254 inuisam,

182 1272 495 1347 quatenus
516 1286 651 1329 uua
675 1268 1009 1350 propositio
1034 1286 1110 1331 ex
1137 1270 1407 1347 creditis,
1428 1275 1522 1331 est
1540 1270 1673 1330 dari
1690 1270 1761 1331 in

180 1358 357 1420 nobis
400 1360 603 1423 fidem
646 1360 943 1440 infusam,
990 1380 1061 1425 ae
1101 1362 1363 1425 subinde
1414 1362 1583 1424 illam
1628 1380 1761 1425 esse

178 1451 543 1531 possibilem
581 1454 795 1533 ;nnde
826 1452 899 1517 fit
934 1461 1005 1516 ut
1028 1454 1148 1517 hoc
1174 1456 1254 1517 sit
1279 1455 1467 1517 etiam
1506 1454 1762 1517 eviden-

174 1552 265 1605 ter
294 1546 640 1625 credibile,
684 1548 843 1612 sicut
880 1556 1126 1611 coetera.

246 1638 309 1699 4.
356 1638 639 1703 Notatio
687 1642 943 1705 secunda
982 1642 1245 1722 duplicis
1292 1642 1437 1723 fidei
1484 1642 1763 1705 bamam

172 1750 273 1813 pro
330 1732 553 1795 eadm
610 1736 1011 1813 responsione.
1042 1766 1124 1783 -
1154 1735 1551 1801 concluditur
1576 1752 1649 1797 ex
1670 1734 1763 1797 di-

182 1828 283 1888 dis
302 1824 633 1907 responsio
670 1826 755 1890 ad
788 1828 1060 1891 dubium.
1088 1827 1391 1891 —Simili
1430 1828 1615 1889 modo
1640 1826 1763 1888 dis-

182 1922 475 1998 tinguere
494 1939 832 2001 possumus
853 1920 931 1983 de
972 1920 1096 1983 fide
1124 1922 1437 1999 hnmana3
1480 1938 1630 1983 nam
1656 1920 1761 1983 de·

182 2014 499 2075 nominari
520 2022 731 2097 potest
754 2016 851 2077 vel
878 2016 958 2076 ab
986 2016 1227 2096 objecto
1270 2015 1547 2092 formali,
1600 2012 1762 2075 seili-

182 2114 285 2182 cet,
316 2108 482 2192 quia
506 2108 795 2171 humana
812 2109 1177 2171 auctoritate
1204 2108 1529 2187 fundatur,
1554 2116 1618 2171 et
1642 2108 1762 2169 hoc

184 2202 359 2262 modo
400 2216 727 2281 negamus
751 2202 995 2281 objecta
1029 2210 1256 2276 nostroe
1288 2202 1435 2264 fidei
1463 2220 1596 2264 esse
1626 2208 1761 2263 tan·

182 2302 306 2355 tum
332 2294 681 2357 evidenter
710 2294 1029 2357 credibilia
1066 2314 1179 2377 per
1212 2295 1644 2357 habitudinem
1681 2296 1762 2357 ad

184 2390 364 2451 fidem
398 2386 787 2451 humanam.
835 2388 973 2451 Alio
1010 2390 1193 2451 modo
1228 2396 1429 2470 potest
1462 2390 1612 2451 fides
1652 2390 1757 2451 de-

188 2482 508 2543 nominari
556 2478 843 2543 humana
892 2500 929 2543 a
974 2482 1307 2563 principio,
1349 2484 1498 2565 quia
1542 2483 1620 2545 ab
1646 2484 1759 2545 ho-

184 2575 343 2636 mine
372 2574 523 2638 fieri
552 2582 779 2656 potest.
815 2576 1117 2650 Quoniam
1143 2595 1292 2638 vero
1319 2578 1398 2638 ab
1414 2577 1672 2639 homine
1696 2578 1767 2639 fit

184 2670 432 2733 actualis
454 2670 616 2733 fides
639 2672 741 2749 (de
754 2670 873 2733 hac
888 2673 1055 2734 euim
1070 2676 1376 2755 praecipue
1402 2673 1765 2753 loquimur),

189 2783 303 2825 non
330 2765 549 2826 solum
580 2764 889 2827 naturalis
928 2784 1035 2827 scu
1076 2768 1393 2845 acquisita,
1438 2768 1545 2828 sed
1574 2769 1763 2830 etiam

200 2859 687 2938 supernaturalis
718 2866 781 2921 et
822 2860 1031 2920 infusa
1054 2904 1073 2935 ,
1112 2860 1623 2937 distinguendum
1672 2868 1765 2922 est

210 2952 403 3013 troilus
422 2952 773 3029 efficiendi,
802 2972 952 3014 nam
974 2972 1101 3015 una
1125 2952 1194 3014 flt
1223 2954 1366 3015 solis
1392 2954 1629 3015 viribus
1652 2970 1763 3015 na-

214 3052 361 3121 tum,
390 3052 451 3107 et
488 3046 639 3107 haec
686 3046 932 3129 proprie
985 3046 1759 3109 denominatff’humana.

205 3138 321 3199 Alia
369 3156 523 3201 vero
562 3138 642 3201 fit
690 3138 1115 3223 principaliter
1147 3140 1379 3203 virtute
1422 3140 1655 3215 divina,
1700 3145 1764 3200 et

194 3234 363 3296 homo
394 3252 461 3296 se
480 3234 687 3296 habet
702 3236 879 3315 quasi
910 3234 1415 3311 instrumentum,
1440 3232 1703 3313 ideoque
1724 3250 1762 3293 a

191 3326 516 3411 principali
546 3346 742 3389 causa
776 3328 990 3389 divina
1024 3326 1485 3392 denominatur.
1516 3329 1608 3389 Ex
1634 3343 1759 3405 quo

186 3422 461 3502 sequitur
496 3420 699 3483 fidem
724 3426 1000 3484 nostram
1048 3438 1177 3482 non
1204 3420 1362 3494 fleri,
1395 3422 1584 3483 etiam
1632 3422 1759 3483 evi·

188 3518 425 3592 denter,
446 3513 839 3592 credibilem,
863 3532 975 3595 per
998 3514 1432 3576 habitudinem
1462 3514 1542 3575 ad
1570 3514 1760 3575 fidem

184 3610 561 3685 humanam,
589 3610 778 3670 etiam
808 3608 1269 3669 denominatam
1296 3624 1373 3669 ex
1397 3612 1572 3687 parte
1590 3608 1760 3689 prin·

184 3704 339 3783 eipii,
370 3702 488 3764 sed
528 3720 649 3783 per
694 3700 1124 3763 habitudinem
1154 3700 1229 3761 ad
1256 3700 1468 3777 fldem,
1496 3718 1633 3781 quae
1680 3700 1761 3761 ab

184 3796 440 3857 homine
462 3794 606 3855 dari
644 3792 839 3875 possit
878 3810 1271 3873 quocumque
1301 3794 1506 3870 modo,
1538 3799 1600 3857 et
1626 3794 1765 3873 qui-

186 3890 575 3969 buscumque
600 3888 860 3949 viribus.
886 3886 1127 3968 adjuto.
1182 3886 1357 3949 Unde
1404 3887 1654 3967 quando
1696 3886 1761 3948 in

188 3982 535 4061 obiectione
568 3982 989 4062 interrogatur
1016 3998 1099 4042 an
1126 3980 1258 4042 haec
1288 3978 1441 4041 fides
1474 3980 1764 4042 ostenda·

192 4084 283 4136 tm·
304 4074 639 4138 credibilis
666 4074 789 4135 fide
818 4074 1119 4155 acquisita
1137 4074 1237 4135 vel
1264 4074 1495 4150 infusa,
1520 4082 1763 4135 utrum-

187 4188 297 4249 que
330 4162 708 4231 membrum
736 4168 1094 4246 negandum
1136 4176 1249 4243 est,
1298 4168 1440 4249 quia
1494 4167 1574 4229 ad
1610 4186 1762 4228 neu-

188 4270 343 4325 trum
362 4260 853 4337 determinatur,
884 4260 990 4323 sed
1017 4262 1323 4323 abstracte
1347 4260 1502 4321 dicit
1520 4261 1766 4322 habitu-

192 4356 392 4419 dinem
424 4356 505 4417 ad
530 4354 748 4431 fidem,
774 4374 913 4435 quae
933 4354 1016 4416 ab
1039 4356 1292 4417 homine
1322 4354 1599 4436 praestari
1627 4372 1765 4435 pos-

190 4450 281 4524 sit,
308 4456 381 4512 et
409 4452 503 4512 ita
530 4448 715 4511 facile
746 4448 1072 4529 expeditur
1098 4446 1450 4510 difficultas.

260 4546 319 4607 5.
368 4542 721 4609 Secundum
741 4542 1009 4617 dubium,
1030 4540 1388 4605 evidentiam
1404 4542 1765 4607 credibilite-

192 4638 273 4697 tis
312 4636 523 4700 videri
553 4636 849 4700 inutilem.
876 4668 962 4683 —
988 4634 1313 4715 Imprimis
1355 4638 1423 4699 de
1449 4636 1659 4700 doctis.
1681 4672 1765 4688 -—

190 4732 417 4795 Deinde
456 4732 533 4794 de
567 4730 803 4793 idiotis.
837 4762 919 4777 —
952 4726 1303 4791 Secundum
1346 4728 1605 4791 dubium
1644 4738 1759 4809 est,

194 4822 507 4901 quomodo
537 4840 617 4885 ex
640 4826 815 4904 parte
851 4822 1232 4883 credentium
1262 4824 1453 4902 possit
1480 4822 1612 4885 hoec
1638 4826 1763 4886 evi-

194 4916 395 4978 dentia
416 4914 857 4979 credibilitatls
894 4914 1231 4991 deservire,
1262 4916 1363 4977 vel
1394 4934 1523 4977 esse
1554 4934 1762 4979 neces-

196 5010 352 5071 saria
392 5008 477 5071 ad
520 5023 705 5071 usum
754 5006 1065 5071 credendi.
1118 5008 1299 5071 Ratio
1326 5015 1537 5070 autem
1580 5009 1761 5072 dubi-

200 5102 365 5165 tandi
401 5110 521 5177 est,
571 5102 717 5183 quia
746 5104 914 5163 iuter
944 5100 1283 5178 credentes,
1321 5102 1575 5181 qnidam
1617 5110 1765 5165 sunt

203 5194 361 5257 docti
406 5204 473 5259 et
514 5191 769 5273 eruditi,
819 5193 925 5274 qui
966 5200 1225 5277 possunt
1270 5212 1371 5255 om
1380 5194 1483 5255 nia
1530 5194 1763 5257 motiva

206 5282 482 5353 credendi
507 5278 859 5368 intelligere
894 5300 957 5349 et
980 5286 1347 5369 ponderare,
1395 5292 1459 5350 et
1492 5289 1582 5351 ita
1613 5308 1763 5351 con-

208 5384 377 5462 sequi
418 5382 647 5445 dictam
706 5382 1089 5445 evidentiam
1125 5382 1580 5463 credibilitatis,
1634 5385 1761 5447 Alii

210 5493 351 5536 vero
376 5482 517 5538 sunt
550 5476 859 5557 simplices
885 5482 948 5537 et
975 5474 1183 5552 rudes,
1230 5476 1342 5555 qui
1368 5476 1479 5539 illa
1526 5478 1762 5541 motiva

216 5588 338 5629 non
396 5577 805 5651 assequuntur
814 5586 837 5651 3
884 5569 1126 5631 neutris
1174 5574 1386 5632 autem
1446 5569 1759 5635 deservire

3297 402 3410 465 {33

1835 534 2038 608 potest
2063 528 2144 592 ad
2169 529 2357 592 fldem
2385 530 2550 591 dicta
2579 528 2932 605 evidentia3
2969 544 3118 607 ergo
3149 543 3278 587 non
3307 532 3400 587 est

1837 622 2010 685 utilis
2035 624 2114 687 ad
2151 623 2361 686 fidem.
2399 624 2484 685 De
2524 622 2830 703 prioribus
2868 620 3164 703 probatur
3191 619 3398 681 minor

1838 718 2042 799 quoad
2092 720 2362 799 priorem
2417 724 2691 798 partem,
2742 734 2890 777 nam
2943 714 3052 777 illa
3098 714 3410 775 evidentia

1838 809 2058 873 saltem
2081 810 2354 873 excludit
2373 812 2724 873 libertatem
2747 810 2812 871 in
2853 808 3196 883 credend03
3227 806 3402 869 nullo

1838 904 2008 966 enim
2024 904 2207 966 modo
2221 903 2356 967 fieri
2374 923 2548 983 posse
2576 904 2846 977 videtur,
2869 909 2939 964 ut
2955 902 3062 983 qui
3090 901 3407 965 evidenter

1838 1000 2150 1077 cognoscit
2161 998 2324 1075 hanc
2341 1000 2530 1081 fidem
2559 1016 2685 1060 esse
2711 994 3091 1071 credibilem,
3109 1002 3172 1057 et
3189 1014 3406 1057 secun·

1838 1090 1990 1152 dum
2015 1091 2408 1173 prudentiam
2435 1090 2830 1166 credendam,
2861 1090 2928 1150 in
2945 1089 3142 1169 gradu
3173 1107 3211 1149 a
3230 1087 3407 1149 nobis

1839 1183 2175 1260 declarato,
2205 1186 2456 1259 scilicet,
2487 1189 2560 1246 ut
2590 1182 3050 1263 comparatione
3076 1182 3242 1243 illius
3269 1200 3403 1243 om-

1840 1277 1939 1339 nis
1965 1278 2248 1340 doctrina
2269 1278 2576 1341 contraria
2593 1279 2674 1339 sit
2693 1276 3094 1351 incredibilis,
3128 1275 3282 1351 fleri,
3311 1276 3408 1337 in-

1841 1390 2056 1453 quam,
2086 1392 2214 1435 nou
2239 1381 2440 1453 potest
2466 1378 2538 1433 ut
2565 1372 2704 1433 talis
2731 1370 2920 1432 homo
2947 1388 3073 1432 uon
3096 1369 3306 1432 credat
3334 1388 3409 1433 ea

1842 1484 1984 1546 quie
2027 1465 2145 1528 sibi
2192 1466 2313 1527 hoc
2359 1466 2546 1526 modo
2585 1470 3042 1547 proponuntur,
3081 1482 3282 1544 neque
3334 1470 3405 1523 ut

1840 1558 2090 1620 recedat
2123 1578 2161 1621 a
2187 1558 2300 1621 tali
2339 1558 2462 1621 fide
2502 1558 2690 1621 semel
2739 1564 2984 1637 recepta
3001 1574 3024 1635 ;
3053 1562 3118 1618 at
3152 1574 3300 1617 vero
3326 1556 3404 1619 de

1841 1654 2085 1715 ratione
2109 1651 2258 1715 fidei
2301 1652 2662 1714 Christianae
2712 1657 2804 1713 est
2845 1657 2918 1711 ut
2951 1651 3032 1712 sit
3075 1650 3297 1725 libera,
3337 1654 3410 1712 ut

1840 1764 2026 1827 supra
2054 1746 2286 1808 dictum
2326 1752 2442 1822 est,
2473 1752 2535 1807 et
2559 1746 2746 1807 latius
2791 1746 3028 1806 dicetur
3051 1744 3116 1805 in
3148 1744 3305 1826 disp.
3339 1746 3400 1807 6.

1839 1840 2006 1919 Ergo
2038 1840 2179 1903 talis
2215 1840 2528 1903 evidentia
2577 1840 2836 1916 impedit
2869 1839 3280 1902 Christianam
3327 1840 3399 1901 fl-

1840 1932 1986 1995 dem
2013 1935 2079 1996 in
2109 1934 2418 2014 eiusmodi
2444 1934 2824 1995 hominibus·
2856 1933 3064 1994 Altera
3091 1952 3237 1995 vero
3255 1953 3399 2015 pars

1842 2028 2105 2089 minoris
2133 2028 2212 2090 de
2260 2029 2464 2089 idiotis
2493 2033 2702 2109 patet3
2745 2045 2892 2089 nam
2941 2026 3052 2088 illa
3091 2028 3402 2091 evidentia

1842 2123 2160 2203 consurgit
2185 2141 2260 2195 eg
2290 2123 2500 2185 multis
2535 2123 2878 2185 rationibus
2906 2132 2968 2185 et
2997 2122 3407 2185 circumstan-

1840 2218 1966 2291 tiis,
1999 2235 2136 2295 quae
2165 2237 2201 2278 a
2228 2217 2458 2279 talibus
2503 2217 2862 2279 hominibus
2897 2236 3020 2279 non
3055 2216 3254 2279 solum
3279 2235 3406 2279 non

1840 2310 2332 2387 considerantur,
2349 2328 2566 2372 verum
2585 2312 2775 2373 etiam
2793 2330 2906 2375 nec
2927 2311 3241 2373 moraliter
3259 2330 3405 2373 con-

1842 2404 2102 2465 siderari
2129 2410 2408 2483 possunt,
2450 2404 2551 2465 vel
2588 2405 2737 2485 quia
2763 2424 2890 2467 nou
2918 2410 3066 2465 sunt
3097 2404 3404 2479 instructi,

1844 2496 1942 2557 vel
1973 2498 2160 2559 etiam
2185 2496 2335 2578 quia
2354 2516 2518 2577 saepe
2546 2502 2692 2559 sunt
2717 2498 3040 2578 incapaces
3068 2496 3147 2560 ad
3167 2503 3407 2559 tantam

1844 2608 2056 2651 rerum
2084 2590 2700 2670 comprehensionem
2730 2592 3126 2653 obtinendam
3145 2608 3163 2667 3
3185 2597 3247 2652 et
3266 2590 3407 2653 ideo

1847 2682 2006 2745 dixit
2033 2684 2352 2760 Eusebius,
2379 2684 2454 2745 de
2499 2685 2764 2763 Praepar.
2819 2685 3139 2764 Evangel„
3175 2703 3310 2764 cap.
3345 2686 3410 2759 3,

1842 2776 2203 2857 hujusmodi
2229 2777 2535 2853 homines,
2568 2780 2674 2857 qui
2702 2778 2923 2841 altiora
2961 2780 3248 2859 consequi
3281 2797 3408 2840 non

1844 2875 2124 2951 possunt,
2149 2869 2272 2933 fide
2296 2870 2522 2932 debere
2551 2890 2682 2934 esse
2705 2879 3055 2950 contentos3
3099 2879 3162 2934 et
3189 2872 3410 2935 melius

1843 2964 2247 3043 Augustinus,
2275 2972 2489 3027 contra
2511 2966 2845 3045 Epistolam
2873 2966 3204 3043 Fundam„
3237 2985 3292 3028 c.
3323 2968 3364 3028 4
3390 2987 3404 3030 ε

1842 3059 1927 3120 In
1955 3057 2293 3135 Gatnoziea,
2335 3058 2558 3138 inquit,
2596 3060 2904 3134 Ecclesia,
2943 3062 3024 3123 ad
3071 3060 3416 3123 sincerissi-

1842 3170 2003 3213 mam
2025 3152 2390 3231 sapientiam
2405 3156 2588 3231 pauci
2603 3154 2958 3233 spirituales
2975 3154 3327 3233 perveniunt
3345 3154 3414 3216 in

1842 3244 1956 3307 hac
1977 3246 2110 3307 vita
2135 3270 2162 3317 ,·
2184 3252 2458 3310 caeteram
2487 3250 2706 3331 quippe
2731 3248 2970 3309 turbam
3015 3265 3133 3308 non
3173 3248 3410 3309 intelli-

1840 3338 2020 3419 9endi
2045 3340 2364 3417 vivacitas,
2402 3342 2506 3403 sed
2530 3340 2801 3404 credendi
2830 3340 3197 3419 simplicitas
3227 3341 3410 3423 tucis-¹

1839 3432 2058 3493 simam
2081 3434 2283 3509 facit,·
2343 3450 2492 3513 ergo
2538 3452 2740 3513 neque
2773 3432 2870 3493 his
2907 3431 3264 3495 hominibus
3305 3433 3411 3495 de·

1838 3524 2028 3584 servit
2071 3524 2148 3585 ad
2190 3526 2570 3588 credendum
2604 3524 2914 3588 evidentia
2941 3523 3408 3605 credibilitatis3

1840 3617 1969 3677 imo
1993 3618 2166 3679 illam
2198 3620 2266 3679 in
2295 3620 2382 3681 eis
2401 3619 2736 3700 postulare,
2775 3624 2883 3683 ,est
2921 3618 3010 3679 eis
3053 3616 3414 3698 impossibi-

1843 3710 1966 3771 lem
1986 3712 2242 3773 reddere
2268 3712 2479 3776 fidem.

1925 3804 1989 3865 6.
2029 3806 2374 3870 Resolvitur
2401 3806 2647 3869 dubium
2685 3808 2888 3887 quoad
2919 3806 3141 3879 doctos,
3181 3806 3408 3885 primo.

1842 3930 1924 3945 —
1950 3898 2094 3959 Haec
2141 3900 2300 3961 ratio
2344 3896 2672 3961 dubitandi
2713 3898 2840 3960 duo
2881 3897 3151 3979 postulat
3197 3898 3410 3975 dubia,

1844 4008 2045 4052 unum
2079 3997 2312 4071 spectat
2353 3992 2432 4053 ad
2479 4010 2772 4072 personas
2817 3992 3121 4072 sapientes
3149 3993 3218 4055 in
3263 3992 3410 4069 fide,

1845 4102 1986 4163 quae
2043 4092 2298 4165 possunt
2361 4085 2890 4169 comprehendere
2945 4084 3106 4147 hanc
3161 4085 3412 4147 eviden-

1844 4178 1998 4239 tiam
2053 4178 2475 4240 crerlibililatis
2500 4226 2519 4255 ,
2583 4186 2645 4242 et
2690 4178 2904 4241 omnia
2954 4178 3122 4239 illius
3177 4179 3412 4240 motiva

1844 4272 2216 4350 ponderare,
2247 4277 2310 4333 et
2335 4273 2538 4352 quoad
2584 4272 2704 4333 hoc
2733 4290 2858 4334 non
2896 4278 2990 4334 est
3022 4270 3288 4333 difficilis
3317 4290 3410 4333 re-

1847 4364 2094 4427 solutio.
2131 4366 2278 4427 Dico
2311 4367 2479 4428 enim
2503 4366 2814 4445 imprimis
2846 4365 3010 4427 hanc
3033 4364 3412 4427 evidentiam

1846 4476 1977 4520 non
2006 4457 2307 4539 impedire
2335 4465 2545 4522 actum
2576 4458 2724 4520 fidei
2761 4458 2921 4519 circa
2965 4477 3064 4521 res
3095 4458 3182 4519 sic
3219 4456 3414 4521 credi-

1844 4551 2023 4626 biles,
2050 4552 2199 4632 quia
2219 4568 2460 4633 semper
2483 4551 2636 4613 fides
2659 4551 2884 4613 retinet
2905 4569 3082 4637 suain
3103 4551 3406 4631 majorem

1844 4645 2280 4707 certitudinem
2315 4664 2388 4707 ac
2425 4644 2870 4725 perfectionem
2893 4667 2912 4719 3
2953 4662 3102 4705 nam
3129 4644 3198 4704 in
3232 4662 3409 4725 supe·

1844 4738 2115 4801 rioribus
2139 4739 2156 4779 ¹
2191 4738 2422 4800 dictum
2449 4744 2541 4799 est
2561 4739 2751 4801 etiam
2774 4736 3146 4799 evidentiam
3177 4738 3411 4799 verita·

1843 4831 1946 4907 tis,
1979 4832 2032 4892 si
2059 4830 2139 4895 sit
2177 4831 2490 4893 inferioris
2527 4832 2784 4906 ordinis,
2814 4848 2943 4893 non
2973 4830 3276 4910 impedire
3307 4849 3412 4892 ve-

1844 4942 1985 4987 rum
2011 4930 2214 4987 actum
2235 4923 2381 4986 fidei
2406 4924 2680 5003 ejusdem
2703 4923 3008 4999 veritatis3
3040 4942 3188 5002 ergo
3213 4924 3412 4985 multo

1844 5018 2058 5079 minus
2082 5016 2384 5099 impediet
2427 5016 2743 5079 evidentia
2788 5016 3238 5095 credibilitatis,
3275 5034 3412 5096 quae

1841 5129 2088 5191 semper
2122 5110 2420 5191 relinquit
2465 5110 2788 5171 obscuram
2833 5110 3158 5171 veritatem
3187 5111 3408 5190 ipsam.

1842 5202 2076 5265 Deinde
2103 5204 2239 5266 dico
2261 5204 2426 5266 hanc
2450 5204 2825 5266 evidentiam
2853 5204 3042 5265 etiam
3066 5221 3193 5263 non
3217 5204 3412 5283 impe·

1842 5294 1977 5357 dire
2005 5296 2340 5377 quominus
2379 5315 2664 5359 assensus
2712 5296 2858 5357 fidei
2903 5296 2984 5357 sit
3026 5295 3412 5358 voluntarius

1842 5398 1905 5452 et
1930 5388 2123 5507 lib*
2157 5390 2306 5471 quia
2324 5410 2470 5453 cum
2492 5392 2560 5453 in
2590 5410 2656 5453 se
2687 5408 2816 5453 non
2844 5389 2925 5451 sit
2966 5388 3188 5467 clarus,
3243 5407 3409 5451 nuu-

1926 5579 1943 5615 ¹
1981 5575 2146 5657 Disp.
2177 5576 2236 5645 3,
2265 5580 2413 5637 sect.
2441 5578 2504 5639 9.
