3900 6217
702 334 873 386 SECT.
909 336 966 387 V.
1007 336 1084 387 DE
1117 293 1746 397 SUBJECTO‘uAEnEsls,
1782 334 1864 386 ET
1895 334 2043 396 QUlD
2075 332 2329 386 TANDEM
2362 329 2653 395 llAERESlS,
2692 332 2824 385 E'rc.

169 428 376 491 Judaeo
423 428 518 490 vel
555 448 820 509 pagano,
864 438 934 492 ut
979 450 1164 514 supra
1214 434 1400 495 etiam
1448 433 1513 494 in
1555 433 1722 494 dicta

167 524 316 601 disp.
345 523 575 583 dictum
609 532 720 585 est.
756 525 1024 585 Dubium
1060 544 1204 588 vero
1231 533 1326 589 est
1359 527 1509 607 quid
1538 527 1720 587 intel-

165 616 478 693 ligendum
513 616 593 677 sit
625 619 878 680 nomine
917 620 1276 697 Christiani,
1308 627 1370 683 et
1407 622 1718 700 praecipue

165 728 239 769 an
291 715 568 788 oporteat
616 710 792 772 illum
843 730 972 773 esse
1027 714 1428 794 baptizatum,
1480 716 1546 776 in
1594 732 1718 795 quo

164 810 300 863 sunt
361 802 622 865 diversae
676 808 1024 871 sententiae.
1097 809 1304 870 Prima
1357 816 1545 888 negat
1601 808 1720 869 hoe

163 898 562 957 necessarium
607 916 762 975 esse,
809 903 960 981 quia
1004 904 1190 963 etiam
1241 904 1718 965 catechumenus

163 996 351 1067 potest
377 1008 522 1051 vere
555 991 883 1055 haereticus
929 1012 1094 1073 esse3
1127 1014 1314 1075 quam
1343 998 1716 1058 sententiam

163 1100 266 1162 ego
315 1082 512 1145 docui.
537 1086 602 1145 in
643 1089 682 1147 5
723 1094 917 1164 tome,
975 1091 1052 1151 ad
1101 1093 1138 1151 3
1183 1100 1340 1169 part.
1351 1135 1370 1167 ,
1408 1090 1564 1170 disp.
1611 1093 1712 1165 ⁶2¹,

162 1183 295 1237 sect.
327 1180 388 1250 2,
419 1179 576 1239 etin
607 1180 968 1255 Defensione
1001 1184 1327 1261 catholica,
1352 1186 1396 1246 l.
1433 1190 1490 1260 1,
1525 1205 1578 1247 c.
1609 1188 1712 1260 24,

161 1278 216 1331 et
251 1277 419 1332 tenet
451 1274 684 1351 Castro,
717 1275 828 1337 lib.
865 1280 894 1339 1
933 1280 1010 1340 de
1036 1280 1190 1340 Just.
1223 1280 1439 1342 haeret.
1483 1281 1712 1360 punit„

162 1384 280 1445 cap.
311 1366 390 1439 ὃς
426 1367 674 1428 Bannez
699 1371 760 1431 2.
792 1372 855 1447 2,
898 1378 1116 1451 quaest.
1170 1374 1272 1447 10,
1317 1379 1434 1435 art.
1476 1376 1538 1448 5,
1569 1374 1644 1433 ad
1677 1374 1716 1433 3

161 1476 415 1535 argum„
459 1465 523 1520 et
569 1468 783 1540 quaest.
835 1466 936 1540 11,
980 1471 1098 1525 art.
1144 1468 1228 1541 23
1280 1468 1486 1539 Azor„
1530 1464 1640 1525 lib.
1675 1466 1715 1527 8

161 1554 317 1625 lust„
351 1570 490 1631 cap.
527 1556 590 1629 9,
631 1561 844 1633 quaest.
879 1560 916 1617 3
937 1573 956 1634 ;
987 1565 1050 1620 ct
1082 1559 1290 1619 Farin.
1333 1558 1411 1619 de
1451 1558 1710 1634 Haeresi,

161 1652 360 1725 quaest.
415 1648 560 1723 178,
607 1666 786 1709 num.
835 1653 944 1713 131
980 1656 1042 1711 et
1083 1654 1222 1713 135.
1273 1654 1350 1713 Et
1390 1652 1548 1712 ratio
1598 1658 1709 1727 est,

161 1740 290 1817 quia
315 1740 442 1816 ille,
475 1744 764 1821 quamvis
807 1762 932 1804 non
980 1745 1061 1805 sit
1113 1745 1480 1824 baptizatus,
1517 1746 1714 1806 credit

161 1835 215 1893 in
241 1834 570 1897 Christum.
615 1837 786 1899 Unde
814 1837 960 1898 licet
987 1837 1142 1898 alias
1169 1839 1249 1899 sit
1275 1838 1562 1912 infidelis,
1586 1857 1713 1901 non

161 1936 238 1987 est
259 1927 513 1988 Judoeus
555 1946 671 1990 nec
714 1948 1028 2010 paganus3
1065 1948 1216 2009 ergo
1246 1936 1337 1991 est
1364 1931 1707 2008 haereticus,

161 2028 214 2082 et
251 2040 415 2083 error
453 2025 594 2102 ejus
630 2030 724 2085 est
759 2024 1034 2098 haeresis,
1078 2026 1226 2103 quia
1254 2044 1382 2085 non
1422 2032 1568 2087 sunt
1593 2026 1712 2087 fin-

162 2115 354 2191 'gendae
379 2116 594 2195 plures
614 2117 996 2178 infidelitatis
1019 2118 1268 2198 species.
1292 2119 1710 2181 Nihilominus

161 2208 252 2269 alii
300 2211 628 2288 requirunt
687 2210 762 2271 ad
823 2210 1136 2291 propriam
1191 2212 1498 2281 haeresim,
1543 2214 1709 2291 quod

161 2321 396 2383 persona
443 2304 532 2365 sit
579 2304 903 2383 baptizata.
965 2305 1056 2365 Ita
1105 2306 1294 2366 sentit
1345 2306 1704 2383 CaJetanus,

163 2396 284 2457 dict.
315 2402 426 2458 art.
475 2399 546 2471 2,
575 2404 639 2459 et
667 2398 946 2476 sequitur
969 2396 1056 2457 ibi
1084 2398 1383 2475 Aragon„
1415 2406 1475 2460 et
1503 2400 1710 2478 Ugoli-

162 2508 260 2549 nus
285 2490 356 2550 de
393 2490 686 2551 Censuris
727 2490 1009 2551 Pontifici
1053 2491 1399 2567 reservatiS,
1452 2494 1490 2551 2
1523 2499 1708 2570 part.‚

165 2600 208 2640 c.
247 2586 294 2654 l,
331 2582 368 2661 ξ
407 2586 474 2657 1;
518 2588 582 2643 et
615 2584 848 2659 Sairus,
879 2584 949 2645 in
984 2585 1013 2644 1
1047 2584 1200 2645 toni.
1244 2584 1566 2658 Thesauri,
1598 2584 1706 2645 lib.

169 2677 217 2749 3,
243 2694 362 2754 cap.
397 2678 461 2752 4,
497 2696 683 2737 num.
717 2679 794 2739 10
818 2684 879 2739 et
909 2681 974 2739 11
1010 2702 1029 2755 3
1070 2684 1134 2741 et
1160 2680 1370 2752 Sanc.,
1413 2678 1478 2739 d.
1523 2678 1632 2739 lib.
1670 2682 1709 2741 2

171 2770 438 2849 Decalog„
471 2787 530 2832 c.
567 2774 632 2841 7,
661 2790 838 2833 num.
881 2774 998 2848 343
1033 2780 1096 2834 et
1137 2771 1361 2846 Tolet.,
1399 2772 1468 2832 in
1503 2774 1706 2850 Sum„

172 2864 263 2923 lib.
293 2869 348 2938 Δ,
379 2882 430 2924 c.
469 2865 529 2925 3.
569 2864 961 2940 Fundantur,
993 2868 1140 2946 quia
1177 2882 1290 2944 per
1327 2864 1708 2944 baptismum

180 2958 603 3021 efficiturhomo
627 2958 1016 3021 Christianus
1043 2966 1107 3021 et
1133 2958 1482 3021 membrum
1505 2960 1704 3021 Eccle-

175 3051 258 3111 siae
283 3052 514 3115 Christi.

233 3146 283 3205 4.
326 3144 616 3209 Auctoris
639 3144 948 3226 judicium
973 3148 1168 3225 quoad
1183 3145 1449 3227 primam
1474 3151 1708 3209 senten-

169 3240 294 3299 tiam
345 3246 682 3320 aequatem.
700 3237 866 3300 —ln
905 3238 1024 3299 hoc
1063 3257 1212 3301 vero
1253 3247 1482 3319 puncto
1519 3245 1582 3301 et
1613 3258 1704 3301 se·

169 3330 496 3407 quentibus,
557 3330 1069 3409 distinguendum
1126 3339 1220 3393 est
1275 3332 1354 3394 de
1411 3331 1704 3394 haeretico

169 3428 378 3483 tantum
419 3424 486 3485 in
515 3424 659 3485 foro
687 3424 935 3485 interno
965 3443 1076 3485 seu
1102 3424 1340 3501 divin0,
1367 3432 1430 3486 et
1458 3426 1536 3486 de
1573 3425 1706 3486 hae-

169 3514 325 3575 relico
349 3516 532 3577 etiam
568 3517 638 3576 in
666 3515 801 3577 foro
836 3517 1142 3591 Ecclesiae,
1173 3536 1282 3579 seu
1310 3518 1386 3579 de
1413 3517 1704 3579 haeretico

169 3608 398 3685 punibili
447 3610 546 3671 vel
603 3628 726 3671 non
775 3609 1041 3688 punibili
1085 3609 1164 3671 ab
1213 3610 1497 3671 Ecclesia.
1549 3611 1703 3670 Nam

170 3700 278 3762 sine
301 3701 479 3763 dubio
521 3702 664 3763 dari
711 3708 911 3781 potest
937 3702 1161 3781 aliquis
1195 3720 1336 3764 vere
1377 3703 1705 3763 hoereticus

171 3796 306 3872 apud
333 3798 545 3873 Deum,
576 3814 762 3876 quem
789 3796 1059 3859 Ecclesia
1085 3797 1302 3874 punire
1329 3814 1457 3858 non
1481 3804 1700 3877 potest,

173 3893 229 3945 ut
274 3894 500 3951 constat
547 3890 632 3951 de
679 3890 970 3951 haeretico
1021 3908 1190 3952 mere
1239 3891 1508 3952 interne.
1559 3890 1706 3950 Dico

173 3978 332 4055 igitur
367 3984 638 4061 primam
669 3983 1044 4044 sententiam
1073 4001 1204 4045 esse
1233 4001 1445 4045 veram
1475 3984 1552 4044 de
1581 3983 1707 4043 hee-

173 4074 330 4133 retico
365 4093 507 4137 vere
537 4075 654 4135 tali
691 4074 899 4153 quoad
942 4074 1209 4155 culpam,
1241 4082 1302 4137 et
1339 4074 1543 4154 quoad
1579 4094 1706 4156 poe-

173 4182 292 4225 nam
333 4168 396 4228 in
443 4168 582 4229 foro
637 4168 741 4229 Dei
749 4214 769 4243 ,
820 4168 984 4248 quod
1033 4170 1195 4249 apud
1248 4186 1348 4230 me
1399 4168 1708 4229 convincit

174 4260 304 4319 ratio
335 4261 512 4333 facta,
553 4262 661 4322 cui
693 4268 969 4323 auctores
1013 4262 1336 4323 contrariae
1385 4262 1706 4322 sententiae

175 4352 306 4412 nihil
357 4355 754 4434 respondent,
811 4372 953 4415 cum
1018 4362 1228 4417 tamen
1279 4361 1492 4416 contra
1537 4354 1706 4415 hunc

176 4446 330 4507 ctiam
357 4468 606 4510 sensum
638 4450 865 4511 sentire
892 4450 1244 4511 videantur.
1281 4449 1514 4511 Deinde
1543 4456 1708 4511 cate-

177 4537 474 4602 chumenus
527 4542 582 4601 si
632 4560 777 4603 vere
829 4543 1060 4617 credat,
1119 4550 1212 4603 est
1263 4542 1472 4622 aliquo
1520 4544 1705 4604 modo

180 4629 538 4703 Christianus,
587 4641 720 4695 tum
761 4636 910 4713 quia
949 4636 1186 4697 Christo
1227 4637 1444 4697 unitur
1483 4654 1595 4716 per
1635 4637 1708 4697 fi-

181 4721 328 4799 dem3
372 4732 502 4787 tum
549 4730 742 4789 etiam
778 4729 926 4806 quia
965 4730 1191 4789 salvari
1219 4735 1419 4808 potest
1456 4746 1566 4809 per
1598 4728 1708 4789 ba-

181 4814 435 4890 ptismum
461 4820 730 4881 flaminis
741 4836 764 4898 3
791 4827 928 4881 tum
962 4822 1233 4900 denique
1265 4822 1412 4900 quia
1434 4823 1707 4882 exterius

183 4908 466 4971 confitetur
523 4912 870 4988 Christum,
927 4914 1077 4974 dum
1140 4915 1272 4992 ejus
1323 4914 1704 4991 baptismum

183 5000 310 5074 petit
340 5025 356 5077 3
401 5022 548 5084 ergo
597 5006 716 5067 hoc
763 5005 911 5066 satis
947 5011 1040 5067 est
1079 5012 1149 5066 ut
1192 5022 1333 5067 vere
1369 5006 1486 5067 dici
1516 5009 1708 5088 possit

187 5091 562 5173 Christianus;
613 5114 762 5177 ergo
797 5098 852 5159 si
898 5104 1107 5177 postea
1149 5098 1230 5159 ab
1275 5098 1393 5159 hac
1433 5100 1552 5161 fide
1601 5120 1708 5179 per

186 5183 438 5250 haeresim
463 5192 705 5254 recedat
731 5192 1055 5255 retinendo
1080 5192 1290 5271 aliquo
1315 5192 1499 5253 modo
1519 5192 1708 5255 fidem

193 5285 242 5335 ct
269 5280 612 5359 religionem
652 5286 899 5362 Christi,
927 5288 1056 5366 jam
1090 5286 1206 5347 sub
1243 5287 1495 5347 nomine
1535 5286 1710 5347 Chri-

195 5370 360 5433 stiano
395 5376 544 5439 falsa
570 5379 860 5458 dogmata
895 5380 1220 5459 profitetur
1251 5378 1352 5441 vel
1387 5382 1708 5459 sequitur3

201 5478 319 5543 ergo
337 5467 398 5529 in
421 5486 486 5531 re
505 5488 648 5534 vere
675 5479 768 5534 est
793 5473 1134 5536 haereticus.

1883 434 1940 493 5.
1996 430 2203 505 Quoad
2236 431 2555 495 secundam
2602 432 3031 510 affirmantem.
3054 464 3137 479 -
3160 432 3359 497 Castr.

1801 525 1999 606 opinio
2045 526 2388 607 sinyularis
2405 570 2423 601 ,
2482 526 2725 606 ejusque
2771 528 3253 601 fundamentum.
3282 560 3367 577 -

1801 618 1870 677 In
1901 619 2025 679 alio
2064 636 2209 679 vero
2253 636 2459 693 sensu,
2494 618 2825 680 dicendum
2872 625 2964 680 est
3004 620 3365 699 hujusmodi

1803 710 2159 773 haereticum
2182 731 2311 772 non
2328 730 2459 773 csse
2486 712 2824 792 punibilem
2852 713 2933 773 ab
2962 714 3247 775 Ecclesia.
3272 716 3364 775 Ita

1803 804 2111 865 declaravi
2143 805 2303 866 hanc
2332 806 2705 867 sententiam
2736 807 2903 867 citat.
2939 807 3111 882 locis,
3152 815 3215 867 et
3244 807 3365 869 hoc

1803 899 2077 959 maxime
2130 898 2513 959 contendunt
2562 904 2843 960 auctores
2898 900 3181 960 secundm
3230 901 3364 979 opi-

1798 992 2039 1067 nionis3
2074 998 2135 1051 et
2178 992 2456 1070 sequitur
2500 991 2799 1067 Simanc.,
2830 992 2995 1053 dicto
3033 994 3215 1053 titulo
3256 996 3357 1068 31,

1797 1102 1974 1145 num.
2018 1088 2081 1161 6,
2124 1092 2186 1147 et
2220 1086 2611 1146 consentiunt
2643 1087 2926 1147 Doctores
2968 1088 3183 1165 primte
3224 1107 3361 1149 sen·

1795 1179 2026 1251 tentiae,
2056 1197 2184 1238 uno
2206 1187 2461 1257 excepto
2484 1178 2703 1253 Castr.,
2728 1180 2835 1257 qui
2859 1180 3173 1241 contendit
3194 1180 3361 1241 hunc

1796 1271 2313 1331 catechumenum
2347 1289 2475 1331 esse
2498 1272 2573 1333 de
2594 1272 3017 1350 jurisdictione
3046 1272 3355 1345 Ecclesiae,

1797 1370 1860 1425 et
1906 1382 2081 1443 posse
2104 1364 2185 1425 ab
2210 1364 2317 1425 illa
2368 1371 2438 1426 ut
2488 1366 2849 1427 haereticum
2896 1366 3124 1445 puniri.
3180 1367 3359 1427 Ratio

1796 1459 1928 1537 ejus
1947 1464 2063 1534 est,
2091 1458 2239 1537 quia
2264 1458 2363 1517 ille
2384 1465 2476 1521 est
2496 1459 2845 1521 membrum
2863 1460 3147 1521 Ecclesia}
3174 1476 3189 1520 ε
3212 1476 3361 1537 ergo

1793 1556 1991 1631 potest
2010 1550 2275 1611 Ecclesia
2296 1551 2475 1611 illum
2493 1551 2796 1631 judicare,
2830 1554 2989 1613 sicut
3020 1552 3361 1632 respublica

1794 1649 1997 1721 potest
2046 1662 2225 1705 suum
2278 1645 2473 1705 civem
2523 1646 2765 1723 punire,
2810 1650 3108 1724 tanquam
3162 1663 3359 1707 mem-

1793 1736 1978 1797 brum
2014 1754 2217 1799 suum.
2255 1738 2636 1799 Ante-cedens
2676 1738 2895 1816 probat
2928 1744 3297 1817 argumento
3320 1758 3361 1799 a

1793 1829 1971 1891 nobis
1991 1830 2173 1906 facto,
2202 1832 2349 1911 quia
2371 1830 2847 1891 catechumenus
2870 1838 3067 1910 potest
3088 1832 3355 1893 salvari:

1795 1942 1942 2003 ergo
1964 1929 2057 1985 est
2078 1926 2244 1985 intra
2268 1925 2625 2001 Ecclesiam,
2656 1926 2804 2005 quia
2832 1932 3005 1985 extra
3028 1926 3359 1987 Ecclesiam

1793 2035 1920 2077 non
1964 2023 2055 2077 est
2092 2018 2255 2078 salus
2275 2040 2294 2093 3
2338 2036 2488 2097 ergo
2529 2024 2622 2079 est
2658 2018 3011 2079 membrum
3048 2019 3351 2081 Ecclesiae.

1791 2112 1944 2173 Item
1985 2111 2087 2171 ille
2128 2118 2221 2173 est
2268 2113 2617 2173 membrum
2660 2113 2903 2187 Christi,
2952 2113 3129 2191 cujus
3168 2112 3351 2173 fidem

1790 2204 2115 2285 profitetur
2125 2229 2143 2283 3
2177 2224 2324 2267 nam
2374 2207 2514 2268 ideo
2555 2213 2755 2286 potest
2800 2206 3063 2267 salutem
3116 2205 3195 2266 ab
3248 2206 3355 2267 illo

1791 2300 2196 2380 participare3
2230 2318 2377 2379 ergo
2408 2306 2499 2362 est
2522 2299 2871 2363 membrum
2902 2298 3171 2379 corporis
3198 2300 3353 2379 ejuS,

1791 2393 1955 2472 quod
1978 2402 2071 2453 est
2097 2394 2387 2456 Ecclesia.

1871 2489 1931 2549 6.
1978 2488 2369 2567 Improbatwr
2406 2488 2847 2569 multipliciter.
2881 2521 2965 2535 --
2996 2488 3103 2551 Ad
3134 2489 3356 2565 ficuda-

1792 2585 2059 2644 mentum
2114 2580 2317 2644 Castr.
2372 2584 2439 2644 in
2496 2600 2661 2644 num.
2706 2580 3087 2663 praecedenti.
3118 2612 3199 2628 —
3238 2581 3355 2642 Sed

1788 2672 1924 2733 haec
1978 2673 2191 2752 opinio
2246 2674 2577 2754 probabilis
2630 2692 2758 2735 non
2816 2681 2928 2749 est,
2988 2681 3051 2734 et
3102 2674 3355 2735 assertio

1788 2757 1987 2846 posita
2016 2774 2107 2828 est
2130 2774 2318 2828 certa.
2350 2770 2504 2829 Nam
2534 2774 2625 2828 est
2644 2768 3058 2828 communiter
3082 2773 3349 2847 recepta,

1787 2860 1952 2938 quod
1982 2860 2048 2921 in
2088 2862 2345 2923 materia
2378 2860 2598 2921 morali
2626 2862 2840 2939 magui
2882 2861 3181 2921 momenti
3216 2866 3346 2935 est3

1787 2956 1938 3016 item
1962 2955 2109 3034 quia
2137 2956 2199 3015 in
2225 2956 2401 3035 praxi
2426 2964 2489 3017 et
2512 2972 2627 3016 usu
2652 2956 2928 3017 Ecclesiae
2953 2956 3039 3015 ita
3066 2956 3352 3016 observa-

1785 3054 1925 3123 tur3
2000 3066 2143 3109 nam
2200 3049 2439 3128 quoties
2492 3049 2561 3111 in
2616 3049 2749 3110 foro
2801 3050 3083 3111 Ecclesiae
3138 3063 3353 3110 contra

1787 3140 2081 3219 aliquem,
2124 3146 2423 3220 tauquam
2451 3150 2665 3203 contra
2698 3141 3060 3202 haereticum
3092 3141 3352 3220 inquiri-

1785 3239 1892 3292 tur
1913 3278 1932 3307 ,
1990 3234 2262 3311 primum
2316 3234 2601 3295 omnium
2654 3236 3043 3295 convincitur
3095 3242 3159 3295 et
3212 3253 3355 3315 pro·

1787 3326 1997 3403 batur,
2056 3328 2221 3407 quod
2280 3328 2360 3388 sit
2414 3328 2775 3407 baptizatus,
2824 3330 2973 3409 quia
3024 3329 3177 3391 alias
3224 3348 3353 3391 non

1787 3420 2061 3480 creditur
2094 3438 2223 3481 esse
2266 3420 2342 3481 de
2384 3421 2807 3497 iurisdictione
2856 3422 3193 3502 spiritualis
3242 3424 3353 3483 Ec-

1786 3510 1985 3573 clesioe
2002 3535 2021 3587 3
2061 3520 2123 3574 et
2161 3513 2319 3574 ratio
2352 3519 2466 3588 est,
2499 3514 2647 3594 quia
2672 3514 3014 3592 baptismus
3042 3521 3132 3575 est
3156 3517 3351 3596 janua
3394 3522 3405 3531 “

1786 3623 1896 3684 per
1947 3623 2136 3685 quam
2201 3606 2468 3667 intratur
2531 3609 2598 3667 in
2654 3607 2983 3669 Ecclesiam
3043 3608 3351 3671 visibilem

1786 3697 2033 3773 Christi,
2084 3704 2147 3760 et
2196 3698 2513 3761 character
2556 3699 2846 3779 baptismi
2892 3707 2983 3762 est
3022 3702 3351 3765 indelebile

1785 3790 2037 3868 signum
2068 3790 2466 3869 subjectionis
2498 3794 2576 3853 ad
2610 3793 2966 3869 Ecclesiam,
3014 3804 3086 3855 ut
3116 3800 3353 3857 constat

1787 3902 1864 3947 ex
1903 3885 2221 3944 communi
2264 3885 2617 3959 traditione,
2651 3892 2713 3947 et
2740 3904 2817 3947 ex
2847 3886 3027 3947 modo
3060 3886 3352 3967 loquendi

1788 3976 2205 4037 Conciliorum
2254 3984 2315 4039 et
2366 3978 2615 4039 Patrum
2664 3978 2731 4039 in
2773 3979 3031 4040 materia
3078 3979 3154 4042 dc
3204 3979 3355 4059 bap-

1787 4069 1972 4130 tismo
1982 4086 2003 4147 3
2034 4069 2139 4131 sed
2167 4070 2271 4131 ille
2302 4070 2779 4133 catechumenus
2820 4090 2947 4133 non
2995 4072 3181 4135 habet
3208 4074 3353 4135 cha-

1789 4169 2091 4225 racterem
2118 4187 2134 4241 ;
2168 4180 2315 4243 ergo
2344 4164 2622 4226 nondum
2651 4170 2743 4225 est
2770 4164 3079 4244 subjectus
3101 4165 3353 4244 jurisdi-

1787 4258 2014 4332 ctioni3
2069 4276 2217 4336 ergo
2261 4276 2391 4319 non
2432 4264 2629 4338 potest
2671 4258 2896 4335 puniri.
2954 4260 3105 4319 Item
3153 4259 3203 4319 si
3248 4259 3355 4321 ille

1788 4350 2047 4410 omnino
2080 4351 2444 4424 retrocedat,
2472 4356 2535 4411 ct
2568 4350 2868 4430 baptizari
2897 4351 3110 4427 nollet,
3146 4370 3259 4413 nec
3288 4354 3355 4412 in

1788 4444 2099 4505 Christum
2157 4445 2441 4520 credere,
2497 4444 2604 4505 sed
2646 4446 2723 4505 ad
2766 4447 3203 4525 paganismum
3258 4446 3357 4507 vel

1789 4538 2203 4617 gentilitatem
2234 4538 2457 4612 redire,
2494 4556 2637 4599 nam
2668 4545 2863 4617 potest
2888 4559 2995 4619 per
3022 4540 3355 4602 Ecclesiam

1787 4630 1926 4708 cogi
1955 4638 2024 4689 ut
2053 4630 2393 4711 baptizetur
2420 4647 2439 4707 ;
2468 4648 2594 4691 non
2634 4638 2881 4710 propter
2920 4632 3113 4693 solam
3142 4633 3352 4710 fidem,

1789 4742 1980 4804 quam
2004 4724 2338 4799 inchoavit,
2364 4743 2487 4783 nou
2512 4742 2577 4784 se
2599 4724 2916 4803 obligavit,
2940 4745 3053 4787 nec
3076 4729 3359 4806 promisit

1789 4815 2207 4891 obedientiam
2260 4817 2583 4892 Ecclesiae3
2644 4834 2791 4895 ergo
2860 4835 2986 4878 non
3044 4829 3135 4879 est
3192 4818 3357 4880 unde

1786 4911 1921 4991 ipsa
1968 4912 2324 4991 acquisierit
2358 4912 2852 4990 jurisdictionem
2897 4913 2965 4973 in
3012 4914 3213 4976 illum.
3246 4916 3357 4977 De·

1788 5004 1981 5084 nique
2019 5022 2323 5083 ponamus
2367 5005 2709 5080 hominem,
2742 5006 2850 5084 qui
2892 5007 3083 5085 coepit
3110 5008 3359 5068 credere

1789 5098 1858 5158 in
1906 5097 2218 5159 Christum
2268 5103 2333 5160 et
2378 5104 2609 5172 mente,
2666 5104 2729 5159 et
2782 5099 2903 5158 oris
2950 5098 3356 5175 consessione,

1792 5192 2076 5252 nondum
2126 5200 2337 5253 tamen
2396 5193 2649 5272 coepisse
2700 5199 2907 5271 petere
2958 5191 3359 5271 baptismum,

1792 5284 1900 5345 ille
1939 5285 2210 5363 profecto
2254 5304 2382 5347 non
2427 5292 2625 5366 potest
2661 5286 2741 5347 ab
2790 5286 3057 5348 Ecclesia
3094 5287 3254 5365 cogi,
3291 5296 3361 5348 ut

1792 5375 2169 5455 baptismum
2201 5385 2404 5460 petat3
2433 5396 2657 5458 neque,
2688 5380 2737 5440 si
2764 5380 3131 5457 retrocedat,
3166 5387 3363 5459 potest

1797 5470 2032 5551 puniri,
2064 5472 2192 5534 sive
2218 5472 2328 5535 fiat
2362 5474 2709 5548 haereticus,
2740 5474 2868 5535 sive
2898 5474 3178 5553 gentilis3
3214 5491 3363 5553 ergo
3428 5522 3434 5529 .
