3900 6217
516 447 633 510 198

514 551 849 616 Materialis
885 555 1098 616 autem
1120 569 1305 612 causa
1330 551 1463 631 ejus
1484 551 1736 632 propria
1770 558 1863 612 est
1887 550 2069 614 intel-

516 647 711 708 lectus
730 647 798 706 in
826 663 949 724 quo
962 646 1146 720 inest,
1168 645 1370 724 quoad
1392 646 1593 726 ipsam
1616 644 2066 722 credulitatem,

514 739 613 803 vel
639 739 923 801 voluntas
956 738 1157 818 quoad
1204 738 1490 800 affectum
1534 738 1858 816 credendi3
1890 757 2074 802 causa

514 839 725 894 autem
752 831 957 894 finalis
979 831 1125 892 fidei
1146 831 1267 892 dici
1287 838 1506 910 potest,
1535 830 1637 893 vel
1662 832 1789 893 vita
1812 837 2068 908 aeterna,

513 923 615 986 vel
635 925 1013 1004 justificatiO,
1063 924 1161 985 vel
1188 925 1535 1006 purificatio
1564 925 1786 1000 cordiS,
1839 943 1978 1006 quoe
2007 925 2075 986 in

516 1019 786 1080 sectione
828 1018 1109 1098 sequenti
1150 1017 1421 1080 breviter
1462 1018 1887 1098 attingantur:
1925 1036 2076 1079 nam

514 1108 658 1170 finis
706 1116 771 1171 et
815 1110 1067 1172 effectus
1110 1111 1177 1172 in
1230 1111 1399 1174 idem
1452 1111 1797 1172 coincidere
1847 1110 2074 1172 solent.

516 1205 710 1266 Causa
758 1206 971 1266 autem
1010 1205 1279 1266 efficiens
1329 1205 1477 1268 fidei
1510 1204 1741 1286 duplex
1770 1203 2076 1284 distingui

512 1302 735 1377 potest.
786 1298 921 1359 Una
958 1305 1051 1359 est
1102 1298 1285 1375 Deus,
1335 1298 1460 1360 alia
1507 1298 1637 1376 ipse
1664 1299 1950 1362 credens:
1999 1298 2075 1360 de

514 1391 707 1472 priori
736 1393 871 1470 jam
903 1391 1138 1454 dictum
1167 1399 1281 1467 est,
1332 1393 1529 1453 Deum
1560 1410 1691 1454 esse
1728 1411 1980 1454 causam
2006 1394 2074 1454 fi-

513 1484 612 1546 dei
640 1501 767 1545 nou
794 1483 995 1546 solnm
1012 1489 1082 1546 ut
1104 1491 1196 1547 est
1214 1491 1433 1546 auctor
1453 1492 1717 1560 naturae,
1752 1483 1859 1547 sed
1888 1487 2077 1548 etiam

515 1583 587 1638 ut
622 1584 713 1639 est
740 1583 953 1638 auctor
1010 1578 1249 1657 gratiae,
1308 1596 1378 1639 ac
1409 1576 1667 1656 proinde
1704 1578 1907 1658 ipsum
1948 1598 2078 1642 esse

515 1689 764 1734 causam
800 1671 1163 1752 primariam
1192 1677 1255 1733 et
1282 1671 1691 1752 principalem
1719 1672 1907 1750 hujus
1935 1672 2078 1736 effe-

516 1770 672 1840 ctus,
708 1771 780 1826 ut
806 1764 988 1826 latius
1017 1771 1255 1826 constat
1302 1782 1376 1825 ex
1418 1765 1678 1826 materia
1721 1765 1798 1827 de
1836 1765 2073 1842 Gratia,

514 1856 625 1919 lib.
654 1860 713 1932 8,
746 1876 879 1938 cap.
905 1861 964 1920 3.
1000 1861 1091 1920 Ex
1109 1870 1285 1938 parte
1302 1876 1450 1919 vero
1479 1858 1779 1920 credentis
1818 1877 2080 1922 concur-

524 1957 667 2014 runt
702 1951 1051 2014 intellectus
1078 1957 1141 2014 et
1179 1951 1491 2026 voluntas,
1522 1951 1705 2012 modo
1752 1970 1939 2032 supra
1967 1971 2076 2014 ex·

516 2045 769 2125 plicato,
788 2049 851 2104 et
876 2043 1016 2106 ideo
1036 2044 1114 2105 de
1142 2044 1433 2106 omnibus
1454 2044 1553 2104 his
1571 2045 1771 2106 causis
1795 2045 1949 2106 nihil
1975 2065 2079 2106 sn·

514 2144 719 2219 perest
741 2137 1094 2200 dicendum.
1127 2139 1211 2200 De
1236 2138 1511 2218 personis
1538 2143 1745 2200 autem
1769 2137 1834 2200 in
1853 2139 2079 2219 quibus

517 2236 717 2310 potest
760 2237 937 2292 actus
974 2229 1121 2292 fidei
1164 2230 1455 2304 inveniri,
1514 2231 1661 2309 quia
1710 2230 1836 2292 illae
1890 2233 2080 2294 etiam

518 2329 668 2385 sunt
710 2343 911 2386 causae
954 2323 1118 2401 fidei,
1159 2331 1221 2385 et
1266 2322 1557 2398 efficiens,
1607 2330 1669 2384 et
1714 2323 2077 2405 subJectiva,

518 2423 827 2497 quatenus
846 2417 997 2478 fides
1023 2423 1114 2478 est
1132 2423 1303 2479 actus
1331 2417 1681 2479 immanens
1708 2417 1775 2478 in
1798 2417 1932 2498 ipso
1950 2436 2081 2480 cre·

519 2510 727 2584 dente,
752 2509 989 2590 aliquid
1012 2515 1289 2588 superest
1306 2509 1663 2572 dicendum.

598 2603 657 2663 2.
705 2604 859 2666 Tam
880 2601 1101 2684 Anqdi
1123 2622 1303 2684 quam
1348 2603 1613 2668 homines
1648 2608 1797 2668 sunt
1836 2621 2082 2686 capaces

512 2696 676 2775 fidei.
718 2728 799 2742 —
833 2695 1051 2760 Etiam
1071 2697 1311 2780 primus
1346 2695 1616 2779 Anqelm
1646 2714 1859 2784 capam,
1876 2703 1968 2762 eat
2001 2699 2081 2774 fi-

519 2789 634 2852 dei.
666 2821 747 2836 --
788 2790 865 2850 Et
900 2790 1103 2870 primo
1142 2791 1549 2870 supponimus
1584 2798 1711 2852 tam
1754 2790 2074 2852 hominem

518 2899 705 2960 quam
730 2882 1035 2961 Angelum
1062 2901 1191 2944 esse
1210 2901 1493 2962 capacem
1515 2883 1685 2960 fidei,
1720 2883 1962 2944 omissis
1981 2885 2077 2944 in-

518 2974 849 3038 ferioribus
901 2978 1221 3050 creaturiS,
1264 2995 1426 3054 qnae,
1475 2995 1617 3037 cum
1660 2977 1902 3038 ratione
1946 2995 2076 3036 nou

521 3074 801 3144 utantur,
829 3086 957 3130 non
986 3076 1239 3149 possunt
1256 3069 1335 3130 ad
1372 3068 1731 3148 hujusmodi
1758 3074 1933 3129 actus
1955 3067 2078 3129 ele-

518 3161 655 3222 vari
686 3181 703 3234 ;
732 3169 792 3222 et
824 3161 902 3222 de
927 3160 1285 3223 hominibus
1312 3161 1562 3240 quidem
1613 3179 1710 3224 res
1751 3167 1841 3222 est
1871 3159 2072 3237 clara3

518 3253 597 3316 de
618 3254 869 3335 Angelis
886 3271 1033 3316 vero
1059 3255 1246 3318 etiam
1276 3261 1366 3316 est
1384 3264 1572 3329 certa,
1610 3261 1681 3314 ut
1699 3252 1809 3315 lib.
1842 3256 1905 3330 5,
1936 3272 2072 3332 cap.

521 3351 583 3422 5,
608 3346 808 3422 docui,
836 3347 985 3428 quia
1008 3347 1374 3409 ordinantur
1396 3347 1477 3409 ad
1504 3348 1787 3408 eamdem
1816 3345 2077 3409 beatitu-

520 3441 755 3514 diuem,
802 3458 941 3520 quae
968 3441 1090 3502 illis
1117 3441 1306 3502 etiam
1354 3439 1839 3520 supernaturalis
1866 3445 1974 3514 est,
2015 3446 2080 3500 et

521 3535 659 3597 ideo
686 3533 860 3615 prius
885 3532 1139 3596 fuerunt
1168 3535 1433 3597 viatores
1460 3551 1649 3614 quam
1684 3532 1849 3594 beati
1880 3552 1894 3608 ;
1924 3532 2078 3594 fides

519 3633 731 3691 autem
762 3633 855 3688 est
898 3645 1012 3707 per
1038 3645 1225 3706 quam
1267 3645 1480 3688 omnes
1535 3626 1600 3687 in
1645 3625 1749 3687 via
1798 3624 2080 3688 ambula-

520 3738 684 3794 mus,
715 3725 785 3780 ιιι
830 3719 1051 3781 Paulus
1088 3719 1267 3781 dixit.
1313 3721 1463 3782 Item
1510 3720 1657 3800 quia
1685 3719 1907 3798 Angeli
1948 3737 2078 3780 non

518 3819 899 3893 cognoscunt
926 3811 1423 3892 supernaturalia
1453 3830 1564 3893 per
1584 3829 1766 3874 suum
1796 3813 2080 3874 naturale

516 3907 755 3985 lumen,
774 3913 846 3969 ut
870 3912 1111 3969 constat
1136 3923 1214 3967 ex
1244 3909 1271 3967 1
1305 3924 1396 3987 p.,
1430 3925 1491 3986 q.
1514 3909 1615 3981 57,
1639 3904 1990 3986 tradidique
2009 3905 2078 3967 in

515 3999 626 4062 lib.
652 4003 693 4062 9.
718 4000 794 4062 de
812 3999 1064 4079 Angel„
1084 4017 1218 4080 cap.
1244 4001 1323 4062 29
1348 4004 1412 4060 et
1432 4001 1510 4060 30
1529 4021 1549 4076 3
1571 4005 1632 4060 et
1648 3999 1790 4061 ideo
1816 4005 1962 4060 sunt
1980 4017 2080 4060 ca·

514 4111 699 4174 paces
725 4093 956 4155 divinae
994 4091 1411 4170 revelationis,
1454 4111 1583 4154 non
1606 4092 1805 4153 solum
1836 4093 2078 4155 intuiti·-

516 4205 631 4262 ναι,
650 4189 752 4249 sed
769 4188 957 4249 etiam
974 4185 1359 4248 abstractivoe
1376 4192 1437 4247 et
1455 4185 1727 4246 obscurae
1739 4230 1762 4262 ,
1784 4192 1969 4264 atque
1989 4185 2077 4250 ita

514 4286 660 4342 sunt
693 4281 883 4342 etiam
914 4298 1163 4360 capaces
1184 4279 1351 4352 fidei,
1402 4286 1471 4340 ιιι
1525 4279 1595 4340 Ι).
1628 4278 1895 4340 Thomas
1922 4279 1982 4338 Ξ.
2010 4279 2071 4350 2,

513 4391 575 4454 q.
604 4376 665 4447 5,
692 4373 891 4435 docet.
921 4372 1086 4434 Solet
1131 4379 1338 4433 autem
1365 4371 1470 4432 hic
1508 4371 1850 4451 specialiter
1896 4371 2076 4431 dubi·

512 4467 634 4528 tari
683 4468 759 4528 de
787 4468 988 4548 primo
1017 4464 1276 4544 Angelo,
1326 4464 1475 4544 quia
1524 4483 1651 4526 non
1700 4465 1901 4542 potuit
1946 4481 2074 4524 non

510 4559 739 4621 habere
769 4557 1148 4620 evidentiam
1176 4555 1589 4631 testificantis„
1618 4574 1756 4636 quae
1792 4563 2076 4617 censetur

510 4651 655 4712 fidei
704 4668 1054 4730 repugnare
1070 4673 1090 4726 3
1120 4647 1226 4710 sed
1252 4649 1329 4709 de
1372 4649 1492 4709 hoc
1534 4648 1715 4710 nobis
1754 4647 2075 4709 sufficiunt

510 4762 697 4824 supra
723 4743 907 4817 dicta,
953 4741 1113 4821 disp.
1148 4743 1209 4818 3,
1252 4748 1395 4804 sect.
1435 4743 1499 4815 8,
1544 4740 1650 4802 uhi
1688 4739 2070 4802 ostendimus

509 4835 884 4897 evidentiam
924 4834 991 4894 in
1024 4832 1414 4910 testificante,
1460 4839 1660 4894 ortam
1689 4850 1766 4894 ex
1800 4831 1944 4892 solis
1987 4831 2072 4892 si·-

508 4929 649 5006 gnis
672 4925 1083 5000 naturalibus,
1123 4943 1251 4986 non
1297 4924 1623 4988 excludere
1654 4924 1861 4998 fidem,
1922 4925 2072 5004 quia

508 5039 637 5083 non
658 5038 768 5100 per
790 5037 855 5082 se
882 5017 1104 5080 fundat
1144 5017 1343 5094 illam,
1394 5036 1594 5098 neque
1634 5016 2070 5078 certitudinem

508 5116 664 5193 ejus,
686 5111 794 5175 sed
821 5119 1068 5174 tantum
1086 5115 1398 5174 concurrit
1424 5129 1501 5172 ex
1528 5117 1701 5190 parte
1722 5125 2072 5190 proponen-

508 5208 612 5284 tis,
648 5212 711 5268 et
736 5206 854 5292 hoc
884 5211 1128 5268 tantum
1163 5203 1347 5268 modo
1383 5204 1647 5266 inveniri
1692 5203 1964 5284 potuisse
2004 5201 2070 5263 iu

509 5301 713 5381 primo
737 5298 999 5376 Angelo.

591 5395 650 5454 3.
695 5391 883 5456 Dicta
910 5390 1056 5469 fidei
1093 5391 1401 5476 capacitas
1440 5394 1703 5456 maxime
1730 5393 1980 5458 habetur
2004 5393 2074 5458 in

508 5485 970 5550 vim—Deinde
994 5483 1370 5548 advertimus
1396 5485 1748 5564 hujusmodi
1784 5504 2074 5567 personas

509 5577 885 5640 considerari
908 5595 1085 5660 posse
1110 5576 1206 5640 vel
1226 5579 1291 5640 ιιι
1312 5578 1436 5654 via,
1462 5577 1558 5641 vel
1578 5579 1642 5639 in
1667 5579 1955 5641 termino,
1989 5581 2076 5644 De

1667 450 1902 502 DlSPUT.
1944 452 2021 501 Vl.
2059 451 2139 503 DE
2171 453 2332 505 ACTU
2367 453 2549 506 me.

2148 551 2341 632 priori
2355 559 2540 632 statu,
2557 553 2804 630 scilicet,
2820 555 2961 628 viae,
2975 551 3250 634 procedit
3264 552 3540 614 maxime
3553 550 3720 633 quod

2149 645 2440 720 diximu3‚
2475 653 2538 709 et
2566 648 2654 710 ita
2681 667 2896 710 omues
2923 648 3208 722 viatores.
3241 663 3358 728 per
3381 661 3445 708 80
3469 645 3721 728 loquen-

2152 741 2247 815 da,
2283 747 2428 800 sunt
2446 759 2696 822 capaces
2721 739 2890 817 fidei,
2922 741 3051 800 imo
3073 757 3182 820 per
3203 737 3399 819 ipsam
3415 737 3604 799 fidem
3622 739 3722 798 in-

2154 833 2392 913 cipiunt
2430 833 2637 914 aliquo
2662 833 2846 895 modo
2863 831 3108 914 ingredi
3125 833 3294 893 viam
3316 831 3552 893 salutis.
3578 829 3721 892 Dixi

2154 933 2362 990 autem
2385 945 2499 1010 per
2537 945 2600 991 eo
2631 927 2940 1008 loquendo,
2971 926 3142 1006 quia,
3178 925 3322 988 lieet
3349 931 3544 987 status
3581 926 3722 986 via-

2153 1019 2305 1082 toris
2331 1025 2540 1080 actum
2579 1019 2722 1081 fidei
2753 1019 3042 1100 postulet,
3065 1025 3128 1080 et
3151 1018 3293 1079 ideo
3312 1015 3571 1098 quilibet
3589 1018 3724 1080 via·

2154 1118 2256 1174 tor
2282 1112 2359 1173 de
2385 1129 2451 1173 se
2473 1113 2554 1172 sit
2579 1130 2773 1192 capax
2799 1111 2993 1188 illius,
3017 1117 3082 1174 et
3109 1113 3294 1188 Deus,
3324 1117 3628 1192 quantum
3654 1111 3724 1172 in

2155 1223 2220 1268 se
2253 1210 2364 1281 est,
2392 1211 2641 1285 paratus
2663 1205 2743 1266 sit
2761 1205 2842 1266 ad
2862 1205 3040 1267 illum
3068 1203 3483 1286 praestandum
3502 1250 3522 1281 ,
3550 1205 3728 1266 nihi-

2155 1299 2426 1361 lominus
2449 1319 2524 1362 cx
2551 1306 2725 1379 parte
2753 1299 3049 1376 hominis,
3072 1306 3271 1380 potest
3301 1318 3430 1364 esse
3458 1299 3724 1381 impedi·

2157 1399 2463 1470 mentum,
2493 1393 2731 1455 ratione
2759 1393 2936 1473 cujus
2961 1393 3044 1454 sit
3069 1393 3337 1474 incapax
3363 1393 3727 1475 hujusmodi

2157 1491 2351 1547 actus.
2381 1485 2630 1568 Triplex
2655 1492 2866 1547 autem
2889 1491 3090 1566 potest
3117 1505 3248 1548 esse
3295 1485 3414 1548 hoc
3453 1485 3729 1566 impedi-

2157 1586 2464 1642 mentum.
2509 1580 2790 1642 Primum
2828 1587 2920 1642 est
2947 1581 3219 1642 carentia
3261 1598 3408 1640 usus
3439 1582 3726 1658 rationis,

2155 1677 2228 1733 ut
2267 1684 2361 1734 est
2379 1674 2446 1734 in
2463 1672 2819 1735 amentibus
2843 1673 2992 1734 etin
3023 1671 3396 1744 infantihus;
3436 1689 3609 1746 nam,
3641 1670 3730 1731 li-

2155 1773 2252 1828 cet
2281 1767 2448 1837 Deus
2487 1765 2980 1828 extraordinario
3023 1772 3086 1826 et
3124 1763 3494 1826 miraculoso
3535 1764 3729 1826 modo

2154 1859 2348 1940 possit
2367 1860 2536 1920 hunc
2559 1865 2768 1920 actum
2794 1857 3138 1920 infantibus
3169 1857 3524 1933 concedere,
3547 1862 3623 1917 ιιι
3646 1857 3732 1918 de

2156 1953 2347 2014 Beata
2370 1953 2628 2031 Virgine
2647 1959 2710 2014 et
2735 1953 2812 2013 de
2825 1953 3065 2013 Joanne
3087 1951 3362 2031 Baptista
3387 1949 3725 2025 credimuS,

2157 2045 2222 2106 id
2271 2051 2483 2106 tamen
2526 2063 2651 2107 non
2680 2046 2948 2125 pertinet
2988 2044 3066 2106 ad
3107 2043 3486 2106 ordinariam
3517 2041 3730 2122 legem

2163 2138 2378 2216 gratiae
2394 2154 2414 2215 3
2431 2144 2587 2200 esset
2602 2139 2770 2200 enim
2791 2155 3126 2200 erroneum
3140 2138 3343 2198 dicere
3357 2135 3728 2215 hujusmodi

2161 2235 2367 2292 actum
2403 2249 2534 2293 esse
2582 2231 2926 2292 infantibus
2975 2229 3388 2292 necessarium
3435 2229 3515 2290 ad
3555 2229 3728 2292 salu-

2163 2329 2311 2396 tem,
2334 2331 2405 2384 ut
2429 2323 2594 2386 infra
2623 2323 2892 2402 dicetur3
2929 2341 3158 2385 vanum
3176 2329 3385 2386 autem
3415 2322 3515 2384 vel
3533 2322 3732 2384 etiam

2160 2417 2562 2478 temerarium
2581 2423 2736 2478 esset
2779 2417 2980 2479 dicere
3008 2415 3268 2480 defucto
3300 2415 3552 2478 concedi
3601 2414 3730 2476 ali-

2161 2510 2407 2590 quihuS‚
2438 2510 2572 2571 siue
2599 2511 2880 2572 Ecclesiae
2911 2510 3010 2574 vel
3049 2512 3297 2572 Petrum
3329 2509 3724 2571 auctoritate.

2160 2603 2341 2664 Aliud
2365 2603 2881 2683 impedimentum
2919 2610 3122 2684 potest
3165 2621 3298 2666 esse
3326 2603 3724 2681 ignorantia3

2161 2715 2331 2773 nam,
2374 2697 2637 2776 quinon
2665 2696 2838 2758 audit
2868 2717 2964 2760 res
3001 2697 3170 2774 fidei,
3200 2715 3326 2758 non
3369 2701 3588 2776 potest,
3628 2713 3728 2756 se-

2155 2789 2432 2850 cuudum
2486 2789 2866 2852 ordinariam
2925 2790 3130 2871 legem
3158 2835 3179 2866 ,
3230 2787 3460 2850 habere
3508 2794 3726 2849 actum

2155 2883 2312 2961 ejus,
2343 2882 2492 2962 quia
2520 2884 2672 2960 fides
2705 2902 2777 2947 ιω
2810 2883 3042 2948 auditu.
3075 2883 3173 2958 Et,
3205 2881 3352 2943 licet
3382 2882 3567 2956 Deus,
3610 2899 3728 2959 per

2156 2993 2370 3038 causas
2427 2975 2615 3037 veluti
2647 2976 3044 3052 universales,
3085 2975 3465 3037 sufficienter
3514 2973 3728 3053 provi-

2156 3065 2318 3128 derit
2345 3068 2598 3130 modum
2625 3087 2750 3150 quo
2775 3068 3032 3130 verbum
3061 3069 3201 3130 fidei
3235 3069 3314 3129 ad
3342 3085 3558 3128 omnes
3583 3084 3726 3146 pos-

2157 3160 2238 3221 sit
2265 3161 2607 3240 pervenire,
2633 3168 2842 3224 tamen
2882 3163 2950 3224 in
2975 3160 3356 3242 particulari,
3399 3177 3528 3220 non
3561 3177 3728 3220 sem-

2156 3271 2266 3333 per
2291 3251 2372 3314 ad
2394 3271 2610 3315 omnes
2629 3255 2935 3336 pervenit,
2965 3273 3168 3334 neque
3206 3255 3366 3314 Deus
3391 3269 3468 3315 ex
3509 3253 3572 3312 vi
3619 3271 3724 3312 or-

2157 3346 2413 3408 dinariae
2459 3347 2860 3428 providentias
2904 3352 3153 3410 tenetur
3206 3365 3451 3426 semper
3503 3345 3730 3425 hujus-

2157 3439 2328 3502 modi
2351 3439 2796 3520 impedimenta
2819 3440 3056 3517 tollere,
3079 3438 3362 3520 quamvis
3381 3457 3458 3502 ex
3469 3440 3726 3520 speciali

2159 3534 2358 3612 gratia
2382 3552 2541 3614 saepe
2567 3534 2626 3594 id
2656 3533 2861 3596 faciat.
2890 3534 3171 3597 Tertium
3201 3533 3724 3612 impedimentum

2159 3632 2249 3687 est
2276 3626 2530 3688 haeresis
2545 3643 2566 3704 3
2609 3643 2757 3688 nam
2781 3625 2980 3707 quiin
3009 3645 3136 3688 uno
3161 3627 3420 3688 articulo
3449 3626 3730 3706 pertina-

2157 3719 2312 3780 citer
2331 3725 2517 3795 errat,
2545 3719 2704 3780 nihil
2721 3738 2868 3781 vera
2889 3719 3012 3782 fide
3035 3719 3285 3782 credere
3310 3725 3535 3801 potest,
3577 3737 3728 3800 pro-

2159 3818 2296 3892 pter
2333 3813 2782 3874 connexionem
2815 3831 3005 3892 quam
3038 3815 3252 3874 omnia
3279 3812 3584 3876 credenda
3611 3813 3730 3873 ha-

2157 3902 2306 3966 bent
2329 3905 2398 3967 in
2422 3904 2670 3966 formali
2695 3907 2936 3968 ratione
2957 3905 3180 3985 objecti
3211 3905 3379 3981 fidei,
3423 3912 3496 3966 ut
3530 3923 3728 3986 supra

2157 3997 2536 4060 declaratum
2574 4003 2689 4074 est,
2720 4005 2783 4060 et
2823 3999 2892 4061 in
2920 3998 3322 4079 sequentibus
3345 3998 3574 4060 iterum
3617 4003 3726 4059 at-

2161 4089 2452 4168 tingetur.

2239 4186 2296 4246 ⁴.
2341 4182 2582 4248 Anima
2614 4183 2970 4268 puryatorii
3011 4183 3205 4248 adhuc
3243 4185 3559 4250 ambulant
3603 4204 3730 4267 per

2153 4279 2354 4356 fidem.
2389 4311 2472 4324 —
2511 4277 2878 4338 Addeudum
2906 4277 3174 4358 denique
3211 4283 3326 4352 est,
3357 4279 3524 4340 eirca
3557 4277 3732 4340 hauc

2154 4380 2391 4453 partem
2406 4417 2426 4446 ,
2479 4370 2593 4432 sub
2639 4369 2980 4432 viatoribus
3035 4370 3478 4451 comprehendi
3526 4371 3728 4432 etiam

2144 4465 2393 4527 animas
2437 4465 2506 4525 in
2557 4464 2914 4543 purgatorio
2941 4464 3295 4540 existentes,
3326 4464 3493 4544 quod
3525 4465 3728 4526 etiam

2154 4557 2334 4636 attigi
2361 4558 2426 4618 in
2455 4563 2605 4617 tom.
2635 4555 2712 4617 de
2747 4557 2998 4633 Posuit„
3029 4556 3187 4637 disp.
3219 4559 3320 4630 47,
3357 4564 3502 4619 sect.
3553 4560 3618 4631 Ξ,
3649 4558 3727 4620 in

2154 4649 2302 4725 fine,
2334 4667 2481 4710 nam
2512 4648 2633 4710 illae
2658 4647 2938 4710 nondum
2959 4649 3034 4710 ad
3057 4651 3351 4712 ultimum
3375 4652 3728 4712 terminum

2151 4746 2601 4822 pervener-uun
2631 4746 2694 4802 et
2743 4742 2884 4803 ideo
2910 4741 3059 4803 licet
3105 4743 3171 4803 in
3217 4749 3417 4805 morte
3452 4743 3727 4824 incoepe-

2149 4842 2300 4895 runt
2327 4853 2365 4894 a
2390 4833 2492 4894 via
2519 4832 2845 4908 discedere,
2879 4833 3162 4896 nondum
3189 4842 3403 4898 tamen
3420 4835 3588 4898 viam
3610 4835 3730 4896 ab·

2150 4927 2488 4999 solverunt,
2545 4933 2605 4989 et
2653 4927 2792 4987 ideo
2847 4927 3050 4989 adhuc
3095 4945 3208 5008 per
3263 4927 3451 4992 fidem
3495 4927 3727 4991 ambu-

2114 5017 2306 5093 -lant,
2337 5038 2484 5082 nam
2523 5025 2668 5080 sunt
2708 5019 2916 5100 justae,
2957 5027 3020 5081 et
3064 5022 3258 5082 Deum
3294 5039 3373 5084 ex
3415 5021 3726 5084 charitate

2153 5118 2368 5175 amant
2394 5130 2579 5194 super
2605 5113 2818 5174 omnia
2839 5133 2854 5188 ;
2877 5131 3026 5194 ergo
3054 5133 3304 5176 necesse
3331 5123 3424 5178 est
3441 5121 3512 5176 ut
3531 5113 3726 5176 ilium

2153 5206 2341 5267 etiam
2393 5206 2942 5286 supernaturaliter
2977 5213 3388 5288 cognoscant3
3437 5225 3564 5271 non
3616 5225 3728 5270 co-

2152 5306 2458 5379 gnoscunt
2480 5305 2691 5360 autem
2721 5317 2832 5378 per
2858 5301 3148 5380 speciem;
3179 5317 3330 5382 ergo
3363 5319 3473 5382 per
3499 5299 3720 5366 fidem.

2151 5391 2424 5473 Denique
2453 5391 2612 5454 nihil
2646 5393 2714 5453 in
2753 5394 2842 5454 eis
2878 5399 2970 5455 est
2998 5395 3164 5475 quod
3207 5411 3352 5457 cum
3391 5402 3532 5456 actu
3567 5393 3725 5457 fidei

2152 5491 2492 5566 repugnet3
2517 5505 2665 5548 nam
2689 5487 2984 5549 revelatio
3011 5487 3194 5551 obscu
3203 5507 3272 5549 ra
3296 5507 3483 5570 quam
3507 5489 3576 5550 in
3599 5489 3726 5550 hac

2154 5579 2284 5640 vita
2334 5577 2706 5657 hahuerunt,
2751 5581 2818 5642 in
2849 5580 2940 5641 eis
2987 5587 3332 5661 permanet,
3389 5579 3726 5662 solumque.
