3900 6217
555 413 676 472 544

554 516 888 578 corrective
911 514 1070 594 juris
1097 517 1473 592 communis,
1497 535 1568 578 ac
1595 518 1851 597 proinde
1879 518 2116 594 odiosa,

555 608 987 687 restringenda
1014 614 1142 681 est;
1192 616 1330 670 tum
1372 610 1562 672 etiam
1599 611 1748 690 quia
1797 611 2123 674 moraliter

553 708 816 782 possunt
874 700 1081 780 plures
1133 720 1304 762 casus
1359 721 1713 779 occurrere,
1771 704 1840 764 in
1897 703 2121 784 quibus

553 796 688 858 haec
718 792 1024 874 delegatio
1051 794 1396 856 necessaria
1417 796 1518 871 sit,
1549 803 1622 858 ut
1643 797 1694 858 si
1724 815 1986 876 persona
2012 797 2121 860 ab·

556 887 852 948 solvenda
895 905 1024 949 non
1057 887 1245 967 possit
1281 905 1488 949 coram
1534 889 1825 970 Episcopo
1873 907 2122 970 compa-

556 999 717 1056 rere,
776 979 875 1042 vel
920 987 1173 1060 propter
1213 981 1666 1057 infirmitatem,
1722 983 1820 1044 vel
1869 989 2122 1064 propter

555 1074 926 1148 clausuram,
975 1072 1072 1132 vel
1118 1079 1368 1152 propter
1417 1075 1676 1136 nimiam
1724 1075 2117 1151 distantiam3

556 1184 761 1246 neque
787 1165 974 1227 etiam
1027 1165 1362 1245 Episcopus
1406 1167 1596 1246 possit
1629 1165 1708 1228 ad
1747 1167 1920 1230 illam
1949 1187 2121 1231 acce-

558 1259 728 1335 dere,
776 1258 875 1320 vel
907 1265 1072 1320 certe
1103 1276 1230 1318 non
1273 1258 1557 1338 expediat
1607 1266 1678 1321 ut
1721 1261 1992 1339 accedat,
2040 1281 2121 1326 ne

557 1352 716 1414 forte
745 1370 958 1413 rumor
975 1356 1084 1412 aut
1113 1352 1380 1431 suspicio
1403 1355 1656 1414 oriatur.

639 1445 700 1506 8.
745 1445 997 1510 Rectius
1029 1447 1386 1524 seqandwm.
1433 1479 1512 1492 —
1565 1449 1649 1510 Id
1686 1449 2024 1513 ostenditur
2050 1466 2125 1512 σω

488 1581 494 1588 -
558 1539 776 1604 littera
809 1537 1085 1602 Conci-lii.
1101 1571 1182 1584 --
1201 1539 1532 1618 Effuyiwm
1555 1541 1900 1604 excluditur
1920 1542 2129 1604 multi-

548 1633 820 1713 pliciter.
860 1663 942 1676 —
991 1632 1406 1693 Nihilominus
1455 1634 1832 1694 contrariam
1879 1643 2128 1696 senten·

562 1725 718 1786 tiam
752 1725 928 1786 tenui
955 1724 1022 1785 in
1046 1731 1200 1785 tom.
1228 1727 1292 1799 4,
1318 1725 1477 1803 disp.
1509 1726 1612 1801 30,
1643 1732 1794 1788 sect.
1827 1728 1889 1800 2,
1915 1745 1957 1788 n
1974 1771 1987 1787 .
2010 1731 2049 1789 9
2066 1733 2130 1788 et

565 1820 666 1896 15,
685 1823 748 1878 et
761 1820 1043 1897 sequitur
1059 1818 1350 1894 Guttier.,
1366 1817 1412 1878 1.
1441 1821 1472 1880 1
1501 1820 1863 1882 Canonicar.
1883 1826 2125 1899 quast„

561 1929 617 1972 c.
665 1911 765 1986 13,
823 1930 890 1973 11.
950 1913 1068 1987 29;
1119 1917 1181 1971 et
1219 1911 1518 1987 Simanc.,
1555 1913 1653 1972 tit.
1705 1914 1766 1987 3,
1818 1930 1997 1974 num.
2054 1914 2125 1988 63

561 2004 814 2082 Molina,
869 2011 1048 2066 tract.
1107 2008 1144 2065 5
1177 2005 1254 2065 de
1281 2005 1465 2080 Just„
1496 2005 1652 2084 disp.
1699 2006 1800 2081 18,
1843 2025 2021 2066 1111111.
2052 2008 2121 2078 23

563 2098 771 2174 Garc.,
797 2099 873 2160 de
901 2098 1142 2174 Renes„
1171 2117 1233 2177 p.
1269 2101 1296 2158 1
1349 2141 1368 2172 ,
1395 2117 1450 2159 c.
1495 2101 1592 2171 10,
1625 2115 1690 2160 11.
1748 2100 1897 2176 113;
1940 2101 2129 2162 Lorca

563 2193 621 2254 9..
658 2194 719 2267 2,
749 2191 905 2270 disp.
953 2193 1057 2266 45,
1095 2209 1270 2252 num.
1308 2193 1416 2267 11;
1462 2190 1768 2266 Ledesm„
1803 2191 1874 2252 in
1919 2191 2127 2268 Sum„

563 2290 716 2344 tom.
768 2285 830 2355 2,
889 2289 1066 2345 tract.
1134 2287 1192 2356 1,
1251 2301 1304 2344 c.
1369 2285 1433 2358 6,
1501 2290 1638 2362 post
1699 2287 1779 2347 20
1827 2285 2125 2362 conclus,

564 2376 845 2438 difficult.
891 2377 952 2440 6.
999 2377 1078 2438 Et
1108 2376 1494 2437 considerata
1533 2378 1594 2436 vi
1641 2385 1704 2440 et
1751 2378 2129 2457 proprietate

564 2469 870 2530 dictorum
913 2468 1268 2542 verborum,
1308 2474 1377 2530 ut
1422 2469 1521 2549 adj
1530 2478 1850 2548 unguntur
1895 2489 2131 2550 praece-

571 2562 900 2638 dentibus,
957 2580 1178 2623 censeo
1227 2563 1390 2622 hanc
1443 2564 1812 2624 sententiam
1872 2565 2131 2627 omnino

567 2673 786 2717 veram
809 2655 876 2716 in
904 2654 1108 2733 rigore
1141 2654 1322 2733 juris.
1358 2655 1513 2716 Nam
1548 2656 1912 2732 Concilium,
1943 2658 2013 2718 in
2042 2655 2132 2716 fa·

566 2749 790 2810 cultate
819 2748 926 2808 illa
969 2747 1242 2826 generali
1273 2747 1420 2808 data
1459 2748 1772 2828 Episcopis
1818 2749 1896 2810 ad
1937 2749 2135 2810 absol·

570 2842 844 2904 vendum
883 2860 922 2902 a
969 2839 1206 2901 casibus
1242 2841 1518 2917 occultis,
1563 2842 1837 2904 addidit:
1869 2843 1999 2906 Per
2045 2861 2133 2916 se,

567 2935 661 2998 vel
679 2953 797 3016 per
817 2935 1114 2998 vicarium
1137 2935 1304 2998 adid
1327 2933 1666 3014 specialiter
1689 2938 2093 3016 deputandum
2106 2963 2133 3010 ;

570 3035 782 3107 postea
821 3045 967 3088 vero
1011 3027 1076 3087 in
1125 3027 1488 3106 particulari
1541 3030 1929 3092 concessione
1974 3030 2139 3092 circa

571 3120 856 3182 haeresim
905 3119 1232 3194 occultam,
1273 3119 1514 3182 addidit
1557 3121 1906 3184 absolutam
1945 3139 2137 3200 nega-

569 3216 828 3289 tionem,
857 3230 978 3276 11011
997 3231 1115 3295 per
1161 3211 1456 3277 viem-ium
1477 3240 1504 3286 ,·
1543 3233 1694 3294 ergo
1722 3216 1983 3278 exclusit
2009 3235 2137 3278 non

571 3314 820 3368 tantum
849 3307 1225 3385 generalem,
1264 3307 1370 3368 sed
1399 3309 1586 3369 etiam
1619 3308 1948 3386 specialem
1975 3310 2139 3370 vica-

573 3401 740 3460 rium
749 3416 774 3478 ζ,
827 3417 976 3465 nam
1015 3399 1083 3460 in
1129 3399 1248 3460 hoc
1303 3399 1499 3460 voluit
1545 3416 1758 3462 casum
1807 3400 2055 3462 haeresis
2102 3419 2143 3462 a

579 3494 816 3554 caeteris
865 3493 1268 3570 distinguere.
1319 3493 1494 3566 Quod
1551 3493 1806 3572 quidem
1861 3499 2143 3554 auctores

575 3585 899 3648 contrariae
955 3586 1276 3647 sententies
1325 3587 1516 3648 eoacti
1574 3585 1882 3661 fatentur3
1929 3586 2144 3647 dicunt

574 3685 784 3740 tamen
811 3677 1138 3740 excludere
1173 3679 1527 3760 specialem,
1561 3679 1670 3758 qui
1707 3679 1832 3740 alio
1859 3685 2141 3758 respectu

575 3770 881 3850 generalis
897 3771 1002 3846 sit,
1030 3789 1158 3832 non
1183 3777 1390 3833 tamen
1411 3769 1736 3851 specialem
1753 3771 2141 3851 simpliciter,

577 3882 684 3924 seu
734 3861 1266 3944 specialissimum.
1314 3862 1432 3926 Sed
1464 3864 1600 3925 hoec
1645 3863 1850 3926 evasio
1879 3883 2005 3926 non
2036 3882 2143 3943 po-

576 3961 697 4016 test
723 3955 1098 4032 satisfacere,
1144 3963 1280 4016 tum
1309 3956 1456 4036 quia
1507 3962 1597 4018 est
1628 3955 2003 4032 voluntaria,
2034 3975 2144 4018 ne-

578 4069 700 4130 que
725 4049 916 4112 habet
937 4049 1418 4111 fundamentum
1448 4049 1514 4110 in
1543 4050 1766 4125 ver-bie,
1793 4067 1937 4112 cum
1966 4050 2145 4112 abso-

579 4143 712 4204 luta
748 4143 996 4222 negatio
1025 4143 1236 4204 omnia
1263 4143 1542 4204 destruat
1551 4158 1572 4219 3
1605 4148 1741 4203 tum
1767 4145 1957 4206 etiam
1996 4144 2145 4222 quia

578 4237 645 4298 in
672 4237 864 4317 priori
892 4236 1214 4316 particula,
1251 4253 1394 4296 cum
1423 4236 1500 4298 de
1532 4235 1672 4298 aliis
1708 4237 1946 4298 casibus
1988 4237 2145 4296 Con·

579 4329 792 4390 cilium
822 4328 972 4390 dicit
1003 4348 1018 4389 :
1049 4330 1176 4392 Por
1207 4329 1512 4394 vicarzmn
1546 4330 1890 4407 specium,
1927 4335 2145 4392 omnes

583 4422 798 4482 modos
851 4422 1004 4482 tales
1049 4423 1263 4484 vicarii
1311 4421 1589 4501 specialis
1635 4422 2141 4501 comprehendit;

583 4532 731 4593 ergo
756 4532 972 4577 omnes
1001 4518 1192 4575 etiam
1223 4520 1436 4593 postea
1461 4513 1734 4576 excludit
1767 4531 1878 4594 per
1903 4514 2148 4576 absolu-

583 4615 714 4670 tam
743 4609 1174 4687 negationem3
1218 4615 1354 4670 tum
1402 4615 1700 4687 praeterea
1750 4609 1898 4687 quia
1927 4608 2147 4670 eadem

581 4702 822 4764 ratione
875 4710 1076 4780 posset
1119 4703 1258 4782 quis
1307 4701 1535 4777 dicere,
1579 4719 1754 4781 posse
1783 4702 2149 4782 Episcopum

587 4811 797 4858 creare
850 4795 1152 4858 vicarium
1181 4793 1254 4856 ad
1295 4794 1744 4856 absolvendum
1773 4814 1812 4856 a
1853 4811 2151 4873 quocum-

590 4905 712 4966 que
739 4905 884 4952 casu
920 4887 1174 4950 haeresis
1203 4887 1484 4961 occultae,
1514 4887 1678 4967 quod
1703 4887 1890 4950 etiam
1920 4888 2156 4966 priores

591 4987 872 5043 auctores
926 4981 1254 5044 admittere
1303 4999 1431 5042 non
1481 4981 1734 5042 audent.
1776 4981 1854 5042 Et
1908 4978 2155 5060 sequela

589 5080 785 5154 patet,
836 5075 988 5153 quia
1023 5075 1164 5136 talis
1213 5075 1480 5136 vicarius
1520 5082 1677 5136 esset
1715 5073 1993 5155 specialis
2032 5091 2158 5134 res-

599 5174 782 5247 pectu
807 5167 1210 5246 delegationis
1237 5167 1318 5228 ad
1344 5185 1560 5228 omnes
1585 5185 1760 5228 casus
1778 5167 2065 5241 occultos,
2094 5171 2161 5226 et

587 5261 676 5322 ita
723 5267 928 5338 posset
969 5260 1234 5324 limitari
1281 5260 1392 5321 illa
1443 5261 1694 5338 negatio
1707 5305 1728 5335 ,
1783 5275 1852 5320 ut
1905 5264 2153 5322 tantum

589 5354 882 5418 excludat
898 5371 1082 5416 suum
1113 5356 1407 5416 vicarium
1435 5354 1784 5433 specialem,
1807 5354 1914 5433 qui
1943 5353 2024 5415 sit
2048 5371 2154 5432 ge·

589 5448 816 5510 neralis
833 5448 914 5509 ad
937 5465 1154 5510 omnes
1181 5465 1354 5508 casus
1379 5447 1650 5509 occultos
1671 5467 1687 5520 ;
1721 5454 1859 5510 tum
1883 5447 2153 5528 denique

591 5541 740 5621 quia
769 5541 1108 5604 Concilium
1135 5558 1271 5620 non
1311 5541 1512 5603 solum
1539 5541 1712 5604 illam
1753 5542 2153 5621 negationem

1277 416 1514 470 nisPuT.
1548 417 1678 469 XXI.
1717 417 1796 470 ΒΕ
1831 417 2035 468 POENIS
2066 417 2531 471 srml'rusunus
2560 415 3033 470 ufflmconnu.

2200 520 2433 599 posuit,
2464 521 2570 582 sed
2620 519 2809 582 aliam
2852 516 3227 580 exclusivum
3270 514 3460 589 addit,
3496 515 3710 591 scilicet,

2200 612 2286 677 ds
2314 619 2554 678 tantvm
2568 638 2595 687 ;
2624 631 2773 692 ergo
2820 610 3095 674 excludit
3130 626 3381 672 omnem
3406 607 3581 670 aliam
3602 627 3715 688 per·

2202 724 2441 768 sonam.
2473 707 2550 767 Et
2598 707 2687 766 ita
2730 705 3145 766 communiter
3166 703 3471 776 Doctores,
3504 703 3715 780 quando

2201 801 2280 861 de
2304 801 2423 860 hac
2450 799 2739 861 facultate
2765 798 3128 876 loquuntur,
3178 795 3394 856 dicunt
3416 794 3717 857 Concilium

2201 894 2565 955 concessisse
2596 893 2915 973 Episcopo,
2954 897 3024 951 ut
3058 907 3171 970 per
3204 907 3269 950 se
3298 888 3514 967 ipsum,
3538 895 3594 948 et
3618 907 3721 950 non

2200 1005 2311 1066 per
2340 987 2565 1060 alium,
2598 986 2789 1064 possit
2812 984 3153 1045 absolvere.
3843 999 3844 1060 j

2278 1082 2343 1142 9.
2386 1077 2645 1154 Satisfit
2682 1079 3069 1154 flammato
3134 1076 3205 1137 iu
3252 1081 3321 1134 π.
3362 1075 3423 1134 7.
3454 1107 3528 1120 -·-
3548 1075 3724 1152 Neque

2200 1173 2677 1234 fundamentum
2744 1171 3069 1231 contrariis
3140 1168 3461 1229 sententie.
3515 1166 3722 1228 obstat:
3843 1165 3844 1232 j

2200 1283 2349 1328 nam
2365 1264 2671 1345 imprimis
2695 1263 2943 1344 proprie
2970 1263 3094 1323 dici
3117 1279 3247 1322 non
3285 1266 3514 1339 potest„
3524 1279 3620 1338 per
3642 1260 3729 1320 illa

2200 1359 2390 1422 verba
2430 1357 2655 1436 corrigi
2682 1364 2794 1418 aut
2822 1357 3079 1417 limitari
3102 1356 3209 1433 jus
3237 1370 3578 1426 commune,
3606 1355 3729 1432 quia

2206 1459 2357 1514 tunc
2407 1452 2655 1531 proprie
2696 1451 2775 1510 sit
2828 1450 2959 1512 haec
2998 1448 3320 1523 correctio,
3372 1447 3605 1526 quando
3650 1449 3728 1525 jus

2210 1562 2539 1607 commune
2572 1544 2962 1624 supponitur,
3007 1549 3070 1602 et
3102 1545 3315 1620 postca
3343 1539 3415 1600 fit
3440 1537 3725 1612 limitati03

2208 1639 2311 1698 hic
2337 1644 2547 1698 autem
2592 1654 2718 1698 non
2764 1635 3131 1714 supponitur
3156 1631 3291 1693 haec
3312 1629 3565 1692 facultas
3592 1632 3729 1710 ptius

2209 1730 2489 1792 absolute
2540 1747 2825 1790 concessa
2878 1726 3171 1806 dignitati
3228 1723 3591 1804 episcopali,
3647 1725 3728 1783 sed
3843 1727 3844 1756 ³

2210 1823 2389 1883 simul
2438 1839 2580 1883 cum
2611 1821 2718 1882 tali
2753 1815 3135 1882 restrictione
3176 1816 3569 1892 conceditur3
3612 1834 3729 1892 ergo
3843 1825 3844 1894 J

2202 1919 2309 1996 jus
2340 1935 2669 1978 commune
2700 1915 2859 1976 nihil
2898 1914 3101 1976 obstat
3138 1913 3477 1992 quominus
3512 1911 3610 1971 illa
3634 1929 3729 1971 res-
3843 1913 3844 1928 ³

2209 2011 2415 2072 trictio
2440 2027 2583 2071 cum
2622 2009 2797 2070 omni
2826 2009 3033 2086 rigore
3059 2014 3123 2067 et
3152 2006 3527 2086 proprietate
3546 2004 3729 2064 intelli-

2211 2110 2417 2183 gatur.
2450 2101 2706 2178 Deinde,
2736 2100 3022 2181 quamvis
3056 2098 3165 2159 illa
3210 2098 3408 2159 verba
3446 2097 3729 2173 restringe·
3843 2083 3844 2154 Ϊ

2210 2209 2353 2257 rent
2390 2197 2493 2275 jus
2532 2209 2884 2269 commune,
2938 2191 3351 2253 nihilominus
3400 2195 3591 2250 essent
3632 2207 3731 2247 non
3843 2193 3844 2240 ῖ

2210 2289 2413 2350 solum
2440 2290 2507 2350 in
2536 2286 2913 2368 proprietate
2940 2285 3303 2358 verborum,
3334 2282 3443 2344 sed
3464 2283 3632 2342 etiam
3656 2281 3732 2340 in·

2210 2387 2309 2442 tra
2350 2381 2523 2442 illam
2570 2380 2779 2460 ample
2838 2377 3328 2456 interpretanda,
3374 2374 3517 2455 quia
3556 2391 3733 2434 revera

2212 2493 2340 2535 non
2400 2481 2545 2536 sunt
2592 2473 2827 2547 odiosa,
2884 2471 2991 2532 sed
3038 2468 3435 2544 favorabilia,
3490 2466 3733 2526 omnibus

2212 2568 2505 2647 pensatis.
2561 2567 2788 2628 Addita
2816 2565 2982 2626 enim
3018 2575 3165 2624 sunt
3192 2563 3259 2623 in
3286 2563 3561 2622 favorem
3595 2559 3731 2634 fidei,

2214 2661 2321 2740 qui
2346 2659 2767 2739 praeferendus
2794 2663 2883 2719 est
2906 2658 3042 2718 aliis
3064 2656 3409 2718 commodis
3438 2673 3543 2715 seu
3576 2654 3733 2714 consi·

2212 2752 2657 2814 deratio-nibnS.
2709 2752 2983 2829 Denique
3041 2755 3293 2829 propter
3342 2765 3516 2808 casus
3560 2764 3735 2806 occur·
3843 2729 3844 2754 ἕ

2216 2852 2421 2908 rentes
2440 2847 2547 2926 qui
2578 2845 2663 2905 ibi
2687 2845 3107 2918 insinuantur,
3135 2860 3265 2904 non
3304 2848 3400 2902 cst
3434 2838 3735 2900 necessaria

2217 2939 2323 3000 illa
2372 2945 2637 3019 potestas
2674 2937 2957 3018 Episcopi
3000 2935 3081 2997 ad
3112 2933 3611 2996 committendam
3651 2949 3735 2990 ssu

2217 3031 2625 3110 delegandam
2656 3029 3011 3108 hujusmodi
3030 3027 3504 3089 absolutionem.
3530 3024 3735 3085 Duobus

2218 3124 2385 3186 enim
2420 3123 2642 3197 modis,
2676 3129 2747 3182 ut
2780 3121 2997 3182 Navar.
3034 3129 3099 3180 et
3140 3120 3251 3180 alii
3298 3124 3533 3191 notant,
3574 3119 3736 3195 posset

2218 3217 2530 3292 fieri-haec
2558 3215 2906 3294 delegatio:
2938 3213 3163 3291 primo,
3206 3211 3566 3290 simpliciter
3602 3225 3735 3268 com·

2222 3311 2522 3371 mittendo
2550 3325 2684 3370 rem
2707 3314 2899 3368 totam
2922 3304 3281 3384 presbytero
3301 3303 3398 3365 vel
3426 3297 3736 3372 confessori,
3843 3305 3844 3316 ¹

2222 3402 2357 3464 sine
2378 3401 2497 3463 alia
2528 3399 2967 3462 informatione
3006 3397 3103 3458 vel
3142 3395 3469 3474 diligentia
3506 3411 3577 3454 ex
3600 3396 3739 3472 parte

2222 3495 2507 3575 Episcopi
2522 3494 2708 3556 facta.
2732 3491 2807 3553 Et
2828 3492 2931 3553 hic
2958 3490 3179 3552 modus
3204 3503 3528 3568 nunquam
3554 3492 3634 3546 est
3656 3502 3741 3546 ne·

2224 3589 2543 3664 cessarius,
2596 3593 2660 3649 et
2708 3593 2871 3647 certe
2924 3584 3240 3645 moraliter
3276 3601 3411 3644 non
3452 3587 3541 3642 est
3594 3595 3739 3656 expe·

2224 3682 2421 3756 diens,
2448 3699 2563 3742 nec
2604 3681 2781 3760 juxta
2832 3678 3091 3740 Concilii
3143 3678 3581 3749 intentionem3
3622 3686 3739 3732 nam

2224 3776 2497 3836 maxime
2538 3775 2783 3834 videtur
2810 3771 3067 3850 elegisse
3105 3769 3379 3850 episcopi
3418 3767 3737 3828 industriam

2224 3876 2287 3930 et
2312 3867 2767 3928 auctoritatem.
2802 3864 3085 3926 Secundo
3105 3863 3293 3924 modo
3313 3866 3508 3941 posset
3540 3858 3739 3935 delega-

2223 3963 2311 4024 tio
2358 3961 2519 4036 fieri,
2570 3959 2785 4020 habita
2816 3959 2987 4038 prius
3025 3957 3465 4018 informatione
3510 3951 3641 4012 facti
3690 3953 3737 4009 et
3843 3963 3844 4022 }

2222 4055 2827 4116 circumstantiarum
2878 4051 3037 4130 ejus,
3088 4055 3153 4110 et
3192 4047 3595 4127 dispositionis
3632 4059 3735 4122 per·

2222 4167 2413 4224 sonae,
2444 4145 2827 4225 designando
2874 4144 3330 4224 poenitentiam,
3350 4149 3479 4202 tam
3515 4137 3735 4200 vindica·

2225 4242 2444 4314 tivam‚
2490 4255 2680 4318 quam
2740 4237 3191 4300 medicinalem.
3247 4237 3329 4296 At
3378 4251 3518 4294 vero
3568 4229 3611 4290 si
3646 4229 3735 4286 hoe

2226 4335 2359 4409 fiat,
2385 4335 2516 4412 jam
2556 4349 2685 4392 non
2734 4332 2853 4392 erit
2897 4329 3239 4392 necessaria
3264 4325 3581 4405 delegatio,
3622 4318 3734 4398 quia

2225 4427 2559 4506 Episcopus
2600 4430 2797 4504 potest
2829 4440 2943 4503 per
2974 4440 3039 4484 se
3084 4420 3403 4482 absolvere
3450 4435 3487 4478 a
3526 4427 3736 4477 censum

2228 4535 2578 4600 personam,
2640 4515 3037 4596 quantumvis
3089 4514 3407 4575 absentem
3424 4555 3445 4587 ,
3498 4515 3553 4570 et
3598 4516 3733 4576 tunc,

2228 4611 2435 4674 ablata
2482 4627 2762 4681 censura,
2796 4608 3075 4669 aufertur
3108 4605 3429 4687 pontificia
3456 4597 3737 4663 reservatio

2230 4703 2450 4783 otilpae,
2480 4721 2553 4764 ac
2578 4703 2837 4782 proinde
2858 4702 3084 4781 poterit
3108 4699 3457 4760 ordinarius
3480 4693 3737 4758 confossor

2234 4797 2406 4858 illam
2458 4794 2795 4856 absolvere.
2842 4794 3019 4867 Quod
3064 4793 3116 4854 si
3156 4798 3379 4872 111111101-
3432 4783 3737 4850 reservatio-

2234 4906 2383 4950 nem
2430 4886 2807 4968 pontificiam
2858 4887 3082 4967 culpae,
3132 4885 3426 4964 adjuncta
3469 4882 3543 4941 sit
3586 4877 3739 4937 etiam

2236 4981 2615 5061 episcopalis,
2645 4987 2797 5041 tunc
2827 4979 3031 5059 quoad
3074 4979 3239 5039 hanc
3282 4985 3513 5057 partem
3556 4965 3741 5051 poterit

2236 5075 2571 5154 Episcopus
2612 5073 2999 5134 committere
3040 5072 3205 5132 vices
3248 5087 3425 5144 suas,
3456 5081 3591 5143 crgo
3610 5073 3743 5120 mm-

2238 5185 2425 5247 quam
2442 5165 2549 5227 illa
2566 5165 2871 5244 delegatio
2896 5169 2988 5224 est
3013 5163 3332 5225 moraliter
3352 5154 3673 5221 necessaria.

2320 5259 2420 5320 10.
2464 5256 2565 5320 Aa
2608 5259 2775 5322 dicta
2802 5257 3249 5338 Episcopmm
3292 5259 3545 5334 potestas
3568 5245 3640 5309 ad
3661 5241 3743 5304 ab·
3843 5307 3844 5322 ¹

2234 5353 2579 5416 solvendum
2637 5353 2711 5414 ab
2746 5351 2967 5412 hoerosi
3006 5355 3279 5412 revocata
3314 5346 3417 5410 rit.
3456 5375 3529 5392 -
3563 5332 3741 5417 Opinio
3843 5391 3844 5404 ,

2231 5462 2458 5524 moyam
2492 5462 2615 5507 esse
2658 5449 3015 5506 revocatam.
3046 5475 3128 5487 --
3171 5440 3397 5502 Ultimo
3438 5451 3569 5496 vero
3596 5425 3741 5488 dubi-

2234 5545 2401 5602 tatur
2438 5538 2519 5600 ab
2544 5537 2903 5599 auctoribus
2940 5537 3103 5597 circa
3130 5535 3290 5595 hanc
3314 5532 3655 5596 facultatem,
3672 5534 3739 5578 sn
3843 5617 3844 5628 ἵ
