3900 6217
643 431 808 485 SECT.
845 432 883 481 1.
919 431 1004 482 AN
1039 430 1331 481 ECGLE-SIA
1365 428 1592 486 Possm
1629 429 1709 481 ET
1741 428 1845 481 JUS
1877 428 2125 481 HABEAT
2158 427 2563 489 PnAEchNni,
2598 427 2733 479 mc.

179 550 436 609 Pastorum
465 540 610 619 ejus,
639 535 806 595 etita
833 532 1098 595 habetur
1125 551 1202 593 ex
1229 550 1364 611 cap.
1393 530 1540 595 Cum
1573 549 1650 594 em

172 641 406 719 injunctio,
431 632 500 693 de
523 628 846 690 haereticis.
881 627 1154 706 Denique
1191 624 1308 685 hoc
1330 625 1434 703 jus
1463 624 1648 702 perti-

169 730 332 794 netad
367 728 696 803 potestatem
725 718 1202 799 jurisdictionis3
1229 735 1413 779 nemo
1436 723 1648 778 autem

164 828 324 906 potest
356 815 820 898 jurisdictionem
861 812 1114 873 alterius
1147 812 1398 891 propria
1437 816 1646 872 aucto-

163 920 302 979 ritate
327 923 633 989 usurpare3
659 906 928 967 maxime
967 904 1278 985 quiaphaec
1296 904 1645 983 jurisdictio

163 1006 434 1089 spiritualis
471 1007 560 1062 est
604 1006 666 1061 et
725 998 1214 1079 supernaturalis
1237 1044 1256 1073 ,
1311 1002 1374 1059 et
1419 998 1558 1058 ideo
1607 1015 1649 1059 a

161 1103 346 1165 Christo
374 1112 612 1157 manare
641 1092 846 1167 debet,
876 1092 978 1153 vel
999 1091 1380 1166 immediate,
1411 1090 1512 1151 vel
1535 1109 1647 1171 per

159 1197 296 1257 illum
311 1191 398 1251 cui
417 1189 678 1249 Christus
699 1204 838 1248 eam
861 1184 1142 1266 proxime
1165 1184 1478 1258 concessit,
1499 1202 1644 1245 cum

158 1289 314 1349 dixit:
347 1285 528 1345 Pasce
551 1300 682 1345 oves
717 1298 907 1355 mem,
947 1278 1048 1341 vel
1075 1295 1220 1339 cum
1249 1278 1405 1338 dixit
1449 1298 1464 1337 z
1503 1279 1644 1359 Eyo

155 1382 288 1445 mitto
319 1394 430 1439 vos.
477 1375 602 1436 Hoc
645 1381 856 1436 autem
909 1370 1386 1449 intelligendum
1429 1376 1521 1430 est
1568 1371 1644 1429 de

155 1470 518 1555 praedicatione
547 1468 812 1547 publica,
838 1484 976 1545 quae
1003 1484 1142 1527 cum
1166 1463 1414 1544 speciali
1435 1468 1642 1523 aucto·

158 1570 292 1629 ritate
317 1563 412 1638 fit3
443 1580 586 1623 nam
623 1562 866 1642 privata
887 1559 1208 1621 instructio
1229 1563 1340 1618 aut
1367 1556 1650 1617 doctrina

155 1662 252 1723 fieri
287 1662 467 1737 potest
515 1674 551 1717 a
607 1670 1001 1737 quocumque
1054 1652 1225 1715 fideli
1276 1651 1650 1712 sufficienter

161 1752 362 1826 erudito,
387 1750 627 1830 qnando
653 1749 816 1811 ratio
844 1747 1164 1809 charitatis
1200 1752 1262 1807 et
1309 1744 1544 1807 occasio
1582 1742 1648 1803 id

154 1844 518 1927 postulaverim
544 1860 692 1903 nam
720 1848 874 1904 tunc
898 1841 1106 1902 locum
1130 1838 1318 1901 habet
1343 1835 1500 1899 illud
1527 1837 1644 1900 Ee-

152 1941 258 2001 clcs,
291 1938 506 1997 decimo
553 1936 818 2015 septimo
867 1957 881 1995 :
952 1934 1282 2014 Unicuique
1331 1932 1646 1995 mandavit

149 2035 270 2095 Deus
292 2034 352 2093 de
373 2032 641 2109 proximo
666 2046 797 2093 suo.
830 2028 1000 2091 Tunc
1015 2028 1183 2088 enim
1206 2044 1332 2087 non
1359 2032 1450 2086 est
1469 2043 1646 2085 usur-

147 2134 254 2207 pata
284 2125 638 2203 jurisdictio,
677 2125 824 2203 quia
861 2124 1023 2185 actio
1069 2122 1174 2181 illa
1207 2138 1333 2181 non
1367 2118 1440 2180 fit
1467 2118 1646 2198 quasi

146 2238 200 2279 ex
222 2216 468 2297 pastorali
489 2216 712 2293 officio,
746 2216 854 2277 sed
882 2234 956 2276 ex
987 2214 1362 2291 obligatione
1383 2212 1482 2272 vel
1506 2229 1648 2273 con-

147 2313 246 2371 silio
267 2310 578 2371 charitatis.
611 2310 808 2371 Addit
833 2310 1022 2370 etiam
1063 2310 1132 2369 D.
1170 2307 1436 2368 Thomas
1465 2321 1648 2384 super

145 2405 368 2465 aditum.
419 2406 526 2478 10,
554 2402 678 2463 hoc
718 2420 850 2464 esse
896 2400 1371 2479 intelligendum
1427 2416 1644 2459 secun·

145 2498 253 2557 dum
275 2498 454 2575 legem
479 2496 904 2572 ordinariam3
933 2512 1082 2555 nam
1107 2494 1244 2573 lege
1265 2494 1506 2573 privata
1535 2509 1646 2571 po-

141 2597 228 2651 test
258 2591 496 2669 Spiritus
533 2592 806 2652 Sanctus
838 2590 1085 2650 mittere
1128 2605 1315 2668 quem
1357 2586 1644 2659 voluerit,

141 2685 430 2762 inspirando
461 2684 723 2764 speciali
776 2684 1074 2744 instinctu
1127 2700 1236 2743 suo
1287 2678 1648 2761 hujusmodi

138 2777 508 2837 ministerium.
533 2779 720 2837 Tunc
745 2783 954 2837 autem
988 2776 1398 2836 necessarium
1429 2774 1548 2835 erit
1572 2778 1643 2832 ut

142 2870 196 2929 de
227 2872 318 2930 hac
344 2870 474 2949 lege
515 2871 770 2950 privata
795 2876 1031 2931 constet
1077 2867 1358 2929 Ecclesiae
1388 2885 1496 2947 per
1524 2865 1640 2926 ali-

145 2962 260 3041 quod
281 2982 416 3042 opus
449 2964 546 3025 vel
575 2965 834 3042 signum
861 2960 1354 3042 supernaturale,
1383 2967 1454 3021 ut
1485 2959 1642 3020 dici-

143 3061 216 3113 tur
243 3057 292 3115 in
325 3057 478 3117 dicto
506 3059 702 3137 capit.
758 3056 904 3121 Cum
943 3074 1015 3117 σω
1056 3055 1354 3135 injwncto.
1392 3052 1643 3131 Alioqui

137 3150 238 3209 talis
275 3150 592 3211 instinctus
625 3150 1004 3229 judicandus
1039 3153 1196 3209 esset
1229 3165 1270 3207 a
1312 3146 1478 3207 malo
1521 3145 1642 3223 spi·

131 3244 240 3315 ritu,
265 3246 452 3322 potius
487 3262 688 3324 quam
731 3262 770 3303 a
809 3245 974 3304 bono
1020 3242 1372 3323 provenire,
1407 3240 1458 3299 si
1502 3237 1642 3318 quis

131 3335 270 3395 vellet
293 3346 496 3397 eontra
521 3344 916 3417 praeceptum
956 3342 1018 3397 et
1045 3335 1330 3395 ordinem
1356 3331 1640 3393 Ecclesioe

128 3428 241 3489 illud
273 3432 454 3510 sequi,
491 3438 569 3493 ut
617 3431 689 3491 in
719 3430 908 3491 simili
933 3430 1092 3490 dixit
1111 3427 1507 3489 Innocentius
1529 3426 1634 3499 111,

131 3520 170 3581 in
194 3524 350 3603 capit.
373 3524 523 3591 Nisi
547 3542 692 3588 cum
710 3525 976 3606 pridem,
1009 3523 1086 3583 de
1109 3522 1469 3585 Renuntiat.

179 3620 227 3677 6.
259 3618 548 3700 Suprema
575 3624 638 3683 et
659 3616 1036 3680 universalis
1052 3620 1324 3697 potestas
1355 3615 1638 3679 mittendi

131 3712 514 3789 predicatores,
542 3718 638 3776 est
653 3711 724 3772 in
749 3711 1002 3774 Summo
1033 3710 1432 3789 Pontifice.-
1451 3708 1638 3769 Juxta

131 3820 242 3876 iaec,
292 3805 364 3863 ad
421 3805 770 3866 secundum
831 3814 1080 3863 sensum
1135 3800 1638 3879 interrogationis

132 3897 414 3972 impositae,
443 3896 786 3959 dicendum
813 3902 907 3957 est
941 3897 1040 3975 jus
1084 3894 1366 3955 mittendi
1414 3893 1638 3973 proetli-

131 3994 303 4047 atores
327 3990 652 4067 Evangelii
686 3990 766 4050 ad
802 3988 1156 4069 hujusmodi
1199 3986 1498 4060 infideles,
1531 3988 1635 4047 ab·

131 4079 361 4156 plutum,
391 4100 761 4162 supremum
793 4090 855 4143 et
882 4080 1230 4142 universale
1257 4098 1388 4142 esse
1417 4082 1483 4142 in
1505 4082 1636 4141 solo

131 4172 322 4235 {ummo
355 4176 680 4251 Pontifice‚
705 4176 850 4253 quia
877 4174 980 4243 ille
1007 4174 1172 4235 solus
1199 4180 1292 4235 est
1312 4191 1637 4252 supremus

132 4273 278 4327 ustor
325 4270 510 4329 totius
575 4268 806 4329 Christi
860 4267 1036 4327 ovilis
1065 4313 1085 4341 ,
1139 4269 1319 4346 juxta
1375 4267 1635 4328 verbum

133 4359 337 4435 jusdem
364 4362 596 4423 Christi
628 4383 642 4422 ε
679 4361 874 4425 Pasce
897 4378 1031 4424 oves
1065 4379 1252 4423 meas.
1283 4362 1462 4435 Item,
1487 4361 1632 4439 quia

131 4454 372 4530 mcipua
408 4472 562 4515 eura
605 4454 989 4533 propagandi
1023 4454 1360 4515 Ecclesiam
1391 4459 1452 4512 et
1477 4454 1630 4514 dila-

131 4544 241 4603 audi
261 4545 442 4607 fidem
457 4547 538 4607 ad
561 4546 718 4607 illud
742 4547 1032 4625 pertinet3
1048 4546 1267 4625 reliqui
1283 4546 1448 4607 enim
1465 4548 1630 4623 Epis-

134 4640 214 4713 opi
230 4639 452 4700 habent
469 4640 970 4717 jurisdictionem
1002 4641 1168 4701 intra
1193 4644 1392 4699 certos
1418 4638 1630 4700 termi—

132 4748 190 4788 ,οε
209 4733 494 4793 territorii
520 4731 884 4793 limitatam.
915 4732 1088 4793 Unde
1117 4732 1168 4791 si
1201 4732 1362 4791 intra
1380 4732 1630 4792 territo-

131 4822 236 4883 ium
252 4826 477 4886 fuerint
493 4826 698 4905 aliqui
717 4826 1069 4904 hujusmodi
1088 4823 1388 4899 infideles,
1403 4825 1630 4903 poterit

132 4919 488 4999 nusquisque
519 4920 858 4999 Episcopus
901 4920 1068 4979 intra
1101 4935 1279 4979 suam
1315 4916 1626 4979 dioecesim

132 5008 161 5065 tl
203 5010 326 5071 illos
369 5013 626 5073 mittere
669 5011 1098 5090 praedicatores
1151 5030 1258 5072 seu
1309 5010 1626 5087 doctores3

131 5107 238 5162 xtra
259 5104 648 5165 territorium
685 5109 894 5165 autem
933 5104 1144 5165 nullus
1175 5104 1508 5183 Episcopus
1537 5104 1630 5163 in-

131 5196 254 5255 erior
279 5196 578 5258 Pontitice
611 5197 798 5259 habet
824 5198 987 5259 hanc
1029 5202 1393 5275 potestatem
1427 5216 1536 5276 per
1563 5214 1630 5259 se

131 5289 388 5364 ›queudo,
417 5291 602 5370 quasi
624 5290 766 5368 jure
793 5291 1107 5351 ordinario
1116 5308 1135 5367 3
1181 5296 1248 5349 at
1286 5291 1338 5350 si
1365 5292 1628 5351 necessi-

131 5398 172 5438 ts
196 5390 423 5460 urgeat,
449 5389 570 5443 aut
598 5400 662 5443 se
689 5382 908 5445 offerat
941 5384 1344 5444 commoditas
1375 5400 1630 5445 conver-

131 5473 236 5533 endi
258 5476 500 5555 aliquos
541 5475 627 5536 ad
647 5475 858 5552 fidem,
903 5483 1197 5556 poterunt
1241 5476 1526 5556 Episcopi
1549 5475 1628 5535 ad

131 5566 302 5628 icinas
323 5571 514 5631 etiam
541 5570 892 5651 provincias
919 5570 1348 5651 praedicatores
1383 5570 1630 5630 mittere

3170 418 3290 481 439

1727 550 1803 593 ex
1831 530 2035 593 officio
2070 530 2413 605 charitatis,
2442 534 2504 591 et
2525 526 2986 602 ratihabitione,
3016 532 3079 587 et
3105 526 3289 589 tacito

1728 642 1838 687 seu
1863 624 2329 704 interpretativo
2366 640 2668 685 consensu
2699 620 2959 700 pastoris
2984 620 3282 699 supremi,

1727 719 1838 799 qui
1862 736 2103 799 semper
2128 719 2195 779 in
2223 717 2583 797 hujusmodi
2610 714 2853 777 casibus
2879 714 3291 777 consulendus

1728 819 1820 875 est
1849 830 2037 892 quam
2053 806 2327 891 primum
2342 808 2665 872 commode
2682 808 2819 869 fieri
2850 808 3061 887 possit,
3078 813 3149 868 ut
3177 826 3287 887 pro

1724 924 1835 967 sno
1873 924 2135 967 munere
2174 904 2525 967 occurrenti
2562 902 2933 977 necessitati,
2968 920 3078 965 seu
3116 919 3289 965 occa-

1724 999 1884 1059 sioni
1915 999 2257 1077 provideat.
2488 1067 2493 1075 ,

1805 1095 1866 1153 7.
1919 1094 2045 1156 Jus
2098 1092 2340 1157 tutandi
2372 1093 2806 1174 predicatores
2856 1093 2928 1155 ab
2978 1092 3245 1155 hostibus
3266 1136 3283 1163 ,

1724 1186 1904 1249 etiam
1919 1206 2035 1267 per
2049 1187 2264 1250 bellum
2291 1193 2350 1251 et
2377 1182 2753 1262 coactionem,
2790 1184 3037 1249 Summi
3061 1184 3289 1247 Ponti-

1723 1281 1865 1356 fiois
1882 1286 1995 1356 est,
2031 1284 2091 1342 et
2114 1280 2419 1361 quamdo.
2461 1310 2544 1327 -·
2582 1279 2676 1340 Ad
2702 1280 2952 1339 tertium
2982 1294 3131 1341 vero
3158 1296 3289 1339 sen·

1723 1391 1862 1435 sum
1905 1373 2181 1453 ejusdem
2228 1372 2729 1451 interrogationis
2748 1416 2764 1445 ,
2820 1371 3017 1433 multo
3068 1372 3291 1451 maj0ri

1728 1466 1966 1527 ratione
1996 1466 2325 1528 dicendum
2351 1472 2443 1528 est
2478 1484 2709 1527 munus
2738 1464 2890 1526 illud
2918 1464 3289 1525 defendendi

1727 1557 1844 1620 hoc
1879 1559 1985 1637 jus
2022 1560 2210 1621 etiam
2264 1578 2373 1639 per
2411 1559 2795 1621 coactionem
2838 1564 2903 1620 et
2941 1557 3193 1631 bellum,
3238 1559 3291 1620 si

1727 1652 2382 1728 fueritnecessarium,
2413 1651 2601 1713 solius
2638 1670 2769 1714 esse
2810 1653 3051 1715 Summi
3084 1652 3291 1713 Ponti-

1728 1745 1860 1807 ficis
1874 1763 1894 1824 3
1924 1752 2063 1808 tum
2094 1747 2245 1826 quia
2272 1746 2351 1807 ad
2396 1746 2575 1808 illum
2617 1746 2883 1825 pertinet
2916 1745 3291 1807 universalia

1719 1840 1866 1920 jura
1893 1840 2171 1901 Ecclesioe
2199 1840 2528 1901 defendere
2551 1857 2571 1917 3
2596 1846 2731 1901 tum
2760 1839 2949 1901 etiam
2980 1839 3127 1919 quia
3155 1839 3287 1900 haec

1726 1935 2001 1996 defensio
2024 1954 2135 2015 per
2156 1934 2387 1997 bellum
2414 1935 2697 2015 requirit,
2728 1952 2840 2015 per
2862 1953 2927 1997 se
2950 1933 3285 2015 loquendo,

1727 2028 2064 2108 quamdam
2102 2047 2453 2108 supremam
2482 2035 2846 2109 potestatem
2872 2046 2890 2090 ε
2922 2029 3053 2089 haec
3077 2034 3285 2090 autem

1728 2127 1995 2201 potestas
2020 2140 2147 2183 nou
2176 2124 2465 2183 convenit
2490 2140 2603 2202 per
2624 2141 2688 2183 se
2721 2122 3103 2201 principibus
3132 2128 3287 2182 tem·

1726 2214 2061 2293 poralibus,
2088 2216 2235 2293 quia
2255 2234 2334 2277 ex
2354 2216 2497 2295 jure
2526 2226 2740 2277 manat
2760 2215 3088 2295 spirituali,
3119 2216 3282 2297 quod

1725 2326 1853 2372 non
1899 2316 1993 2371 est
2024 2310 2403 2389 principibus
2435 2311 2875 2389 temporalibus
2902 2328 3279 2385 concessum,

1727 2405 1831 2466 sed
1859 2406 2263 2483 conjunctum
2316 2411 2408 2465 est
2458 2422 2600 2465 cum
2629 2411 2928 2485 potestate
2956 2405 3281 2485 spirituali,

1726 2517 1864 2578 quae
1906 2496 2201 2558 indirecte
2247 2496 2601 2559 extenditur
2650 2498 2727 2561 ad
2780 2500 3164 2578 temporalia,
3214 2506 3286 2561 ut

1727 2590 1876 2653 alibi
1903 2596 2219 2653 ostensum
2258 2594 2422 2667 est¹3
2457 2608 2607 2669 ergo
2652 2610 2778 2651 non
2830 2594 3121 2655 convenit
3154 2593 3287 2654 haec

1727 2691 1995 2765 potestas
2050 2685 2172 2745 nisi
2226 2683 2507 2745 Pontifici
2523 2700 2543 2762 3
2593 2686 2953 2747 addendum
2994 2705 3141 2748 vero
3194 2692 3287 2749 est

1723 2796 1852 2838 non
1913 2778 2004 2838 ita
2074 2777 2405 2839 convenire
2468 2777 2751 2839 Pontifici
2816 2778 2977 2841 hanc
3024 2786 3287 2859 potesta-

1722 2878 1876 2946 tem,
1917 2876 1991 2930 nt
2012 2888 2122 2949 per
2147 2888 2211 2931 se
2254 2870 2353 2930 vel
2379 2888 2491 2948 per
2524 2870 2955 2933 ecclesiasticas
2994 2890 3286 2951 personas

1723 2965 1895 3025 illam
1921 2965 2145 3043 exequi
2182 2963 2405 3025 debeat
2428 3011 2444 3035 ,
2491 2964 2641 3043 quia
2673 2982 2800 3026 non
2838 2971 2931 3025 est
2956 2967 3285 3027 sacerdotis

1723 3075 1926 3136 neque
1967 3055 2353 3117 ecclesiastici
2382 3062 2579 3117 status
2606 3074 2781 3118 arma
2818 3059 3155 3138 corporalia
3184 3078 3287 3119 su-

1722 3168 1918 3225 mere,
1949 3155 2020 3210 ut
2047 3154 2212 3211 recte
2238 3149 2397 3209 dixit
2421 3150 2800 3227 AmbrosiuS,
2826 3157 2889 3212 et
2912 3151 3178 3213 refertur
3218 3154 3285 3214 in

1720 3261 1850 3320 cap.
1887 3242 2237 3319 convenior,
2266 3244 2372 3315 23,
2394 3246 2739 3322 quaestione
2766 3250 3002 3318 octava,
3039 3244 3146 3305 ubi
3175 3263 3284 3326 per

1719 3355 1826 3399 sex
1860 3338 2065 3417 prima
2104 3337 2307 3414 capita
2332 3336 2521 3397 variis
2552 3337 2923 3399 testimoniis
2960 3337 3076 3399 hoc
3114 3356 3279 3399 com-

1715 3430 2032 3512 probatur.
2064 3430 2143 3489 Et
2181 3429 2321 3491 ideo
2361 3430 2551 3492 habet
2592 3436 2956 3511 potestatem
2998 3450 3277 3494 summus

1719 3524 2000 3586 Pontifex
2028 3523 2456 3584 committendi
2502 3523 2662 3585 banc
2692 3523 3137 3597 defensionem,
3172 3544 3280 3585 seu

1719 3616 2149 3678 executionem
2198 3617 2352 3696 ejus,
2400 3617 2783 3697 principibus
2810 3618 3277 3697 temporalibus»,

1718 3709 1944 3790 quibus
1968 3714 2167 3788 potest
2188 3710 2375 3771 etiam
2400 3712 2731 3789 praecipere
2760 3716 2826 3771 ut
2858 3710 3031 3771 illam
3066 3729 3281 3772 curam

1718 3809 2081 3878 assumant,
2142 3804 2327 3882 capit.
2387 3803 2628 3879 Βαίτων,
2694 3820 2835 3864 cum
2882 3801 3056 3878 aliis,
3128 3804 3276 3867 dict.

1717 3902 1936 3975 quaest.
1972 3896 2031 3957 8.
2078 3898 2155 3957 Et
2176 3896 2325 3957 hinc
2353 3899 2564 3971 etiam,
2596 3903 2667 3957 ut
2708 3903 2869 3959 recte
2906 3902 3126 3957 notant
3151 3898 3277 3958 Ma-

1715 3989 1813 4067 jor
1840 3995 1902 4050 et
1919 3990 2212 4065 Victoria,
2238 3996 2437 4069 potest
2463 3990 2745 4051 Pontifex
2773 3991 2937 4051 inter
2968 3989 3277 4068 principes

1716 4100 1824 4143 seu
1851 4099 2029 4159 reges
2050 4083 2421 4160 temporales
2440 4082 2809 4143 distribuere
2824 4083 3188 4163 provincias,
3215 4086 3279 4143 et

1715 4192 1914 4253 regna
1939 4174 2315 4250 infidelium,
2346 4192 2472 4235 non
2494 4182 2565 4235 ut
2583 4176 2719 4236 illas
2746 4192 2857 4237 suo
2884 4175 3139 4236 arbitrio
3167 4192 3275 4235 oc-

1715 4284 1941 4346 cupare
1986 4269 2242 4347 possint,
2282 4267 2400 4329 hoc
2438 4268 2607 4329 enim
2653 4269 3048 4347 tyrannicum
3092 4277 3271 4345 esset,

1715 4366 1785 4421 ut
1815 4362 1980 4422 infra
2007 4361 2209 4421 dicam
2232 4378 2253 4439 3
2278 4362 2385 4423 sed
2408 4368 2481 4422 ut
2500 4363 2931 4441 praedicatores
2954 4364 3271 4441 Evangelii

1711 4454 1790 4513 ad
1819 4453 1959 4515 illos
1982 4455 2315 4517 mittendos
2344 4462 2697 4533 procurent,
2734 4462 2796 4517 et
2826 4474 2937 4516 sua
2976 4461 3272 4535 potestate

1711 4548 1849 4607 illos
1868 4554 2187 4623 tueantur,
2211 4550 2399 4609 etiam
2415 4550 2656 4627 justum
2670 4548 2900 4611 bellum
2914 4550 3267 4623 indicendO,

1711 4641 1764 4701 si
1781 4642 1942 4701 ratio
1958 4648 2021 4701 et
2040 4642 2203 4719 justa
2220 4659 2403 4702 causa
2418 4643 2701 4719 postulet.
2721 4644 2796 4703 Et
2810 4643 3012 4721 quoad
3034 4644 3148 4702 hoc
3170 4660 3271 4719 po-

1708 4739 1828 4794 test
1859 4734 2141 4794 Pontifex
2164 4736 2503 4813 unicuique
2532 4736 2797 4815 principi
2833 4742 3031 4796 certos
3065 4737 3272 4796 termi-

1709 4844 1824 4887 nos
1839 4826 2180 4905 praefigere,
2203 4846 2357 4907 quos
2374 4834 2583 4906 postea
2600 4830 2731 4889 sine
2752 4830 3055 4907 injustitia
3076 4836 3275 4889 trans-

1709 4921 1886 4997 gredi
1919 4938 2047 4980 non
2074 4920 2325 5001 poterit,
2358 4921 2520 4980 sicut
2555 4921 2787 4983 factum
2830 4940 2959 4984 esse
3006 4923 3270 5001 legimus

1711 5011 1790 5071 ab
1813 5011 2163 5073 Alexandro
2190 5014 2267 5073 Vl
2296 5013 2460 5073 inter
2486 5032 2661 5093 reges
2678 5015 3007 5077 Lusitaniae
3040 5022 3102 5076 et
3126 5017 3269 5076 Cas-

1710 5104 1892 5165 tellae.
1938 5106 2014 5165 Et
2040 5106 2197 5167 ratio
2230 5106 2513 5167 omnium
2548 5114 2661 5183 est,
2704 5108 2851 5187 quia
2896 5108 2985 5168 ita
3026 5108 3273 5187 expedit

1711 5203 1783 5256 ut
1806 5196 1944 5257 haeo
1972 5216 2091 5271 res,
2134 5216 2273 5277 quae
2308 5199 2377 5259 in
2425 5198 2690 5260 Ecclesia
2733 5201 3094 5279 gravissima
3134 5206 3228 5261 est
3250 5248 3267 5274 ,

1711 5290 1991 5351 ordinate
2032 5289 2165 5368 fiat,
2213 5292 2379 5371 quod
2415 5292 2684 5355 maxime
2716 5300 2807 5354 est
2834 5294 3269 5368 necessarium,

1793 5478 1812 5513 ¹
1847 5474 1979 5535 Lib.
2016 5476 2053 5535 3
2087 5473 2165 5535 de
2207 5425 2493 5552 Legibffis,
2522 5493 2576 5536 c.
2606 5476 2669 5548 6,
2718 5492 2861 5536 cum
2902 5474 3071 5549 aliis;
3110 5481 3175 5537 et
3199 5476 3267 5539 in

1712 5569 2071 5631 Defensione
2098 5568 2267 5643 fidei,
2292 5568 2337 5629 l.
2366 5570 2427 5644 3,
2458 5586 2494 5628 a
2520 5586 2575 5629 c.
2614 5572 2713 5629 22.
2904 5602 2911 5611 ·
