3900 6217
861 336 1031 387 SECT.
1068 338 1124 387 ll.
1164 338 1247 389 Ex
1278 338 1499 398 QUIBUS
1530 336 1705 387 BONlS
1740 334 2050 387 melma
2084 336 2180 388 Si'r
2215 338 2640 399 ELEEMOSYNA,
2678 340 2810 390 ETC.

233 448 347 491 cur
372 446 520 508 ergo
541 448 667 491 non
691 430 856 493 sibi?
898 434 1047 493 Item
1078 432 1360 513 expletur
1381 433 1667 495 voluntas
1692 434 1795 493 do·

234 523 465 597 nantiS,
490 541 630 583 cum
654 524 834 585 detur
860 543 999 586 vere
1027 530 1259 604 egenti,
1285 528 1401 587 nisi
1422 528 1799 589 contrarium

231 624 443 695 aperte
470 618 729 695 explicet
748 636 769 695 3
815 637 987 697 ergo,
1035 621 1261 681 Interes
1292 642 1308 679 ε
1358 639 1509 699 crgo
1538 622 1588 680 si
1614 620 1803 681 alicui

232 710 299 769 in
330 708 711 773 confessione
738 712 1065 791 imponant
1090 714 1546 793 eleemosynam
1575 716 1639 774 in
1673 734 1802 794 poe-

234 806 587 883 nitentium,
608 807 938 869 satisfaciet
957 808 1379 869 subveniendo
1400 828 1523 869 suae
1546 810 1803 871 necessi-

236 898 375 961 tati.
420 899 721 977 Neganda
760 906 855 965 est
880 902 1317 980 consequentia
1334 918 1353 977 3
1403 901 1464 962 id
1501 902 1669 963 enim
1711 907 1804 963 est

234 998 451 1053 contra
475 993 885 1055 intentionem
911 993 1310 1073 imponentis,
1343 1014 1546 1073 neque
1576 994 1679 1056 ille
1702 1012 1803 1055 ac·-

234 1090 335 1147 tus
350 1084 476 1146 sibi
504 1086 907 1147 subveniendi
932 1094 1026 1149 est
1052 1088 1334 1166 poenalis,
1365 1088 1567 1173 qualis
1595 1088 1794 1167 impo-

235 1178 409 1241 nitur
430 1179 499 1241 in
522 1179 958 1241 satisfactione.
1006 1182 1179 1242 Unde
1210 1182 1262 1243 si
1287 1183 1414 1261 ipse
1442 1184 1529 1243 ita
1558 1182 1797 1261 indige·

235 1281 355 1346 ret,
390 1280 463 1333 ut
500 1290 629 1334 non
670 1282 874 1353 posset
912 1275 1233 1337 commode
1273 1277 1421 1338 dare
1458 1277 1797 1357 eleemosy-

235 1386 409 1442 nam,
442 1372 838 1431 excusaretur
863 1370 1149 1449 quidem3
1196 1388 1340 1431 vere
1364 1377 1575 1431 tamen
1606 1371 1801 1449 poeni·

234 1463 497 1525 tentiam
525 1462 877 1541 impositam
908 1454 1035 1525 non
1062 1464 1451 1545 adimpleret,
1492 1482 1603 1527 nec
1626 1466 1801 1527 satis-

240 1554 477 1617 faceret
503 1573 581 1618 ex
608 1573 789 1635 opere
815 1564 1091 1637 operato.

862 1756 1079 1809 st-:G‘rio
1112 1757 1173 1809 n.

238 1925 351 1987 Ea.-
378 1924 590 2007 quibus
618 1927 786 1989 bonis
816 1925 1100 2004 facienda
1126 1927 1215 1990 sit
1238 1926 1605 2007 eleemosyna
1618 1972 1635 2000 ,
1678 1931 1737 1990 et
1762 1948 1803 1994 a

696 2020 913 2100 quibvs
933 2019 1075 2099 fieri
1100 2018 1319 2083 debeat.

322 2212 381 2269 1.
429 2207 653 2271 Prima
678 2207 995 2271 conclusio.
1011 2209 1251 2269 -Dico
1272 2208 1513 2289 primo:
1544 2210 1805 2272 eleemo-

234 2318 392 2379 syna
437 2300 722 2361 facienda
758 2307 849 2363 est
886 2320 964 2363 ex
1006 2301 1185 2363 bonis
1218 2302 1501 2383 propriiS,
1536 2320 1802 2381 quorum

232 2392 458 2471 aliquis
498 2398 591 2453 est
632 2394 945 2470 dominus,
992 2394 1089 2455 vel
1127 2394 1317 2457 habet
1354 2395 1699 2473 legitimam
1738 2402 1804 2457 et

238 2485 583 2547 absolutam
642 2486 717 2547 ad
728 2486 1265 2551 ministrationem.
1328 2489 1435 2548 Est
1478 2495 1646 2548 certa
1671 2532 1688 2562 ,
1742 2494 1805 2549 et

234 2584 477 2640 constat
503 2579 791 2642 Proverb.
819 2582 856 2641 3
892 2600 907 2639 ε
945 2580 1029 2645 Si
1056 2582 1239 2649 vales,
1280 2582 1490 2662 etipse
1518 2582 1753 2659 benefac
1778 2628 1799 2659 ,

232 2676 294 2737 et
322 2672 546 2735 honora
568 2672 891 2736 Dominum
912 2676 979 2737 de
998 2681 1107 2737 tua
1128 2674 1471 2737 substantia
1488 2699 1515 2746 ;
1542 2679 1605 2735 et
1629 2675 1797 2735 Isaiae

236 2765 316 2827 58
348 2780 364 2825 ε
394 2766 645 2845 Franye
670 2767 960 2831 ementi
992 2784 1203 2845 panem
1238 2771 1427 2829 tuum.
1476 2766 1643 2827 idem
1674 2773 1799 2829 tra·

232 2858 393 2919 dunt
430 2860 656 2931 Patres.
691 2860 871 2921 Ratio
902 2866 1015 2933 est,
1062 2862 1211 2939 quia
1254 2878 1377 2921 non
1418 2859 1561 2920 licet
1610 2860 1795 2921 alicui

234 2952 587 3031 dispensare
647 2951 853 3013 aliena
878 2969 901 3031 3
963 2954 1113 3015 item
1170 2971 1278 3032 per
1338 2953 1796 3031 eleemosynam

238 3044 605 3107 transfertur
622 3044 995 3120 dominium,
1022 3053 1092 3107 ut
1113 3064 1188 3106 ex
1212 3047 1481 3115 sectione
1506 3048 1545 3109 5
1568 3046 1797 3107 intelli·-

234 3144 459 3218 getur3
492 3156 639 3217 ergo
660 3138 757 3200 vel
784 3156 821 3199 a
847 3139 1123 3212 domino,
1153 3138 1347 3201 velex
1370 3144 1671 3219 potestate
1688 3138 1796 3199 do-

229 3230 413 3291 mini.
440 3230 905 3293 Advertendum
929 3241 1165 3305 autem,
1199 3250 1311 3310 pro
1336 3232 1621 3310 sequenti
1648 3249 1793 3291 con-

234 3322 513 3385 clusione
533 3367 550 3397 ,
568 3323 897 3385 ‘interdum
938 3342 1067 3383 non
1098 3324 1245 3385 satis
1281 3342 1409 3386 esse
1440 3324 1667 3385 habere
1692 3324 1799 3383 do·

236 3415 531 3491 minium,
566 3416 672 3477 sed
710 3422 993 3496 oportere
1020 3417 1207 3479 etiam
1237 3416 1388 3479 illud
1416 3436 1541 3477 non
1572 3416 1800 3479 habere

236 3510 605 3589 impeditum
646 3508 888 3587 legibus
926 3509 1218 3571 humanis
1246 3556 1269 3587 ,
1327 3529 1366 3572 a
1408 3510 1635 3591 quibus
1663 3557 1683 3586 ,
1738 3518 1800 3572 et

236 3602 637 3665 translatione
673 3603 1116 3677 dominiorum,
1157 3604 1428 3665 maxime
1451 3604 1678 3683 pendet
1704 3622 1799 3664 re-

232 3714 373 3759 rum
393 3696 830 3775 temporalium
858 3696 1331 3758 administratio.

312 3793 373 3851 2.
427 3788 707 3853 Secunda
733 3789 1055 3851 conclusio.
1086 3821 1167 3835 -
1184 3790 1275 3851 De
1300 3790 1516 3853 servis.
1534 3826 1603 3837 -
1640 3792 1799 3853 Hinc

230 3884 521 3943 statuitur
540 3881 805 3943 secunda
828 3881 1141 3943 conclusio
1162 3903 1175 3940 ε
1202 3900 1477 3961 personae
1495 3884 1633 3943 aliis
1656 3884 1799 3943 sub-

234 3975 401 4051 ditae,
432 3992 573 4055 quae
604 3976 697 4037 vel
722 3975 1073 4035 dominium
1100 3993 1227 4037 non
1256 3976 1513 4051 habent,
1551 3977 1647 4036 vel
1671 3994 1797 4037 non

234 4067 469 4129 habent
494 4086 702 4130 rerum
730 4067 1335 4131 administrationem
1364 4087 1623 4149 quarum
1656 4076 1800 4130 suut

232 4161 469 4223 domini
498 4207 517 4233 ,
562 4179 691 4221 non
720 4165 976 4241 possunt
1002 4178 1115 4221 sua
1142 4162 1510 4221 auctoritate
1538 4162 1801 4223 eleemo-

232 4273 421 4334 synas
482 4255 681 4317 facere
700 4300 722 4330 ‚
780 4260 1037 4335 excepta
1088 4260 1369 4317 extrema
1414 4258 1796 4319 necessitate.

234 4348 555 4409 Pei-tinent
590 4354 798 4409 autem
836 4346 917 4407 ad
959 4346 1120 4407 hanc
1150 4346 1609 4409 conclusionem
1650 4367 1803 4427 qua-

232 4448 374 4501 tuor
405 4458 805 4519 personarum
829 4456 1082 4517 genera,
1115 4440 1297 4512 servi,
1325 4440 1621 4517 religiosi,
1660 4442 1801 4502 filii-

184 4516 213 4541 ·
230 4550 353 4612 que
382 4532 673 4608 familias,
704 4550 961 4599 uxores,
1006 4531 1085 4591 de
1112 4530 1337 4610 quibus
1359 4532 1676 4609 sigillatim
1704 4534 1800 4593 di-

234 4626 503 4689 cendum
534 4632 662 4699 cst,
697 4644 769 4685 ac
797 4624 1117 4704 probanda
1144 4624 1472 4686 conclusio.
1520 4626 1800 4687 Primum

232 4736 475 4791 servus,
521 4718 825 4797 quidquid
872 4718 1159 4797 acquirit,
1210 4718 1467 4779 domino
1509 4722 1798 4798 acquirit,

234 4816 303 4871 ut
342 4810 599 4871 tradunt
628 4811 795 4890 jura,
830 4811 1097 4873 institut.
1146 4812 1270 4873 Per
1306 4829 1455 4891 quas
1481 4830 1797 4892 personas,

228 4902 269 4983 ἐ
292 4904 449 4967 Item
476 4904 668 4976 nobis,
700 4904 743 4963 l.
766 4905 854 4967 Id
874 4902 1311 4975 vestimentum,
1338 4903 1405 4965 ff.
1432 4904 1507 4965 de
1534 4904 1799 4979 Peculio,

232 5016 367 5076 cap.
414 4996 563 5061 Ovem
592 4998 754 5072 olim,
790 5000 853 5073 2,
885 4997 963 5058 de
1004 4998 1369 5077 Privilegiis.
1423 4998 1597 5072 Quod
1625 5000 1803 5060 abso-

230 5090 363 5151 lute
390 5108 606 5151 verum
635 5096 753 5162 est,
791 5097 853 5151 et
883 5091 949 5151 in
976 5090 1350 5159 conscientia
1382 5090 1615 5153 nullam
1646 5092 1802 5153 elee-

230 5198 557 5261 mosynam
597 5188 853 5261 possunt
887 5182 1049 5243 servi
1076 5182 1303 5256 facere,
1347 5182 1467 5243 nisi
1496 5201 1573 5243 ex
1600 5182 1801 5243 domi-

226 5293 455 5337 norum
496 5276 909 5350 concessione,
954 5276 1141 5335 tac-ita
1180 5274 1281 5336 vel
1318 5294 1645 5355 expressa3
1694 5276 1799 5337 sed

228 5374 443 5431 tamen
480 5370 704 5447 opinor
738 5386 865 5431 non
900 5386 1031 5431 esse
1072 5368 1193 5431 hoc-
1225 5369 1294 5430 in
1332 5370 1538 5448 rigore
1576 5370 1800 5431 intelli·

230 5461 535 5541 gendum,
564 5462 715 5543 quia
736 5462 999 5523 servitus
1020 5461 1097 5523 dc
1118 5480 1185 5525 se
1206 5461 1417 5523 odiosa
1436 5470 1551 5538 est,
1576 5469 1638 5524 et
1660 5463 1799 5525 ideo

3323 338 3442 398 670

1877 433 2331 513 restringenda,
2375 435 2525 497 alias
2549 442 2703 497 esset
2733 436 3134 498 intolerabilis
3167 449 3228 499 et
3256 438 3438 499 inhu-

1880 544 2066 587 mana
2106 573 2126 602 ,
2175 546 2365 605 quare
2427 529 2777 607 aliquarum
2831 548 3038 591 rerum
3093 530 3440 593 dominium

1882 625 2138 697 possunt
2158 619 2384 683 habere
2409 623 2591 694 servi,
2612 622 2708 681 vel
2732 641 2808 683 ex
2829 623 3157 683 donatione
3177 624 3437 701 domini,

1885 712 1983 773 vel
2010 731 2086 773 ex
2111 714 2442 774 donatione
2469 715 2760 789 aliorum,
2796 704 3215 777 consentiente
3244 717 3442 779 domi·

1882 824 1990 882 n0,
2029 806 2124 866 vel
2151 813 2312 867 certe
2343 807 2394 867 si
2423 826 2496 869 ea
2521 808 2874 869 conditione
2902 808 3198 870 donatum
3228 818 3340 886 est,
3371 816 3442 871 ut

1880 898 2138 959 domino
2167 918 2294 960 non
2319 900 2700 979 acquiratur,
2731 901 2828 961 vel
2857 902 2908 961 si
2931 901 3177 980 aliquod
3201 903 3440 979 justum

1882 999 2130 1073 pactum
2161 994 2323 1055 inter
2349 994 2676 1055 dominum
2705 1000 2770 1055 et
2798 1013 3042 1055 servum
3075 996 3438 1073 intercedat,

1874 1088 1985 1147 aut
2025 1084 2292 1165 denique
2326 1087 2508 1164 juxta
2549 1086 2702 1148 alias
2743 1089 3216 1149 consuetudines
3243 1089 3440 1149 domi-

1876 1197 2101 1240 norum
2132 1185 2193 1239 et
2225 1198 2542 1241 servorum
2565 1226 2584 1257 ,
2630 1188 2694 1241 et
2719 1180 2797 1243 de
2826 1181 2940 1242 hoc
2969 1189 3225 1261 possunt
3250 1181 3443 1244 libere

1879 1273 2304 1352 eleemosynas
2337 1273 2538 1335 facere
2557 1321 2574 1348 ‚
2629 1274 2776 1353 quia
2801 1280 2948 1335 sunt
2975 1274 3234 1335 domini.
3275 1275 3444 1335 idem

1882 1363 2120 1425 clarum
2159 1371 2250 1425 est
2285 1366 2354 1425 in
2389 1364 2800 1445 eleemosynis
2837 1382 2979 1445 quae
3023 1384 3148 1427 non
3180 1366 3340 1425 fiunt
3368 1384 3446 1427 ex

1882 1459 2197 1537 pecuniis,
2237 1460 2342 1519 sed
2371 1476 2446 1519 ex
2477 1458 2822 1520 actionibus
2849 1459 3161 1521 humanis.
3212 1459 3366 1519 Nam
3391 1460 3444 1519 si

1884 1568 2098 1613 servus
2123 1552 2280 1613 nihil
2308 1552 2564 1630 deroget
2590 1552 2844 1613 domino
2880 1552 2944 1613 in
2983 1552 3272 1613 omuibus
3308 1570 3444 1631 quoe

1882 1644 2330 1707 rationabiliter
2357 1644 2633 1725 principit
2673 1694 2688 1712 ‚
2731 1650 2934 1725 potest
2961 1644 3230 1724 reliquas
3256 1644 3442 1706 actio-

1878 1754 1992 1799 nes
2031 1737 2390 1817 impendere
2429 1738 2494 1798 in
2537 1736 2904 1799 beneficium
2939 1737 3227 1807 aliorum,
3274 1737 3435 1816 quod

1880 1830 2068 1893 etiam
2099 1828 2549 1893 observandum
2578 1830 2761 1892 estin
2781 1830 2919 1891 aliis
2947 1830 3280 1909 generibus
3307 1849 3446 1909 per·

1879 1942 2195 1985 sonarum.

1963 2020 2023 2079 3.
2061 2018 2149 2080 De
2175 2017 2875 2099 reliyiosis.-Religiosi
2893 2017 3000 2078 alii
3019 2018 3252 2081 subditi
3275 2026 3442 2093 sunt,

1881 2111 1990 2172 alii
2027 2112 2370 2190 superiores
2403 2132 2417 2171 ε
2458 2112 2666 2172 neutri
2707 2110 2941 2172 habent
2981 2111 3046 2173 in
3091 2112 3439 2192 particulari

1883 2204 2228 2265 dominium
2252 2248 2267 2277 ,
2317 2210 2527 2265 tamen
2574 2205 2920 2285 superiores
2966 2205 3198 2289 babent
3233 2224 3445 2267 rerum

1884 2297 2507 2359 administrationem.
2553 2299 2720 2377 Hinc,
2753 2317 2902 2378 ergo
2936 2298 3314 2377 colliguntur
3351 2318 3450 2359 re-

1885 2390 2047 2467 gulae
2090 2391 2428 2451 servandae.
2481 2392 2687 2452 Prima
2735 2407 2751 2452 ε
2803 2393 3146 2471 superiores
3195 2398 3449 2470 possunt

1884 2484 2087 2545 facere
2117 2483 2354 2563 aliquas
2377 2484 2816 2564 eleemosynas,
2845 2503 3111 2563 quarum
3136 2486 3448 2563 quantitas

1886 2583 1946 2641 et
1974 2578 2217 2653 modus,
2251 2578 2372 2638 nisi
2401 2578 2554 2638 alias
2577 2578 3030 2656 praescribatur,
3061 2596 3274 2639 eorum
3305 2594 3448 2656 pru-

1876 2670 2100 2731 dentiae
2124 2672 2552 2733 committitur.
2604 2671 2931 2733 Secunda:
2973 2671 3204 2731 subditi
3237 2677 3448 2732 tamen

1878 2782 2006 2825 non
2031 2772 2285 2843 possunt
2311 2766 2432 2825 nisi
2459 2782 2536 2826 ex
2565 2766 2902 2843 superioris
2927 2766 3312 2827 concessione
3339 2783 3446 2825 ex-

1882 2876 2086 2935 pressa
2107 2904 2128 2935 ,
2187 2857 2284 2919 vel
2335 2858 2736 2938 probabiliter
2793 2867 3170 2939 praesumpta
3192 2908 3210 2934 ,
3265 2859 3450 2919 divus

1878 2950 2146 3012 Thomas
2169 2955 2227 3013 2.
2259 2954 2320 3026 2,
2355 2958 2570 3030 quaest.
2601 2954 2704 3027 32,
2737 2952 2917 3013 artic.
2950 2953 3013 3028 8,
3042 2952 3120 3011 ad
3148 2951 3442 3031 primum.

1876 3044 2024 3104 Haec
2044 3050 2255 3104 autem
2281 3046 2702 3124 praesumptio,
2735 3046 2984 3124 quaudo
3012 3046 3092 3105 sit
3111 3043 3443 3118 sufficiens,

1874 3154 1952 3197 ex
1981 3137 2458 3199 circumstantiis
2491 3145 2554 3199 et
2593 3139 3040 3199 consuetudine
3082 3137 3450 3199 aestimanda

1874 3236 1988 3292 est.
2047 3230 2313 3293 Censent
2359 3239 2570 3293 tamen
2630 3240 2913 3293 auctores
2974 3233 3392 3293 communiter
3423 3276 3444 3307 ,

1878 3324 2129 3403 quando
2159 3325 2482 3387 necessitas
2509 3326 2714 3405 gravis
2743 3333 2858 3400 est,
2887 3331 2948 3387 et
2977 3344 3100 3386 non
3126 3330 3326 3405 potest
3349 3324 3411 3385 fa
3429 3358 3447 3369 ·

1878 3417 1994 3478 cile
2042 3435 2374 3479 consensus
2433 3419 2767 3495 superioris
2820 3414 3118 3499 postulari
3143 3462 3163 3493 ,
3221 3417 3448 3479 debere

1880 3510 2188 3588 praesumi.
2221 3513 2310 3573 ita
2339 3512 2634 3590 Angelus,
2652 3512 2838 3574 verbo
2860 3512 3288 3591 Eleemosyna,
3306 3528 3449 3573 cum

1878 3602 2111 3678 Glossa,
2153 3604 2218 3664 in
2261 3622 2392 3683 cap.
2433 3606 2578 3668 Non
2617 3605 2858 3682 dicatis,
2900 3607 3000 3678 12,
3037 3612 3256 3682 quaest.
3298 3607 3358 3678 1,
3385 3608 3449 3665 et

1879 3702 1971 3757 est
1999 3696 2180 3757 valde
2217 3697 2552 3776 probabilis
2596 3699 2970 3778 conjectura,
3018 3707 3082 3758 et
3123 3703 3445 3758 consenta-

1880 3806 2000 3849 nea
2029 3789 2139 3849 tali
2169 3791 2378 3851 statui.
2422 3792 2631 3853 Tertia
2661 3812 2675 3850 :
2712 3792 2950 3852 addunt
2981 3808 3218 3866 omnes,
3251 3808 3448 3869 quan·

1881 3881 1964 3941 do
1991 3881 2311 3960 religiosus
2333 3888 2424 3943 est
2447 3876 2514 3943 in
2538 3884 2662 3958 via,
2689 3884 2789 3945 vel
2813 3885 2936 3945 alia
2961 3884 3038 3946 de
3065 3902 3248 3945 causa
3277 3883 3446 3963 degit

1880 3980 2055 4035 extra
2077 3975 2544 4049 monasterium,
2569 3994 2744 4053 posse
2767 3977 3006 4056 aliquas
3023 3977 3448 4055 eleemosynas

1880 4068 2106 4139 facere,
2133 4069 2568 4129 convenientes
2598 4088 2710 4129 suo
2739 4072 2923 4131 statui
2946 4086 2966 4147 3
2998 4076 3135 4131 tum
3163 4070 3312 4149 quia
3335 4088 3447 4147 pro

1880 4167 2032 4221 tunc
2079 4161 2304 4247 illi-est
2349 4162 2677 4223 commissa
2723 4163 3176 4223 administratio
3233 4178 3448 4223 eorum

1881 4252 2186 4314 bonorum
2217 4272 2354 4332 quoe
2383 4254 2696 4333 dispensat
2723 4277 2741 4330 3
2783 4261 2917 4315 tum
2949 4256 3096 4335 quia
3122 4255 3264 4316 talis
3293 4272 3448 4333 prai-

1881 4347 2044 4407 sumi
2077 4346 2261 4407 debet
2303 4348 2634 4427 superioris
2672 4348 2979 4409 voluntas.
3030 4348 3216 4409 Addit
3257 4349 3447 4410 etiam

1882 4442 2166 4513 Navem,
2217 4457 2351 4517 cap.
2403 4440 2550 4503 Non
2591 4442 2834 4515 dicatis,
2883 4460 3060 4503 num.
3113 4444 3214 4514 40,
3261 4440 3448 4502 licere

1881 4534 2069 4594 etiam
2113 4531 2401 4611 religioso
2447 4534 2683 4613 aliquid
2719 4552 2796 4594 ex
2835 4534 2934 4595 his
2965 4552 3104 4613 quas
3144 4534 3221 4595 ad
3260 4550 3442 4593 suum

1881 4626 2238 4703 negotium,
2288 4627 2386 4686 vel
2431 4627 2581 4701 iter,
2635 4626 2731 4687 vel
2777 4628 3006 4687 victum
3059 4626 3176 4687 sibi
3219 4626 3442 4701 datur,

1880 4718 2242 4781 subtrahere
2261 4720 2402 4793 sibi,
2435 4726 2498 4779 et
2519 4720 2586 4779 in
2609 4720 3060 4799 eleemosynam
3081 4720 3251 4791 dare,
3277 4722 3442 4799 quod

1884 4819 1976 4873 est
2004 4813 2104 4892 pie
2132 4812 2390 4886 dictum,
2437 4813 2541 4873 sed
2572 4830 2682 4891 pro
2725 4813 3166 4873 consuetudine
3199 4811 3445 4885 religio-

1884 4924 2036 4967 num
2080 4906 2510 4985 applicandum
2541 4927 2560 4980 3
2606 4914 2781 4968 extra
2822 4906 2932 4967 has
2957 4906 3203 4985 regulas
3226 4951 3243 4980 ,
3286 4906 3443 4967 nihil

1884 5005 2082 5078 potest
2109 4998 2257 5059 dare
2287 4999 2476 5059 etiam
2503 5017 2578 5059 ex
2608 5000 2725 5059 sibi
2755 4998 2918 5060 dono
2945 4999 3122 5069 datis,
3157 5000 3306 5078 quia
3335 5001 3444 5060 ho-

1882 5109 2022 5153 rum
2058 5110 2183 5152 non
2221 5091 2376 5170 ipse,
2408 5091 2510 5153 sed
2547 5093 2766 5170 religio
2785 5092 3134 5151 dominium
3159 5094 3439 5171 acquirit,

1882 5190 1954 5245 ut
1985 5180 2240 5262 vulgare
2265 5190 2380 5245 est.
2412 5184 2564 5245 Vide
2589 5184 2908 5257 Basilium,
2935 5185 3000 5245 iu
3032 5184 3283 5263 Regulis
3307 5185 3444 5245 bre·

1882 5276 2172 5350 vioribus,
2209 5284 2430 5357 quaest.
2464 5280 2567 5351 77,
2597 5280 2675 5339 87
2703 5286 2762 5337 ct
2791 5278 2932 5338 100.

1961 5372 2020 5431 Δ.
2068 5372 2155 5433 De
2179 5370 2634 5448 filiisfamilias.
2656 5370 2982 5434 -Tertioz
3013 5370 3090 5431 de
3115 5368 3438 5431 filiisi'ami-

1879 5463 2015 5536 lias,
2043 5463 2246 5542 quoad
2271 5463 2434 5523 bona
2461 5471 2742 5543 paterna,
2773 5480 3033 5542 quorum
3061 5480 3187 5523 non
3209 5462 3439 5523 habent
