3900 6217
615 540 740 609 tur,
778 531 1120 613 quicuncque
1146 525 1553 612 Evangelimn
1575 530 1822 610 (inquit)
1853 529 1959 593 hoo
1990 529 2176 602 docet,

615 643 798 706 neque
841 624 1118 704 Apostoli
1162 625 1272 686 hoc
1312 628 1623 701 fecerunt,-
1667 624 1819 698 ime,
1868 624 2072 702 prima
2102 621 2179 681 ad

618 716 893 778 Corinth.
927 721 1028 791 10,
1053 717 1140 778 ait
1169 716 1426 778 Paulus:
1469 715 1624 779 Sino
1651 714 1971 796 offensione
2002 718 2182 776 estote

615 811 854 875 Jodoeis
895 816 955 872 et
1013 811 1344 883 Gentibus;
1385 810 1462 871 de
1515 827 1640 888 qno
1693 826 1926 869 canone
1982 807 2177 868 videri

615 911 818 984 potest
849 903 1266 966 Ferdiuandus
1295 902 1609 978 Mendoza,
1643 901 1802 962 libro
1841 904 1877 962 3
1929 901 1993 960 iu
2024 898 2177 960 illud

619 999 982 1072 Concilium,
1014 1015 1052 1058 a
1077 997 1274 1076 capite
1301 997 1401 1070 85,
1427 1013 1624 1074 usque
1647 995 1725 1055 ad
1755 997 1854 1058 50.
1899 993 2007 1053 ubi
2036 1011 2176 1054 eru-

619 1093 744 1152 dite
772 1092 1096 1152 materiam
1125 1091 1531 1170 prosequitur.

699 1190 759 1247 3.
807 1186 1088 1247 Primum
1132 1185 1398 1259 dubium,
1459 1201 1542 1245 aa.
1582 1184 1812 1265 quoties
1877 1182 2014 1263 qui-5
2082 1181 2179 1240 in.-

619 1284 965 1363 terroqatwr
1005 1280 1075 1342 de
1125 1295 1238 1340 aaa
1283 1279 1420 1354 fido,
1483 1283 1755 1340 teneatur
1796 1295 1924 1339 eam
1969 1275 2181 1357 palam

611 1375 909 1460 profiteri.
963 1403 1046 1418 —
1097 1372 1384 1434 Rationes
1448 1370 1762 1433 dubitandi
1815 1387 1930 1451 pro
1998 1373 2181 1448 parte

618 1475 890 1548 amante.
937 1499 1016 1512 —-
1044 1465 1154 1524 His
1196 1479 1342 1540 ergo
1369 1461 1774 1524 existentibus
1817 1462 2022 1534 certiS,
2054 1460 2179 1520 duo

621 1565 950 1641 supersunt
999 1557 1211 1617 dubia.
1267 1556 1545 1618 Primum
1609 1561 1737 1631 est,
1795 1571 1875 1614 an
1939 1554 2179 1632 quoties

619 1655 841 1733 aliquis
871 1654 1292 1728 interrogatur
1319 1649 1398 1709 de
1429 1665 1539 1708 sua
1569 1647 1713 1723 fide,
1757 1665 1839 1708 an
1885 1646 2178 1707 Christia-

621 1767 738 1810 nus
765 1748 868 1821 sit,
917 1764 992 1806 eo
1021 1745 1157 1823 ipso
1187 1749 1474 1803 teneatur
1518 1742 1721 1821 palam
1771 1740 2052 1800 confiteri
2106 1738 2181 1798 fi-

619 1844 784 1904 dem.
813 1841 888 1900 Et
915 1839 1072 1900 ratio
1099 1835 1426 1898 dubitandi
1467 1840 1583 1910 est,
1615 1835 1762 1914 quia
1801 1841 1948 1894 ante
1990 1833 2180 1891 inter-

620 1934 1007 2012 rogationem
1051 1947 1179 1990 non
1219 1933 1464 1990 tenetur
1494 1927 1630 2007 quis
1659 1945 1722 1987 se
1764 1925 2047 2006 prodere,
2080 1923 2178 1984 vel

620 2027 803 2089 fidem
853 2023 1155 2098 confiteri,
1191 2028 1262 2082 nt
1289 2027 1379 2082 est
1404 2039 1518 2100 per
1546 2013 1610 2080 se
1639 2020 1900 2094 clarum,
1935 2017 2177 2098 regula-

618 2123 769 2183 riter
795 2117 1102 2198 loquendo
1113 2131 1132 2193 3
1165 2133 1312 2194 ergo
1357 2131 1561 2194 neque
1592 2119 1727 2193 post
1747 2113 2179 2189 interrogatio-

623 2232 764 2274 nem
795 2217 1063 2272 tenetur.
1101 2207 1406 2270 Probatur
1425 2206 1889 2284 consequentia,
1911 2205 2060 2282 quia
2086 2205 2179 2263 iu-

619 2304 952 2382 terrogatio
985 2319 1108 2362 non
1139 2302 1363 2379 poterit
1387 2299 1678 2358 inducere
1709 2297 2173 2374 obligationem,

621 2398 861 2458 etiamsi
887 2396 966 2455 sit
992 2413 1029 2454 a
1061 2401 1352 2472 tyranno,
1381 2391 1480 2452 vel
1508 2390 1674 2451 malo
1710 2391 2010 2470 principe,
2032 2391 2179 2467 qiua

621 2489 952 2552 nonhabet
978 2488 1406 2548 auctoritatem
1435 2483 1828 2564 praecipiendi
1852 2483 2179 2543 confessio-

621 2601 762 2644 nem
779 2582 917 2643 fidei
928 2629 941 2643 .
957 2579 1260 2653 Secunde,
1273 2580 1419 2658 quia
1435 2583 1632 2657 potest
1643 2577 1864 2656 aliquis
1876 2576 2181 2636 subterfu-

621 2695 788 2757 gere,
821 2673 1052 2736 utendo
1075 2672 1278 2732 verbis
1305 2670 1639 2745 ambiguiS,
1671 2688 1778 2729 seu
1798 2667 2176 2743 artificiosis;

621 2787 770 2848 ergo
808 2774 958 2829 tunc
985 2783 1110 2826 non
1142 2763 1438 2844 peccabit.
1465 2763 1767 2823 Probatur
1791 2779 2179 2841 consequen·

621 2863 732 2936 tia,
759 2860 907 2940 quia
931 2875 1134 2937 neque
1163 2862 1349 2934 negat
1371 2855 1588 2930 fidem,
1617 2871 1818 2934 neque
1851 2856 2176 2929 mentitur,

621 2961 682 3014 et
729 2952 1014 3032 quamvis
1055 2950 1312 3010 fortasse
1370 2949 1760 3026 interrogans
1805 2947 2175 3026 decipiatur,

622 3063 749 3106 non
801 3045 942 3104 ideo
987 3043 1282 3103 tribuitur
1323 3040 1505 3120 culpa
1555 3039 1979 3120 respondenti,
2032 3039 2180 3118 quia

621 3141 752 3218 ipse
781 3153 906 3198 non
927 3136 1073 3195 facit
1087 3151 1288 3214 neque
1311 3132 1577 3194 intendit
1605 3131 2052 3211 deceptionem,
2075 3130 2181 3191 sed

623 3230 926 3310 permittit
947 3228 1140 3303 illam,
1163 3225 1327 3306 quod
1349 3243 1508 3305 saepe
1535 3224 1778 3286 licitum
1801 3229 1914 3286 est.
1945 3225 2176 3298 Tertio,

621 3323 866 3382 videtur
893 3322 1011 3382 hoc
1037 3337 1212 3400 posse
1245 3317 1498 3399 probari
1541 3317 1826 3397 exemplo
1851 3317 2077 3378 Christi
2119 3323 2181 3377 et

623 3417 1020 3484 Sanctorum:
1055 3429 1205 3472 nam
1239 3411 1600 3489 interrogati
1620 3427 1784 3490 saepe
1815 3415 2143 3470 taenenmt
2158 3423 2177 3486 3

624 3525 773 3586 ergo
803 3507 864 3567 id
893 3507 1081 3567 etiam
1121 3503 1298 3564 nobis
1324 3501 1487 3564 licet.

703 3603 766 3660 4.
809 3599 1118 3662 Ite-solutio
1155 3597 1342 3660 dubii.
1393 3627 1477 3644 --
1552 3595 1962 3656 Nihilominus
2018 3613 2185 3656 com-

623 3694 836 3755 munis
903 3691 1208 3752 sententia
1279 3695 1370 3750 est
1419 3689 1620 3750 teneri
1663 3673 1907 3750 fidelem
1935 3690 2011 3749 ad
2038 3707 2184 3750 con-

621 3786 917 3848 fitendam
977 3783 1189 3858 tidem,
1247 3783 1498 3862 quando
1537 3800 1577 3842 a
1627 3789 1895 3861 tyranno
1945 3781 2184 3842 infideli

623 3880 1040 3956 interrogatur
1075 3876 1152 3936 de
1196 3874 1328 3947 illa,
1377 3875 1522 3954 quia
1566 3874 1720 3934 illud
1755 3875 2003 3936 videtur
2028 3880 2185 3935 tem·

621 3991 739 4052 pus
765 3970 1016 4049 majoris
1034 3967 1434 4043 necessitatiS,
1453 3967 1614 4046 quod
1643 3973 1840 4047 potest
1863 3985 2183 4030 occurrere

622 4066 701 4125 ad
745 4062 1156 4125 confitendam
1201 4059 1412 4121 fidem.
1446 4062 1536 4121 lta
1575 4061 1753 4122 docet
1795 4061 1866 4121 D.
1913 4061 2185 4122 Thomas

623 4163 686 4220 2.
715 4161 777 4234 2,
809 4163 1024 4237 quoest.
1059 4157 1121 4231 3,
1151 4162 1269 4216 art.
1311 4158 1372 4230 2,
1421 4160 1484 4214 et
1523 4160 1868 4232 sequuntur
1909 4161 2185 4215 auctores

623 4267 807 4330 supra
833 4249 1029 4322 citati,
1059 4255 1122 4310 et
1141 4247 1408 4308 sumitur
1436 4265 1514 4307 ex
1541 4246 1662 4306 illis
1679 4247 1902 4306 Christi
1949 4247 2179 4323 verbiS,

623 4345 838 4406 Matth.
875 4346 975 4418 10,
1012 4348 1073 4403 et
1097 4342 1239 4402 Luc.
1261 4341 1300 4402 9
1332 4361 1348 4400 :
1387 4340 1504 4414 Qui
1523 4357 1618 4401 me
1647 4339 1946 4402 erubuerit
1982 4357 2185 4402 coram

625 4437 992 4509 hominibus,
1031 4442 1102 4494 ut
1141 4451 1327 4514 snpra
1357 4433 1464 4493 illa
1509 4431 2006 4510 ponder-avimus
2034 4433 2183 4493 item

623 4533 890 4591 sumitur
927 4547 1004 4589 ex
1049 4527 1448 4607 chysostomo
1512 4532 1573 4586 et
1629 4523 1940 4604 Cypriane
1970 4571 1989 4600 ,
2037 4524 2185 4586 locis

625 4641 811 4703 supra
863 4620 1172 4699 allegatis,
1225 4626 1288 4681 et
1329 4636 1407 4679 ex
1453 4617 1722 4696 capitulo
1767 4617 2177 4692 Emi-stimant,

623 4727 683 4776 et
709 4715 898 4795 capit.
944 4713 1156 4778 Nolito
1201 4713 1428 4786 timere,
1482 4714 1580 4785 11,
1639 4717 1856 4790 quaest.
1891 4712 1951 4782 3;
2004 4718 2069 4771 et
2114 4713 2181 4772 in

622 4807 891 4888 capitulo
924 4807 1233 4886 Quisquis,
1269 4803 1485 4865 eadem
1511 4821 1694 4864 causa
1719 4813 1784 4864 et
1817 4805 2180 4882 quaestione,

621 4901 754 4961 haec
817 4917 893 4960 ex
951 4897 1296 4976 Augustino
1349 4897 1536 4957 verba
1589 4897 1945 4958 referuntur
1994 4917 2009 4955 z
2068 4895 2185 4970 Qui

619 4998 784 5056 metu
802 4988 1122 5073 potestatis
1169 4990 1492 5052 veritatem*
1530 4991 1814 5064 occultat,
1859 4989 2022 5050 iram
2074 4989 2187 5052 Dei

623 5103 805 5167 super
843 5102 906 5148 se
927 5087 1238 5163 provocat,
1275 5085 1420 5165 quia
1447 5083 1643 5163 mayis
1673 5083 1841 5146 timu
1891 5081 2187 5145 hominem

568 5170 802 5260 ‘quam
833 5180 1054 5249 Deum
1079 5183 1140 5237 et
1182 5178 1418 5252 isidor„
1449 5176 1492 5236 l.
1533 5179 1570 5237 2
1603 5177 1680 5236 de
1725 5175 1983 5235 Summo
2020 5175 2187 5236 bono

622 5291 731 5332 seu
747 5271 1233 5346 Sententiarum,
1263 5289 1315 5331 e.
1342 5274 1402 5346 Ξ,
1419 5273 1542 5330 ait:
1567 5269 1750 5332 Sicut
1769 5267 1927 5330 nihil
1936 5271 2186 5349 proficit

621 5365 774 5440 fides
814 5381 945 5444 qm»
985 5380 1084 5424 ore
1123 5369 1380 5437 tenetur,
1429 5367 1488 5426 et
1545 5361 1712 5424 corde
1753 5379 1871 5422 mm
1893 5360 2181 5437 creditur,

620 5460 714 5518 ita
751 5457 908 5516 mikil
931 5461 1024 5517 est
1041 5457 1384 5536 profano-a
1401 5456 1550 5536 fides
1569 5471 1700 5535 quoe
1725 5455 1896 5517 corde
1921 5457 2178 5528 tenetur,

623 5550 680 5614 si
706 5567 805 5610 ore
825 5565 940 5608 non
957 5551 1328 5630 proferatur.

1359 423 1596 483 niseum
1633 423 1759 483 XIV.
1795 429 1876 483 DE
1911 423 2247 481 PRAECEPTO
2278 429 2477 481 AcTUs
2508 427 2881 482 Exti-:utonis
2912 427 3093 481 mont.

2343 531 2403 590 5.
2468 530 2665 596 Varioe
2711 529 3014 609 opiniones
3058 537 3477 612 proponuntur.
3497 566 3566 582 -—
3586 539 3642 600 ln
3662 561 3743 604 ex·

2260 622 2546 704 plica-uda
2576 630 2786 684 autem
2822 623 2938 684 hac
2982 625 3263 698 veritate,
3310 629 3618 692 nonnnulla
3652 634 3747 696 ‹lis-

2263 718 2465 778 sensio
2508 718 2670 778 inter
2736 725 3021 778 auctores
3072 735 3205 779 esse
3244 719 3503 782 videtur:
3542 727 3745 803 quidm

2262 811 2431 871 enim
2460 811 2813 872 indistincte
2842 810 3011 872 illam
3038 813 3281 887 docent,
3318 819 3385 872 ut
3414 815 3479 874 D.
3508 817 3746 894 Thomas,

2258 903 2425 963 dicto
2453 909 2570 964 art.
2622 906 2683 975 2,
2732 903 2839 964 nbi
2895 904 3161 982 Aragon.
3216 905 3365 965 Item
3414 908 3680 987 sylvester
3701 921 3750 974 et

2258 995 2553 1073 AngeluS,
2593 1002 2655 1057 et
2700 996 2809 1056 alii
2856 995 3229 1058 Summistoe.
3266 997 3381 1058 Alii
3407 1015 3558 1076 vere,
3576 1011 3639 1063 ut
3658 1007 3751 1066 Va-

2256 1087 2409 1149 lent.
2428 1091 2487 1151 2.
2510 1094 2570 1165 2,
2590 1089 2743 1170 disp.
2774 1092 2831 1164 1,
2854 1109 2915 1168 q.
2946 1093 3006 1166 3,
3036 1096 3251 1170 punct.
3278 1093 3335 1164 1,
3362 1097 3421 1151 et
3446 1095 3696 1175 Sanchez,
3714 1101 3747 1160 l.

2258 1184 2297 1242 Ξ
2317 1183 2545 1258 Decal.,
2578 1202 2631 1244 c.
2658 1185 2719 1259 4,
2746 1183 3255 1262 distinguendum
3274 1190 3481 1262 putant
3496 1187 3635 1249 inter
3647 1209 3753 1269 per-

2259 1293 2475 1336 sonam
2504 1277 3013 1355 interrogantem,
3036 1275 3347 1354 publicam
3370 1277 3460 1338 vel
3480 1281 3749 1361 privatam

2260 1368 2405 1448 quia
2428 1369 2675 1447 quaudo
2702 1387 2961 1448 persona
2982 1376 3073 1429 est
3102 1369 3360 1446 publica,
3380 1371 3435 1430 id
3458 1379 3545 1432 est
3567 1373 3756 1438 habens

2260 1459 2567 1540 publicam
2616 1468 3002 1541 potestatem,
3036 1461 3133 1522 vel
3169 1461 3343 1523 illam
3390 1483 3681 1544 usurpans,
3706 1477 3759 1530 ut

2260 1561 2587 1634 tyrannm,
2608 1564 2757 1614 tune
2776 1555 3032 1615 resultat
3058 1554 3355 1635 obligatio
3380 1560 3757 1638 respondendi,

2262 1649 2407 1726 qnia
2434 1647 2677 1726 publice
2700 1649 2907 1726 agitur
2928 1649 3003 1708 de
3026 1647 3261 1710 honore
3288 1649 3429 1710 fidei
3443 1667 3460 1727 ;
3484 1671 3636 1712 secus
3650 1671 3761 1715 vcro

2261 1757 2389 1801 esse
2424 1741 2643 1800 dicunt
2686 1741 2933 1820 quando
2965 1757 3226 1820 persona
3254 1749 3344 1804 est
3384 1745 3622 1822 privata,
3651 1747 3762 1826 quia

2260 1839 2409 1894 tunc
2436 1840 2637 1912 potest
2674 1833 2875 1894 fidelis
2902 1836 3303 1913 respondere:
3340 1835 3495 1910 Quia
3522 1843 3617 1900 tua
3648 1841 3763 1902 inte-

2258 1927 2429 1989 rest?
2459 1927 2555 1986 vel
2594 1945 2658 1986 se
2696 1925 2859 1988 nolle
2908 1926 2985 1987 de
3023 1927 3131 1988 illa
3180 1947 3247 1990 re
3284 1935 3569 2008 tractare;
3597 1933 3652 1991 in
3675 1933 3763 1992 hoc

2258 2020 2423 2080 enim
2447 2037 2651 2099 'neque
2677 2020 2824 2081 fidei
2846 2035 2999 2092 suae,
3019 2039 3219 2102 neque
3238 2022 3457 2084 honori
3481 2023 3664 2085 divino
3688 2027 3767 2086 cle·

2258 2127 2479 2190 rogare
2524 2113 2805 2173 videtur:
2862 2131 2975 2175 eur
3024 2132 3173 2192 ergo
3222 2133 3352 2175 non
3404 2113 3638 2176 licebit?
3674 2118 3767 2178 Alii

2260 2206 2447 2266 etiam
2476 2205 2553 2266 de
2578 2212 2851 2285 tyranno
2886 2207 3306 2285 distinguunt,
3343 2225 3422 2268 an
3454 2209 3671 2288 publice
3694 2211 3769 2271 vel

2262 2298 2547 2375 privatim
2572 2299 2909 2378 interroget
2926 2321 2942 2374 ;
2978 2317 3123 2360 nam
3155 2301 3318 2361 ratio
3340 2301 3495 2361 facta
3518 2303 3765 2380 procedit,

2260 2391 2507 2472 quando
2526 2391 2928 2470 interrog-atio
2954 2393 3191 2470 publice
3234 2392 3341 2468 fit3
3364 2411 3585 2455 cessare
3605 2399 3770 2455 autem

2260 2486 2525 2558 videtur,
2563 2485 2815 2564 qnando
2845 2485 2915 2544 fit
2948 2486 3263 2564 privatim,
3303 2487 3531 2547 etiamsi
3564 2505 3770 2566 persona

2262 2579 2651 2656 interrogans
2693 2577 2935 2656 publiea
2962 2580 3043 2638 sit
3055 2594 3076 2655 3
3124 2585 3186 2638 et
3236 2582 3328 2639 ita
3367 2580 3626 2658 procedit
3658 2585 3773 2640 tuuc

2262 2672 2421 2731 ratio
2444 2671 2507 2730 in
2552 2671 2876 2750 posteriori
2923 2671 3207 2732 membro
3232 2672 3430 2746 sacta3
3480 2676 3596 2733 imo
3620 2675 3771 2732 etiam

2260 2762 2335 2822 de
2364 2781 2625 2841 persona
2660 2763 2902 2840 publica
2948 2770 3150 2844 posset
3178 2764 3479 2843 distingui
3514 2783 3589 2826 an
3612 2767 3677 2825 sit
3698 2785 3775 2825 su·

2262 2855 2489 2934 perior,
2542 2863 2615 2915 nt
2655 2873 2764 2916 rex
2790 2855 2891 2916 vel
2932 2857 3220 2936 princeps
3250 2860 3552 2938 proprius,
3589 2858 3673 2918 vel
3696 2877 3775 2916 ex-

2260 2955 2474 3009 tranea
2518 2965 2822 3028 persona3
2877 2967 3023 3010 nam
3052 2959 3339 3029 respectu
3377 2950 3554 3028 huju-s
3578 2951 3777 3012 videtur

2260 3059 2387 3101 esse
2406 3042 2613 3101 minor
2629 3041 2944 3120 obligatio.
2969 3042 3090 3102 Alii
3114 3049 3419 3120 praeterea
3440 3043 3777 3120 distinguunt

2261 3134 2449 3195 etiam
2476 3135 2543 3194 in
2572 3151 2837 3214 persona
2864 3137 3102 3215 privata
3116 3151 3136 3212 3
3170 3153 3323 3196 nam
3348 3137 3399 3196 si
3432 3136 3510 3196 sit
3530 3135 3775 3213 vulgaris,

2262 3243 2367 3286 seu
2394 3227 2559 3303 vilis,
2598 3229 2874 3306 procedit
2902 3229 3069 3308 quod
3094 3228 3336 3290 dictum
3374 3234 3501 3304 est3
3540 3229 3587 3288 si
3612 3233 3778 3287 autem

2262 3320 2341 3378 sit
2376 3335 2634 3398 persona
2680 3321 2909 3399 gravis,
2946 3321 3197 3382 videtur
3224 3339 3453 3400 urgere
3504 3321 3781 3382 necessitas

2261 3411 2595 3472 confitendi
2642 3413 2854 3488 fidem,
2878 3415 3026 3493 quia
3068 3421 3357 3494 respectu
3398 3415 3536 3474 talis
3562 3429 3781 3493 persone

2263 3504 2509 3564 videtur
2542 3524 2670 3568 esse
2700 3507 2903 3585 gravis
2940 3507 3197 3585 injuria,
3247 3523 3393 3586 quae
3418 3508 3537 3568 Deo
3558 3506 3645 3566 vel
3670 3503 3781 3564 reli-

2264 3598 2433 3675 gioni
2472 3599 2835 3660 Christianae
2882 3598 2975 3675 fit,
3004 3599 3389 3660 ostendendo
3433 3601 3697 3660 timorem
3734 3597 3783 3654 in

2265 3689 2614 3752 coufitendo
2642 3691 2853 3753 fidem.

2344 3784 2402 3844 6.
2450 3785 2845 3866 Rependitur
2864 3785 3100 3850 clarius
3120 3786 3439 3848 resolutio.
3461 3815 3541 3832 --
3556 3787 3655 3846 Hoe
3675 3799 3788 3842 vero

2264 3877 2689 3939 distinctiones
2714 3879 3067 3940 materiales
3086 3879 3345 3958 quidem
3372 3885 3517 3940 sunt
3538 3878 3611 3938 ad
3632 3875 3787 3955 expli-

2265 3971 2523 4032 candam
2575 3972 3105 4034 circumstantiam
3166 3973 3501 4052 temporis,
3546 3989 3649 4050 pro
3692 3983 3789 4048 quo

2264 4064 2497 4142 obligat
2526 4071 2899 4144 praeceptum
2919 4065 3254 4126 confitendi
3284 4065 3498 4138 fidem,
3524 4070 3585 4124 et
3618 4077 3789 4122 couse-
3837 4087 3838 4092 ¹

2264 4164 2527 4236 quanter
2546 4157 2616 4217 fit
2631 4176 2819 4237 prava
2834 4158 3157 4219 occultatio
3172 4157 3319 4219 fidei
3336 4179 3353 4233 ;
3378 4177 3520 4218 nam
3538 4157 3659 4217 haec
3670 4154 3793 4214 obli-

2264 4249 2433 4328 gatio
2458 4267 2587 4310 non
2636 4251 2913 4311 nascitur
2938 4269 3014 4312 ex
3051 4250 3351 4330 qualitate
3392 4249 3494 4312 vel
3542 4252 3791 4328 potestate

2266 4359 2539 4421 personae
2580 4343 2877 4421 rogantis,
2932 4343 3038 4403 sed
3076 4360 3153 4403 ex
3206 4343 3551 4418 occasione,
3612 4341 3793 4416 inqua

2265 4452 2389 4493 non
2430 4440 2629 4514 potest
2658 4435 2947 4494 occultari
2974 4434 3129 4496 fides
3176 4435 3311 4495 sine
3363 4435 3539 4514 gravi
3566 4431 3793 4492 diminu-

2264 4525 2432 4588 tione
2456 4526 2653 4586 diviui
2681 4526 2954 4603 honoris,
2986 4534 3095 4588 aut
3120 4529 3503 4589 detrimento
3531 4521 3795 4606 spirituali

2263 4617 2719 4699 proximorum,
2764 4625 2837 4680 ut
2873 4637 2946 4680 ex
2994 4620 3173 4682 dictis
3220 4623 3497 4682 sectione
3535 4613 3794 4696 superiori

2262 4718 2517 4772 constat.
2552 4713 2630 4772 Et
2664 4711 2801 4772 ideo
2836 4729 3060 4791 parum
3094 4713 3284 4774 refert
3307 4711 3477 4793 quod
3504 4727 3711 4790 rogans
3735 4707 3799 4766 sit

2263 4805 2547 4884 proprius
2568 4823 2700 4880 rex,
2732 4803 2831 4865 vel
2857 4811 3213 4880 extraneuS,
3250 4823 3397 4867 cum
3436 4801 3713 4882 obligatio
3736 4813 3797 4856 cx

2258 4898 2681 4976 jurisdictione
2709 4900 2984 4976 rogantis
3014 4917 3138 4960 non
3168 4899 3429 4959 oriatur.
3461 4901 3537 4958 Et
3562 4897 3637 4956 ob
3662 4909 3799 4953 eam·

2265 4989 2407 5050 dem
2450 5009 2698 5051 eausam
2741 4991 2899 5052 nihil
2928 4992 3219 5068 obstabit,
3248 4993 3419 5072 qnod
3454 4999 3797 5071 personare·

2266 5083 2469 5160 gantis
2500 5084 2579 5144 sit
2606 5085 2845 5164 privata
2870 5105 2887 5159 3
2918 5101 3065 5146 nam
3092 5085 3143 5145 si
3168 5086 3415 5164 rogatio
3446 5086 3527 5144 sit
3565 5077 3795 5162 publica,
3832 5069 3834 5167 ]

2266 5181 2553 5255 poterunt
2578 5177 2793 5238 eadem
2827 5177 3220 5238 incommoda
3248 5178 3449 5257 sequi,
3482 5193 3605 5235 non
3640 5167 3797 5232 confi·

2266 5268 2453 5328 tendo
2479 5267 2665 5330 fidem
2714 5271 2785 5330 in
2812 5269 2922 5329 tali
2946 5267 3207 5330 articulo
3222 5285 3243 5347 3
3300 5276 3365 5328 et
3409 5267 3598 5329 simili
3616 5261 3797 5332 modo,

2265 5361 2548 5438 quamvis
2602 5363 2841 5439 rogatio
2869 5363 3109 5440 privata
3134 5363 3235 5438 sit,
3265 5367 3455 5441 atque
3476 5361 3659 5421 etiam
3684 5371 3801 5434 per·

2262 5469 2411 5514 sona
2448 5471 2695 5533 roganS,
2734 5456 2787 5515 si
2812 5459 3024 5516 tamen
3053 5455 3161 5517 illa
3191 5457 3271 5516 sit
3298 5454 3535 5534 gravis,
3558 5457 3617 5513 et
3638 5443 3832 5536 possit}

2262 5547 2528 5608 multum
2568 5546 2712 5608 fidei
2744 5546 3028 5626 prodesse
3068 5547 3167 5610 vel
3196 5563 3449 5622 nocere,
3478 5547 3555 5606 ad
3596 5543 3799 5604 dictam
3830 5539 3832 5604 ὲ

3834 4613 3836 4643 l
