3900 6217
500 383 581 447 60

502 506 647 551 esse
667 491 896 572 natura
934 507 1075 565 sua,
1109 496 1175 556 ut
1204 490 1461 571 inclinet
1488 491 1571 559 ad
1594 491 2065 568 assentiendum

497 582 796 645 revelatis
822 583 1075 664 quando
1108 603 1256 651 vera
1286 592 1456 659 sunt,
1481 604 1613 647 non
1630 591 1847 649 antem
1870 604 2069 665 quau-

502 675 585 737 do
606 682 751 739 sunt
777 676 957 740 falsa.
990 678 1122 741 Sed
1140 679 1259 742 hoc
1286 684 1381 743 est
1408 678 1815 759 impossibile,
1846 680 1996 757 quia
2017 678 2068 743 si

500 770 662 831 ratio
706 770 985 834 formalis
1020 771 1329 851 objectiva
1361 771 1538 837 dese
1578 777 1676 835 est
1700 772 2068 836 indifferens

502 863 589 927 ad
615 882 833 928 verum
859 869 930 925 et
952 864 1203 936 falsum,
1234 864 1615 945 impossibile
1648 871 1745 927 est
1774 866 1923 945 quin
1952 866 2070 928 ha-

502 956 671 1020 bitus
720 957 799 1023 sit
846 957 1035 1020 etiam
1064 956 1453 1032 indifferens,
1498 957 1645 1039 quia
1700 976 1831 1023 non
1882 959 2071 1024 sumit

502 1050 813 1114 rationem
840 1068 1029 1115 suam
1067 1069 1145 1113 ex
1174 1052 1419 1131 objecto
1474 1052 1804 1126 materiali,
1838 1052 1952 1114 sed
1991 1070 2068 1117 ex

502 1142 773 1219 formali,
804 1148 875 1205 ut
900 1150 1073 1225 patet
1094 1144 1161 1207 in
1188 1144 1315 1209 fide
1342 1150 1405 1209 et
1432 1144 1727 1225 opinione
1747 1144 2062 1209 humanis.

504 1237 581 1297 Et
598 1242 907 1317 praeterea
932 1237 1039 1300 iila
1064 1237 1384 1303 inclinatio
1414 1256 1549 1302 non
1572 1242 1781 1318 potest
1809 1256 1947 1301 esse
1975 1238 2064 1301 illi

504 1328 745 1396 homini
790 1335 963 1407 nota,
1012 1337 1074 1394 et
1118 1332 1261 1395 ideo
1320 1349 1546 1411 parum
1596 1332 1939 1396 deserviret
1989 1330 2072 1394 ad

506 1424 1003 1490 confirmandam
1050 1424 1242 1489 fidem
1277 1426 1589 1489 actualem
1642 1430 1705 1487 et
1752 1426 2072 1490 certitudi-

506 1517 717 1579 dinem
758 1519 915 1597 ejus.
948 1519 1233 1599 Denique
1272 1525 1369 1581 est
1407 1519 1641 1599 optima
1684 1519 1875 1583 etiam
1908 1520 2069 1581 ratio

506 1629 545 1671 a
584 1611 823 1689 priori,
887 1613 1034 1693 quia
1095 1612 1301 1673 omnis
1360 1611 1659 1691 perfectio
1710 1612 2072 1691 simpliciter

507 1703 695 1765 debet
720 1722 859 1767 asse
886 1706 953 1765 in
984 1706 1115 1767 Deo
1146 1705 1211 1765 in
1238 1722 1484 1767 summo
1513 1703 1715 1785 gradu.
1743 1705 2070 1784 perfeetio-

504 1799 627 1869 nis,
659 1798 766 1877 qui
797 1798 1057 1877 cogitari
1084 1801 1336 1877 posset3
1364 1797 1473 1861 sed
1516 1797 1743 1862 veritas
1774 1804 1869 1862 est
1914 1817 2061 1879 per·-

506 1889 691 1951 feetio
733 1890 1093 1971 simpliciter
1120 1910 1135 1962 ;
1170 1908 1319 1971 ergo
1346 1898 1443 1953 est
1467 1890 1533 1951 in
1560 1892 1689 1953 Deo
1724 1892 1796 1953 in
1822 1908 2068 1953 summo

506 1984 750 2065 gradu:
786 2002 935 2063 ergo
968 2002 1297 2065 nunquam
1335 1988 1541 2065 potest
1567 1985 1899 2047 admittere
1948 1984 2072 2047 fal-

509 2096 651 2139 sum
696 2078 761 2141 in
804 2078 983 2142 dietis
1022 2078 1185 2152 Dei;
1229 2098 1377 2144 nam
1424 2098 1550 2159 quo
1593 2079 1821 2143 veritas
1867 2080 2070 2161 magis

508 2172 701 2235 distat
728 2191 767 2233 a
797 2172 1089 2247 falsitate,
1131 2174 1460 2253 magisque
1506 2175 1594 2236 illi
1622 2181 1960 2255 repugnat,
1990 2193 2069 2237 eo

507 2265 875 2349 intelligitur
904 2285 1043 2331 esse
1090 2267 1296 2346 major
1325 2273 1389 2329 et
1424 2266 1800 2348 perfectior3
1836 2268 1887 2329 si
1918 2285 2069 2348 ergo

510 2364 604 2421 est
624 2377 893 2435 summa,
914 2378 1157 2424 summe
1179 2360 1367 2423 etiam
1394 2366 1727 2441 repugnat,
1747 2366 1809 2421 et
1826 2360 1917 2421 ita
1938 2360 2073 2421 haee

506 2455 925 2534 repugnantia
956 2473 1083 2517 non
1116 2454 1312 2515 oritur
1350 2472 1431 2515 ex
1470 2455 1633 2535 lege,
1670 2453 1785 2517 sed
1818 2472 1897 2517 ex
1938 2452 2074 2515 infi-

506 2547 635 2609 nita
662 2548 1047 2629 perfectione
1072 2548 1301 2611 divina.
1340 2549 1457 2609 Per
1494 2548 1663 2629 quod
1698 2564 2074 2629 responsum

510 2648 605 2705 est
632 2642 713 2705 ad
748 2644 1021 2723 primum
1062 2641 1569 2705 fundamentum.

592 2738 689 2798 10.
760 2734 865 2807 ,Ad
912 2738 1237 2801 secundum
1295 2737 1753 2813 fundamentum
1806 2736 2074 2817 ejusdam

508 2831 819 2899 ,sententiae
849 2832 1241 2915 respondetur
1278 2848 1394 2911 per
1447 2829 1833 2893 assertionem
1862 2847 2078 2893 seeun-

508 2925 648 2989 dam
706 2924 775 2990 de
810 2924 949 3003 fido.
980 2954 1063 2971 -
1084 2924 1249 2990 Deus
1292 2921 1647 3003 promittere
1702 2922 1909 3005 nequit
1939 2923 2079 2987 abs-

510 3034 619 3095 que
672 3017 1001 3103 intensione
1057 3017 1367 3099 implendi.
1419 3046 1500 3061 —-
1546 3014 1680 3083 Neo
1710 3020 1911 3099 potest
1955 3032 2077 3077 non

509 3110 759 3193 implere
826 3112 984 3192 quod
1044 3110 1355 3193 promisit.
1418 3140 1500 3157 --
1562 3111 1641 3173 Ut
1701 3110 1782 3171 ad
1852 3127 2077 3172 secun-

511 3203 665 3265 dum
696 3204 1139 3283 respondeam,
1182 3204 1319 3265 dico
1360 3202 1675 3265 seeundo:
1716 3204 1907 3278 DeuS,
1946 3221 2076 3265 non

510 3296 718 3360 solum
767 3296 1165 3373 affirmando,
1214 3296 1329 3359 sed
1364 3296 1555 3359 etiam
1608 3296 2071 3374 promittenda,

509 3389 761 3451 mentiri
800 3408 928 3452 non
970 3393 1196 3469 potest,
1234 3392 1345 3451 aut
1374 3388 1642 3452 infidelis
1671 3406 1831 3461 esse,
1882 3388 2075 3469 etiam

510 3482 591 3543 de
646 3483 925 3561 potentia
995 3482 1300 3545 absoluta.
1364 3483 1507 3543 Haec
1569 3481 1757 3542 etiam
1813 3480 2075 3543 assertio

510 3576 590 3637 de
627 3576 751 3639 fide
799 3582 897 3637 est
926 3621 943 3651 ,
1019 3594 1099 3639 ex
1156 3575 1399 3639 eisdem
1466 3574 1835 3637 testimoniis
1884 3592 2074 3653 supra

513 3668 713 3729 citatis
738 3714 757 3741 ‚
814 3673 878 3732 et
921 3687 999 3733 ex
1046 3670 1177 3743 illo,
1228 3670 1413 3731 Dent.
1465 3670 1579 3731 32:
1638 3669 1803 3736 Deus
1848 3668 2070 3748 fidelis,

474 3820 489 3833 ,
509 3767 569 3825 et
614 3763 833 3845 absque
876 3762 1013 3825 ulla
1062 3762 1391 3843 iniquitate
1434 3762 1653 3842 justus
1712 3766 1769 3823 et
1818 3767 2020 3825 rectus
2051 3784 2078 3831 ;

512 3861 574 3917 et
612 3873 689 3917 ex
730 3856 837 3918 illo
868 3855 1096 3917 Psalm.
1136 3858 1294 3917 114:
1339 3854 1577 3919 Fidelis
1616 3856 1783 3917 Deus
1829 3856 1899 3917 in
1952 3872 2078 3917 om-

506 3949 683 4012 nibus
730 3952 923 4013 verbis
948 3952 1101 4027 suis,
1148 3957 1207 4017 ot
1236 3956 1490 4015 sanctus
1508 3952 1579 4012 in
1622 3950 1892 4013 omnibus
1914 3966 2076 4030 ὀρο-

504 4043 676 4107 ribus
698 4043 851 4107 suis.
878 4044 971 4105 Ex
1000 4044 1231 4123 quibus
1247 4044 1457 4105 verbis
1486 4047 1753 4119 constat,
1784 4042 1869 4103 ad
1892 4060 2079 4103 sanc·-

509 4136 751 4199 titatem
794 4135 909 4199 Dei
948 4138 1265 4217 pertinere
1292 4134 1677 4211 fidelitatem,
1712 4152 1919 4215 neque
1946 4152 2078 4195 ma-

510 4228 605 4308 gis
632 4248 817 4309 posse
850 4248 993 4295 esse
1032 4230 1353 4296 infidelem
1398 4247 1593 4309 quam
1632 4228 1918 4307 iniquum
1948 4244 1970 4307 3
2016 4232 2080 4291 et

508 4322 650 4385 ideo
700 4322 853 4386 dixit
912 4324 1173 4401 Paulus,
1217 4326 1257 4385 2
1286 4323 1367 4387 ad
1394 4323 1553 4387 Tim.
1586 4324 1626 4383 2
1651 4341 1667 4383 ε
1696 4322 1929 4387 Fidelis
1958 4327 2073 4397 est,

507 4416 777 4499 seipsum
806 4434 1025 4498 mpero
1067 4435 1189 4479 non
1213 4423 1451 4497 potest‚·
1494 4417 1561 4479 in
1602 4416 1831 4495 quibus
1868 4415 2076 4477 verbis

510 4510 660 4571 satis
685 4509 919 4571 indicat
942 4510 1431 4590 implicationem
1456 4508 2078 4587 contradictionis‚;et

511 4608 968 4683 consequenter
1004 4603 1357 4667 absolutam
1384 4603 1976 4684 impossibilitatem,
2006 4609 2077 4663 ut

510 4695 881 4777 ponderavit
908 4696 1097 4759 etiam
1134 4698 1208 4759 D.
1244 4697 1517 4759 Thomas
1560 4716 1637 4761 eo
1664 4698 1825 4773 loco,
1858 4702 1922 4761 et
1951 4700 2077 4759 Au-

510 4788 953 4867 gustinus,1.1
1014 4789 1095 4852 de
1136 4789 1437 4871 Symbolo
1484 4791 1570 4852 ad
1612 4791 1889 4863 Cateeh.,
1922 4808 1979 4851 e.
2011 4794 2070 4851 1.

508 4881 685 4941 Ratio
709 4900 857 4945 vero
884 4888 999 4957 est,
1032 4882 1181 4963 quia
1210 4880 1543 4962 dupliciter
1562 4888 1771 4965 potest
1796 4882 2073 4945 deficere

510 4972 573 5037 in
600 4974 1013 5055 promissione
1048 4995 1061 5036 ε
1094 4995 1223 5039 uno
1250 4977 1461 5051 modo,
1487 4976 1907 5059 promittendo
1938 4976 2076 5041 sine

512 5062 857 5131 intentione
879 5068 1180 5149 implendi
1209 5088 1226 5144 ς
1256 5069 1378 5131 alio
1408 5070 1621 5143 modo,
1654 5068 2076 5149 promittendo

512 5178 659 5225 cum
680 5161 1051 5238 intentione,
1086 5170 1146 5227 et
1172 5170 1393 5245 postea
1433 5181 1565 5225 non
1586 5163 1909 5245 implendo
1934 5181 2077 5243 pro·

512 5254 809 5315 missum:
849 5262 1117 5337 utroque
1156 5263 1369 5319 autem
1400 5256 1587 5319 modo
1630 5262 1941 5338 repugnat
1971 5257 2076 5319 de·

512 5346 713 5412 fectus
770 5350 1051 5413 'veritatis
1100 5349 1498 5429 promissioni
1550 5350 1823 5425 divinae3
1893 5368 2070 5431 ergo.

515 5440 820 5505 Probatur
843 5442 1052 5503 minor
1078 5443 1293 5523 quoad
1322 5443 1604 5523 priorem
1628 5449 1895 5525 partem,
1927 5443 2078 5523 quia

513 5535 877 5615 promittere
898 5536 1031 5599 sine
1059 5536 1401 5600 intentione
1428 5542 1594 5599 esset
1612 5536 1875 5599 formale
1902 5554 2077 5599 men-

980 387 1221 446 msrur.
1248 388 1339 447 iu.
1374 390 1453 446 ue
1482 374 2056 448 omm‘ro-FORMAU
2086 389 2384 455 Fiunt-er
2405 387 2710 456 wemno
2741 390 2827 444 an
2858 387 3058 453 mmo,
3086 384 3220 444 erc.

2147 492 2420 568 dacium,
2462 496 2532 557 et
2555 491 2733 565 iden„
2756 492 3035 567 sihema
3073 491 3164 556 eia
3201 488 3524 571 promittat
3561 503 3716 551 cam

2146 587 2522 667 juramento,
2543 592 2639 650 eet
2663 584 2924 650 formale
2951 584 3320 663 perjurium,
3350 580 3523 661 quod
3543 579 3716 641 adeo

2147 698 2368 744 verum
2417 684 2532 754 est,
2565 685 2636 741 ut
2663 678 2808 741 lieet
2851 678 2934 744 sit
2957 677 3192 748 malum
3237 675 3406 755 quod
3448 672 3720 753 promit-

2149 773 2247 849 tit,
2277 773 2470 835 debet
2487 772 2726 837 habere
2749 766 3498 845 intentionemfaciendi,
3513 767 3600 829 ad
3629 766 3724 827 vi-

2151 864 2412 929 tandum
2439 865 2818 945 pei-jnrium3
2855 882 3006 945 ergo
3039 862 3528 941 omnia,.quihus
3565 876 3724 939 pro-

2147 960 2365 1023 batum
2407 965 2502 1023 est
2527 961 2728 1021 Deum
2753 975 2886 1021 non
2917 974 3105 1037 posse
3146 955 3414 1030 mentiri,
3439 953 3724 1034 probant

2152 1054 2341 1115 etiam
2379 1070 2512 1115 non
2554 1069 2738 1131 posse
2775 1051 2898 1113 hoe
2945 1050 3134 1113 modo
3189 1048 3572 1129 promittere.
3611 1047 3724 1109 Se·-

2149 1146 2356 1209 cunda
2397 1164 2550 1209 vero
2603 1163 2754 1224 pars
2813 1144 3074 1207 mineris
3120 1142 3303 1207 facila
3373 1142 3564 1204 etiam
3605 1138 3722 1201 de-

2149 1244 2553 1313 monstratur,
2585 1239 2732 1319 quia
2769 1255 2900 1300 non
2946 1236 3210 1316 implere
3235 1234 3724 1316 promissionem

2153 1352 2298 1395 cum
2325 1333 2669 1395 intentione
2721 1330 2976 1403 factam,
3023 1330 3212 1393 etiam
3270 1334 3367 1394 est
3421 1328 3676 1389 malum
3703 1371 3722 1400 ,

2153 1435 2215 1491 et
2249 1432 2472 1489 contra
2509 1432 2748 1490 rectam
2775 1424 3109 1499 rationem,
3159 1424 3282 1485 nisi
3345 1422 3558 1501 aliqua
3617 1440 3727 1483 su-

2151 1521 2527 1601 perveniens
2555 1520 2716 1583 ratio
2745 1519 2920 1598 prius
2944 1536 3070 1579 non
3099 1517 3372 1597 cogitata
3403 1520 3676 1581 excuset
3707 1535 3724 1585 ;

2151 1617 2360 1681 sedin
2385 1618 2512 1679 Deo
2540 1633 2672 1677 non
2698 1614 2896 1679 hahet
2933 1614 3142 1677 locum
3197 1612 3332 1676 haee
3369 1610 3726 1682 excusatio,

2151 1710 2298 1789 quia
2325 1710 2496 1771 nulla
2523 1728 2690 1771 nova
2723 1708 3016 1788 cogitatio
3045 1706 3130 1769 illi
3167 1705 3570 1785 supervenire
3606 1721 3726 1781 po-

2151 1810 2294 1876 test,
2331 1821 2540 1885 neque
2579 1801 2818 1881 aliquid
2861 1800 3168 1872 accidere,
3201 1798 3376 1878 quod
3407 1816 3538 1859 non
3567 1796 3724 1859 fue-

2151 1898 2232 1959 rit
2269 1899 2350 1959 ab
2381 1914 2460 1959 eo
2487 1895 2842 1976 praevisum,
2875 1912 3086 1972 neque
3130 1911 3244 1973 per
3280 1890 3724 1975 impotentiam

2151 1992 2440 2057 excusari
2486 1996 2718 2069 potest,
2760 2006 2910 2053 eum
2947 1989 3028 2052 sit
3071 1988 3504 2067 mnnipotens3
3555 2003 3720 2063 ergo

2149 2092 2440 2165 respectu
2487 2085 2602 2150 Dei
2673 2102 2802 2147 non
2863 2082 3124 2161 implere
3190 2079 3365 2159 quod
3421 2078 3722 2142 absolute
3849 2088 3851 2095 ·

2151 2178 2440 2259 promisit
2463 2220 2484 2253 ,
2516 2194 2770 2255 semper
2811 2181 2905 2238 est
2952 2180 3171 2237 contra
3217 2173 3540 2237 veritatem
3571 2216 3592 2244 ‚
3643 2188 3722 2231 ae

2155 2272 2422 2335 subinde
2464 2270 2729 2344 malum,
2764 2276 2826 2333 et
2872 2266 3485 2348 repugnans.divinoe
3533 2270 3724 2327 natu-

2152 2382 2262 2427 rae.
2296 2366 2512 2443 Neque
2543 2364 2732 2425 etiam
2774 2362 3036 2441 cogitari
3065 2366 3270 2443 potest
3319 2360 3555 2431 Deum,·
3573 2376 3723 2435 pro-

2153 2464 2293 2537 pter
2317 2474 2683 2537 supremum
2727 2456 3096 2528 dominium,
3137 2472 3320 2534 posse
3346 2472 3428 2515 ex
3453 2452 3592 2513 sola
3613 2470 3724 2513 vo-

2152 2552 2398 2621 luntate
2447 2552 2712 2613 honeste
2755 2568 2885 2611 non
2915 2548 3176 2629 implere
3205 2546 3612 2626 promissum,
3645 2546 3728 2603 si-

2155 2663 2236 2707 ne
2289 2645 2412 2705 alia
2462 2662 2628 2707 nova
2679 2644 3045 2714 occasione,
3085 2648 3314 2721 praeter
3366 2641 3724 2704 libertatem

2155 2756 2337 2801 suam
2362 2784 2379 2813 ,
2430 2738 2606 2817 quia·
2646 2738 2904 2799 libertas
2975 2735 3185 2799 divina
3242 2753 3372 2801 non
3443 2730 3726 2795 excludit

2155 2832 2746 2906 immutabilitatem,
2781 2848 2922 2910 quae
2978 2830 3058 2893 ad
3076 2828 3358 2894 divinam
3386 2826 3730 2907 perfeetio-

2157 2942 2328 2998 nem,
2355 2934 2480 2989 tam
2529 2924 2883 2987 naturalem
2925 2940 3116 3001 quam
3164 2922 3494 2992 moralem,
3525 2918 3730 2981 mxi-

2157 3038 2260 3083 me
2297 3018 2654 3083 necessaria
2705 3020 2840 3091 est3
2883 3017 2938 3079 si
2969 3022 3185 3079 autem
3213 3016 3316 3077 illo
3351 3014 3540 3079 modo
3590 3030 3726 3073 non

2157 3112 2446 3193 impleret
2481 3112 2882 3191 promissum,
2899 3109 3258 3173 necessario
3273 3113 3544 3173 mutaret
3573 3124 3726 3185 pro·

2154 3206 2430 3286 positum
2485 3205 2658 3285 quod
2721 3205 2940 3267 habuit
3005 3220 3149 3265 cum
3205 3202 3546 3280 promisit3
3563 3218 3724 3280 ergo

2159 3318 2338 3379 teque
2358 3305 2670 3379 repugnat
2698 3300 2820 3359 hoc
2837 3300 2988 3371 Deo,
3013 3297 3174 3359 sieut
3199 3296 3453 3368 mutari3
3489 3301 3552 3357 et
3573 3294 3725 3356 ideo

2151 3394 2378 3455 merito
2414 3392 2569 3455 dixit
2600 3391 2986 3464 Ambrosius,
3023 3392 3207 3454 citato
3245 3390 3428 3453 loco:
3478 3389 3728 3457 Veritas

2153 3504 2276 3549 non
2305 3485 2525 3568 redpic
2558 3486 2955 3559 mendacium,
2993 3501 3102 3549 mo
3131 3483 3247 3549 Dei
3275 3483 3479 3547 wius
3509 3482 3730 3545 levita-

2159 3580 2244 3643 tis
2301 3596 2606 3653 errorem,
2665 3578 2944 3657 primum
3007 3582 3266 3656 propter
3325 3572 3728 3638 infallibilita-

2155 3680 2308 3747 tem,
2341 3671 2690 3735 secuudum
2729 3677 2986 3750 propter
3023 3668 3624 3731 immutabilitatem·
3610 3710 3626 3739 ,
3661 3672 3730 3727 et

2157 3774 2494 3845 utrumque
2545 3764 2964 3845 significatum
3031 3769 3128 3825 est
3163 3763 3228 3821 in
3276 3762 3482 3825 verbis
3526 3762 3720 3821 Num.

2157 3862 2258 3933 23,
2290 3878 2484 3939 supra
2511 3858 2712 3921 citatis
2743 3876 2758 3917 :
2801 3857 2944 3925 Non
2975 3862 3066 3921 est
3109 3858 3270 3919 Deus
3299 3861 3371 3919 ut
3421 3857 3612 3929 home,
3651 3860 3730 3915 ut

2153 3955 2512 4025 mentiatur,
2544 3968 2728 4031 noque
2769 3956 2842 4013 ut
2874 3950 3050 4027 filius
3084 3949 3368 4022 hominis,
3411 3952 3482 4011 ut
3529 3953 3728 4011 muu-

2157 4052 2284 4111 tur.
2319 4047 2526 4107 Potest
2546 4044 2738 4106 etiam
2777 4040 3085 4105 declarari
3110 4040 3550 4120 repugnantia,
3583 4057 3726 4119 quae

2157 4146 2254 4202 est
2305 4140 2372 4199 in
2423 4138 2770 4201 mutatione
2825 4136 3022 4197 divini
3075 4134 3376 4215 propositi
3425 4132 3722 4205 absoluti,

2157 4233 2306 4312 quia
2353 4250 2431 4295 ex
2457 4232 2518 4291 vi
2563 4230 2728 4293 illius
2757 4248 2866 4291 res
2891 4248 3086 4308 quam
3125 4231 3298 4293 Deus
3337 4228 3547 4291 faeere
3573 4244 3722 4305 pro-

2157 4326 2372 4406 ponit,
2417 4324 2626 4387 futura
2663 4328 2804 4397 est;
2859 4323 2912 4385 si
2965 4329 3178 4387 autem
3232 4325 3402 4385 Deus
3447 4324 3728 4386 mutaret

2155 4418 2546 4499 propositum
2565 4462 2582 4490 ,
2613 4435 2744 4479 non
2783 4415 3105 4491 eveniret3
3157 4419 3469 4495 repugnat
3505 4417 3722 4475 autern

2155 4530 2292 4575 rem
2353 4510 2552 4573 semel
2599 4510 2876 4572 futuram
2917 4527 3244 4591 nunquam
3287 4514 3505 4589 postea
3555 4505 3721 4579 fieri,

2156 4605 2312 4668 alias
2343 4621 2670 4683 nunquam
2705 4602 2930 4664 fuisset
2973 4602 3208 4665 futura.
3265 4600 3446 4665 Unde
3487 4598 3728 4661 confir-

2155 4702 2397 4769 matur3
2445 4714 2600 4759 nam
2627 4695 2880 4775 quando
2914 4695 3084 4757 Deus
3105 4693 3430 4775 proposuit
3457 4692 3724 4773 implere

2153 4790 2550 4869 promissum,
2582 4789 2684 4851 vel
2723 4788 3033 4869 praescivit
3059 4806 3128 4851 se
3163 4792 3550 4849 mutaturum
3579 4802 3724 4865 pro-

2153 4884 2452 4963 positum,
2485 4882 2590 4945 vel
2617 4883 2737 4943 hoc
2756 4881 3068 4961 ignoravit
3085 4897 3108 4961 3
3134 4881 3185 4942 si
3213 4878 3542 4961 ignoravit,
3575 4896 3728 4957 pro-

2157 4974 2319 5039 fecto
2359 4992 2684 5055 nunquam
2709 4980 2804 5037 est
2830 4974 3042 5035 futura
3069 4974 3210 5035 talis
3247 4972 3532 5047 mutatio,
3567 4970 3724 5031 alias

2156 5070 2222 5131 in
2274 5072 2471 5133 Deum
2525 5068 2784 5131 caderet
2831 5069 3184 5149 ignorantia
3237 5068 3332 5131 rei
3381 5064 3724 5145 aliquando

2157 5164 2423 5239 futurae3
2455 5163 2506 5225 si
2535 5166 2746 5227 autem
2782 5162 3094 5245 praeseivit
3123 5206 3139 5237 ,
3181 5180 3314 5223 non
3351 5158 3562 5239 potuit
3608 5159 3726 5219 ha-

2155 5258 2310 5319 here
2361 5274 2586 5321 verum
2650 5259 2712 5319 et
2772 5254 3132 5317 absolutum
3186 5254 3576 5336 propositum
3635 5252 3726 5313 fa-

2158 5348 2360 5411 ciendi
2391 5348 2478 5423 id,
2507 5348 2683 5429 quod
2707 5348 3077 5428 praesciebat
3101 5364 3428 5427 nunquam
3453 5364 3594 5413 esse
3629 5344 3723 5405 fu-

2157 5449 2412 5515 turum;
2461 5460 2611 5523 ergo
2648 5441 2816 5503 omni
2879 5458 2958 5503 ex
2995 5446 3174 5524 parte
3233 5445 3545 5521 repugnat
3591 5440 3720 5501 Deo

2157 5534 2492 5599 infidelitas
2527 5534 2596 5599 in
2621 5534 2966 5616 promissis
