3900 6217
516 366 636 427 312

519 471 804 550 negando
827 470 1165 551 sequelam,
1201 470 1452 546 scilicet,
1482 470 1616 531 fieri
1643 488 1818 551 posse
1844 480 1915 529 ut
1941 471 2075 532 haec

519 570 786 644 potestas
808 563 1074 643 eligendi
1099 562 1243 623 solis
1262 562 1434 625 laicis
1456 567 1899 639 committatur,
1927 584 2075 625 nam

519 662 674 717 esset
700 655 1104 716 intolerabilis
1135 654 1386 731 abusuri,
1425 663 1488 717 et
1515 674 1704 735 grave
1737 658 2077 719 incommo-

519 750 672 810 dum
699 749 1004 825 Ecclesiae,
1035 748 1199 828 quod
1221 749 1407 809 etiam
1431 752 1773 811 contrarius
1793 751 2076 812 Ecclesiae

518 860 670 903 usus
709 841 1070 919 conflrmat3
1109 858 1182 901 ac
1225 841 1370 903 licet
1415 842 1493 903 ad
1535 842 1898 905 electionem
1933 844 2078 904 laici

517 935 802 998 nonnulli
843 935 1254 997 admittantur
1297 936 1364 996 in
1407 952 1552 997 casu
1605 944 1866 1015 urgente
1885 982 1903 1011 ,
1947 954 2078 997 non

517 1028 764 1091 videtur
833 1036 1008 1089 extra
1070 1028 1382 1089 &ontificis
1457 1035 1821 1109 potestatem
1888 1030 2077 1091 situm

521 1140 670 1184 esse.

598 1218 698 1277 17.
746 1214 1062 1280 Posterior
1087 1234 1236 1297 pars
1273 1215 1628 1281 assertionis
1663 1216 1910 1297 impedit
1949 1236 2080 1281 sen-

520 1311 773 1372 tentiam
819 1326 968 1391 pene
1018 1309 1380 1373 haereticam.
1439 1343 1522 1355 —
1575 1311 1841 1373 Ponitur
1895 1312 2081 1374 etiam

517 1408 730 1465 contra
763 1401 1136 1483 Gajetamm.
1167 1403 1545 1464 -Secunda
1571 1422 1713 1483 pars
1741 1404 2079 1466 conclusio-

519 1498 619 1557 nis
655 1496 930 1576 procedit
975 1504 1188 1559 contra
1233 1497 1580 1576 opinantes„
1631 1497 1922 1559 Pontifiee
1972 1498 2081 1559 de-

521 1590 795 1666 cedente,
841 1608 983 1651 cum
1016 1590 1177 1652 nihil
1214 1590 1292 1652 de
1321 1590 1506 1651 modo
1545 1590 1815 1669 eligendi
1846 1609 2079 1653 succes-

523 1701 726 1745 sorem
753 1683 1145 1765 disposuerit,
1181 1684 1537 1745 electionem
1567 1683 1806 1745 devolvi
1835 1684 1913 1745 ad
1941 1686 2078 1745 uni-

518 1793 762 1838 versam
812 1778 1172 1854 Ecclesiam,
1225 1796 1333 1839 seu
1382 1776 1592 1838 fideles
1645 1794 1882 1838 omnes.
1935 1777 2081 1851 Quae

521 1887 628 1930 sen
637 1871 828 1931 tentia
855 1876 948 1931 est
973 1888 1224 1950 prorsus
1250 1870 1404 1931 falsa
1424 1915 1445 1946 ,
1489 1876 1550 1930 et
1581 1870 1659 1932 ad
1689 1888 1926 1931 errores
1958 1870 2081 1957 Lu-

517 1962 925 2026 theranorum
967 1964 1283 2039 accedens,
1325 1964 1831 2025 contendentium
1877 1964 2083 2025 Eccle-

519 2053 626 2114 siae
681 2056 998 2118 ministros
1045 2076 1082 2118 a
1129 2055 1360 2137 populo
1415 2056 1709 2117 creandos
1755 2072 1935 2134 esse3
1990 2063 2082 2117 est

520 2154 816 2227 praeterea
864 2151 992 2212 fere
1035 2148 1479 2232 impossibilis;
1533 2136 1844 2230 quomodo
1911 2150 2079 2211 0111111

519 2244 727 2303 cuncti
787 2242 998 2305 fideles
1049 2244 1128 2305 ad
1185 2243 1549 2306 electionem
1603 2245 2011 2306 convenirent
2054 2246 2081 2305 ‘l

519 2334 752 2397 Deinde
818 2343 1058 2397 constat
1120 2338 1503 2399 sacerdotum
1539 2382 1558 2412 ,
1637 2343 1699 2398 et
1771 2338 2082 2417 praecipue

519 2428 762 2489 Summi
813 2430 1122 2491 Pontificis
1175 2430 1538 2493 electionem
1583 2430 1662 2492 ad
1716 2430 1903 2492 laicos
1951 2448 2081 2491 non

521 2523 856 2601 pertinere,
895 2525 970 2587 de
1001 2544 1124 2605 quo
1148 2526 1345 2586 multa
1371 2526 1437 2586 in
1471 2526 1758 2599 Decretis,
1798 2526 1941 2587 dist.
1975 2527 2077 2604 62,

519 2616 603 2675 63
625 2620 690 2677 et
709 2616 812 2677 89.
843 2617 1138 2679 Videatur
1179 2618 1370 2680 etiam
1406 2618 1660 2698 Pighius
1691 2618 1850 2680 libro
1883 2620 2081 2696 primo

521 2708 600 2769 de
637 2709 1055 2772 Ecclesiastica
1100 2711 1481 2786 Hierarchia,
1531 2730 1587 2772 0.
1635 2714 1710 2774 13
1745 2725 1807 2773 et
1836 2712 1933 2772 16.
1980 2712 2085 2772 Est

523 2808 734 2863 autem
779 2803 1092 2866 conclusio
1130 2819 1349 2889 contra
1379 2804 1765 2883 Cajetanum,
1812 2804 1881 2865 in
1922 2804 2087 2884 Apo-

522 2894 628 2973 103
654 2940 675 2971 ,
707 2914 762 2956 c.
789 2899 892 2971 22,
922 2896 1186 2976 quivult
1202 2914 1278 2957 eo
1309 2898 1372 2957 in
1396 2915 1537 2958 casu
1561 2897 1925 2958 electionem
1950 2916 2087 2977 per·

523 2988 726 3049 tinere
752 2988 830 3049 ad
859 2989 1093 3049 clerum
1122 2990 1497 3066 Romanum,
1545 2990 1712 3069 quod
1754 2992 1916 3069 Papa
1943 2992 2089 3070 jure

526 3080 742 3141 divino
771 3082 849 3142 sit
877 3084 1210 3164 Episcopus
1237 3085 1581 3160 RomanuS,
1634 3085 1786 3145 etin
1813 3084 2090 3165 qualibet

525 3174 794 3237 Ecclesia
820 3221 841 3252 ,
895 3176 1220 3238 deficiente
1269 3178 1596 3259 episcop03
1643 3177 1740 3249 vel
1789 3178 2091 3257 superiori

526 3267 674 3343 alio,
709 3268 816 3348 qui
831 3270 1188 3371 provideat,
1229 3270 1445 3332 electio
1475 3277 1705 3351 spectat
1743 3272 1822 3333 ad
1851 3271 2088 3333 clerum

527 3361 704 3439 quasi
729 3362 998 3423 naturali
1025 3364 1192 3442 jure,
1229 3364 1386 3424 sicut
1410 3364 1488 3425 ad
1517 3364 1828 3445 principes
1859 3365 2089 3444 Reipu-

529 3451 728 3529 blicoe,
776 3454 998 3516 attinet
1029 3457 1324 3537 principis
1351 3458 1593 3533 electio,
1633 3458 1883 3537 quando
1919 3459 2090 3519 deest

531 3564 857 3609 successor.
893 3550 1126 3611 Verum
1165 3569 1241 3611 ex
1269 3551 1384 3611 hac
1423 3551 1558 3631 ipsa
1593 3552 1834 3611 ratione
1867 3551 2089 3631 proba-

529 3644 636 3699 tur
681 3646 890 3703 nostra
938 3643 1286 3719 conclusio,
1335 3660 1526 3723 quam
1567 3644 1838 3704 Victoria
1877 3662 2088 3724 supra,

531 3746 794 3795 numero
819 3736 924 3811 21,
953 3736 1230 3797 defendit
1257 3756 1272 3813 3
1310 3754 1456 3798 nam
1501 3736 1720 3797 electio
1745 3737 1960 3816 capitis
1984 3754 2091 3797 cu-

531 3826 723 3905 jusvis
751 3828 1108 3907 reipublicoe
1149 3848 1260 3908 per
1288 3848 1352 3889 se
1380 3831 1648 3909 pertinet
1681 3830 1758 3890 ad
1793 3830 2093 3909 primores

533 3917 915 3998 reipublicae,
959 3920 1282 3983 deficiente
1327 3923 1738 3998 successione3
1781 3922 1888 3983 sed
1927 3923 2093 4001 Papa

533 4017 720 4085 caput
746 4020 839 4073 est
859 4014 1048 4074 totius
1076 4014 1396 4087 Ecclesise3
1433 4034 1582 4094 ergo
1607 4016 1716 4075 ubi
1743 4013 1902 4075 nihil
1936 4020 2096 4074 esset

533 4102 613 4164 ab
642 4122 715 4165 eo
755 4106 853 4166 vel
892 4106 1032 4168 aliis
1059 4107 1457 4168 Pontificibus
1493 4113 1792 4169 statutum
1817 4154 1834 4183 ,
1879 4107 2093 4168 electio

533 4197 701 4258 illius
719 4200 1060 4278 pertineret
1075 4200 1152 4259 ad
1179 4200 1488 4279 principes
1515 4200 1971 4274 ecclesiasticos,
1998 4200 2093 4259 ni-

535 4290 762 4351 mirum
789 4292 1120 4373 Episcopos
1129 4308 1150 4369 3
1181 4310 1255 4353 ex
1287 4310 1410 4372 qun
1441 4291 1700 4353 solvitur
1727 4293 2096 4352 fundamen·

536 4390 668 4444 tum
699 4386 1004 4465 cajetani3
1043 4404 1186 4446 nam
1219 4402 1360 4447 cum
1391 4388 1552 4465 Papa
1579 4386 1851 4463 eligitur,
1899 4386 2099 4463 primo

535 4486 598 4535 et
623 4496 735 4557 per
756 4496 819 4538 se
841 4479 1093 4557 eligitur
1117 4486 1300 4559 caput
1317 4480 1512 4539 totius
1539 4478 1839 4554 Ecclesiae,
1873 4484 1936 4539 et
1956 4477 2119 4539 ideo·

537 4570 734 4647 magis
761 4588 838 4631 ex
882 4572 997 4632 hac
1037 4582 1209 4651 parte
1243 4572 1628 4651 pensandum
1661 4578 1787 4648 est,
1837 4572 1914 4631 ad
1943 4588 2099 4649 quos

537 4664 844 4741 pertineat
871 4665 1109 4725 electio,
1147 4665 1682 4745 confirmaturque
1718 4680 1794 4725 ex
1823 4682 1965 4725 can.
2019 4662 2099 4727 Si

535 4758 671 4829 duo,
705 4757 768 4817 d.
803 4758 917 4833 79,
965 4758 1070 4819 ubi
1099 4757 1484 4831 decernitur,
1523 4758 1576 4817 si
1604 4758 1728 4818 duo
1763 4757 1842 4818 de
1870 4766 2099 4836 papatu

535 4850 932 4927 contendant,
963 4868 1037 4913 ac
1055 4868 1153 4913 res
1175 4852 1256 4912 sit
1277 4851 1487 4927 dubia,
1513 4851 1690 4913 illum
1713 4850 1938 4911 debere
1962 4868 2101 4930 per-

538 4962 813 5019 manere,
856 4964 1042 5025 quem
1075 4944 1490 5006 universitatis
1529 4961 1864 5006 consensus
1895 4944 2099 5021 elege-

537 5038 641 5111 rit,
676 5044 738 5098 et
765 5038 851 5098 ita
877 5038 1111 5099 factum
1139 5056 1272 5100 esse
1297 5040 1364 5099 in
1389 5038 1656 5100 Concilio
1671 5037 2093 5099 Constantien.

537 5132 931 5193 notissimum
961 5138 1072 5193 est.

619 5227 716 5290 18.
763 5226 1086 5288 Imtantia
1129 5224 1412 5289 solvitur.
1464 5258 1545 5271 —-
1599 5224 1773 5285 Dices
1805 5222 2091 5285 difficilli-

537 5338 638 5381 me
679 5336 894 5379 omnes
931 5318 1262 5398 Epist-opos
1299 5318 1650 5391 convenire,
1695 5318 2007 5397 proecipue
2040 5317 2093 5378 si

1583 370 1821 421 msvu‘r.
1851 372 1912 422 Χ.
1954 372 2030 421 DE
2062 368 2271 423 Sumo
2306 370 2642 425 roN‘rlFict-J.
2706 368 2711 371 ¹

2154 490 2282 532 000
2318 490 2489 551 posse
2516 474 2727 535 omnia
2758 472 3148 536 incommoda
3178 472 3382 546 vitari,
3412 478 3475 531 et
3501 487 3721 531 casum

2156 565 2234 625 de
2280 584 2404 645 quo
2448 565 2788 647 loquimur,
2831 586 2963 629 esse
3006 566 3389 629 rarissimum
3428 570 3498 625 et
3542 564 3607 623 in
3650 580 3724 623 re

2158 658 2543 735 gravissima,
2594 678 2797 740 neque
2844 666 3213 723 eventurum
3258 674 3539 737 unquam
3584 657 3725 717 sine

2158 768 2387 829 magna
2424 752 2707 815 Ecclesiae
2734 754 3199 833 perturbatione
3216 798 3234 827 ,
3272 751 3541 829 ideoque
3582 766 3727 827 gra·

2154 844 2409 905 vissimo
2432 847 2620 907 etiam
2646 848 2921 908 remedio
2943 846 3037 907 illi
3058 844 3387 909 subvenire
3406 850 3725 923 oportere,

2158 938 2339 1017 quale
2385 945 2475 1000 est
2524 940 2863 1001 Concilium
2915 939 3201 1020 generale
3250 937 3723 1017 Episcopornm,

2157 1032 2324 1111 quod
2364 1032 2507 1094 licet
2548 1032 2797 1093 difficile
2832 1038 3212 1112 congregato
3250 1029 3423 1091 sitin
3450 1048 3525 1091 eo
3548 1046 3724 1104 casu,

2160 1143 2287 1185 non
2318 1132 2409 1186 est
2434 1132 2645 1189 tamen
2677 1126 3053 1207 impossibile
3063 1171 3084 1202 ,
3122 1126 3439 1207 supposito
3484 1124 3725 1185 hierar-

2162 1217 2334 1279 chice
2366 1220 2581 1281 ordine
2606 1220 2913 1281 Ecclesiae.
2959 1221 3115 1282 Nam
3143 1226 3365 1303 preter
3392 1218 3729 1298 Episcopus

2160 1317 2305 1372 sunt
2342 1314 2804 1395 archiepiscopi,
2854 1314 3171 1394 primates,
3210 1310 3585 1393 patriarchas
3626 1326 3731 1370 su-

2158 1406 2427 1485 periores
2446 1422 2467 1484 3
2512 1424 2661 1486 ergo
2702 1412 2953 1486 possent
2995 1407 3352 1487 proeciperc,
3402 1411 3468 1467 et
3498 1420 3732 1466 convo-

2160 1514 2300 1559 care
2338 1498 2663 1560 inferiores
2694 1518 2710 1571 ;
2754 1500 3028 1580 supremi
3054 1518 3203 1561 vero
3236 1498 3533 1559 deberent
3562 1497 3733 1557 inter

2160 1610 2225 1653 se
2256 1593 2612 1669 convenire,
2658 1594 2825 1673 quod
2870 1593 3052 1654 facile
3098 1599 3367 1674 possent,
3406 1610 3554 1653 cum
3604 1592 3737 1651 sint

2162 1686 2343 1765 pauci
2382 1704 2664 1762 numero,
2702 1686 3095 1769 habeantque
3120 1689 3253 1768 jam
3282 1693 3448 1748 certa
3472 1684 3734 1767 privile-

2162 1779 2289 1859 gia,
2322 1784 2385 1839 et
2411 1778 2733 1858 dignitatis
2758 1780 3063 1841 ordinem.

2245 1873 2347 1934 19.
2391 1873 2657 1935 Dubium
2683 1874 2753 1935 do
2779 1890 2893 1953 quo
2918 1870 3099 1947 Azor,
3130 1877 3275 1935 tom.
3312 1875 3370 1944 1,
3400 1872 3449 1934 l.
3484 1873 3544 1943 t,
3578 1888 3632 1933 0.
3666 1872 3733 1944 5,

2162 1970 2374 2046 qamt.
2400 1968 2475 2039 63
2500 1966 2874 2041 Mosconitcs,
2902 1966 2948 2027 l.
2984 1969 3044 2041 1,
3076 1967 3145 2028 do
3162 1965 3420 2027 Roman.
3454 1964 3733 2043 Pontis„

2165 2077 2215 2120 c.
2242 2058 2303 2118 3.
2343 2090 2425 2104 -
2466 2058 2587 2119 Sed
2614 2064 2847 2139 quaeret
2874 2056 3097 2119 ultimo
3123 2058 3347 2137 aliquis
3375 2074 3459 2117 an
3494 2057 3737 2119 electus

2162 2150 2385 2211 debeat
2396 2152 2739 2211 necessario
2757 2168 2889 2212 esse
2906 2151 2983 2212 de
3000 2166 3263 2212 numero
3280 2149 3732 2211 Cardinalium.

2165 2245 2414 2305 Constat
2444 2244 2699 2322 quidem
2728 2262 2855 2306 non
2888 2245 3077 2306 fuisse
3106 2244 3173 2304 id
3210 2262 3323 2324 per
3348 2262 3413 2305 se
3444 2260 3737 2305 necessa·

2165 2338 2367 2412 rium,
2416 2343 2693 2397 attamen
2734 2354 2882 2399 usus
2929 2336 3215 2399 Ecclesiae
3256 2337 3343 2396 ita
3392 2336 3605 2407 habet,
3660 2354 3740 2397 ac

2160 2428 2300 2491 fieri
2344 2436 2608 2508 oportet,
2662 2436 2735 2489 ut
2780 2430 2941 2490 dixit
2984 2430 3333 2509 Stephanus
3380 2432 3545 2509 Papa
3584 2446 3737 2489 cum

2164 2521 2459 2596 Concilio,
2490 2522 2558 2582 in
2586 2540 2641 2583 0.
2676 2521 3019 2603 Oportebat,
3050 2528 3115 2582 et
3140 2539 3277 2601 cap.
3308 2522 3563 2594 Nullus,
3608 2522 3738 2583 dis-

2164 2615 2461 2675 tinctione
2502 2617 2599 2677 79.
2651 2615 3066 2676 Nihilominus
3094 2614 3484 2688 crediderim,
3524 2614 3579 2673 si
3608 2614 3735 2673 ali-

2166 2708 2303 2787 quis
2330 2714 2506 2769 extra
2524 2708 2851 2787 collegium
2878 2708 3289 2769 cardinalium
3314 2706 3595 2786 legitime
3618 2706 3737 2767 eli-

2168 2807 2440 2879 geretur,
2492 2801 2855 2863 electionem
2906 2800 3037 2861 fore
3088 2809 3289 2861 ratam
3340 2807 3404 2862 et
3452 2799 3732 2875 firmam,

2168 2895 2315 2973 quia
2344 2912 2471 2955 non
2500 2894 2679 2955 video
2704 2912 2831 2975 quo
2853 2896 2993 2973 jure
3028 2896 3113 2955 ita
3148 2898 3431 2955 revocata
3456 2894 3541 2954 sit
3572 2893 3736 2954 0100-

2168 2988 2259 3047 tio
2290 2988 2534 3067 passiva
2564 2989 2641 3048 ad
2670 3005 2961 3067 personas
2987 2986 3430 3059 Cardinalium,
3478 2992 3549 3047 ut
3578 2984 3735 3048 alias

2170 3080 2342 3141 nulla
2368 3081 2451 3143 sit
2468 3080 2778 3143 habenda.

2819 3327 3037 3380 ssscho
3074 3328 3131 3381 V.

2169 3509 2273 3571 An
2319 3517 2485 3575 certa
2518 3510 2640 3587 fido
2677 3517 2951 3575 constare
2984 3512 3189 3591 possit
3226 3512 3383 3576 huno
3435 3511 3739 3573 hominem

2252 3622 2377 3669 esso
2403 3623 2610 3667 verum
2646 3605 2773 3667 Pon
2782 3606 2998 3685 tifiocm
3034 3610 3093 3669 et
3118 3604 3415 3669 Ecclesiae
3444 3606 3653 3685 eaput.

2254 3832 2313 3888 1.
2364 3826 2599 3891 Sensus
2636 3826 3010 3907 qwstionfs.
3030 3828 3295 3891 -Pars
3320 3844 3547 3909 Myous
3596 3844 3743 3890 ena-

2174 3923 2349 3985 detur
2360 3922 2559 4003 primo
2567 3919 3285 3983 .-Seounao.-1¹0rtio.
3298 3950 3382 3967 —
3398 3919 3746 3992 Quarto.—

2178 4015 2349 4075 Sicut
2400 4014 2467 4074 in
2506 4011 2813 4093 superiori
2860 4013 3275 4092 disputatione
3320 4011 3398 4073 de
3446 4012 3737 4086 Ecclesia,

2176 4108 2444 4167 sectione
2492 4110 2556 4181 9,
2610 4106 2900 4179 diximus,
2959 4112 3030 4166 nt
3056 4124 3187 4166 esse
3228 4104 3423 4185 possit
3460 4105 3635 4165 utilis
3676 4111 3743 4165 et
3861 4108 3862 4111 ’

2176 4198 2521 4260 infallibilis
2559 4200 2703 4261 fidei
2746 4200 2959 4277 regula
2979 4244 2997 4273 ,
3032 4202 3317 4277 oportere
3368 4214 3497 4257 non
3534 4196 3743 4258 solum

2176 4293 2241 4351 in
2294 4292 2545 4351 confuso
2596 4291 2765 4353 illam
2828 4310 2957 4353 esse
3006 4291 3305 4351 creditam
3336 4334 3355 4363 ‚
3402 4290 3505 4352 sed
3546 4292 3743 4351 etiam

2176 4384 2608 4459 determinate,
2640 4392 2703 4444 et
2738 4385 2809 4445 in
2853 4383 3175 4443 individuo
3220 4384 3383 4443 11000
3437 4402 3593 4457 esse,
3642 4383 3743 4443 vel

2178 4478 2375 4551 illam,
2426 4494 2613 4555 quam
2666 4478 2859 4537 oculis
2912 4476 3245 4550 cernimus,
3292 4482 3357 4537 et
3400 4476 3517 4537 11οο
3552 4494 3743 4536 sensu

2178 4572 2474 4652 appellari
2524 4572 2850 4649 visibilem3
2900 4573 2985 4632 ita
3036 4588 3204 4631 nune
3260 4572 3599 4650 qua-“rimus
3656 4590 3743 4631 an

2180 4666 2367 4725 simili
2424 4664 2609 4725 modo
2664 4682 2846 4725 verus
2894 4664 3179 4726 Pontifex
3227 4664 3491 4725 visibilis
3544 4665 3629 4725 sit
3672 4667 3743 4726 in

2178 4758 2523 4832 individuo,
2563 4763 2625 4819 et
2652 4757 3083 4831 determinate,
3115 4756 3201 4817 ita
3260 4764 3329 4817 ut
3380 4775 3509 4818 non
3536 4758 3745 4818 solum

2179 4850 2501 4911 credamus
2550 4868 2680 4911 esse
2734 4850 2801 4909 in
2848 4849 3115 4911 Ecclesia
3174 4866 3371 4910 unum
3420 4866 3747 4911 summum

2180 4950 2387 5023 caput,
2442 4944 2605 5023 quod
2658 4945 2868 5005 Romae
2918 4960 3095 5003 suam
3130 4942 3341 5003 sedem
3388 4942 3603 5017 habet,
3634 4944 3745 5004 sed

2180 5039 2368 5098 ctiam
2394 5056 2523 5099 esse
2552 5036 2721 5097 huuc
2758 5035 3079 5097 hominem
3138 5052 3324 5114 quem
3368 5036 3565 5097 oculis
3610 5054 3748 5097 cer-

2178 5132 2405 5193 nimus,
2454 5130 2715 5190 Videtur
2758 5146 2909 5207 crgo
2952 5148 3079 5191 0011
3134 5146 3337 5209 posse,
3382 5128 3533 5208 quia
3584 5130 3749 5190 Deus

2178 5241 2499 5305 uunquam
2530 5223 2593 5284 id
2621 5222 2937 5284 revelavit.
2972 5222 3277 5296 Secundo,
3316 5223 3463 5302 quia
3510 5229 3605 5281 est
3644 5239 3749 5281 res

2172 5318 2449 5379 humana
2474 5322 2539 5377 et
2558 5318 2947 5394 contingens,
2976 5314 3249 5395 pendens
3274 5330 3353 5377 ex
3379 5316 3751 5375 testimonio

534 5420 785 5474 careant
809 5414 1010 5493 capite
1037 5412 1198 5492 quod
1231 5430 1334 5473 eos
1361 5418 1674 5487 convocet,
1709 5428 1782 5471 00
1809 5411 2093 5488 designet
2172 5427 2515 5488 paucorum
2564 5408 2928 5482 hominum,
2974 5414 3037 5470 et
3070 5426 3145 5469 ex
3202 5407 3423 5469 multis
3470 5407 3757 5468 circum-

535 5505 762 5580 losum,
793 5512 907 5567 etc.
953 5504 1446 5579 Occurrendum,
1495 5504 1558 5563 in
1591 5502 1772 5564 rebus
1800 5504 2091 5563 humanis
2172 5504 2411 5563 stantiis
2460 5500 2639 5563 valde
2664 5500 2892 5577 dubiis,
2934 5506 3002 5563 ut
3029 5518 3111 5563 an
3132 5502 3212 5562 sit
3240 5501 3607 5581 baptizatus,
3660 5518 3753 5561 an
