3900 6217
1019 320 1188 375 sEc‘r.
1225 318 1305 375 Vi.
1342 320 1425 373 ΑΝ
1459 317 1620 375 ORDO
1654 313 2095 373 connssc‘mouls
2127 310 2474 371 FRATERNAE
2505 311 2782 369 onnam.

300 431 560 499 nuntur,
600 429 663 484 et
701 439 917 483 omnes
959 422 1299 483 fundantur
1335 424 1402 482 in
1459 422 1756 484 charitate
1798 426 1861 481 et

300 516 747 579 misericordia.
806 515 1030 591 Quare,
1089 515 1231 576 licet
1280 514 1738 589 determinati0‚
1797 519 1859 574 et

301 610 519 673 modus
571 609 801 670 horum
834 616 1108 683 actuum,
1138 614 1211 668 ut
1257 608 1322 667 in
1354 607 1689 685 Evangelio
1717 625 1858 687 pro-

300 703 578 785 ponitur,
622 702 857 781 aliquid
902 704 1212 763 contineat
1254 702 1607 779 positivum,
1646 708 1854 761 tamen

299 797 641 861 substantia
664 798 851 857 etiam
881 796 1176 856 fundatur
1204 796 1269 855 in
1297 796 1537 856 ratione
1562 793 1851 869 naturali,

298 891 445 971 quia
486 890 781 969 obligatio
805 889 1121 949 charitatis
1149 894 1209 947 et
1229 888 1487 968 justitiae
1516 906 1627 947 suo
1670 886 1855 947 modo

297 983 600 1045 naturalis
630 1000 760 1043 esse
787 986 1005 1062 potest.
1040 980 1345 1055 Secundo,
1372 980 1665 1059 quoniam
1697 996 1856 1059 prae-

300 1076 481 1155 cipua
512 1074 840 1135 difficultas
873 1074 1150 1135 consistit
1177 1074 1338 1134 inter
1371 1072 1857 1135 admonitionem

298 1176 361 1231 et
386 1168 945 1239 denuntiationem,
965 1168 1280 1229 sciendum
1299 1176 1388 1228 est
1410 1175 1534 1228 tres
1552 1186 1683 1229 esse
1702 1169 1853 1242 viaS,

296 1264 525 1343 quibus
552 1261 771 1323 delicta
803 1262 1188 1322 subditorum
1237 1264 1627 1323 innotescunt
1678 1280 1857 1340 supe-

296 1356 583 1431 rioribus,
634 1356 884 1431 scilicet,
939 1356 1398 1436 Inquisitionic‚
1456 1352 1856 1418 accusationis

296 1456 360 1511 et
378 1449 877 1521 denuntiationis,
902 1467 976 1509 ex
1001 1468 1054 1509 c.
1086 1448 1299 1523 Novit,
1332 1448 1408 1509 de
1435 1448 1712 1510 Judiciis.
1746 1449 1856 1509 De-

294 1543 605 1604 nuntiatio
635 1548 845 1603 autem
894 1542 1120 1620 duplex
1156 1548 1249 1602 est
1279 1562 1293 1600 z
1329 1560 1454 1602 una
1477 1541 1853 1620 evangelica,

294 1654 435 1715 quae
463 1634 531 1695 fit
552 1634 879 1713 superiori,
910 1640 980 1695 ut
1006 1634 1195 1712 patri3
1218 1634 1338 1695 alia
1360 1634 1690 1714 judicialiS,
1717 1653 1853 1713 quae

293 1726 368 1788 fit
392 1727 503 1803 illi,
536 1732 606 1787 ut
637 1745 713 1787 ex
740 1726 969 1805 judicio
1001 1728 1313 1807 procedat,
1342 1730 1417 1788 de
1446 1746 1708 1807 quarum
1739 1727 1857 1786 dif-

292 1820 583 1897 ferentia,
643 1827 705 1881 et
754 1820 830 1881 de
861 1819 1204 1881 differentia
1227 1819 1413 1899 hujus
1437 1820 1853 1881 denuntiatio-

291 1915 393 1974 nis
456 1913 535 1974 ab
580 1914 967 1975 accusatione
1010 1912 1203 1975 multa
1254 1914 1375 1974 dici
1427 1919 1674 1994 possent
1690 1928 1711 1989 3
1746 1911 1853 1973 sed

292 2006 481 2085 infra,
504 2027 566 2087 q.
602 2009 704 2084 68,
735 2008 802 2067 in
837 2008 1096 2067 materia
1124 2006 1200 2068 de
1244 2008 1631 2068 accusatione
1664 2023 1847 2065 suum

290 2099 529 2161 habent
550 2099 775 2160 locum.
802 2100 980 2160 Nunc
1010 2100 1141 2160 haec
1188 2100 1536 2160 differentia
1565 2098 1849 2173 sufficiat,

290 2193 458 2272 quod
489 2193 879 2254 denuntiatio
894 2192 1207 2271 judicialis
1235 2194 1448 2255 tendat
1480 2194 1557 2255 ad
1614 2193 1851 2254 bonum

291 2286 586 2362 aliorum,
636 2288 941 2367 praecipue
992 2304 1343 2362 commune,
1376 2286 1475 2347 vel
1518 2286 1705 2367 ipsius
1750 2285 1853 2346 dc-

292 2379 676 2454 nuntiantis3
710 2378 1098 2440 denuntiatio
1124 2390 1337 2441 autem
1366 2379 1723 2457 evangelica
1746 2396 1855 2457 per

300 2490 367 2532 se
410 2472 609 2551 primo
650 2474 849 2534 tendit
875 2474 949 2534 ad
985 2472 1221 2534 bonum
1254 2473 1622 2535 denuntiati.
1663 2472 1739 2531 Et
1763 2472 1857 2531 in-

293 2566 562 2640 terdum,
613 2566 775 2646 quod
824 2567 1333 2629 considerandum
1388 2572 1511 2641 est,
1564 2565 1739 2627 facile
1786 2564 1858 2625 fit

298 2659 594 2719 transitus
616 2657 695 2719 ab
724 2678 849 2720 una
884 2660 963 2720 ad
998 2661 1281 2737 alteram,
1323 2661 1420 2722 vel
1444 2679 1573 2721 una
1599 2676 1739 2720 cum
1766 2656 1854 2717 al-

291 2758 428 2812 tera
470 2751 782 2813 miscetur.
824 2753 1051 2827 Tertio,
1092 2753 1537 2814 advertendum
1568 2758 1657 2813 est
1702 2749 1856 2812 deli-

301 2850 473 2904 ctum
502 2863 676 2924 posse
718 2864 847 2907 esse
876 2846 1192 2925 publicum
1238 2847 1331 2907 vel
1366 2846 1676 2907 occultum
1687 2860 1708 2923 3
1748 2843 1852 2905 sed

292 2936 413 2998 hoc
460 2938 920 3018 multipliciter3
958 2940 1269 3018 quoddam
1294 2940 1487 3001 'euim
1528 2944 1618 2999 est
1654 2937 1853 3017 publi·

298 3048 468 3108 cum,
498 3032 662 3110 quod
691 3031 917 3092 dicitur
944 3050 981 3093 a
1015 3033 1255 3110 juristi's
1282 3032 1638 3112 publicitate
1683 3030 1850 3105 facti,

301 3124 449 3203 quia
479 3124 564 3184 ita
590 3125 939 3205 percrebuit
978 3125 1169 3199 tama,
1199 3133 1271 3185 ut
1298 3126 1469 3187 nulla
1494 3126 1855 3204 tergiversa-

287 3218 459 3278 tione
480 3218 664 3279 celari
693 3220 903 3297 possit.
937 3219 1215 3281 Alterum
1238 3226 1329 3280 est
1361 3218 1677 3299 publicum
1699 3218 1854 3298 juri-

285 3310 444 3385 dice,
476 3310 621 3390 quia
650 3330 761 3391 per
802 3314 1167 3373 sententiani
1204 3312 1508 3393 publicam
1540 3319 1630 3373 est
1658 3313 1848 3373 frater

287 3403 731 3465 condemnatus
758 3405 834 3465 de
866 3405 977 3466 illo
1022 3406 1300 3467 crimine.
1334 3404 1565 3481 Terti0‚
1604 3412 1696 3466 est
1737 3424 1849 3485 pu·

288 3494 545 3573 blicum,
598 3498 745 3577 quia
798 3517 837 3557 a
897 3499 1107 3559 multis
1150 3501 1361 3575 scitur,
1396 3504 1458 3559 et
1504 3498 1569 3558 in
1610 3498 1847 3577 jiidicio

288 3590 537 3668 probari
598 3596 827 3669 potest,
858 3598 1069 3653 tamen
1101 3610 1229 3653 non
1270 3598 1362 3653 est
1404 3592 1741 3667 notorium,
1786 3598 1876 3653 et.

285 3684 405 3745 hoc
438 3682 664 3744 dicitur
708 3685 1028 3764 publicum
1062 3687 1126 3746 in
1165 3686 1329 3765 jure,
1379 3686 1484 3748 sed
1534 3686 1845 3746 occultum

286 3776 639 3855 respective.
689 3778 873 3839 Aliud
920 3783 1011 3839 cst
1054 3779 1392 3854 occultum,
1430 3798 1556 3839 uno
1601 3784 1847 3841 tantum

290 3869 547 3944 sciente,
606 3877 827 3948 praeter
867 3890 1013 3932 eum
1056 3873 1163 3951 qui
1199 3878 1393 3951 potest
1450 3872 1840 3934 denuntiare.

286 3960 471 4023 Aliud
501 3968 595 4023 est
621 3964 709 4023 ita
740 3965 1071 4041 occultum,
1103 3972 1173 4025 ut
1204 3964 1283 4025 ab
1311 3984 1437 4025 uno
1467 3965 1664 4026 solum
1695 3965 1848 4025 scia-

185 4062 192 4066 “
290 4060 429 4131 tur3
473 4074 621 4117 naui
662 4058 714 4118 si
768 4076 805 4117 a
848 4057 977 4118 solo
1024 4057 1423 4138 delinquente
1462 4059 1673 4134 scitur,
1718 4077 1846 4119 non

286 4148 552 4227 pertinet
601 4150 680 4210 ad
738 4156 1099 4229 praesentem
1165 4151 1735 4225 considerationem,
1785 4158 1848 4212 et

287 4242 451 4303 idem
498 4248 593 4302 est
641 4244 887 4322 quando
935 4243 1117 4304 multi
1166 4249 1312 4305 sunt
1358 4244 1684 4324 complices
1713 4245 1846 4323 ejus

285 4332 513 4407 delicti,
547 4341 608 4394 et
627 4334 833 4395 nullus
860 4336 1015 4395 alius
1038 4336 1171 4396 scit.

364 4428 421 4489 Ξ.
472 4428 693 4489 Prima
742 4428 1041 4491 conclusio
1078 4432 1245 4492 certa
1291 4435 1350 4493 et
1392 4430 1740 4493 commanis.
1766 4464 1847 4479 -

283 4520 427 4580 Dico
466 4520 702 4600 primo:
743 4522 892 4581 ordo
938 4522 1231 4584 fraternae
1268 4523 1657 4584 correctionis
1700 4526 1846 4584 assi-

282 4622 505 4693 gnatus
554 4614 685 4676 loco
714 4616 899 4676 citato
944 4616 1241 4694 Matthoei,
1273 4617 1633 4697 simpliciter
1682 4620 1846 4680 cadit

279 4710 349 4769 in
388 4715 769 4789 praeceptum
792 4728 909 4789 per
946 4728 1007 4772 se
1036 4710 1341 4791 loquendo,
1372 4712 1461 4771 ita
1489 4718 1559 4771 ut
1604 4730 1732 4773 non
1772 4712 1846 4773 li-

281 4810 415 4861 ceat
448 4802 703 4880 aggredi
730 4802 1073 4863 secundum
1106 4809 1333 4880 actum,
1368 4806 1486 4866 nisi
1526 4808 1844 4885 praemisso

279 4892 503 4973 primo,
537 4895 786 4973 quando
832 4894 935 4955 ille
966 4913 1092 4957 non
1132 4896 1249 4957 fuit
1280 4898 1493 4959 efficax
1512 4915 1531 4975 3
1580 4904 1642 4960 et
1678 4898 1839 4961 idem

281 4993 371 5047 est
419 4987 495 5047 de
538 4988 809 5049 secundo
848 4996 1127 5067 respectu
1170 4992 1373 5066 tertii;
1421 4992 1637 5053 tertius
1671 4993 1839 5057 enim

280 5086 559 5159 respectu
596 5082 799 5160 quarti
840 5089 930 5141 est
960 5084 1217 5143 omniuo
1254 5086 1651 5146 necessarius
1684 5086 1838 5147 Con-

280 5172 474 5234 clusio
500 5179 590 5234 est
611 5180 797 5249 certa,
818 5180 881 5235 et
905 5173 1355 5255 Theologorum
1390 5180 1669 5238 omnium
1691 5198 1835 5241 cum

279 5264 610 5327 D.'l'homa
639 5268 698 5327 2.
731 5268 792 5344 2,
824 5285 883 5346 q.
930 5268 1030 5345 33,
1061 5271 1235 5330 artic.
1271 5272 1307 5329 7
1330 5277 1391 5331 et
1420 5272 1481 5348 8,
1516 5278 1575 5332 et
1600 5278 1839 5333 constat

278 5376 358 5420 ex
401 5361 592 5420 variis
632 5362 932 5440 capitibus
979 5362 1207 5425 decreti
1242 5363 1442 5425 citatis
1496 5364 1675 5426 initio
1714 5384 1840 5427 sec-

284 5454 436 5515 tion.
474 5456 531 5529 4,
564 5460 721 5517 etex
761 5455 1065 5534 Patribus,
1105 5458 1474 5537 Augustino,
1504 5478 1687 5522 serm.
1728 5462 1839 5540 163

3384 308 3500 373 701

1941 418 2196 494 Hilari0,
2229 420 2379 481 Can.
2431 419 2505 478 19
2552 416 2626 479 in
2655 416 3050 489 Matthaeum3
3097 416 3412 494 Gregorio,
3460 420 3501 479 4

1942 510 2226 590 Registri,
2259 510 2516 590 epistola
2543 510 2646 584 36,
2675 511 2742 571 in
2769 508 2932 587 fine3
2955 518 3016 571 et
3045 509 3498 589 chrysostome,

1938 604 2196 665 homilia
2237 606 2316 665 62
2359 605 2424 665 in
2451 604 2840 671 Matthaeum,
2873 622 3014 665 cum
3041 603 3353 679 AnselmO,
3382 605 3498 666 Re-

1940 701 2156 779 migio,
2183 708 2246 761 et
2297 700 2454 774 aliis,
2509 700 2618 777 qui
2651 699 2865 760 eodem
2897 698 3078 759 modo
3123 698 3240 759 hoc
3282 717 3504 779 praece-

1935 799 2114 873 ptum
2137 792 2464 873 explicant.
2490 791 2789 852 Probatur
2803 792 3004 871 primo
3023 810 3100 852 ex
3128 798 3298 853 textu
3315 810 3503 853 evan-

1935 886 2154 965 gelico,
2173 903 2319 946 nam
2343 883 2560 946 eodem
2590 883 2774 945 modo
2797 884 3150 963 praecipitur
3173 882 3346 960 ordo,
3377 902 3500 963 quo

1936 982 2167 1061 singuli
2196 986 2368 1041 actus
2396 986 2825 1052 recensentur3
2876 996 3024 1057 ergo
3069 980 3227 1040 sicut
3271 978 3502 1058 singuli

1936 1075 2162 1135 cadunt
2185 1074 2250 1133 in
2301 1080 2702 1152 pracceptum,
2731 1072 2978 1151 quando
3003 1072 3270 1133 occurrit
3293 1089 3502 1133 neccs-

1936 1169 2083 1228 sitas
2113 1168 2249 1228 illos
2275 1167 2626 1239 exercendi,
2661 1166 2748 1225 ita
2782 1166 2973 1226 etiam
3002 1165 3166 1227 cadit
3194 1165 3346 1226 ordo
3371 1183 3502 1225 non

1936 1260 2446 1341 praetermittendi
2497 1259 3004 1333 antecedentem,.
3026 1264 3098 1319 ut
3143 1264 3503 1321 exerceatur

1938 1372 2334 1433 consequens,
2395 1352 2573 1413 Ratio
2623 1370 2772 1412 vero
2823 1357 2940 1426 est,
2971 1352 3118 1431 quia
3169 1351 3500 1431 correpti0‚

1936 1448 2186 1527 quando
2209 1446 2484 1526 procedit
2531 1445 2605 1505 ad
2639 1445 2892 1505 testium
2947 1445 3372 1505 inductionem
3403 1444 3501 1505 vel

1937 1541 2494 1615 denuntiationem,
2527 1538 2746 1618 incipit
2787 1538 3006 1598 loedere
3053 1539 3404 1618 proximum
3435 1539 3502 1598 in

1935 1635 2142 1712 fama;
2173 1635 2490 1696 eharitatis
2535 1638 2743 1693 autem
2790 1632 2949 1694 ratio
2995 1632 3263 1711 postulat
3315 1641 3407 1708 ut,
3449 1632 3502 1693 si

1937 1729 2073 1789 fieri
2100 1732 2320 1807 potest,
2365 1726 2802 1787 subveniamus
2839 1727 3120 1806 proximo
3143 1725 3372 1805 absque
3398 1725 3502 1786 lae·

1936 1822 2109 1882 sione
2139 1820 2351 1895 famae3
2385 1820 2548 1897 quod
2573 1825 2734 1879 certe
2762 1817 3152 1879 observatum
3187 1820 3368 1881 estin
3397 1819 3501 1880 illo

1934 1914 2148 1975 ordine
2196 1933 2234 1975 a
2262 1912 2502 1975 Christo
2550 1913 2810 1973 Domino
2831 1930 2860 1972 :-
2883 1912 3021 1972 ideo
3075 1913 3245 1973 enim
3297 1914 3498 1993 primo

1931 2009 2302 2070 admonetur
2329 2005 2695 2085 delinquens
2721 2011 2971 2075 secrct0,
3002 2012 3094 2080 ut,
3123 2005 3174 2063 si
3201 2004 3335 2065 fieri
3364 2023 3501 2085 pos·

1939 2102 2046 2176 sit,
2070 2099 2278 2161 nullus
2301 2099 2461 2160 alius
2483 2099 2669 2175 sciat3
2689 2096 2937 2177 quando
2959 2115 3102 2158 vero
3130 2104 3368 2178 oportet
3395 2098 3503 2158 ad-

1931 2194 2146 2256 hibere
2183 2192 2478 2271 aliquem,
2507 2192 2679 2270 prius
2713 2190 3047 2253 adhibetur
3083 2192 3277 2266 testiS‚
3313 2208 3502 2271 quam

1934 2287 2338 2349 denuntietur
2354 2302 2374 2363 3
2407 2291 2658 2365 propter
2695 2282 2978 2343 eamdem
3013 2302 3258 2345 causam
3289 2284 3503 2364 praela-

1934 2387 2034 2440 tus
2059 2397 2304 2459 quoque
2342 2385 2587 2439 tenetur
2613 2377 2984 2457 praemittere
3010 2378 3501 2440 admonitionem

1936 2478 2082 2535 ante
2107 2470 2836 2545 excommunicationem,
2879 2470 3027 2549 quia
3077 2475 3498 2532 excommuni-

1938 2564 2099 2627 catio
2169 2570 2259 2625 est
2315 2562 2706 2623 acerbissima
2755 2580 2938 2643 poena
2953 2580 2974 2640 3
3031 2562 3200 2625 unde
3261 2564 3501 2626 ratione

1934 2659 2124 2719 etiam
2157 2657 2342 2717 officii
2384 2662 2628 2718 tenetur
2677 2656 2850 2737 prius
2895 2662 3151 2733 tentare,
3205 2657 3256 2718 si
3304 2663 3501 2737 potest

1934 2754 2242 2831 corrigere
2277 2751 2594 2811 subditum
2629 2751 2802 2812 suavi
2855 2752 3078 2825 medie,
3105 2770 3242 2830 quae
3289 2754 3499 2815 omnia

1933 2847 2091 2909 bene
2122 2844 2449 2908 confirmat
2477 2846 2540 2906 D.
2573 2844 2838 2905 Thomas
2869 2844 3150 2924 exemplo
3177 2846 3500 2907 medicinae

1934 2939 2304 3019 corporalis3
2350 2955 2542 3016 quare
2579 2937 2801 2998 merito
2830 2937 3303 3016 reprehenditur
3354 2939 3502 3001 Ber-

1934 3033 2236 3095 nardinus
2281 3031 2536 3110 quidam
2599 3029 2674 3091 de
2722 3030 3005 3106 Arevalo‚
3053 3048 3288 3111 negans
3339 3030 3502 3093 hanc

1935 3128 2394 3189 conclusionem
2437 3127 2504 3187 in
2538 3143 2650 3186 suo
2683 3131 2950 3187 tractatu
3001 3126 3078 3187 de
3111 3125 3499 3189 Corrcctione

1935 3221 2224 3282 fraterna.
2259 3219 2376 3281 Sed
2400 3217 2856 3279 observandum
2875 3224 2966 3279 est
2984 3218 3101 3279 hoc
3122 3228 3498 3299 praeceptum

1928 3330 2054 3373 esse
2081 3311 2545 3386 affirmativum,
2578 3317 2640 3371 et
2667 3310 2806 3371 ideo
2835 3329 2960 3371 non
2985 3330 3229 3391 semper
3257 3312 3496 3391 obliga-

1924 3422 2015 3478 re,
2068 3405 2172 3465 sed
2212 3404 2460 3483 quando
2509 3402 2772 3464 charitas
2825 3410 2887 3465 et
2934 3410 3100 3465 recta
3143 3406 3302 3466 ratio
3341 3406 3497 3468 illud

1927 3498 2138 3560 dictat.
2172 3498 2348 3559 Unde
2399 3498 2452 3558 si
2505 3497 2822 3558 interdum
2867 3506 3192 3561 occurrant
3227 3500 3496 3561 circum-

1926 3592 2188 3668 stantiae,
2215 3591 2280 3652 in
2305 3590 2529 3671 quibus
2566 3600 2732 3653 recta
2771 3592 2929 3652 ratio
2964 3591 3152 3653 dictet
3177 3592 3358 3653 licere
3396 3593 3497 3654 vel

1926 3685 2216 3764 expedire
2245 3692 2484 3747 mutare
2502 3685 2670 3746 hunc
2683 3684 2993 3761 ordinem,
3016 3692 3169 3747 tunc
3189 3704 3314 3747 non
3339 3687 3495 3748 obli-

1927 3778 2099 3857 gabit
2147 3779 2264 3839 hoc
2318 3785 2718 3859 praeceptum,
2760 3783 2832 3837 ut
2885 3785 3060 3839 notat
3093 3780 3162 3841 D.
3199 3780 3489 3856 Thomas,

1928 3870 2290 3943 Quodlibeto
2320 3875 2348 3931 1
2370 3877 2381 3929 ἕ
2397 3916 2418 3947 ,
2441 3878 2558 3933 art.
2590 3871 2689 3947 13,
2711 3871 2791 3931 ad
2817 3870 3006 3933 finem
3021 3888 3042 3949 3
3076 3872 3203 3935 imo
3219 3874 3338 3935 erit
3353 3874 3496 3935 inu·

1926 3966 2058 4040 tile,
2089 3970 2152 4025 et
2177 3964 2513 4043 aliquando
2532 3964 2948 4043 perniciosum
2979 3964 3168 4037 talem
3209 3964 3492 4027 ordinem

1926 4074 2194 4133 servare,
2225 4062 2296 4117 ut
2321 4057 2508 4118 etiam
2547 4075 2765 4135 graves
2785 4057 3107 4139 scriptores
3127 4066 3427 4121 notarunt
3443 4065 3456 4098 ¹
3472 4102 3488 4121 .

1924 4150 2268 4213 Difficultas
2319 4167 2468 4231 ergo
2525 4156 2617 4211 est
2635 4194 2652 4221 ,
2709 4150 2960 4229 quando
3015 4152 3196 4213 liceat
3251 4160 3492 4215 mutare

1928 4240 2097 4303 hunc
2137 4243 2438 4304 ordinem.
3269 4281 3277 4287 -

2011 4335 2068 4395 3.
2119 4334 2400 4399 Secunda
2422 4336 2718 4399 conclusio
2744 4336 2822 4397 D.
2855 4336 3094 4399 Thema·
3123 4344 3180 4401 et
3199 4338 3487 4409 aliorum.

1924 4460 2008 4475 —-
2041 4428 2179 4488 Dico
2203 4430 2502 4489 secundo:
2541 4429 2593 4489 si
2635 4428 2929 4490 delictum
2961 4430 3228 4509 proximi
3257 4432 3339 4491 sit
3381 4450 3494 4511 pu-

1924 4521 2181 4597 blicum,
2217 4522 2459 4602 publice
2501 4524 2710 4585 statim
2739 4524 2964 4603 corrigi
2990 4530 3188 4604 potest
3225 4525 3360 4586 sine
3399 4544 3492 4587 se-

1925 4622 2092 4676 creta
2129 4616 2550 4677 admonitione
2578 4618 2930 4696 praemissa:
2989 4619 3076 4679 ita
3114 4618 3294 4679 divus
3326 4618 3491 4679 Tho-

1925 4726 2060 4771 mas
2085 4722 2148 4769 et
2177 4726 2390 4769 omnes
2415 4708 2710 4789 Theologi
2763 4710 2831 4770 in
2873 4711 2936 4785 4,
2972 4709 3239 4773 distinct.
3289 4713 3386 4787 19,
3430 4718 3493 4773 et

1925 4802 2272 4863 Canonistae
2296 4808 2548 4881 agentes
2571 4802 2647 4863 de
2667 4805 3042 4865 correctione
3058 4804 3255 4882 judic.
3281 4824 3296 4879 3
3324 4811 3493 4883 patet

1922 4896 2124 4975 prima
2151 4894 2231 4955 ad
2259 4894 2530 4955 Timoth.
2559 4896 2624 4955 5:
2671 4896 3027 4959 Peccantem
3065 4913 3266 4959 coram
3305 4899 3494 4960 omni-

1920 4989 2028 5049 bus
2053 5006 2262 5070 arque,
2292 4993 2360 5050 ut
2389 4988 2592 5051 caeteri
2620 4988 2889 5051 timorem
2915 4990 3167 5052 habeant
3185 5014 3212 5062 ,·
3235 5008 3492 5069 quomo—

1918 5080 1998 5140 do
2027 5080 2396 5158 intelligitur
2417 5080 2572 5141 illud
2600 5081 2794 5141 Levit.
2827 5084 2939 5143 10:
2969 5082 3220 5145 Publice
3259 5086 3493 5165 corripe

1914 5176 2170 5252 fratrem
2223 5178 2416 5250 tumn,
2439 5180 2597 5250 etc.;
2639 5175 2802 5251 ideo,
2845 5182 2916 5235 ut
2950 5176 3333 5255 Augustinus
3377 5196 3488 5237 no-

2006 5372 2022 5407 ¹
2073 5369 2356 5443 Salmer.,
2391 5370 2493 5429 t.4
2513 5368 2580 5429 in
2603 5370 2966 5448 Evangelio,
2989 5390 3051 5451 p.
3082 5374 3143 5447 3,
3161 5379 3339 5433 tract.
3379 5376 3444 5434 u
3467 5418 3484 5437 .

1924 5462 2278 5538 -Valent.,
2313 5473 2356 5522 t.
2393 5463 2452 5537 3,
2482 5459 2638 5542 disp.
2659 5463 2719 5539 3,
2749 5482 2810 5543 q.
2842 5467 2943 5539 10,
2973 5476 3187 5544 punct.
3223 5470 3283 5530 3.
