3900 6217
791 426 960 479 sssc‘r.
997 430 1032 479 1.
1069 426 1153 481 ΑΝ
1187 426 1408 479 LICEAT
1441 422 1787 479 msPUTAnE
1820 426 1945 479 CUM
1979 426 2321 481 nAEnETlcls
2354 427 2435 481 AD
2469 427 2660 491 ILLOS,
2699 428 2831 481 me.

223 546 331 604 cos,
365 533 492 587 tum
517 524 706 587 etiam
747 523 825 585 ad
854 522 1190 585 Catholicos
1218 522 1285 583 in
1318 522 1518 584 officio
1559 521 1754 585 conti-

221 621 470 693 nendos;
496 618 642 699 quia
669 635 816 679 vero
855 622 1083 699 praeter
1094 616 1211 677 hoc
1237 615 1581 678 remedium
1610 620 1756 677 sunt

219 716 328 778 alia
359 712 558 775 minus
613 713 906 783 coactiva,
938 710 1162 791 quibus
1217 709 1486 773 Ecclesia
1535 711 1753 787 utitur,

220 810 315 871 illa
341 807 603 869 breviter
629 806 1024 887 expediemus
1051 806 1244 885 prius;
1278 810 1488 883 postea
1507 821 1650 864 vero
1679 802 1755 864 de

219 902 400 984 poenis
439 898 559 961 late
584 900 994 976 disseremus;
1024 898 1088 958 in
1125 898 1241 957 hac
1271 897 1520 977 quidem
1548 897 1755 977 dispu-

217 997 430 1057 tatione
450 994 516 1054 in
543 990 846 1073 generali,
879 992 947 1053 in
976 989 1370 1071 sequentibus
1399 990 1465 1050 in
1489 991 1756 1071 particu-

213 1090 316 1151 lari
343 1090 416 1151 de
461 1086 720 1169 singulis
759 1102 1084 1167 poenarum
1113 1083 1450 1165 speciebus.

837 1330 1052 1383 st-:cno
1087 1329 1123 1381 ί.

223 1510 430 1575 Utrum
453 1524 592 1573 eum
627 1504 930 1571 koeretioie
977 1506 1062 1569 ad
1077 1504 1220 1568 illos
1248 1506 1640 1579 confutandos
1669 1504 1760 1569 ὠ·-

281 1606 524 1683 eputaem
581 1601 782 1673 liceat,
845 1603 904 1662 et
955 1599 1108 1680 quid
1137 1599 1206 1661 in
1245 1599 1350 1661 noo
1399 1599 1758 1662 servandum

285 1695 412 1759 eit?

287 1932 336 1988 t.
383 1922 845 2007 Disputationie
905 1920 1126 2003 duple-v
1182 1936 1390 2003 oenus.
1439 1951 1523 1966 —
1551 1915 1758 1980 Primi

211 2020 427 2103 qeneris
453 2017 790 2101 disputacio
834 2015 1008 2078 licita
1029 2030 1152 2077 esse
1177 2012 1533 2077 ostenditur.
1567 2044 1646 2057 —
1673 2010 1756 2074 Dc

210 2114 312 2175 hoc
337 2118 570 2193 puncto
592 2108 880 2171 tractavit
908 2107 976 2169 D.
1005 2106 1274 2168 Thomas
1305 2108 1366 2167 2.
1424 2106 1482 2179 Ξ,
1535 2110 1750 2185 quaest.

215 2206 301 2282 10,
319 2211 432 2267 art.
465 2206 530 2281 7,
559 2202 930 2284 generaliter
956 2206 1224 2261 tractans
1251 2198 1327 2260 de
1357 2197 1752 2275 infidelibus3

209 2318 308 2361 nos
351 2316 495 2361 vero
549 2316 668 2379 pro
715 2296 1020 2359 haereticis
1060 2294 1212 2355 illud
1265 2293 1750 2366 reservavimus,

213 2392 346 2475 quia
365 2392 428 2453 in
448 2392 538 2453 eis
569 2396 634 2453 et
659 2408 805 2451 usus
826 2396 918 2451 est
946 2386 1348 2469 frequentior,
1406 2391 1469 2447 et
1493 2382 1754 2446 difficul-

211 2495 291 2547 tas
313 2482 615 2567 specialis,
645 2489 708 2547 et
731 2482 880 2562 quia
901 2481 1048 2542 hinc
1071 2480 1254 2541 facile
1281 2478 1508 2561 poterit
1539 2478 1617 2539 ad
1638 2494 1753 2540 cae-

210 2586 354 2641 teros
389 2576 676 2639 infideles
733 2574 1014 2636 doctrina
1059 2572 1372 2653 applicari.
1419 2571 1753 2651 Distinguit

209 2678 395 2733 autem
417 2670 778 2751 CajetanuS,
799 2668 867 2729 in
888 2666 997 2728 illo
1019 2666 1276 2729 articulo
1295 2664 1526 2745 duplex
1545 2665 1754 2745 dispu—

211 2765 436 2827 tationis
459 2782 696 2845 genus:
721 2780 911 2824 unam
934 2760 1412 2841 disputationem
1428 2764 1603 2821 vocat
1623 2778 1749 2822 ma-

211 2860 486 2934 terialem,
519 2856 716 2919 aliam
737 2854 1084 2916 formalem.
1115 2853 1320 2914 Prima
1351 2858 1465 2928 est,
1489 2872 1626 2933 quse
1653 2872 1751 2915 so·

214 2952 323 3014 lum
365 2951 650 3013 exercitii
700 2966 905 3023 causa,
948 2947 1026 3009 ad
1070 2946 1346 3007 acuenda
1375 2946 1650 3025 ingenia,
1687 2952 1752 3009 et

214 3044 277 3107 ad
300 3043 740 3127 acquirendam
781 3040 1136 3103 facilitatem
1164 3038 1232 3099 in
1278 3038 1648 3118 disputando
1689 3046 1751 3102 et

211 3138 480 3215 docendo,
507 3139 582 3199 in
615 3136 836 3199 scholis
862 3134 955 3197 fit.
989 3132 1333 3195 Formalem
1381 3137 1590 3194 autem
1648 3153 1752 3197 vo-

207 3238 450 3313 cat‚qnae
478 3230 552 3293 fit
577 3228 663 3293 ad
677 3228 1160 3311 persuadendam
1181 3224 1280 3287 vel
1299 3223 1750 3291 defendendam

205 3329 523 3389 veritatem.
545 3326 628 3386 111
647 3322 932 3403 praesenti
953 3341 1079 3383 non
1099 3327 1188 3384 est
1207 3338 1409 3383 sermo
1425 3325 1502 3386 de
1524 3322 1748 3403 prima,

207 3421 336 3500 quia
375 3438 497 3480 non
522 3416 859 3497 suscipitur
890 3421 1106 3477 contra
1149 3416 1490 3489 haereticos,
1523 3418 1629 3478 sed
1656 3418 1752 3478 in-

209 3520 290 3574 ter
315 3510 518 3573 fideles
558 3510 673 3586 fit3
701 3510 778 3571 de
805 3508 914 3569 illa
942 3515 1150 3570 tamen
1171 3507 1438 3571 breviter
1464 3509 1748 3586 dicimus„

211 3608 470 3687 quamvis
489 3606 572 3668 sit
600 3604 682 3667 de
727 3603 911 3665 rebus
937 3602 1116 3663 certis
1146 3602 1222 3665 de
1253 3603 1398 3680 fide,
1431 3622 1537 3685 per
1563 3622 1626 3665 se
1664 3602 1753 3666 lo-

207 3700 428 3782 quendo
454 3698 694 3761 licitam
743 3716 893 3760 esse.
933 3696 1060 3757 Hoc
1093 3702 1331 3758 certum
1380 3702 1470 3757 est
1509 3715 1589 3757 ex
1632 3716 1750 3759 usu

204 3796 458 3857 omnium
490 3793 810 3871 fidelium3
839 3797 900 3854 et
924 3790 1081 3853 ratio
1104 3796 1216 3866 est,
1239 3790 1387 3871 quia
1407 3808 1483 3852 ex
1507 3790 1749 3871 objecto

205 3906 314 3949 non
335 3888 519 3950 habet
545 3886 882 3962 malitiam,
910 3890 980 3946 ut
1023 3903 1133 3967 per
1157 3903 1220 3947 se
1258 3890 1519 3959 constat,
1550 3890 1614 3946 et
1639 3884 1752 3946 ali·

203 3982 423 4059 qnando
473 4000 552 4042 ex
607 3978 762 4056 fine,
814 3984 877 4040 et
921 3978 1395 4039 circumstantiis
1439 3976 1751 4039 honestari

205 4080 400 4151 potest,
431 4081 494 4135 et
520 4078 618 4135 est
646 4070 842 4147 utilis,
874 4077 937 4133 et
963 4070 1278 4132 moraliter
1313 4072 1653 4132 necessaria
1670 4070 1752 4132 ad

207 4166 626 4249 acquirendum
644 4211 668 4245 ,
727 4171 856 4227 tam
911 4164 1256 4225 doctrinam
1330 4182 1518 4244 quam
1572 4182 1751 4226 usum

209 4258 338 4337 ejus,
379 4260 536 4322 sicut
583 4258 654 4321 in
697 4258 834 4319 aliis
866 4256 1120 4333 artibus,
1154 4263 1224 4318 ut
1247 4257 1527 4333 militari,
1559 4262 1622 4319 et
1669 4258 1753 4318 si-

209 4353 452 4431 milibus,
478 4352 787 4435 praevium
815 4351 1200 4427 exercitium,
1229 4351 1403 4431 quasi
1435 4348 1650 4413 fictum
1691 4356 1754 4413 et

207 4446 522 4525 materiale,
581 4445 998 4508 necessarium
1041 4450 1134 4506 est
1169 4443 1249 4505 ad
1301 4462 1514 4505 veram
1551 4451 1751 4505 artem

211 4538 646 4603 addiscendam.
697 4539 776 4601 Ut
814 4544 1022 4601 autem
1067 4536 1184 4598 hoc
1209 4536 1463 4599 honeste
1486 4536 1619 4613 fiat,
1641 4536 1754 4599 ali·-

209 4648 313 4709 qua
331 4632 718 4695 observanda
743 4638 926 4693 sunt:
953 4630 1175 4711 primo,
1202 4635 1274 4691 ut
1312 4629 1644 4711 disputatio
1672 4649 1751 4693 ex

209 4722 394 4805 aliqua
437 4725 830 4789 dubitatione
885 4742 1015 4787 non
1069 4723 1380 4805 procedat,
1436 4729 1506 4784 ut
1562 4724 1629 4784 in
1658 4742 1748 4787 se·

209 4819 398 4896 quenti
444 4826 682 4900 puncto
738 4818 962 4879 dicam.
1029 4816 1329 4893 Secundo,
1382 4834 1462 4877 ne
1513 4834 1749 4879 errores

209 4918 399 4973 contra
431 4911 648 4987 fidem,
701 4911 892 4973 etiam
921 4911 1122 4991 gratia
1158 4909 1610 4991 disputationi,
1642 4908 1749 4970 de·

209 5000 475 5066 tendendi
529 5011 960 5085 proponantur
974 5019 996 5083 3
1052 5002 1203 5083 quia
1249 5002 1366 5064 hoc
1391 5008 1454 5064 et
1499 5002 1754 5065 omnino

209 5096 570 5175 prohibitum
605 5105 720 5173 est,
747 5103 809 5160 et
830 5116 940 5178 per
963 5115 1027 5159 se
1054 5096 1291 5159 malum
1309 5096 1578 5173 videtur,
1609 5096 1756 5175 quia

209 5195 266 5248 et
291 5207 500 5253 nocere
551 5198 757 5273 potest
802 5197 864 5253 et
905 5190 1264 5253 scandalum
1307 5189 1549 5252 afferre.
1582 5190 1755 5264 Quod

211 5278 275 5342 de
299 5288 419 5347 tota
443 5284 708 5347 materia
745 5302 991 5365 quoquo
1041 5284 1226 5346 modo
1275 5282 1616 5345 damnabili
1655 5283 1750 5345 in·

211 5373 590 5454 telligendum
619 5382 714 5438 est
721 5393 743 5456 3
794 5382 858 5439 et
899 5394 1038 5439 mea
1083 5376 1412 5450 sententia,
1451 5374 1526 5438 de
1577 5376 1751 5437 omni

215 5464 466 5533 doctrina
513 5470 910 5551 improbabili
951 5476 1043 5533 est
1079 5470 1552 5547 consulendum,
1601 5471 1750 5551 quia

216 5560 282 5619 ad
325 5562 768 5627 defendendam
805 5564 1164 5647 hujusmodi
1193 5564 1561 5642 doctrinam,
1605 5582 1750 5626 con·

3279 428 3393 491 493

1834 530 2159 602 sequenter
2176 524 2372 587 multa
2398 525 2832 605 improbabilia
2856 535 3238 607 asseruntur,
3254 550 3396 612 quae

1834 614 2195 695 insipientes
2231 624 2293 679 et
2332 618 2567 681 indocti
2592 618 2775 681 facile
2807 620 3099 697 credunt;
3148 632 3397 704 praeter·

1835 726 2023 789 quam
2061 708 2225 789 quod
2254 728 2365 789 per
2392 710 2751 790 hujusmodi
2788 712 3233 793 disputationes
3260 737 3400 798 per-

1835 802 2086 863 venitur
2113 804 2190 863 ad
2229 802 2521 865 affectum
2564 804 2705 865 talis
2730 805 3043 883 doctrinae,
3081 817 3143 873 et
3170 812 3399 874 similia

1834 894 2231 956 incommoda
2250 896 2426 959 facile
2454 898 2827 961 considerari
2852 908 3128 981 possunt.
3164 905 3393 981 Terti0,

1834 988 2176 1049 cavendum
2206 996 2295 1050 est
2323 1008 2402 1051 ne
2433 989 2789 1071 hujusmodi
2828 994 3267 1075 disputationes
3286 1018 3398 1079 pu-

1833 1079 1993 1141 blice
2022 1099 2229 1143 coram
2270 1082 2511 1163 vulgari
2544 1090 2605 1145 et
2631 1086 2877 1149 indocta
2904 1088 3083 1167 plebe
3126 1090 3399 1153 habean-

1835 1179 1962 1248 tur,
1997 1176 2335 1253 praesertim
2364 1176 2430 1237 in
2450 1176 2664 1257 lingua
2684 1179 2948 1259 vulgari,
2966 1183 3113 1263 quia
3138 1184 3400 1247 difficul-

1835 1272 1993 1327 tates
2062 1267 2302 1331 facilius
2363 1268 2723 1349 intelligunt
2774 1291 2963 1351 quam
3022 1275 3357 1339 solutiones
3376 1322 3399 1355 ,

1838 1377 2151 1440 unamque
2184 1380 2316 1424 rem
2358 1380 2467 1443 pro
2504 1362 2699 1425 altera
2732 1366 3167 1445 concipientes,
3220 1370 3401 1435 facile

1838 1452 2255 1533 decipiuntur.
2296 1454 2572 1535 Denique
2618 1458 2953 1519 servandus
3008 1468 3100 1523 est
3144 1464 3395 1541 modus,

1835 1562 1948 1625 per
1970 1545 2144 1625 cujus
2159 1565 2475 1610 excessum
2502 1567 2663 1629 saepe
2678 1550 2745 1611 in
2765 1551 2861 1611 his
2880 1551 3399 1633 disputationibus

1835 1644 2123 1717 peccatur
2138 1662 2157 1715 3
2191 1640 2267 1701 de
2297 1659 2422 1721 quo
2458 1640 2655 1704 videri
2698 1650 2898 1723 potest
2930 1646 3243 1727 OrigeneS,
3286 1650 3401 1711 ho-

1834 1730 2011 1792 milia
2036 1734 2110 1793 12
2143 1733 2211 1793 in
2242 1734 2463 1806 Exod.,
2483 1743 2546 1797 et
2562 1736 2793 1815 optime
2814 1738 3095 1802 Nazianz.
3122 1743 3401 1805 oratioue

1835 1825 1915 1885 26
1965 1824 2042 1887 de
2088 1826 2508 1891 Moderatione
2556 1828 2623 1889 in
2662 1829 3179 1909 disputationibus
3227 1836 3403 1897 adhi-

1833 1915 2061 1995 benda,
2093 1918 2202 1979 ubi
2226 1920 2412 1999 paulo
2434 1927 2579 1983 ante
2605 1920 2793 1983 finem
2813 1923 2998 1987 habet
3024 1926 3157 1989 haec
3178 1928 3397 2008 'verba,

1836 2028 1974 2091 quae
2000 2020 2215 2075 notare
2240 2013 2458 2075 libuit:
2502 2015 2746 2080 Usitata
2770 2035 2841 2080 ne
2859 2036 3131 2097 spernas,
3156 2026 3401 2087 novita-

1835 2108 1959 2168 tem
1980 2124 2052 2169 ne
2076 2114 2299 2189 captes,
2324 2114 2397 2172 ut
2428 2109 2689 2172 nominis
2710 2110 3077 2189 splendorem
3112 2116 3226 2179 tibi
3240 2120 3407 2199 apud

1835 2200 2055 2281 vulqus
2078 2199 2354 2265 concilies
2370 2225 2401 2274 ,·
2418 2209 2479 2264 et
2510 2202 2710 2264 infra:
2752 2204 3024 2270 Maxime
3049 2208 3145 2271 ita
3168 2226 3403 2292 compa-

1833 2299 2041 2356 ratum
2060 2300 2171 2372 est,
2210 2301 2282 2359 ut
2300 2296 2491 2359 omnis
2518 2314 2711 2359 sermo
2738 2300 3159 2377 contentiosus,
3190 2308 3401 2369 etcum

1834 2388 2155 2452 ambitione
2186 2389 2561 2470 coniunctus,
2609 2391 2958 2457 exercitatio
2980 2398 3253 2477 quaedam
3288 2399 3397 2477 sit,

1833 2500 1952 2563 qua
1980 2484 2061 2543 ad
2102 2482 2561 2547 contendendum
2606 2485 2676 2547 de
2716 2485 2891 2549 rebus
2933 2490 3241 2571 gravioris
3276 2512 3401 2555 mo-

1829 2574 2018 2637 menti
2032 2577 2455 2657 provehamwr.
2511 2577 2676 2641 Unde
2695 2578 2863 2641 nobis
2892 2597 3054 2647 curoe
3081 2600 3206 2647 esse
3240 2586 3402 2651 debet

1828 2672 1922 2741 ut,
1946 2685 2020 2730 ne
2044 2666 2111 2729 in
2134 2668 2359 2733 levibus
2386 2670 2620 2751 quidem
2648 2672 2941 2753 parvique
2971 2677 3255 2739 momenti
3274 2679 3400 2743 die-

1823 2758 2239 2841 putationibus
2267 2806 2283 2837 ,
2340 2762 2605 2827 audacias·
2649 2764 2742 2825 vel
2787 2765 3034 2845 ineptia·
3086 2768 3399 2850 siqnifioa-

1830 2854 2052 2917 tionem
2102 2855 2493 2935 proebeamue‚
2552 2874 2641 2933 ne,
2666 2856 2780 2919 hac
2814 2859 3053 2921 tandem
3108 2861 3399 2929 diuturna

1832 2946 2249 3010 consuetudine
2293 2947 2362 3010 in
2410 2948 2741 3029 majoribus
2788 2950 3127 3017 abutamur.
3156 2955 3231 3015 Et
3261 2954 3398 3019 haec

1831 3039 1908 3101 de
1935 3040 2237 3102 materiali
2266 3042 2698 3121 disputatione.

1909 3135 1973 3195 2.
2019 3133 2364 3199 Secundum
2382 3136 2735 3217 disputandi
2754 3155 2941 3221 oenus
2966 3138 3294 3207 bimmbro.
3312 3175 3395 3191 —

1830 3226 2117 3289 Primum
2150 3228 2477 3291 membrum
2501 3229 2731 3293 malum
2759 3230 3075 3298 intrinsece
3102 3252 3227 3299 esse
3246 3255 3395 3318 pro·-

1831 3318 2029 3383 batur.
2056 3352 2138 3365 —
2179 3321 2516 3401 Disputatio
2540 3321 2839 3399 formaliS,
2896 3344 3005 3387 seu
3046 3346 3209 3405 vera,
3240 3331 3393 3391 sub-

1831 3413 2131 3493 distingui
2160 3432 2197 3475 a
2225 3414 2401 3476 nobis
2432 3420 2651 3495 potest,
2677 3436 2825 3479 nam
2853 3418 3081 3499 duplici
3108 3439 3185 3483 ex
3205 3441 3393 3487 causa

1831 3508 2053 3587 suscipi
2076 3512 2312 3587 potest:
2347 3508 2548 3587 primo
2568 3528 2645 3571 ex
2659 3509 3044 3574 dubitatione
3073 3513 3392 3594 disputan-

1830 3601 1932 3677 tis,
1961 3602 2046 3661 ita
2075 3607 2257 3663 utres
2281 3609 2576 3682 tanquam
2603 3602 2794 3664 dubia
2816 3604 2885 3665 in
2912 3605 3393 3686 disputationem

1831 3693 2148 3771 afferatur,
2186 3700 2255 3756 ut
2284 3714 2393 3777 per
2437 3694 2610 3755 illam
2642 3697 2868 3759 veritas
2907 3705 3180 3763 eruatur.
3220 3702 3393 3765 Alter

1829 3787 2053 3848 modus
2074 3794 2186 3865 est,
2212 3788 2459 3869 quando
2486 3788 2563 3850 de
2586 3807 2654 3850 re
2678 3796 2867 3867 certa,
2891 3796 2955 3853 et
2972 3810 3113 3871 quae
3140 3813 3254 3875 pro
3280 3794 3392 3859 tali

1829 3880 2116 3959 habetur,
2150 3883 2483 3964 disputatio
2530 3883 2881 3964 suscipitur,
2933 3893 3006 3945 ut
3034 3888 3201 3967 apud
3239 3888 3393 3951 alios

1829 3974 2059 4035 veritas
2088 3973 2486 4037 confirmetur
2511 3974 2612 4038 vel
2638 3978 3101 4057 persuadeatur.
3148 3981 3393 4043 Primus

1831 4067 2053 4129 modus
2071 4066 2503 4130 haereticorum
2523 4070 2643 4130 dici
2661 4076 2881 4149 potest.
2912 4072 3229 4137 Secundus
3245 4094 3391 4137 vero

1831 4166 2047 4223 contra
2072 4162 2410 4239 haereticos,
2438 4169 2499 4225 et
2520 4162 2659 4225 ideo
2686 4163 2763 4227 de
2781 4164 2900 4227 hoc
2919 4169 3183 4230 secundo
3214 4169 3393 4231 nobis

1831 4272 2035 4317 sermo
2062 4262 2169 4317 est.
2205 4257 2380 4317 Prius
2408 4275 2557 4318 vero
2596 4276 2783 4339 quam
2811 4258 2891 4321 ad
2920 4260 3098 4321 illum
3143 4263 3395 4325 acceda-

1831 4366 1994 4425 mus,
2016 4348 2419 4429 supponimus
2454 4348 2531 4411 de
2559 4350 2776 4427 alter0,
2810 4352 3287 4433 disputationem
3316 4356 3392 4419 de

1829 4440 2016 4503 rebus
2031 4440 2198 4518 fidei,
2214 4460 2290 4504 ex
2308 4442 2694 4506 dubitatione
2712 4452 3080 4525 susceptam,
3104 4448 3393 4511 intrinse-

1829 4552 1900 4596 ce
1917 4534 2147 4597 malam
2174 4552 2339 4613 esse3
2369 4537 2526 4598 ratio
2542 4544 2634 4599 est
2662 4537 2852 4614 clara,
2870 4540 3017 4620 quia
3031 4540 3170 4601 talis
3183 4542 3392 4621 dispu-

1831 4628 1983 4690 tatio
2006 4628 2290 4690 haeresim
2307 4630 2621 4711 supponit,
2642 4643 2705 4693 et
2725 4650 2803 4695 ex
2819 4630 3046 4695 haeresi
3072 4636 3348 4713 procedit
3370 4654 3389 4699 ε

1832 4720 2004 4795 Quod
2057 4727 2255 4786 autem
2298 4718 2429 4785 non‘
2454 4727 2544 4786 est
2571 4741 2643 4785 ex
2678 4724 2802 4802 fide
2834 4724 3079 4805 (inquit
3108 4728 3389 4809 Paulus),

1819 4820 2133 4896 peccatum
2146 4820 2263 4888 est‚·
2285 4833 2429 4876 nam
2450 4815 2699 4877 illorum
2712 4817 3045 4881 verborum
3068 4839 3232 4883 unus
3254 4840 3392 4885 sen-

1828 4928 1930 4971 sus
1961 4915 2074 4983 est,
2104 4918 2175 4971 ut
2201 4910 2387 4971 dictio
2440 4911 2579 4975 illa:
2612 4910 2759 4975 Non
2801 4931 2873 4976 eze
2901 4914 3042 4995 fide,
3084 4917 3393 4979 contrarie

1835 5012 2200 5085 exponatur,
2230 5003 2293 5064 id
2313 5010 2427 5081 est,
2464 5005 2628 5085 quod
2664 5006 2940 5086 procedit
2986 5025 3062 5069 ex
3089 5027 3295 5071 errore
3325 5010 3390 5071 in

1833 5096 1977 5159 fide.
2016 5098 2295 5158 Diximus
2348 5104 2557 5160 autem
2610 5118 2819 5179 supra,
2862 5100 3123 5163 dubium
3171 5103 3238 5164 in
3274 5102 3393 5165 fide

1833 5190 2193 5254 haereticum
2219 5208 2385 5253 eese:
2418 5210 2565 5274 ergo
2598 5192 2931 5275 disputatio
2954 5197 3287 5275 procedens
3314 5216 3393 5259 ex

1833 5284 1947 5345 tali
1986 5283 2176 5345 dubio
2220 5291 2536 5365 peccatum
2577 5301 2668 5347 est
2696 5287 3064 5351 confessioni
3082 5288 3227 5352 fidei
3248 5308 3395 5351 con·

1828 5376 2089 5439 trarium
2123 5394 2146 5456 3
2194 5384 2257 5441 et
2308 5384 2633 5459 propterea
2672 5380 2817 5445 talis
2868 5381 3241 5463 disputatio,
3284 5402 3395 5465 per

1829 5488 2021 5553 quam
2046 5489 2143 5533 res
2172 5478 2373 5549 certae,
2392 5472 2528 5551 jam
2579 5473 2658 5535 ab
2686 5474 2955 5538 Ecclesia
2996 5476 3291 5553 definitae,
3323 5478 3392 5539 in

1829 5566 2311 5627 controversiam
2358 5573 2673 5646 vocantur,
2710 5570 2965 5631 omnino
3016 5576 3109 5632 est
3159 5588 3271 5649 per
3296 5589 3391 5633 sa-
