3900 6217
552 348 671 412 636

551 452 911 535 imperfecto
940 453 1121 515 modo
1152 456 1339 534 possit
1371 454 1643 514 charitas
1691 453 1927 513 versari
1956 452 2120 513 circa

550 548 710 623 illos,
768 566 877 627 per
944 546 1331 624 voluntateS,
1394 553 1459 609 et
1514 546 1821 609 desideria
1892 547 2120 627 imper-

560 641 739 703 fecta.

634 737 693 797 5.
747 735 908 811 Quid
931 736 999 799 dc
1024 736 1489 799 damnandis.--
1514 735 1631 797 Sed
1662 752 1901 815 quaeres
1929 750 2012 795 an
2040 733 2120 793 sit

552 828 717 890 idem
744 828 820 891 de
868 828 1165 909 reprobiS,
1201 832 1309 907 qui
1364 829 1645 889 nondum
1702 832 2121 907 pervenerunt

554 922 633 985 ad
665 923 843 984 illum
873 929 1127 985 statum.
1174 922 1601 1002 Respondetur
1631 923 1699 984 in
1735 921 2114 1001 particulari,

554 1022 618 1077 et
646 1018 851 1081 ablata
881 1017 1053 1079 omni
1104 1016 1355 1097 speciali
1386 1017 1783 1091 revelatione,
1818 1015 1934 1077 etsi
1963 1015 2119 1077 scia-

555 1129 693 1172 mus
735 1111 901 1172 inter
952 1110 1215 1171 viatores
1257 1110 1557 1191 quosdam
1605 1128 1734 1171 esse
1793 1108 2116 1190 reproboS,

555 1204 856 1285 quosdam
882 1204 1372 1283 praedestinatori,
1425 1222 1639 1266 omnes
1694 1210 1905 1265 tamen
1941 1202 2119 1263 abso-

554 1298 684 1360 lute
710 1317 839 1361 esse
866 1296 1213 1379 diligendos
1238 1316 1313 1359 ex
1355 1297 1653 1359 charitate
1663 1314 1684 1376 3
1718 1298 1865 1377 quia
1920 1298 2120 1359 nesci-

554 1410 696 1453 mus
718 1392 825 1471 qui
855 1393 981 1453 sint
1000 1390 1270 1471 reprobi,
1302 1397 1364 1453 et
1411 1391 1688 1452 absolute
1734 1409 1949 1453 omnes
1977 1410 2116 1473 pos·

556 1490 701 1547 sunt
752 1484 996 1545 salvari.
1048 1486 1283 1545 Tamen
1323 1483 1631 1564 loquendo
1666 1484 1733 1545 in
1769 1486 2112 1563 communi,

555 1577 932 1657 impossibile
954 1584 1045 1639 est
1068 1576 1430 1639 charitatem
1455 1578 1543 1638 ita
1566 1596 1774 1639 amare
1800 1577 2114 1658 reprob08,

556 1677 627 1731 ut
652 1671 930 1732 absolute
967 1670 1115 1733 velit
1159 1672 1279 1733 illis
1324 1670 1796 1747 beatitudinem,
1840 1672 1990 1751 quia
2017 1672 2118 1750 ju·

555 1765 793 1825 dicatur
816 1763 1187 1847 impossibile
1216 1783 1317 1825 eos
1340 1782 1475 1825 eam
1505 1766 1746 1843 assequi
1766 1787 1782 1838 ;
1806 1771 1867 1827 et
1895 1783 2116 1845 quam-

554 1860 650 1920 vis
683 1858 801 1921 hoc
842 1880 967 1922 non
1024 1862 1101 1923 sit
1147 1858 1524 1937 impossibile
1570 1858 1957 1941 simpliciter,
2011 1858 2118 1920 sed

557 1950 720 2014 facta
749 1953 1431 2035 suppositione,'tamen
1455 1954 1588 2032 jam
1640 1952 2119 2033 apprehendun-

556 2052 659 2108 tur
682 2047 795 2107 sub
828 2047 952 2108 illa.
978 2048 1054 2108 Et
1080 2046 1245 2107 idem
1280 2060 1371 2107 est
1399 2046 1451 2107 si
1480 2046 1556 2107 de
1593 2046 1800 2127 aliquo
1826 2047 1891 2107 in
1928 2046 2118 2125 parti·

557 2140 755 2201 culari
783 2139 960 2201 fieret
1013 2142 1327 2211 revelatio,
1374 2147 1435 2201 et
1488 2146 1724 2201 certum
1765 2145 1922 2201 esset
1977 2158 2115 2199 eam

555 2233 995 2294 revelationem
1026 2251 1153 2295 esse
1182 2233 1552 2306 absolutam,
1585 2234 1731 2313 quia
1756 2251 1880 2293 non
1909 2239 2114 2313 posset

556 2326 695 2407 quis
733 2326 898 2387 licite
946 2333 1154 2405 petere
1194 2334 1304 2387 aut
1354 2328 1698 2389 desiderare
1736 2328 2115 2389 contrarium

556 2428 701 2480 actu
739 2419 1018 2481 absoluto
1040 2437 1060 2497 3
1107 2421 1261 2481 illud
1310 2422 1477 2481 enim
1534 2428 1691 2481 esset
1717 2420 2000 2483 dubitare
2040 2421 2116 2482 de

558 2513 926 2573 certitudine
952 2513 1344 2575 revelationis
1360 2531 1382 2593 3
1414 2522 1616 2594 posset
1656 2520 1868 2575 tamen
1899 2515 1965 2574 in
2001 2514 2116 2575 hoc

558 2624 706 2667 casu
733 2608 908 2687 diligi
938 2607 1234 2688 reprobus
1274 2627 1350 2671 ex
1385 2610 1705 2677 charitate,
1739 2608 1817 2669 ad
1848 2627 1921 2671 ea
1950 2609 2113 2670 bona

558 2719 695 2781 quae
732 2719 858 2762 non
909 2709 1191 2782 pugnant
1246 2723 1385 2765 cum
1431 2704 1883 2783 reprobatione,
1916 2710 1987 2763 ut
2028 2709 2117 2763 est

558 2794 753 2873 vitare
783 2794 978 2857 multa
1002 2804 1275 2877 peccata,
1310 2806 1425 2859 etc.
1454 2799 1585 2871 Quo
1616 2798 1799 2858 modo
1832 2798 1896 2858 D.
1942 2796 2114 2857 Tho-

558 2904 715 2963 maS,
741 2891 767 2947 1
798 2908 889 2968 p.,
917 2909 977 2971 q.
1010 2892 1149 2964 113,
1177 2898 1295 2953 art.
1328 2894 1389 2967 4,
1420 2892 1499 2953 ad
1519 2892 1797 2965 tertium,
1823 2890 1972 2951 dicit
1994 2890 2120 2949 An-

558 2980 909 3043 tichristum
978 2982 1340 3047 habiturum
1410 2986 1719 3065 Angelum
1772 2984 2112 3057 custodem,

560 3077 665 3154 qui
691 3076 867 3137 illum
899 3096 936 3137 a
963 3080 1226 3157 peccatis
1256 3086 1519 3155 revocet,
1548 3086 1853 3159 quantum
1897 3080 2112 3159 possit,

559 3168 673 3229 etsi
725 3168 876 3229 sciat
903 3170 1081 3231 illum
1122 3171 1254 3233 fore
1278 3172 1726 3235 damnandum.

639 3264 698 3323 6.
748 3264 961 3328 Tertia
987 3266 1308 3329 conclusio.
1327 3300 1409 3313 —
1432 3269 1577 3329 Dico
1606 3268 1821 3329 tertio:
1852 3285 1978 3328 non
2017 3286 2113 3328 so-

556 3355 689 3417 lum
714 3358 1053 3419 secundum
1082 3359 1383 3437 animam,
1422 3362 1526 3421 sed
1556 3362 1743 3421 etiam
1772 3362 2114 3423 secundum

560 3468 781 3530 corpus
808 3457 1009 3530 potest
1059 3451 1245 3514 homo
1275 3472 1404 3514 esse
1444 3456 1763 3515 materiale
1804 3456 2116 3535 objectum

561 3542 879 3605 charitatis
907 3561 923 3604 ι
956 3544 1041 3605 ita
1092 3546 1268 3606 divus
1318 3546 1606 3624 ThomaS,
1638 3553 1699 3610 2.
1734 3551 1791 3625 2,
1828 3567 1895 3629 q.
1942 3551 2019 3610 25
2058 3555 2120 3611 et

560 3654 623 3716 q.
655 3638 757 3711 26,
789 3642 905 3698 art.
938 3639 998 3699 5.
1028 3638 1205 3700 Ratio
1224 3646 1339 3715 est,
1357 3640 1503 3721 quia
1528 3659 1746 3721 eorpus
1772 3641 2121 3703 humanum

562 3736 653 3791 est
689 3730 897 3811 aliquo
948 3735 1131 3794 modo
1147 3752 1355 3813 ,capax
1404 3734 1709 3795 bonorum
1752 3742 2120 3813 supernatu-

561 3825 810 3888 ralium.
856 3828 1008 3889 Item
1069 3835 1161 3890 est
1202 3848 1341 3909 pars
1389 3828 1654 3909 proximi
1703 3848 1779 3890 ex
1823 3829 2121 3891 charitate

562 3922 777 3994 amati,
812 3928 883 3981 ut
927 3922 1410 3983 instrumentum
1472 3922 1777 3983 bonorum
1829 3942 2112 4003 operum.

564 4012 739 4074 Unde
771 4014 1025 4075 ulterius
1074 4014 1145 4075 fit
1178 4016 1369 4094 quod,
1396 4016 1555 4077 sicut
1582 4015 1761 4077 aliter
1791 4022 1883 4076 est
1934 4016 2121 4077 homo

565 4122 759 4187 capax
804 4107 1207 4169 beatitudiuis
1254 4110 1495 4169 ratione
1538 4110 1785 4185 animae,
1824 4109 2004 4169 aliter
2028 4129 2125 4169 ra-

564 4202 732 4261 tione
762 4201 1055 4281 corporiS,
1088 4202 1177 4263 ita
1224 4201 1465 4265 diverso
1500 4202 1684 4263 modo
1713 4208 1807 4263 est
1841 4202 2126 4263 amabilis

565 4294 804 4354 ratione
844 4293 1071 4355 animae
1127 4300 1189 4356 et
1222 4296 1459 4357 ratione
1508 4296 1778 4375 corporis
1830 4315 1845 4358 t
1885 4297 2126 4357 ratione

567 4387 795 4447 animae
825 4386 1145 4466 primari0,
1170 4389 1411 4450 ratione
1436 4391 1705 4467 corporis
1732 4389 2124 4449 secundario·

566 4482 725 4542 Hinc
736 4476 935 4543 obiter
944 4483 1255 4561 colligitur
1268 4482 1636 4563 aliterdiligi
1654 4502 1877 4563 corpus
1887 4501 1962 4543 ex
1983 4482 2128 4543 cha-

566 4575 774 4649 ritate,
803 4573 982 4637 aliter
1014 4577 1281 4638 sensuali
1310 4593 1521 4637 amore
1536 4599 1553 4651 3
1574 4584 1633 4637 et
1665 4578 1899 4637 alitera
1918 4577 2124 4656 justiS,

568 4673 630 4728 et
647 4668 827 4729 aliter
849 4688 883 4729 a
906 4671 1361 4749 peccatoribus;
1386 4690 1533 4732 nam
1554 4670 1645 4730 illi
1669 4676 1884 4731 amant
1908 4688 2128 4748 corpus

568 4761 648 4821 ad
678 4760 842 4823 bona
893 4765 1408 4842 supernaturalia,
1450 4764 1517 4825 hi
1560 4764 1638 4825 ad
1680 4763 1919 4825 infima.
1954 4762 2128 4824 Unde

567 4855 659 4915 illi
688 4857 885 4935 magis
912 4856 1182 4935 diligunt
1203 4876 1443 4937 corpuS‚
1464 4860 1611 4918 dum
1632 4857 1788 4917 illud
1816 4856 2126 4933 affligunt,

571 4958 633 5010 et
659 4951 880 5011 docent
907 4952 1129 5011 rationi
1158 4951 1406 5013 obedire
1421 4975 1438 5026 ;
1458 4972 1603 5013 nam
1626 4952 1743 5013 hoc
1771 4953 1973 5031 ipsum
1998 4970 2130 5012 me-

572 5044 691 5105 lius
714 5050 825 5119 est,
860 5063 987 5105 nou
1014 5046 1214 5106 solum
1243 5046 1506 5121 homini,
1522 5046 1625 5108 scd
1646 5046 1833 5106 etiam
1851 5045 2124 5123 corpori3

575 5144 639 5199 at
664 5155 809 5197 vero
850 5138 920 5199 in
944 5139 1108 5199 malo
1132 5146 1474 5218 peccatores
1498 5139 1634 5219 plus
1661 5139 1931 5224 diligunt
1954 5158 2016 5199 se
2067 5144 2130 5197 et

569 5249 844 5312 corpora,
878 5250 1066 5312 quam
1083 5233 1269 5311 justi3
1303 5236 1451 5315 quia
1472 5234 1565 5295 illi
1596 5252 1780 5294 suum
1817 5233 2009 5305 finem
2038 5232 2130 5293 ul·

571 5325 793 5386 timum
820 5326 888 5386 in
917 5345 980 5386 se
1011 5328 1276 5387 amando
1305 5330 1709 5389 constituunt.

653 5419 713 5478 7.
763 5418 995 5492 Quarta
1037 5420 1354 5483 conclusio.
1384 5452 1465 5465 —
1486 5422 1631 5482 Dico
1656 5426 1921 5499 quarto:
1968 5418 2133 5480 bona

576 5512 1073 5593 supernaturalia
1118 5514 1305 5575 etiam
1350 5515 1663 5595 portinent
1688 5514 1767 5577 ad
1806 5512 2132 5575 materiam

1184 352 1421 407 DISPUT.
1459 352 1496 407 1.
1534 352 1613 407 DE
1646 352 1909 415 OBJEGTO
1942 352 2300 417 MATERIALJ,
2335 353 2414 405 ET
2449 354 2717 407 FoRuALl
2751 352 3136 409 CHARITATlS.

2199 454 2540 529 charitatis,
2570 473 2698 517 non
2723 462 2794 517 ut
2819 457 2882 517 id
2913 454 3074 534 quod
3123 454 3404 533 diligitur
3453 461 3714 537 tanquam

2199 550 2458 625 amicuS,
2487 550 2595 611 sed
2625 557 2694 611 ut
2725 551 2962 611 bonum
3004 550 3370 624 maximum,
3401 554 3551 628 quod
3588 557 3719 615 ami-

2201 661 2271 702 co
2300 642 2598 721 diligitur.
2619 644 2800 706 Ratio
2823 650 2934 720 est,
2958 644 3103 722 quia
3121 661 3266 703 cum
3293 642 3424 703 haec
3447 643 3596 705 bona
3614 666 3718 709 non

2201 737 2326 797 sint
2351 754 2644 816 personae,
2695 738 2822 799 sint
2855 742 3065 797 autem
3107 736 3398 797 maximae
3440 738 3719 815 perfectio—

2200 848 2310 890 nes
2338 848 2550 890 eorum
2579 832 2683 910 qui
2717 832 2957 891 ratione
2979 837 3270 904 utuntur,
3295 848 3422 889 non
3452 838 3586 891 sunt
3605 835 3720 895 dili-

2199 922 2415 1004 gibilia
2452 925 2662 1004 priori,
2694 925 2796 986 sed
2829 925 3150 1006 posteriori
3179 924 3388 985 modo.
3426 924 3614 989 Dices:
3645 948 3721 989 er-

2199 1036 2279 1097 go
2339 1036 2550 1080 amare
2597 1019 2718 1081 sibi
2777 1018 3227 1079 beatitudinem
3275 1023 3338 1077 et
3393 1016 3721 1083 charitatem

2201 1113 2469 1191 pertinet
2505 1114 2583 1175 ad
2632 1113 3034 1188 charitatem3
3087 1130 3238 1189 ergo
3288 1116 3352 1171 et
3387 1130 3588 1175 amare
3627 1116 3720 1179 sibi

2202 1204 2437 1283 Deum3
2466 1210 2532 1267 at
2577 1206 2696 1269 hoc
2739 1215 2834 1269 est
2871 1206 3120 1280 falsum,
3151 1206 3305 1285 quia
3351 1204 3465 1267 hoc
3493 1210 3722 1286 pertinet

2199 1300 2278 1361 ad
2301 1317 2575 1363 amorem
2595 1301 3133 1381 concupiscentiae.
3152 1301 3590 1379 Respondetur,
3614 1303 3721 1367 haec

2198 1394 2410 1457 omnia
2455 1412 2587 1457 esse
2627 1395 2870 1474 objecta
2923 1394 3274 1456 materialia
3329 1394 3622 1457 charitatis
3673 1404 3722 1459 et

2197 1488 2726 1568 concupiscentiae,
2759 1495 2971 1551 tamen
3007 1488 3256 1553 diverso
3290 1487 3505 1563 mod03
3530 1506 3655 1551 nam
3678 1493 3720 1553 si

2198 1581 2336 1663 quis
2365 1588 2533 1643 amet
2559 1600 2734 1645 suam
2761 1582 3068 1661 justitiam
3097 1588 3169 1655 et*
3192 1580 3574 1656 charitatem,
3599 1590 3714 1660 etc„

2199 1695 2326 1737 non
2357 1677 2654 1756 primario
2677 1683 2740 1737 et
2765 1682 3014 1756 propter
3051 1692 3141 1750 se,
3167 1692 3284 1736 seu
3321 1692 3432 1754 per
3451 1692 3513 1735 se
3535 1681 3592 1737 et
3609 1694 3719 1754 pro·

2201 1776 2338 1850 pter
2373 1788 2558 1831 suum
2601 1769 3021 1845 commodum,
3055 1768 3160 1829 sed
3203 1774 3458 1848 propter
3483 1769 3650 1831 Deum
3670 1782 3718 1835 et

2201 1864 2334 1941 ejus
2363 1864 2649 1942 gloriam,
2690 1864 2776 1925 sic
2803 1872 2898 1925 est
2935 1880 3114 1925 amor
3145 1861 3470 1923 charitatis
3485 1880 3504 1939 3
3531 1867 3718 1927 sivero

2198 1958 2497 2039 primario
2523 1976 2699 2019 suam
2727 1956 3090 2018 charitatem
3117 1954 3431 2035 respiciat,
3461 1962 3544 2017 est
3575 1973 3718 2021 amor

2198 2050 2727 2131 concupiscentioe.

2279 2146 2338 2207 8.
2389 2146 2622 2219 Quinta
2647 2144 2966 2209 conclusio.
2986 2177 3070 2191 —-
3092 2143 3239 2205 Dico
3265 2142 3516 2222 quinto:
3545 2160 3721 2205 omnes

2198 2259 2295 2303 res
2333 2240 2473 2301 alise
2515 2240 2904 2301 irrationales
2929 2245 2992 2301 et
3029 2238 3396 2301 inanimatae
3422 2282 3441 2311 ,
3482 2238 3588 2298 etsi
3619 2256 3722 2299 aon

2197 2336 2294 2395 sin
2347 2333 2592 2411 objecta
2635 2333 2971 2408 charitatis,
3001 2338 3308 2411 tanquam
3354 2330 3514 2391 bona
3541 2349 3636 2409 per
3669 2350 3720 2394 se

2196 2448 2296 2491 am
2341 2428 2489 2489 bilia
2511 2476 2526 2499 ,
2577 2432 2721 2487 sunt
2758 2433 2970 2487 tamen
3031 2425 3248 2505 aliquo
3298 2426 3479 2485 modo
3523 2424 3720 2503 objecta

2195 2522 2535 2595 charitatis,
2565 2526 2862 2600 tanquam
2891 2520 3054 2584 bona
3082 2537 3228 2599 quae
3259 2518 3472 2582 amicis
3509 2536 3576 2580 ex
3609 2518 3720 2579 cha·

2197 2618 2380 2678 ritate
2407 2614 2776 2693 diliguntur.
2828 2614 3058 2675 Prioris
3089 2613 3288 2693 partis
3337 2613 3605 2693 probatio
3637 2633 3722 2673 su-

2199 2709 2424 2770 menda
2453 2715 2546 2771 est
2597 2727 2670 2769 ex
2713 2708 2904 2785 priori
2947 2706 3352 2787 praecedentis
3387 2708 3715 2767 assertionis,

2198 2803 2380 2865 Ratio
2419 2801 2771 2882 posterioris
2803 2807 2918 2875 cst,
2953 2801 3102 2879 quia
3133 2818 3328 2861 omne
3353 2800 3512 2875 quod
3537 2801 3724 2859 estho-

2199 2916 2353 2959 num
2383 2897 2676 2976 proximi,
2709 2902 2771 2957 et
2815 2895 2896 2955 ad
2945 2895 3082 2974 ejus
3119 2894 3562 2955 beatitudinem
3605 2912 3718 2953 con-

2199 2990 2362 3051 ferre
2407 2996 2630 3070 potest,
2661 2994 2857 3069 potest
2903 3006 2978 3047 ex
3027 2988 3268 3047 motivo
3313 2986 3722 3065 supernaturali

2195 3084 2285 3145 illi
2323 3086 2564 3161 amari3
2603 3080 2962 3160 hujusmodi
2993 3087 3209 3141 autem
3239 3086 3386 3141 sunt
3415 3098 3615 3141 omnes
3639 3097 3720 3139 res

2195 3178 2272 3239 de
2317 3177 2540 3256 quihus
2577 3176 2914 3256 loquimur.
2955 3176 3187 3237 Contra,
3221 3174 3384 3238 hanc
3427 3173 3720 3235 conclusio-

2195 3290 2340 3331 nem
2384 3271 2630 3331 videtur
2663 3270 2892 3331 sentire
2934 3270 3398 3343 Bonaventura,
3427 3268 3492 3329 in
3517 3270 3575 3342 3,
3601 3267 3716 3327 dist.

2197 3366 2300 3441 28,
2333 3371 2447 3425 art.
2486 3366 2545 3439 1,
2575 3382 2638 3441 q.
2671 3366 2709 3423 2
2733 3408 2751 3437 ,
2783 3362 2992 3423 dicens
3038 3362 3150 3421 has
3201 3380 3300 3423 res
3345 3379 3516 3441 posse
3553 3359 3720 3421 amari

2198 3476 2409 3518 amore
2438 3458 2742 3535 imperato
2769 3474 2806 3516 a
2833 3456 3158 3529 charitate,
3191 3474 3323 3517 non
3357 3454 3552 3515 elicito
3575 3468 3594 3529 3
3633 3453 3720 3513 sed

2199 3569 2326 3611 non
2351 3550 2530 3611 video
2553 3568 2680 3629 quo
2707 3550 3113 3609 fundamento
3143 3549 3410 3610 nitatur.

2283 3646 2342 3704 9.
2399 3642 2636 3707 Ultima
2677 3644 2995 3706 conclusio.
3025 3674 3105 3689 -
3127 3639 3520 3722 Adoequatum
3555 3639 3720 3701 ckari-

2201 3738 2354 3800 tatis
2393 3738 2683 3816 objectum
2711 3736 3058 3816 quotuplezc.
3177 3734 3327 3795 Dico
3366 3733 3598 3795 ultimo:
3625 3731 3720 3791 etsi

2200 3828 2330 3890 haec
2357 3830 2570 3890 omnia
2596 3830 2946 3909 pertineant
2974 3828 3052 3889 ad
3095 3828 3413 3907 objectum
3447 3823 3718 3887 materiale

2202 3922 2539 3998 charitatiS,
2571 3929 2633 3983 et
2661 3922 2803 3983 ideo
2842 3923 3151 4001 objectum
3203 3921 3580 3999 adaequatum
3620 3916 3717 3975 dici

2203 4017 2392 4096 possit
2418 4016 2649 4077 bonum
2681 4017 3150 4095 supernaturale
3191 4014 3459 4078 amabile
3489 4030 3556 4072 ex
3595 4009 3717 4069 ami·

2207 4110 2372 4184 citia,
2403 4116 2614 4171 tamen
2641 4110 2829 4170 etiam
2859 4110 3018 4171 Deus
3059 4110 3188 4189 ipse
3232 4113 3432 4187 potest
3460 4105 3569 4167 dici
3599 4120 3714 4163 con-

2208 4204 2529 4265 venienter
2607 4202 2924 4265 materiale
2987 4203 3304 4281 objectum
3371 4199 3714 4277 adaquatum

2209 4295 2564 4359 charitatis:
2596 4296 2734 4356 haec
2779 4295 3090 4359 conclusio
3123 4292 3480 4375 explicanda
3528 4296 3606 4353 est
3649 4286 3714 4348 ad

2207 4390 2458 4450 modum
2497 4390 2749 4451 alterius
2787 4390 3004 4449 similis
3047 4390 3247 4468 posita
3287 4390 3354 4449 in
3389 4384 3622 4447 materia
3653 4382 3714 4439 dc

2207 4483 2330 4544 fide
2356 4487 2401 4542 ¹.
2435 4485 2588 4543 Nam
2611 4484 2916 4561 imprimis
2937 4482 3202 4543 materia
3231 4480 3472 4543 habitus
3503 4477 3610 4537 dici
3631 4492 3714 4552 po-

2207 4583 2348 4652 test,
2377 4593 2562 4638 omne
2597 4577 2660 4636 id
2689 4580 2758 4635 in
2787 4594 2912 4655 quo
2952 4582 3236 4637 versatur
3263 4574 3497 4635 habItus
3521 4570 3618 4631 sub
3640 4584 3712 4626 ra-

2207 4671 2378 4730 tione
2404 4669 2652 4730 formali
2693 4688 2826 4741 sua,
2871 4675 2934 4731 et
2965 4669 3081 4728 hoc
3110 4668 3296 4729 modo
3337 4663 3584 4745 procedit
3617 4658 3712 4738 pri-

2210 4780 2313 4823 ma
2339 4781 2505 4841 parS.
2542 4760 2822 4823 Secundo
2840 4805 2858 4834 ‚
2900 4767 3098 4840 potest
3126 4760 3312 4821 etiam
3341 4758 3458 4818 dici
3479 4756 3712 4829 adsequa-

2211 4862 2344 4915 tum
2385 4854 2700 4933 objectum
2732 4872 2828 4915 res
2864 4854 2997 4927 illa,
3029 4858 3280 4932 propter
3313 4867 3490 4929 quam
3507 4854 3589 4907 est
3613 4845 3709 4923 pri·

2211 4967 2314 5008 mo
2343 4954 2405 5011 et
2437 4967 2546 5027 per
2583 4967 2648 5008 se
2675 4947 2926 5009 habitus
2944 4992 2963 5023 ,
3006 4953 3067 5007 et
3094 4946 3175 5005 ad
3203 4961 3386 5023 quam
3414 4942 3712 5003 reseruntur

2211 5044 2420 5103 omnia
2453 5044 2614 5103 circa
2641 5060 2782 5121 quae
2821 5050 3103 5105 versatur
3140 5039 3418 5112 habitus3
3449 5041 3506 5097 ct
3533 5032 3712 5108 hujus-

2211 5137 2380 5196 modi
2409 5142 2499 5197 est
2534 5137 2694 5197 Deus
2735 5136 2802 5194 in
2851 5135 3080 5194 virtute
3107 5130 3442 5204 charitatiS,
3467 5133 3712 5204 uiperae

2210 5235 2470 5305 constat,
2513 5234 2577 5290 et
2603 5248 2680 5291 ex
2722 5228 3000 5289 dicendis
3035 5226 3286 5308 patebit.

2297 5420 2313 5455 ¹
2363 5416 2516 5479 Vide
2544 5416 2614 5477 in
2647 5420 2890 5476 tractat.
2921 5415 2998 5476 de
3025 5414 3199 5487 Fide,
3227 5413 3381 5493 disp.
3405 5410 3460 5485 2,
3499 5408 3622 5467 sect·
3653 5402 3705 5472 Ξ,

2212 5517 2274 5571 et
2310 5510 2351 5572 l.
2385 5512 2424 5572 6
2453 5509 2528 5573 de
2555 5510 2754 5585 Grat„
2779 5528 2836 5569 c.
2863 5510 2926 5584 8,
2957 5526 3134 5569 num.
3169 5510 3230 5569 3.
