3900 6217
637 370 807 423 SECT.
843 370 928 421 111.
964 366 1048 419 AN
1082 365 1344 419 COACTIO
1375 363 1838 418 nAEm-:Tlconuu
1872 364 1956 416 An
1990 362 2407 417 DEPONENDAM
2438 362 2744 425 HAERESffl,
2780 362 2915 417 ETC.

197 480 325 539 sunt
374 488 510 534 cum
567 476 741 531 tanto
817 468 1094 548 periculo
1151 466 1239 527 ibi
1304 465 1721 541 addiscenda3

199 566 511 649 praesertim
546 581 684 625 cum
717 579 842 623 non
873 560 1074 622 desint
1101 560 1170 623 in
1203 560 1471 623 Ecclesia
1510 558 1730 620 Catho-

196 663 286 723 lici
315 659 470 733 libri,
501 672 575 718 ex
605 653 829 736 quibus
861 653 1063 715 multo
1105 654 1327 715 melius
1373 653 1606 733 possint
1632 664 1752 711 ea:

194 755 318 814 dem
362 750 606 811 addisci.
659 748 836 809 Unde
881 746 1104 808 merito
1145 746 1303 807 dixit
1347 745 1722 825 CyprianuS,

195 845 424 926 epistola
452 844 566 905 52:
605 840 794 906 Scias
821 858 930 903 nos
958 858 1062 903 nec
1096 839 1362 903 curiosos
1388 856 1511 901 esse
1530 838 1728 901 debere

195 938 328 1021 quid
348 936 445 1000 illi
467 937 732 1009 doceant,
766 952 901 997 cum
925 933 1080 1013 soris
1119 934 1383 997 doceant.
1417 932 1591 1006 Quod
1618 950 1728 991 au-

195 1040 304 1092 tem
355 1029 440 1089 ibi
495 1028 722 1089 citatur
759 1044 837 1087 ex
879 1027 1064 1087 Paulo
1117 1044 1135 1087 t
1191 1023 1410 1088 Omnia
1458 1024 1724 1107 probate,

199 1126 340 1207 quod
353 1123 560 1185 bonvm
585 1124 900 1194 esttenete,
927 1119 1232 1198 imprimis
1257 1116 1731 1196 intelligendum

199 1224 278 1279 est
311 1214 384 1277 de
419 1214 602 1277 rebus
639 1231 768 1273 non
817 1212 1202 1291 improbatis,
1243 1210 1348 1271 sed
1378 1210 1605 1285 dubiis,
1637 1209 1733 1269 in-

195 1316 276 1371 ter
307 1326 454 1388 quas
497 1312 696 1386 potest
717 1324 846 1366 esse
889 1305 1128 1366 electio.
1173 1304 1406 1366 Deinde
1435 1301 1638 1383 quoad
1661 1301 1733 1363 li·

196 1402 322 1464 bros
355 1419 392 1460 a
437 1398 766 1461 Catholicis
811 1398 1129 1478 legendos,
1181 1398 1290 1459 illa
1343 1396 1624 1477 probatio
1673 1401 1736 1456 et

198 1493 554 1557 examinatio
581 1492 660 1553 ad
693 1497 965 1571 pastores
1005 1491 1308 1565 Ecclesiae,
1353 1507 1479 1550 non
1507 1488 1587 1549 ad
1614 1488 1736 1548 sin-

196 1587 356 1667 gulos
401 1586 673 1664 privatos
724 1583 994 1663 pertinet
1009 1600 1031 1660 3
1084 1588 1148 1644 et
1199 1583 1362 1658 iden,
1413 1588 1738 1661 postquam

195 1679 443 1741 Ecclesia
480 1676 674 1738 libros
701 1678 939 1757 aliquos
980 1674 1332 1756 reprobavit
1358 1680 1638 1755 respectu
1664 1674 1738 1733 il-

199 1773 403 1847 lorum,
434 1777 497 1832 et
545 1771 936 1851 singularum
978 1787 1404 1851 personarum,
1454 1768 1586 1848 jam
1631 1768 1740 1829 illa

197 1866 350 1926 Pauli
373 1864 592 1943 regula
621 1865 829 1925 locum
856 1881 983 1924 non
1025 1862 1233 1924 habet.
1269 1862 1364 1924 Ad
1397 1860 1740 1924 secundum

197 1966 386 2019 autem
408 1959 484 2019 de
511 1956 835 2037 exempli3‚
866 1974 994 2018 non
1038 1955 1298 2017 dubium
1332 1961 1424 2017 est
1456 1955 1608 2037 quin
1638 1972 1742 2016 ex-

197 2052 384 2131 pediat
408 2050 604 2112 libros
653 2050 1087 2111 hoereticorum
1133 2050 1260 2130 legi
1300 2050 1380 2112 ab
1431 2048 1740 2128 aliquibus

198 2142 592 2220 doctioribus,
645 2150 708 2205 et
749 2142 990 2206 selectis
1029 2162 1102 2205 ac
1137 2144 1362 2205 securis
1409 2144 1580 2219 viris,
1631 2140 1740 2222 qui

197 2238 408 2318 possint
457 2256 568 2299 eos
610 2238 1006 2318 impugnare,
1048 2242 1110 2297 et
1141 2236 1331 2299 fidem
1375 2236 1740 2297 catholicam

199 2334 341 2394 tueri
358 2350 378 2410 3
405 2338 468 2394 et
494 2334 620 2394 hoc
667 2334 850 2393 modo
885 2330 1253 2411 legebantur
1297 2333 1376 2393 ab
1403 2332 1524 2392 illis
1549 2330 1741 2391 Patri·

199 2424 320 2501 bus,
351 2426 457 2505 qui
497 2432 655 2486 tunc
687 2430 863 2485 erant
889 2426 1187 2504 praecipui
1211 2424 1517 2500 Doctores,
1546 2429 1609 2484 et
1643 2439 1742 2483 co-

199 2517 408 2579 lumnae
433 2518 767 2595 Ecclesiae3
797 2524 860 2579 et
890 2506 1148 2579 sortasse
1187 2516 1312 2579 illis
1340 2517 1743 2598 temporibus,

208 2613 470 2691 quamvis
505 2613 690 2674 lectio
745 2610 1048 2672 librorum
1103 2611 1532 2673 haereticorum
1588 2610 1749 2671 male

203 2708 422 2768 audiret
448 2708 621 2787 apud
669 2706 1030 2781 CatholicOS,
1072 2723 1200 2766 non
1229 2712 1362 2766 erat
1404 2724 1546 2767 cum
1575 2710 1748 2766 tanto

202 2801 386 2879 rigore
424 2800 764 2880 prohibita,
809 2801 968 2861 sicut
995 2816 1165 2859 nunc
1207 2805 1318 2874 est,
1351 2806 1412 2859 et
1458 2800 1594 2860 ideo
1627 2798 1752 2859 for-

205 2902 342 2954 tasse
380 2895 670 2975 Episcopi
704 2894 945 2955 ratione
985 2892 1196 2967 officii,
1232 2892 1363 2951 sine
1405 2892 1529 2952 alia
1555 2891 1750 2952 facul-

204 2991 334 3063 tate,
357 2987 418 3047 id
444 2988 654 3049 facere
689 2994 1015 3066 poterant3
1047 2991 1110 3045 et
1129 2984 1296 3045 idem
1325 2982 1487 3045 forte
1513 2990 1644 3046 erat
1673 2984 1751 3046 de

207 3076 548 3140 Ductoribus
617 3079 856 3159 publice
917 3080 1272 3161 approbatis
1309 3098 1326 3153 3
1398 3079 1497 3140 vel
1573 3078 1752 3138 facile

207 3172 372 3233 etiam
395 3180 687 3253 poterant
711 3192 749 3233 a
770 3172 894 3233 suis
921 3174 1236 3253 Episcopis
1261 3172 1614 3234 facultatem
1642 3169 1754 3230 ha-

209 3262 357 3328 bere.
375 3267 556 3327 Nunc
585 3272 818 3342 autem,
844 3272 1156 3329 crescente
1181 3266 1610 3327 haereticorum
1643 3282 1754 3323 au-

209 3356 385 3434 dacia,
424 3360 634 3437 major
657 3359 918 3435 cantela,
959 3357 1288 3439 prohibitio
1330 3364 1393 3420 et
1420 3356 1753 3419 reservatio

207 3452 534 3513 necessaria
559 3451 702 3512 fuit.
737 3452 832 3513 Ad
855 3453 1136 3527 tertium,
1166 3451 1243 3512 de
1275 3451 1448 3512 libris
1470 3450 1754 3529 antiquo-

208 3560 352 3618 rum,
395 3543 810 3625 respondetur
845 3563 972 3606 non
1001 3562 1128 3618 esse
1177 3544 1586 3624 acceptionem
1617 3560 1755 3622 per-

211 3654 503 3713 sonarum,
531 3638 784 3717 quando
815 3638 1094 3719 exceptio
1131 3637 1342 3717 aliqua
1369 3656 1447 3698 ex
1488 3638 1758 3697 rationa-

211 3726 308 3789 bili
354 3748 536 3792 causa
585 3730 692 3806 [it3
743 3729 866 3792 fuit
910 3738 1123 3793 autem
1161 3731 1432 3792 maxima
1475 3728 1556 3790 ad
1597 3730 1759 3791 exci-

211 3823 446 3901 piendos
474 3823 620 3886 illos
645 3826 934 3904 antiquos
971 3825 1280 3899 DoctoreS,
1325 3822 1473 3903 quia
1514 3822 1566 3884 si
1605 3837 1759 3902 quos

214 3914 422 3977 habent
441 3934 707 3994 errores,
728 3924 790 3979 et
815 3918 997 3997 pauci
1023 3922 1192 3993 sunt,
1218 3916 1431 3996 etjam
1457 3920 1598 3975 sunt
1625 3914 1761 3977 noti

217 4015 269 4068 et
292 4012 460 4088 quasi
491 4012 786 4085 emortui,
819 4017 883 4071 et
917 4010 1057 4074 ideo
1097 4015 1292 4072 cessat
1322 4007 1668 4089 periculum
1681 4008 1762 4068 «in

218 4098 554 4179 hujusmodi
598 4102 812 4177 libris;
863 4110 926 4164 et
971 4102 1204 4183 alioqui
1259 4118 1476 4163 eorum
1531 4100 1765 4162 utilitas

219 4210 424 4273 magna
454 4202 577 4272 est,
605 4196 706 4257 vel
737 4202 988 4276 propter
1027 4196 1323 4257 eximiam
1362 4200 1426 4256 et
1465 4192 1764 4273 multipli-

221 4303 335 4346 cem
379 4290 776 4364 doctrinam,
835 4289 933 4351 vel
987 4295 1239 4369 propter
1290 4288 1720 4369 antiquitatem
1741 4331 1763 4363 ,

221 4380 350 4457 quia
376 4383 442 4443 in
473 4383 566 4444 eis
607 4384 867 4463 antiqua
903 4382 1184 4457 historia,
1229 4386 1293 4443 et
1327 4381 1578 4444 traditio
1621 4396 1767 4441 con-

222 4480 500 4537 servatur.

821 4702 1038 4755 sssc'rlo
1070 4703 1155 4755 111.
1175 4714 1183 4717 ·

239 4898 442 4967 Utnem
481 4905 710 4971 coactio
747 4902 1162 4969 hoeretieonm
1207 4904 1290 4966 ad
1323 4902 1772 4983 relinquundam

299 4998 568 5062 leaeo-esim
599 4999 684 5062 sit
707 4998 966 5061 medium
1009 4995 1273 5073 licitum,
1307 4997 1679 5072 conveniam,
1717 5000 1776 5059 et

301 5094 511 5157 eadem
539 5094 650 5157 sub
677 5091 972 5159 Ecclesioe
980 5094 1364 5173 potestatem.

305 5322 424 5383 Hoc
451 5327 543 5383 est
559 5322 816 5385 tertium
853 5320 1131 5384 medium
1166 5337 1290 5401 quo
1324 5319 1592 5381 Ecclesia
1635 5336 1781 5380 con-

237 5420 322 5474 tra
349 5422 688 5495 apostatam
717 5416 938 5492 utitur,
978 5422 1042 5476 et
1072 5414 1483 5475 necessarium
1513 5412 1778 5491 Judicat,

241 5508 308 5567 ad
333 5508 474 5571 fidei
501 5510 861 5590 puritatem,
884 5514 946 5571 et
970 5509 1390 5590 integritatem
1419 5524 1783 5571 conservan-

3264 358 3383 419 509

1806 463 1976 526 dam.
2014 464 2187 525 Circa
2231 463 2384 525 illud
2437 480 2583 525 vero
2626 462 2796 543 prius
2840 462 3210 525 excludendi
3240 470 3385 527 sunt

1807 556 2095 619 nonnulli
2136 576 2395 620 errores.

1895 656 1952 713 1.
1998 652 2253 715 Primus
2288 670 2460 715 error
2490 654 2559 715 in
2590 653 2887 734 praesenti
2920 652 3269 733 quaestione.
3298 684 3383 699 —-

1809 744 2051 827 Apellis
2103 745 2270 827 apud
2314 745 2646 809 Eusebium
2702 750 2760 810 et
2809 744 3244 827 Nicephorum.
3302 776 3385 791 --

1807 842 1970 903 Item
2016 837 2349 902 Cassandri
2400 840 2567 923 apud
2614 838 2983 902 Bellen-min.
3016 873 3099 885 -
3141 840 3385 899 Primus

1808 938 1899 994 est
1961 931 2411 1013 quorumdam,
2484 934 2586 1013 qui
2647 932 2943 993 dixerunt
3007 950 3129 993 nnn
3181 932 3381 993 solum

1807 1044 1936 1087 non
1990 1043 2118 1086 esse
2169 1026 2513 1104 puniendos
2542 1025 2887 1101 haereticos,
2919 1042 3135 1087 verum
3188 1026 3383 1087 etiam

1811 1137 2013 1199 neque
2032 1136 2159 1179 esse
2178 1136 2320 1179 cum
2340 1117 2460 1178 illis
2476 1119 2999 1193 contendendum,
3020 1118 3126 1179 sed
3150 1137 3383 1180 unum-

1813 1230 2121 1293 quemque
2157 1228 2287 1272 esse
2327 1212 2826 1291 relinquendum,
2868 1218 2941 1272 ut
2989 1212 3059 1271 in
3100 1230 3212 1273 sua
3261 1210 3385 1275 fide

1813 1306 2004 1366 vivat.
2038 1306 2127 1365 lta
2166 1304 2325 1364 dixit
2356 1304 2506 1365 olim
2546 1304 2809 1384 Apella,
2844 1310 2916 1364 ut
2953 1304 3229 1367 referunt
3263 1306 3385 1365 Eu-

1816 1398 2044 1474 sebius,
2075 1396 2186 1458 lib.
2221 1399 2259 1459 5
2287 1398 2545 1473 Histor.‚
2582 1416 2715 1477 cap.
2749 1400 2849 1472 13,
2886 1404 2951 1461 et
2978 1397 3383 1477 Nicephorus,

1815 1492 1926 1554 lib.
1975 1494 2038 1568 4,
2072 1511 2204 1572 cap.
2240 1492 2352 1568 ⁶293
2398 1491 2637 1553 dicebat
2684 1492 2854 1553 enim
2901 1509 3027 1552 nou
3076 1510 3203 1555 esse
3240 1491 3388 1553 fidei

1817 1587 2123 1648 rationem
2149 1585 2582 1664 quaerendam3
2630 1604 2777 1646 nam
2802 1586 2855 1645 si
2890 1602 3105 1647 omnes
3129 1586 3390 1647 credunt

1818 1681 1884 1740 in
1917 1678 2253 1753 Christum,
2311 1683 2373 1739 et
2420 1678 2487 1739 in
2516 1697 2589 1739 eo
2637 1696 2814 1740 suam
2859 1696 3032 1757 spem
3060 1678 3385 1751 collocant,

1819 1790 2037 1833 omnes
2057 1770 2135 1832 ad
2152 1770 2433 1832 eamdem
2452 1771 2781 1833 Ecclesiam
2808 1772 3143 1851 pertinent,
3172 1772 3391 1832 etiam-

1819 1866 1870 1926 si
1896 1865 2152 1926 fortasse
2177 1864 2243 1925 in
2276 1864 2410 1925 aliis
2432 1862 2619 1925 rebus
2639 1864 3024 1926 dissentiant.
3060 1865 3235 1925 Hunc
3261 1864 3391 1925 fere

1821 1974 2096 2020 errorem
2128 1956 2417 2018 excitavit
2444 1956 2669 2018 nostris
2714 1956 3093 2036 temporibus
3134 1955 3392 2035 quidam

1821 2051 2120 2129 Georgius
2148 2049 2509 2126 Cassander,
2541 2051 2672 2129 qui,
2718 2057 2789 2111 ut
2836 2049 3023 2111 refert
3072 2049 3387 2124 Bellarm„

1819 2143 1931 2205 lib.
1965 2147 2001 2205 3
2044 2143 2119 2204 de
2162 2144 2377 2221 Laicis,
2423 2163 2558 2225 cap.
2604 2144 2704 2217 19,
2737 2143 2895 2203 dixit
2932 2161 3060 2203 non
3090 2161 3217 2204 esse
3258 2162 3397 2223 per·

1819 2237 2162 2299 turbandos
2201 2236 2544 2311 haereticos,
2589 2236 2698 2317 qui
2742 2234 3107 2315 Symbolum
3140 2242 3205 2297 et
3238 2238 3397 2299 Scri·

1823 2339 2072 2413 pturam
2103 2330 2465 2405 admittunt,
2497 2330 2736 2393 etiamsi
2764 2331 2833 2393 in
2855 2330 2995 2391 aliis
3020 2330 3102 2390 ab
3128 2331 3397 2393 Ecclesia

1825 2426 2107 2487 Romana
2127 2424 2517 2500 dissentiant,
2549 2423 2697 2504 quia
2722 2422 2841 2485 hoc
2862 2441 2991 2485 non
3014 2423 3219 2485 obstat
3246 2441 3397 2505 quo-

1825 2519 2037 2579 minus
2066 2536 2281 2579 omnes
2320 2517 2406 2579 sic
2437 2516 2755 2579 credentes
2786 2515 2865 2577 ad
2906 2535 3099 2579 unam
3142 2518 3396 2579 univer-

1829 2613 2024 2674 salem
2056 2613 2395 2675 Ecclesiam
2424 2613 2794 2693 pertineant.

1909 2710 1973 2769 2.
2015 2708 2447 2789 Impugnatur.
2478 2738 2560 2753 —
2585 2704 2977 2770 Concluditur
3024 2706 3399 2786 separatim

1830 2798 2044 2862 saltem
2075 2817 2115 2861 a
2151 2800 2431 2879 fidelibus
2462 2800 2595 2877 coyi
2624 2799 2936 2863 Itoeretieos
2956 2817 3149 2878 posse.
3188 2798 3401 2861 —Isti

1831 2904 2046 2953 autem
2091 2893 2367 2954 haeretici
2414 2892 2593 2955 valde
2625 2899 2859 2968 errant,
2903 2898 2967 2955 et
3012 2892 3258 2953 fundari
3300 2893 3399 2953 vi-

1832 2984 2063 3045 dentur
2085 2985 2153 3045 in
2182 2983 2491 3065 aliquibus
2508 2984 2829 3065 principiis
2850 2984 3127 3047 erroneis
3154 3002 3171 3047 2
3198 3002 3401 3046 unum

1833 3083 1948 3152 est,
1978 3076 2143 3156 quod
2175 3095 2390 3141 omnes
2422 3078 2526 3137 isti
2552 3079 2640 3139 sic
2680 3078 2995 3139 credentes
3031 3084 3289 3157 possunt
3332 3078 3399 3139 in

1835 3190 1948 3233 sua
1998 3170 2119 3233 fide
2161 3170 2410 3247 salvari,
2454 3172 2621 3251 quod
2666 3178 2759 3233 est
2818 3171 3141 3234 manifeste
3185 3176 3399 3232 contra

1835 3263 2241 3343 Scripturam‚
2272 3265 2441 3345 quia,
2474 3272 2625 3327 teste
2660 3266 2873 3343 Paule,
2900 3265 3075 3341 fides,
3124 3282 3263 3343 quae
3290 3282 3400 3325 ne-

1835 3362 2101 3421 cessaria
2132 3365 2225 3419 est
2250 3357 2329 3419 ad
2358 3360 2648 3435 salutem,
2692 3378 2822 3421 una
2850 3366 2972 3438 est,
3005 3362 3169 3421 sicut
3213 3359 3403 3420 etiam

1835 3458 1928 3515 est
1956 3468 2155 3512 unum
2183 3450 2529 3531 baptisma;
2560 3471 2706 3533 ergo
2742 3471 2979 3530 omneS,
3028 3454 3137 3532 qui
3170 3450 3405 3513 habent

1837 3546 2027 3607 aliam
2056 3544 2244 3607 fidem
2272 3566 2309 3608 a
2338 3547 2641 3623 Romana,
2671 3564 2809 3627 quae
2856 3546 2986 3608 sola
3026 3552 3117 3607 est
3148 3544 3405 3606 catholi-

1840 3657 1938 3715 ca,
1971 3637 2197 3700 salvari
2224 3658 2353 3701 non
2382 3644 2659 3719 possunt,
2682 3641 2732 3699 si
2765 3638 2833 3699 in
2860 3656 2935 3699 ea
2960 3656 3071 3699 sua
3110 3636 3231 3698 fide
3261 3654 3407 3716 per-

1838 3738 2158 3795 maneant.
2202 3732 2488 3794 Secundo
2524 3737 2734 3794 errant
2782 3730 3241 3806 existimantes,
3286 3728 3407 3790 hu-

1833 3826 2109 3907 jusmodi
2135 3826 2455 3889 haereticos
2478 3844 2653 3906 posse
2677 3843 2808 3887 esse
2830 3823 3110 3886 membra
3128 3824 3407 3886 Ecclesiae

1842 3918 2193 3996 Catholicae,
2236 3925 2298 3981 et
2336 3919 2499 3981 hanc
2540 3937 2581 3979 a
2621 3918 2900 3979 Romana
2931 3917 3405 3996 distinguente3‚

1843 4012 1995 4092 quia
2034 4011 2304 4075 Ecclesia
2333 4010 2649 4075 catholica
2681 4029 2808 4073 non
2835 4019 2927 4072 est
2966 4010 3089 4072 nisi
3129 4028 3267 4090 quae
3292 4010 3409 4073 sub

1843 4104 2198 4166 obedientia
2225 4108 2413 4165 unius
2441 4104 2677 4166 Vicarii
2718 4102 2943 4165 Christi
2984 4104 3233 4165 militat.
3266 4105 3410 4165 Hoec

1845 4202 2059 4258 autem
2122 4204 2214 4259 est
2282 4198 2497 4259 eadem
2554 4215 2697 4258 cum
2752 4196 3025 4259 Ecclesia
3086 4199 3408 4276 Romana3

1851 4291 2131 4354 membra
2174 4299 2383 4353 autem
2412 4291 2597 4369 hujus
2622 4290 2903 4351 Ecclesiae
2932 4308 3060 4351 non
3086 4299 3255 4366 sunt,
3286 4292 3410 4353 nisi

1848 4403 1985 4464 quoe
2012 4402 2225 4448 veram
2247 4386 2435 4446 fidem
2457 4384 2720 4459 habent3
2740 4402 2881 4445 vera
2905 4390 3114 4444 autem
3142 4384 3317 4460 fides,
3340 4390 3413 4445 ut

1848 4478 2001 4555 dixi,
2033 4496 2162 4539 non
2203 4485 2295 4541 est
2338 4478 2462 4539 nisi
2488 4494 2651 4556 una3
2694 4495 2839 4556 ergo
2882 4477 2991 4557 qui
3030 4476 3111 4537 ab
3144 4476 3413 4538 Ecclesia

1851 4573 2133 4634 Romana
2159 4572 2225 4633 in
2259 4570 2380 4632 fide
2409 4571 2711 4648 dissentit,
2738 4588 2865 4631 non
2894 4576 3096 4649 potest
3139 4588 3271 4633 esse
3294 4572 3409 4632 Ec-

1851 4665 2051 4727 clesiae
2088 4664 2414 4727 Catholicae
2460 4663 2831 4725 membrum.
2878 4664 3123 4740 Terti0,
3180 4665 3283 4725 isti
3325 4666 3414 4725 sic

1851 4759 2191 4834 credentes,
2212 4760 2359 4821 licet
2386 4760 2599 4821 dicant
2622 4778 2685 4822 se
2714 4759 2959 4823 credere
2984 4760 3051 4821 in
3074 4760 3410 4836 Christum,

1852 4854 2101 4917 credere
2129 4872 2257 4914 non
2296 4860 2547 4933 possunt
2586 4852 2709 4917 fide
2734 4853 2971 4929 diviua,
3016 4854 3184 4932 quia,
3222 4859 3293 4913 ut
3320 4870 3415 4913 os-

1855 4954 2102 5008 tensum
2137 4953 2227 5007 cst
2254 4964 2461 5026 supra,
2493 4947 2600 5024 qui
2627 4952 2791 5007 errat
2830 4947 2991 5008 circa
3022 4964 3211 5007 uuam
3256 4946 3415 5007 veri-

1853 5044 2047 5101 tatem
2075 5038 2245 5114 fidei,
2276 5058 2387 5100 seu
2415 5038 2588 5099 illam
2624 5057 2752 5100 non
2780 5040 2992 5114 credit,
3040 5039 3199 5101 nibil
3222 5039 3417 5101 credit

1857 5134 2016 5193 sicut
2038 5138 2302 5213 oportet,
2344 5150 2459 5194 nec
2499 5150 2613 5211 per
2652 5131 2931 5193 divinam
2982 5132 3193 5195 fidem.
3240 5132 3417 5194 Unde

1856 5244 1987 5287 non
2006 5228 2153 5287 satis
2180 5232 2270 5287 est
2294 5227 2541 5288 credere
2566 5226 2903 5302 Christum,
2921 5226 3029 5287 sed
3050 5228 3239 5287 etiam
3262 5242 3418 5305 opus

1860 5326 1952 5382 est
1980 5320 2226 5382 credere
2256 5320 2516 5395 Christo,
2553 5325 2614 5380 et
2640 5320 2925 5382 Ecclesiae
2955 5319 3085 5381 vice
3120 5319 3288 5380 illius
3328 5319 3419 5380 lo-

1861 5413 2109 5493 quenti;
2148 5413 2257 5492 qui
2296 5418 2506 5475 autem
2549 5431 2678 5475 non
2718 5414 2909 5474 credit
2958 5412 3251 5473 omnibus
3280 5430 3419 5491 quae

1864 5505 2133 5569 Ecclesia
2172 5506 2475 5569 credenda
2520 5506 2847 5588 proponit,
2889 5504 3034 5569 licet
3070 5505 3309 5587 aliquid
3354 5522 3419 5567 se
