3900 6217
559 352 638 411 16

555 454 702 519 tiale
727 454 1046 534 obiectum
1077 451 1482 533 beatitudinis
1505 460 1734 519 nostrae
1767 472 1842 517 ac
1863 456 2119 519 visionis

553 547 700 621 Dei;
741 565 894 628 ergo
932 552 998 609 et
1023 545 1208 609 fidei:
1256 552 1394 611 tum
1448 548 1596 628 quia
1643 548 1792 611 fidei
1844 548 2120 611 succedit

552 642 732 717 visio,
766 648 838 703 ut
863 640 1026 714 dixi3
1081 644 1215 701 tum
1244 641 1448 703 etiam.
1483 642 1630 721 quia
1687 641 1846 706 fides
1871 647 1938 703 et
1962 642 2117 705 visio

552 736 789 800 habent
838 734 1010 796 idem
1061 734 1378 813 objectum
1431 734 1819 813 primarium,
1877 736 2118 799 variata

551 828 794 891 ratione
840 827 991 889 clari
1037 831 1104 887 et
1147 824 1415 889 obscuri.
1455 828 1768 907 Denique,
1813 825 2119 907 quidquid

551 934 667 1001 per
685 920 878 983 fidem
895 919 1232 993 revelatur,
1251 918 1334 981 ad
1349 920 1469 981 hoc
1483 918 1828 995 ordinatur,
1841 928 1910 983 ut
1922 922 2115 997 Deus,

553 1014 900 1077 secundum
945 1031 1015 1079 se
1043 1018 1106 1075 et
1155 1012 1502 1075 secundum
1551 1014 1898 1079 absolutam
1929 1015 2121 1077 ratio-

549 1126 699 1169 nem
747 1124 930 1169 suam
961 1151 980 1181 ,
1035 1105 1374 1186 perfectius
1435 1112 1886 1186 cognoscatur,
1938 1109 2118 1186 juxta

550 1202 960 1282 capacitatem
1017 1200 1341 1281 praesentis
1389 1205 1588 1261 status
1621 1220 1638 1275 ;
1692 1219 1846 1282 ergo
1895 1202 2065 1265 Deus
2087 1248 2111 1277 ,

549 1295 898 1359 secundum
955 1293 1314 1374 praedictam
1380 1293 1734 1357 absolutam
1806 1295 2117 1360 rationem

545 1389 826 1464 Deitatis,
861 1393 958 1449 est
983 1386 1131 1448 fidei
1159 1387 1532 1466 subjectum.

629 1482 926 1549 &Contra
947 1482 1248 1547 hanovere
1271 1483 1659 1547 assertionem
1679 1482 1950 1547 sentiunt
1964 1481 2115 1545 Ari-

547 1577 726 1651 min„
745 1574 999 1660 Aroent.
1028 1582 1085 1639 et
1111 1576 1247 1639 alii.
1265 1608 1348 1623 -
1371 1575 1610 1639 Calvina·
1630 1578 2119 1657 reprehensio.—

559 1670 812 1753 Utaique
867 1670 1253 1740 refelluntur.
1300 1702 1384 1715 —
1423 1669 1652 1731 Contra
1721 1670 1885 1731 hanc
1963 1687 2115 1731 vero

547 1765 958 1827 assertionem
989 1768 1328 1825 tenuerunt
1367 1762 1546 1823 multi
1587 1760 1912 1843 Theologi‚
1945 1779 2119 1823 asse-

545 1864 758 1922 rentes
785 1859 1008 1931 Deum,
1041 1856 1158 1919 sub
1201 1855 1446 1919 ratione
1471 1855 1808 1919 Salvatoris
1853 1862 1964 1916 aut
1990 1855 2117 1935 glo-

545 1953 892 2030 rificaturis,
931 1970 1070 2015 esse
1113 1950 1463 2029 subjectum
1511 1948 1684 2025 fidei,
1715 1950 1884 2030 quod
1929 1950 2117 2013 sentit

547 2046 884 2126 Gregorius
911 2090 932 2122 ,
987 2049 1210 2124 quaest.
1257 2046 1298 2105 4
1361 2042 1610 2122 Prolog.
1644 2087 1661 2117 ,
1733 2048 1798 2105 et
1851 2044 2109 2122 Argent.

545 2140 772 2219 AEgyd.
785 2184 802 2213 ,
819 2138 1006 2201 etalii
1033 2138 1142 2211 ibi,
1159 2136 1492 2216 loquentes
1510 2136 1591 2197 de
1607 2134 1892 2215 subjecto
1916 2136 2115 2197 Theo-

545 2233 750 2314 logiae,
779 2237 850 2295 ut
879 2232 946 2293 in
967 2230 1322 2312 principio!
1356 2231 1554 2310 partis
1575 2230 1762 2291 latius
1791 2234 2110 2291 tractatur.

545 2327 624 2389 Et
669 2326 1035 2399 fundantur,
1081 2324 1232 2404 quia
1282 2322 1518 2397 omnia,
1565 2340 1708 2403 quae
1752 2322 2115 2385 revelantur

543 2437 662 2499 per
687 2418 902 2493 fidem,
954 2417 1322 2480 ordinantur
1371 2416 1454 2477 ad
1479 2416 1805 2477 hominum
1843 2414 2112 2476 salutem

545 2518 611 2575 et
641 2512 930 2592 gloriam,
955 2512 1132 2592 juxta
1169 2510 1324 2571 illud
1346 2510 1530 2572 Joan.
1559 2510 1674 2570 20:
1707 2508 1861 2571 Hoec
1879 2508 2115 2589 soeipta

541 2608 692 2669 sunt
722 2609 795 2669 ut
819 2606 1106 2677 credatis,
1137 2609 1195 2668 et
1226 2604 1524 2667 eredentes
1546 2601 1734 2665 vitam
1759 2600 2026 2663 habeatis
2046 2600 2115 2661 in

543 2698 778 2763 nomine
801 2700 954 2779 ejus.
983 2698 1162 2761 Unde
1189 2696 1378 2759 etiam
1399 2695 1686 2759 Calvinus
1706 2694 2115 2774 reprehendit

543 2792 982 2865 ScholasticoS‚
1011 2810 1092 2853 eo
1111 2791 1283 2868 quod
1301 2790 1527 2861 Deum,
1559 2795 1628 2851 ut
1647 2791 1870 2863 Deum,
1903 2788 2114 2850 dicant

543 2904 682 2949 esse
715 2885 1084 2965 primarium
1111 2882 1247 2962 subj
1256 2888 1462 2945 ectum
1488 2882 1660 2955 fidei,
1683 2888 1746 2945 et
1765 2900 1895 2943 non
1920 2881 2109 2943 etiam

537 2980 740 3042 Deum
779 2984 847 3041 ut
875 2978 1220 3048 hominem,
1253 2995 1368 3039 seu
1396 2976 1729 3051 Christum,
1781 2992 1924 3037 cum
1946 2974 2109 3037 fides

539 3073 763 3135 Christi
811 3071 1208 3152 potissimum
1249 3068 1599 3149 postuletur
1646 3068 1714 3129 in
1741 3067 2099 3149 Evangelio,

537 3174 603 3231 et
649 3168 818 3231 salus
859 3172 1074 3229 nostra
1101 3166 1188 3227 illi
1213 3164 1540 3227 tribuatur.
1573 3162 1698 3225 Sed
1727 3162 1822 3225 hae
1857 3168 2107 3225 senten-

537 3260 640 3323 tiae
676 3278 807 3323 non
827 3260 1066 3322 habent
1103 3256 1372 3321 solidum
1390 3256 1890 3319 fundamentum.
1916 3255 2106 3335 Opor-

539 3357 630 3415 tet
659 3354 830 3415 enim
863 3351 1247 3432 distinguere
1269 3350 1430 3412 duos
1458 3349 1710 3412 ordines
1741 3348 2108 3429 praedicato-

537 3464 704 3521 rum,
737 3464 852 3509 seu
877 3444 1356 3525 perfectionum,
1389 3460 1526 3522 quae
1563 3442 1642 3503 de
1683 3442 1816 3503 Deo
1845 3458 2105 3521 cognos-

536 3546 796 3602 cuntur:
849 3538 1137 3619 quaedam
1185 3538 1354 3601 enim
1409 3540 1553 3597 sunt
1583 3534 1839 3596 omnino
1882 3552 2106 3596 neces-

537 3636 726 3712 saria,
756 3640 824 3697 et
869 3632 1204 3695 intrinseca
1243 3633 1398 3706 Deo,
1455 3634 1526 3691 ut
1577 3647 1716 3691 esse
1740 3647 1963 3703 unum,
1990 3629 2102 3689 tri-

535 3744 715 3802 num,
765 3726 1044 3799 bonum3
1077 3730 1142 3787 et
1191 3724 1314 3785 alia
1339 3728 1485 3785 sunt
1507 3722 1955 3803 contingentia,
1987 3739 2101 3783 seu

533 3818 754 3895 libera,
785 3825 850 3881 et
873 3818 1083 3898 aliquo
1113 3816 1303 3879 modo
1333 3816 1678 3878 extrinseca
1697 3818 1851 3893 Deo,
1871 3821 1941 3877 ut
1962 3833 2099 3877 esse

536 3920 682 3975 actu
716 3918 1090 3983 creatorem,
1119 3908 1620 3989 Justificatorem,
1655 3915 1774 3971 etc.
1806 3908 2101 3981 Quamvis

535 4024 690 4086 ergo
731 4004 892 4067 fides
911 4006 1116 4067 Deum
1157 4009 1493 4084 cognoscat
1521 4008 1592 4063 ut
1617 4002 1972 4081 subjectum
1999 4000 2101 4064 cui

533 4101 670 4163 haec
696 4100 910 4164 omnia
958 4099 1358 4173 conveniunt,
1391 4098 1540 4177 quia
1591 4096 1802 4159 omnia
1841 4098 1975 4159 haec
2018 4098 2101 4159 de

531 4195 640 4257 illo
661 4194 880 4269 credit,
908 4192 1313 4255 nihilominus
1351 4197 1592 4255 certum
1619 4196 1738 4266 est,
1760 4190 2098 4271 praedicata

533 4287 722 4369 primi
743 4287 979 4349 ordinis
1007 4304 1146 4349 esse
1175 4286 1410 4365 priora,
1443 4290 1508 4346 et
1531 4284 1828 4365 primario
1858 4283 2098 4347 intenta

531 4400 648 4462 per
695 4380 923 4455 fidem;
975 4397 1128 4443 nam
1178 4366 1392 4443 omnia
1433 4377 1558 4439 alia
1609 4377 1979 4441 ordinantur
2016 4377 2098 4439 ad

532 4473 1102 4537 manifestationem
1149 4472 1411 4534 istorum
1450 4471 1890 4533 attributorum
1943 4470 2093 4545 Dei3

533 4574 706 4631 creat
723 4568 894 4629 enim
920 4568 1088 4629 Deus
1120 4571 1190 4627 ut
1227 4571 1644 4647 cognoscatur
1676 4565 2092 4645 omnipotens,

533 4662 714 4724 etsie
745 4660 826 4722 de
883 4660 1042 4723 aliis.
1082 4659 1276 4739 Igitur
1327 4677 1459 4720 non
1500 4664 1707 4739 potest
1752 4677 1892 4721 esse
1929 4661 2099 4720 Deus

534 4754 882 4833 subjectum
905 4752 1053 4815 fidei
1105 4752 1224 4813 suh
1242 4752 1482 4815 ratione
1513 4752 1744 4831 aliqua,
1775 4752 1876 4813 vel
1903 4752 2101 4814 deno-

529 4847 872 4911 minatione
897 4847 1268 4920 extriuseca,
1297 4863 1411 4907 seu
1431 4844 1852 4924 contingente,
1877 4846 2097 4924 quales

531 4948 679 5005 suut
725 4940 1073 5014 salvatoris,
1130 4938 1231 5000 vel
1283 4936 1752 5017 glorificator-is,
1797 4944 1916 5001 etc.
1968 4940 2093 4999 Nec

529 5033 721 5097 refert
747 5031 918 5111 quod
963 5032 1122 5095 fides
1167 5030 1488 5093 ordinetur
1513 5030 1595 5091 ad
1619 5035 1900 5093 nostram
1927 5032 2095 5093 salu-

529 5134 658 5189 tem
683 5131 746 5187 et
771 5125 1057 5206 gloriam,
1089 5123 1236 5204 quia
1255 5124 1386 5185 haec
1411 5122 1550 5203 ipsa
1591 5129 1804 5185 nostra
1837 5124 2009 5185 salus
2033 5130 2094 5187 et

531 5219 730 5299 gloria
789 5218 1114 5281 ordinatur
1167 5217 1251 5278 ad
1297 5216 1561 5296 gloriam
1598 5217 1794 5295 ipsius
1835 5218 1973 5291 Dei,
2032 5223 2094 5280 et

527 5312 1098 5375 manifestationem
1137 5316 1378 5374 naturae
1432 5308 1594 5369 illius
1617 5353 1636 5383 ,
1693 5309 1852 5371 sicut
1903 5310 2091 5373 etiam

530 5406 800 5467 charitas
823 5404 1146 5465 ordinatur
1167 5402 1248 5463 ad
1281 5408 1564 5463 nostram
1591 5399 1880 5477 salutem,
1909 5411 1973 5466 et
2002 5404 2094 5465 ni-

529 5498 868 5561 hilominus
897 5497 1212 5576 objectum
1247 5496 1386 5576 ejus
1419 5501 1514 5557 est
1547 5496 1716 5559 Deus
1744 5499 2093 5561 secundum

1249 348 1488 409 mst’n'r.
1525 348 1588 409 11.
1619 350 1704 409 DE
1735 350 1999 409 omnem
2032 352 2147 409 SEU
2180 354 2481 411 sumsero
2512 354 2857 411 flammam
2886 356 3070 409 mom.

2200 475 2293 532 se,
2344 463 2408 521 et
2432 457 2780 521 secundum
2807 455 3159 521 absolutam
3190 454 3538 522 bonitatem
3574 471 3779 537 quam

2198 552 2265 615 in
2312 551 2617 625 sehabet,
2676 558 2741 613 et
2765 552 2883 614 hoe
2914 547 3290 631 generaliter
3317 549 3610 611 convenit
3653 548 3776 608 vir-

2200 645 2317 709 tuti
2360 645 2783 727 Theologicae,
2832 645 3171 725 unicuique
3202 643 3551 709 secundum
3579 642 3776 704 ratio-

2198 759 2347 803 nem
2398 758 2600 803 suam.
2652 738 3079 844 Reprehensio
3116 741 3327 801 autem
3376 736 3614 801 Calvini
3664 740 3776 795 aut

2198 852 2363 895 vana
2382 837 2506 911 est,
2536 838 2645 895 aut
2672 832 2981 897 mendax.
3008 831 3059 894 si
3089 832 3257 895 enim
3294 828 3461 893 dicat
3503 828 3775 891 Theolo-

2198 946 2313 1009 gos
2336 927 2625 989 omittere
2667 926 2978 987 Christum
3002 924 3257 987 omnino
3286 924 3353 987 in
3386 920 3772 1003 assignando

2200 1022 2447 1101 objecto
2494 1019 2797 1083 materiali
2828 1018 2998 1092 fidei,
3032 1016 3437 1081 falsissimum
3465 1017 3635 1091 dicit,
3703 1021 3775 1077 ut

2198 1134 2279 1177 ex
2318 1112 2599 1177 dicendis
2646 1110 2988 1175 constabit·
2971 1157 2991 1187 ‚
3044 1108 3095 1173 si
3128 1127 3278 1172 vero
3333 1105 3769 1189 reprehendit,

2195 1207 2349 1288 >quia
2374 1224 2505 1267 non
2548 1205 2749 1287 primo
2785 1205 2945 1277 loco,
3004 1202 3116 1267 sed
3157 1204 3222 1267 in
3257 1202 3534 1265 secundo
3590 1200 3775 1262 illum

2196 1307 2460 1381 ponunt,
2514 1299 2790 1379 loquitur
2830 1303 3045 1361 contra
3099 1297 3392 1360 eumdem
3427 1296 3772 1367 Christum,

2198 1396 2551 1457 dicentem:
2586 1390 2853 1459 Creditis
2880 1392 2950 1453 in
2974 1392 3191 1465 Deum,
3216 1392 3359 1454 etin
3380 1408 3473 1453 me
3504 1390 3731 1455 credite
3748 1414 3777 1461 ;

2200 1496 2268 1553 et·
2290 1488 2435 1551 alibi
2456 1508 2473 1549 ε
2494 1488 2652 1553 Haee
2668 1491 2761 1550 est
2782 1485 2915 1549 vita
2937 1489 3164 1548 oeterna
3199 1490 3270 1547 ut
3300 1485 3661 1565 coquo-soant
3688 1488 3775 1553 te,

2199 1590 2258 1649 et
2306 1602 2479 1665 quem
2532 1579 2758 1646 misisti
2802 1580 3017 1643 Jesum
3062 1577 3416 1653 Cho-istm,
3400 1596 3414 1610 ·
3484 1582 3545 1638 et
3596 1576 3779 1637 idem

2163 1714 2167 1721 ·
2201 1677 2353 1739 ordo
2405 1680 2689 1739 servatur
2741 1673 2807 1735 in
2840 1670 3141 1755 symbolis
3183 1670 3352 1747 fidei,
3406 1688 3555 1731 nam
3586 1668 3778 1749 prius

2196 1770 2503 1849 docentur
2573 1785 2715 1848 quoe
2786 1764 2871 1829 ad
2942 1763 3331 1827 divinitatem
3402 1763 3773 1844 pertinent,

2195 1840 2423 1943 deinde
2448 1880 2588 1942 quae
2622 1861 2705 1923 ad
2734 1860 3210 1931 humanitatem,
3244 1848 3511 1937 ideoque
3538 1855 3775 1917 merito

2196 1957 2446 2020 dicitD.
2479 1958 2752 2019 Thomas
2792 1956 2853 2017 2.
2894 1954 2957 2027 2,
2988 1970 3054 2033 q.
3086 1952 3225 2027 176,
3271 1957 3389 2013 art.
3419 1952 3483 2024 6,
3513 1948 3577 2010 in
3607 1948 3777 2010 duo-

2198 2050 2318 2116 bus
2362 2049 2785 2130 principaliter
2834 2046 3177 2109 consistere
3216 2042 3439 2106 fidem.
3473 2044 3678 2125 primo
3701 2042 3776 2101 in

2196 2144 2309 2207 Dei
2348 2142 2726 2225 cognitione,
2774 2146 2837 2203 et
2884 2136 3112 2201 deinde
3164 2135 3231 2199 in
3280 2136 3407 2201 fide
3464 2137 3777 2199 lucarna-

2196 2236 2404 2299 tionis.

2278 2332 2337 2390 7.
2370 2328 2634 2393 Dubium
2656 2346 2729 2393 ex
2768 2328 2851 2391 D.
2900 2326 3142 2393 Taomoe
3170 2324 3404 2388 littera.
3433 2356 3516 2369 —
3550 2320 3779 2386 Resol-

2192 2421 2379 2487 view.
2412 2456 2491 2469 —
2536 2420 2787 2503 Satisfit
2814 2418 3040 2484 littera»
3074 2419 3155 2483 D.
3205 2418 3467 2483 momoe.
3510 2449 3591 2462 —
3636 2414 3772 2477 Sed

2194 2522 2430 2597 quaeret
2452 2515 2699 2595 aliquia,
2731 2532 2875 2577 cum
2924 2513 3118 2575 multa
3161 2511 3284 2573 sint
3328 2509 3623 2571 attributa
3670 2506 3775 2568 di-

2192 2610 2338 2671 vina
2366 2626 2505 2688 quse
2528 2608 2883 2671 necessario
2905 2607 3038 2668 Deo
3060 2604 3460 2678 conveniunt,
3484 2621 3566 2663 an
3588 2602 3771 2662 Deus

2192 2704 2559 2783 subjiciatur
2596 2701 2743 2765 fidei
2789 2698 3133 2763 secundum
3176 2694 3431 2776 aliquod
3467 2695 3771 2757 determi-

2190 2800 2413 2859 natum
2438 2796 2824 2871 attributum,
2850 2794 2951 2857 vel
2991 2790 3343 2855 secundum
3387 2794 3585 2852 totam
3635 2788 3769 2849 col-

2188 2890 2523 2953 lectionem
2552 2906 2791 2951 eorum.
2826 2888 2897 2951 Et
2926 2888 3085 2949 ratio
3107 2882 3435 2948 dubitandi
3474 2900 3614 2943 esse
3648 2900 3769 2963 po-

2186 2988 2331 3057 test,
2365 2983 2513 3063 quia
2538 2984 2610 3045 D.
2640 2982 2915 3043 Thomas
2940 2982 3063 3054 hic,
3107 2978 3366 3041 articulo
3395 2976 3621 3057 primo,
3668 2974 3770 3036 di-

2186 3078 2276 3139 xit
2293 3078 2495 3139 Deum
2522 3076 2639 3139 sub
2668 3078 2911 3139 ratione
2933 3074 3150 3156 primae
3178 3071 3456 3133 veritatis
3481 3086 3619 3131 esse
3647 3068 3767 3129 ob-

2178 3172 2426 3250 jectum·
2463 3167 2727 3231 formale
2768 3168 2937 3242 fidei,
2996 3174 3057 3228 et
3106 3166 3353 3228 videtur
3394 3162 3569 3244 loqui
3623 3181 3763 3222 non

2186 3269 2430 3327 tantum
2495 3262 2575 3323 de
2638 3262 2879 3323 ratione
2928 3258 3177 3322 formali
3227 3258 3346 3321 sub
3403 3275 3529 3337 qua
3560 3302 3577 3329 ,
3640 3256 3769 3316 sed

2188 3358 2377 3419 etiam
2409 3355 2488 3417 de
2526 3354 2768 3417 ratione
2812 3372 2953 3433 quae
2978 3351 3276 3433 primario
3311 3348 3759 3430 cognoscitur;

2187 3468 2325 3513 esse
2356 3454 2570 3511 autem
2616 3448 2886 3528 primam
2920 3448 3249 3509 veritatem
3288 3450 3385 3507 est
3430 3442 3767 3523 quoddam

2184 3542 2559 3625 particulare
2586 3541 2954 3603 attributum
2979 3538 3112 3601 Dei.
3145 3537 3519 3618 Respondeo
3546 3536 3766 3597 Deum

2184 3654 2312 3699 non
2339 3652 2477 3697 esse
2504 3634 2821 3714 objectum
2846 3632 2993 3693 fidei
3012 3630 3380 3713 primarium
3398 3628 3765 3692 secundum

2182 3727 2436 3807 aliquod
2490 3726 2760 3807 speciale
2812 3725 3175 3788 attributum
3196 3770 3213 3799 ,
3257 3721 3427 3807 quod
3480 3742 3519 3784 a
3563 3722 3765 3783 nobis

2182 3822 2567 3903 concipiatur
2599 3839 2713 3901 per
2742 3817 3001 3881 modum
3038 3817 3456 3899 proprietam,
3492 3834 3603 3879 seu
3637 3816 3765 3876 ali-

2182 3916 2361 3996 cujus
2391 3914 2633 3977 virtutis
2659 3913 2795 3989 Dei,
2835 3910 2949 3975 sed
2991 3911 3338 3973 secundum
3390 3907 3763 3971 absolutam

2180 4009 2489 4071 rationem
2514 4007 2793 4082 Deitatis,
2838 4006 2905 4067 in
2941 4024 3067 4085 qua
3109 4002 3365 4066 confuse
3410 4022 3525 4065 seu
3563 4004 3761 4082 quasi

2178 4101 2556 4175 radicaliter,
2594 4105 2810 4162 nostro
2845 4097 3035 4160 modo
3088 4097 3504 4179 concipiendi,
3531 4097 3763 4158 omnia

2180 4194 2475 4257 attributa
2510 4192 2933 4256 includuntur.
2977 4192 3069 4254 Ita
3116 4190 3382 4253 sumitur
3414 4209 3489 4252 ex
3538 4189 3759 4251 citatis

2177 4288 2536 4351 auctoribus
2555 4332 2573 4363 ,
2609 4294 2673 4349 et
2712 4286 3083 4350 testimoniis
3128 4285 3463 4365 Scripturoe
3504 4283 3763 4345 adduc-

2176 4384 2257 4444 tis
2290 4400 2305 4441 ε
2340 4388 2404 4444 et
2422 4381 2582 4443 ratio
2620 4384 2736 4454 est,
2765 4380 2911 4460 quia
2939 4378 3098 4441 fides
3124 4378 3423 4460 primario
3476 4375 3764 4438 intendit
3862 4452 3864 4455 Α

2180 4475 2599 4559 cognitionem
2625 4474 2757 4557 veri
2778 4475 2891 4536 Dei
2920 4492 3034 4555 per
3056 4472 3432 4545 essentiam;
3472 4472 3767 4532 essentia
3862 4468 3864 4470 ’

2184 4575 2395 4632 autem
2418 4568 2531 4629 Dei
2561 4565 2818 4629 includit
2848 4566 3259 4629 essentialiter
3282 4564 3578 4627 attributa
3615 4582 3775 4624 om-

2178 4662 2303 4735 nia,
2330 4666 2393 4723 et
2409 4660 2551 4724 ideo
2567 4658 2725 4721 fides
2741 4676 2855 4740 per
2878 4677 2944 4721 se
2965 4658 3166 4739 primo
3186 4676 3314 4720 non
3331 4656 3535 4719 tendit
3552 4656 3618 4717 in
3640 4656 3775 4717 ali-

2178 4755 2347 4836 quod
2372 4753 2643 4833 speciale
2679 4753 3063 4827 attributum,
3098 4750 3211 4813 sed
3244 4752 3308 4813 in
3336 4751 3647 4813 Deitatem
3680 4758 3767 4813 ut
3858 4772 3860 4776 ’

2178 4848 2286 4911 sic.
2306 4846 2487 4921 Quod
2510 4847 2565 4908 si
2586 4852 2799 4909 nostro
2820 4845 3006 4908 modo
3028 4844 3421 4924 concipiendi
3436 4843 3759 4925 intelliga-

2174 4948 2275 5003 tur
2302 4940 2648 5003 substantia
2672 4938 2785 5002 Dei
2818 4939 2934 5000 sub
2974 4936 3259 5000 absoluto
3303 4942 3610 5016 conceptu
3647 4956 3761 4999 es-

2174 5035 2413 5109 sentiae,
2449 5039 2513 5095 et
2543 5033 2667 5095 alia
2710 5033 3003 5095 attributa
3033 5037 3102 5094 ut
3140 5030 3556 5112 proprietates
3586 5049 3761 5092 con-

2172 5132 2509 5207 sequentes
2542 5126 2891 5189 secundum
2930 5125 3261 5199 rationem,
3292 5124 3380 5187 sic
3415 5124 3605 5198 DeuS,
3640 5144 3761 5187 se-
3852 5176 3854 5193 ,

2176 5220 2451 5283 cundum
2496 5220 2805 5282 rationem
2848 5218 3131 5281 essentiae
3171 5236 3325 5291 suae,
3370 5221 3466 5279 est
3507 5217 3759 5298 prima-

2172 5315 2337 5377 rium
2388 5316 2725 5395 obiectum,
2772 5315 2957 5393 juxta
3002 5312 3154 5374 illud
3190 5312 3623 5389 :Accedentem
3663 5316 3767 5377 ad
3850 5316 3852 5325 '

2172 5410 2365 5473 Deum
2402 5412 2631 5489 oportet
2653 5408 2886 5471 credere
2918 5407 3065 5489 quia
3096 5410 3186 5471 est
3201 5432 3223 5480 ;
3272 5424 3449 5481 nam,
3484 5408 3553 5465 ut
3582 5405 3755 5482 dixi,

2172 5501 2378 5581 ipsum
2404 5518 2541 5563 esse
2567 5500 2677 5562 Dei
2706 5500 3049 5579 concipitur
3076 5498 3255 5576 quasi
3284 5498 3488 5579 prima
3518 5517 3759 5563 esseu-
3848 5492 3850 5501 '
