3900 6217
1427 260 1449 293 ἱ

631 359 806 413 ster.
839 361 923 414 111.
957 361 1043 413 AN
1073 361 1338 417 coliem
1367 360 1824 415 nAEns‘nconmt
1853 362 1937 414 An
1970 360 2385 415 DEPONENDAH
2418 364 2723 428 HAEIOESIM,
2762 364 2899 419 mc.

180 468 276 531 sed
311 466 514 548 magis
564 466 648 528 ad
698 462 1032 543 discipulos
1085 480 1226 525 euos
1274 480 1594 526 concam
1631 463 1730 525 di·

179 564 289 638 ait,
320 568 436 623 etc.
452 578 472 640 3
503 568 562 622 et
582 560 816 623 addit:
867 556 1161 632 Soram,
1194 557 1432 621 scilicet
1455 602 1472 631 ,
1515 558 1724 640 legent,

179 672 288 735 qua
325 656 493 717 homo
519 672 642 717 m
669 650 940 716 libertati
965 649 1220 713 relictus
1241 654 1354 726 eet,
1379 656 1452 714 ut
1477 656 1726 713 mortem

178 753 410 830 appetat
444 748 536 811 vel
573 746 858 812 saliatem.

247 844 306 903 5.
355 842 627 905 Tertium
674 842 1156 921 scammum.
1193 870 1276 887 -·-
1299 837 1528 900 Ultimo
1577 835 1724 899 addi

177 940 366 1015 potest
387 936 650 1015 antiqua
691 932 1069 995 consuetudo
1098 930 1379 992 Ecclesiae
1406 950 1422 1003 ;
1472 948 1616 991 nam
1653 930 1728 989 li-

177 1032 264 1089 cet
305 1045 344 1089 a
395 1027 776 1107 temporibus
818 1025 1248 1105 Apostolorum
1289 1029 1440 1084 ortae
1491 1023 1726 1085 fuerint

175 1120 450 1196 haeresoe,
504 1139 632 1183 non
676 1120 944 1199 legimus
980 1115 1300 1197 Apostolos
1349 1134 1488 1177 usos
1535 1116 1726 1178 fuisse

175 1213 369 1293 aliqua
397 1216 716 1275 coactione
753 1218 967 1275 contra
995 1211 1156 1284 illos,
1189 1209 1294 1272 sed
1339 1214 1584 1269 tantum
1629 1228 1726 1270 se-

175 1308 482 1387 paratione
505 1324 524 1380 3
551 1316 616 1369 et
640 1308 806 1369 idem
835 1303 1247 1367 observabant
1272 1303 1526 1382 antiqua
1567 1302 1722 1363 Cou-

175 1400 304 1461 cilia
340 1406 403 1460 et
449 1400 820 1474 Pontifices3
872 1399 1060 1477 idque
1101 1396 1429 1458 confirmat
1472 1395 1723 1475 Cypria-

175 1510 300 1565 nus,
329 1492 492 1552 dic-ta
521 1494 700 1571 epist.
731 1494 836 1565 55,
865 1490 944 1551 ad
971 1490 1187 1566 finem,
1217 1496 1278 1551 et
1307 1506 1472 1567 saepe
1497 1490 1561 1549 in
1597 1489 1724 1549 suis

174 1585 365 1663 epist,
387 1591 452 1645 et
481 1586 776 1662 ineneus,
803 1584 910 1645 lib.
949 1584 990 1644 5
1023 1590 1236 1643 contra
1258 1582 1552 1658 Haereses‚
1584 1600 1718 1661 cap.

175 1678 266 1737 20.
314 1678 444 1737 lmo
499 1676 912 1755 Augustinus,
938 1676 1008 1735 in
1053 1674 1319 1754 quodam
1366 1672 1476 1734 lib.
1509 1678 1726 1734 contra

174 1776 396 1851 partem
421 1770 670 1846 Donati,
701 1770 959 1849 quinon
985 1773 1158 1829 extat
1173 1782 1193 1843 3
1221 1766 1487 1827 refertur
1515 1772 1724 1827 autem

175 1864 242 1925 ab
279 1866 448 1945 ipso,
497 1867 540 1925 2
593 1863 889 1937 Retract„
919 1881 976 1923 c.
1027 1863 1092 1937 5,
1133 1860 1240 1921 ubi
1286 1860 1445 1921 dixit
1485 1877 1550 1919 se
1597 1876 1724 1919 non

175 1957 418 2038 probare
459 1956 634 2036 quod
674 1955 1046 2017 schismatici
1093 1954 1172 2014 ad
1217 1952 1724 2014 communicatio-

173 2068 302 2112 nem
341 2050 544 2111 redire
575 2048 1048 2128 compellantur.

239 2146 297 2204 6.
339 2144 628 2206 Assertio
663 2140 876 2224 prim
913 2146 1126 2203 coma
1191 2139 1348 2203 lianc
1401 2139 1724 2202 seeundum

174 2255 414 2300 errorem
441 2234 792 2318 tripartita.
813 2266 900 2281 -
919 2232 1275 2297 Ostenditm·
1307 2250 1463 2315 pare
1490 2233 1718 2312 prima.

173 2360 241 2375 -·
255 2329 388 2392 Una
425 2326 596 2390 ratio
632 2344 748 2407 pro
772 2328 958 2407 jueta
998 2326 1416 2389 Jaoeretieorum
1447 2324 1723 2404 punitio-

173 2438 254 2482 ne.
275 2452 354 2469 -·
372 2420 606 2483 Contra
647 2419 816 2480 hunc
875 2436 1148 2481 errorem
1199 2424 1293 2481 est
1333 2417 1564 2477 veritas
1613 2417 1725 2479 Ca-

175 2514 398 2590 tholica,
443 2532 642 2595 quam
683 2514 882 2574 tribus
907 2510 1350 2573 assertionibus
1377 2510 1726 2572 distinctius

175 2607 628 2687 explicabimus.
695 2607 900 2667 Prima
945 2606 1065 2667 sit:
1131 2605 1352 2685 punire
1401 2604 1724 2665 haereticos

174 2706 456 2779 apostatas
497 2719 541 2761 a
590 2700 713 2762 fide
737 2748 758 2777 ,
794 2718 984 2780 quam
1014 2700 1082 2759 in
1121 2698 1427 2777 baptismo
1470 2697 1724 2777 professi

175 2806 320 2868 sunt,
360 2793 614 2855 licitum
643 2799 739 2858 est
775 2801 839 2855 et
882 2799 1193 2865 sanctum,
1233 2791 1572 2852 dummodo
1613 2790 1724 2853 fiat

175 2886 242 2946 ab
277 2886 542 2949 habente
584 2893 975 2967 potestatem,
1009 2893 1072 2947 et
1095 2883 1244 2946 hinc
1275 2890 1722 2963 consequenter

173 2978 318 3041 licita
347 2998 476 3041 esse
501 2988 714 3060 potest
758 2980 995 3041 coactio
1034 2977 1115 3038 ad
1157 2976 1367 3039 fidem.
1405 2978 1581 3038 Hanc
1625 2996 1722 3039 as-

176 3074 482 3135 sertionem
533 3072 666 3134 late
729 3072 993 3153 probant
1057 3071 1336 3132 moderni
1394 3070 1721 3151 scriptores

177 3166 460 3244 catholici,
489 3168 850 3248 praesertim
886 3168 1156 3227 Joannes
1183 3164 1515 3241 Arboreus,
1544 3166 1656 3227 lib.
1681 3166 1720 3227 8

174 3260 525 3343 Theosoph.,
559 3279 700 3341 cap.
727 3262 768 3323 9
795 3279 812 3333 ;
840 3260 1060 3335 Castr.,
1093 3257 1200 3319 hb.
1233 3262 1272 3319 2
1299 3258 1378 3319 de
1403 3260 1562 3321 Just.
1596 3258 1721 3320 hne-

175 3359 272 3415 ret.
307 3355 506 3435 punit.
515 3400 538 3431 ,
587 3372 698 3435 per
745 3360 995 3429 totum3
1031 3360 1096 3413 et
1141 3351 1462 3427 Roffensis,
1490 3358 1608 3414 art.
1643 3353 1723 3415 33

174 3454 364 3509 contra
407 3448 584 3509 Luth
626 3464 648 3525 ;
681 3448 996 3523 Bellarm.,
1027 3445 1138 3508 lib.
1171 3448 1212 3506 3
1239 3446 1316 3507 de
1340 3446 1557 3521 Laicis,
1584 3464 1719 3525 cap.

173 3543 232 3602 21
263 3549 324 3603 et
353 3544 430 3603 ΞΩ
445 3557 470 3621 ;
499 3549 574 3603 et
599 3542 938 3617 Simancas,
967 3538 1152 3601 titulo
1181 3540 1294 3613 463
1316 3538 1624 3615 Farinam,
1646 3539 1725 3601 de

173 3634 376 3698 Haeresi
403 3682 418 3710 ‚
449 3654 514 3717 q.
569 3636 711 3711 189,
747 3654 786 3695 a
819 3652 996 3696 num.
1040 3638 1060 3696 l
1091 3652 1107 3708 ;
1159 3639 1224 3695 et
1248 3632 1545 3712 probatur
1587 3634 1716 3713 pri·

174 3746 260 3789 mo
285 3730 424 3809 quia
445 3729 682 3810 punire
712 3726 936 3789 delicta
963 3726 1230 3807 publica,
1265 3732 1328 3786 et
1355 3726 1569 3787 nociva
1595 3726 1718 3787 rei·

175 3822 406 3901 publicai
441 3826 690 3904 justum
739 3828 803 3884 ct
845 3827 1130 3883 sanctum
1159 3826 1293 3896 est3
1325 3819 1428 3881 scd
1472 3818 1718 3880 heresis

178 3922 254 3976 est
301 3918 736 3995 gravissimum
812 3914 1106 3976 delictum
1145 3960 1166 3991 ,
1235 3912 1718 3994 reipublicaeque

178 4008 500 4073 christianin
543 4011 820 4072 maxime
855 4012 1150 4070 nocivum
1191 4020 1254 4069 et
1294 4008 1664 4085 injuriosum
1694 4020 1715 4083 3

179 4116 324 4180 ergo.
353 4104 549 4183 Major
599 4120 728 4163 non
780 4102 980 4163 solum
1013 4108 1106 4163 est
1141 4106 1331 4178 certa,
1371 4100 1478 4161 sed
1528 4101 1718 4161 etiam

60 4254 62 4257 ,
183 4196 426 4271 evidens,
454 4197 610 4277 quia
637 4197 706 4257 iu
746 4196 918 4261 omni
943 4194 1102 4257 bene
1132 4196 1413 4257 instituta
1447 4193 1720 4273 republi-

183 4304 244 4347 ca
273 4291 504 4369 punitio
547 4290 1020 4351 malefactorum
1071 4290 1148 4351 ad
1188 4288 1544 4369 reipublicae
1575 4304 1718 4347 con-

183 4386 563 4446 servationem
597 4384 876 4445 maxime
913 4385 1258 4445 necessaria
1291 4382 1569 4463 judicata
1597 4386 1708 4443 est.

181 4474 356 4536 Minor
389 4480 580 4539 etiam
610 4496 689 4539 ex
733 4478 914 4539 dictis
949 4496 1138 4557 supra
1177 4477 1254 4539 de
1299 4476 1561 4538 crimine
1591 4475 1718 4537 hae·

182 4570 306 4629 rasis
338 4572 480 4633 satis
523 4578 675 4633 nota
703 4578 819 4648 est,
849 4578 913 4633 et
953 4590 1029 4633 cx
1058 4571 1335 4632 dicendis
1371 4570 1569 4649 magis
1609 4568 1716 4629 de·

185 4658 500 4725 clarabitur.
535 4665 716 4726 Unde
745 4672 868 4725 tres
903 4665 1195 4739 rationes,
1223 4680 1364 4743 quae
1406 4661 1718 4742 praecipue

187 4753 354 4815 solent
389 4756 752 4836 hujusmodi
787 4760 1094 4818 actionem
1139 4756 1490 4827 honestare,
1520 4754 1586 4814 in
1620 4754 1720 4813 his

187 4842 456 4910 haereticis
477 4851 752 4911 maxime
771 4852 1200 4911 inveniuntur.
1221 4849 1426 4909 Prima
1439 4854 1532 4908 est
1553 4846 1720 4925 justa

187 4938 426 5003 vindicta
451 4950 514 5004 et
551 4943 884 5004 satisfactio
925 4942 1280 5023 reipublicae
1325 4940 1428 5002 cui
1475 4939 1718 5019 publice

186 5033 582 5098 malefactores
643 5054 936 5116 magnam
1000 5036 1296 5115 injuriam
1368 5034 1650 5111 irrogant
1692 5046 1714 5108 3

190 5126 332 5186 unde
379 5130 613 5206 Petrus,
665 5130 936 5191 secunda
971 5128 1232 5209 epistola
1272 5127 1453 5206 capit.
1487 5126 1710 5205 primo,

187 5214 314 5278 dicit
349 5222 650 5302 principes
693 5222 1024 5284 catholicos
1071 5238 1202 5283 esse
1249 5222 1334 5283 ad
1387 5218 1718 5282 vindictam

191 5312 614 5393 malefactorum
632 5343 658 5390 ,·
705 5323 769 5378 et
814 5316 1038 5378 Paulus
1073 5358 1095 5391 ,
1139 5314 1216 5375 ad
1267 5315 1576 5375 Romanos
1611 5312 1719 5373 de-

191 5406 326 5467 cima
345 5411 569 5471 tertia:
615 5412 728 5473 Dei
763 5410 920 5473 enim
945 5410 1228 5472 minister
1255 5414 1366 5482 est,
1396 5406 1614 5469 vividos
1651 5406 1719 5470 ia

195 5496 328 5563 iram
367 5502 422 5565 ei
449 5504 556 5584 qui
593 5504 820 5569 malum
862 5506 1038 5585 aqi&-
1075 5520 1152 5567 ex
1196 5519 1322 5583 quo
1357 5500 1492 5562 loco
1527 5518 1563 5561 a
1591 5500 1716 5561 for-

3245 363 3357 426 5¹1

1809 461 1950 523 tiori
1996 463 2232 543 colligit
2271 466 2644 543 Bernartius,
2674 484 2959 529 sermone
2982 466 3063 528 66
3102 466 3170 529 in
3212 469 3367 530 Can-

1805 555 1951 631 tica,
1986 557 2175 617 etiam
2208 558 2523 621 ministros
2555 558 2837 621 Ecclesiae
2862 560 3091 639 positos
3128 578 3259 623 esse
3285 560 3367 623 ad

1806 647 2143 710 vindictam
2174 648 2573 727 dehaereticis
2598 651 2987 728 sumendam,
3010 652 3187 731 juxta
3211 654 3367 716 illud

1808 740 2006 817 Pauli,
2036 744 2077 802 2
2104 742 2185 803 ad
2206 742 2345 803 Gor.
2380 746 2495 807 19:
2540 745 2625 807 In
2646 749 2935 825 prompte
2970 745 3247 809 habentes
3270 748 3368 809 ul·

1805 834 1958 897 eieci
1978 854 2205 899 omnem
2234 834 2693 902 inobedientiam
2720 859 2743 907 ,·
2762 855 2907 897 nam
2936 836 3211 899 haeretici
3236 858 3366 901 ma·

1803 927 1973 989 xime
2008 934 2154 990 suut
2175 928 2433 991 rebelles
2460 930 2761 1006 Ecclesiae,
2795 936 2857 990 et
2886 929 2953 990 in
2981 930 3177 991 Deum
3203 931 3366 993 hlas-

1805 1020 2105 1099 phemant
2122 1068 2143 1098 ,
2195 1028 2615 1102 repugnantes
2674 1022 2863 1085 verbo
2912 1022 3048 1100 ejus
3068 1068 3087 1098 ,
3133 1024 3229 1085 vel
3273 1024 3366 1085 illi

1807 1113 2149 1175 tribuentes
2187 1133 2325 1194 quae
2358 1116 2477 1195 ipsi
2502 1115 2777 1194 fingunt,
2826 1122 2888 1176 et
2919 1124 3367 1197 consequenter

1802 1206 1995 1266 etiam
2022 1206 2305 1269 Ecclesiae
2356 1206 2683 1269 Catholicae
2735 1226 3029 1286 magnam
3068 1210 3367 1288 injuriam

1804 1298 2085 1378 irrogant
2103 1346 2125 1375 ,
2180 1318 2305 1361 non
2352 1300 2555 1362 solum
2598 1320 2663 1362 se
2714 1303 2793 1363 ab
2834 1302 2943 1363 illa
2988 1311 3362 1382 separanteS,

1802 1392 1908 1454 sed
1949 1392 2140 1453 etiam
2193 1411 2467 1455 errorem
2510 1401 2571 1456 et
2612 1394 3004 1457 mendacium
3054 1396 3143 1457 illi
3190 1398 3366 1458 attri-

1801 1484 2087 1546 buentes.
2120 1486 2295 1547 Unde
2337 1486 2527 1547 etiam
2554 1486 2845 1548 omnibus
2875 1486 3157 1549 fidelibus
3200 1490 3366 1569 inju-

1802 1578 1949 1638 riosi
1990 1585 2177 1655 sunt3
2220 1597 2395 1653 nam,
2425 1586 2498 1639 ut
2540 1580 2700 1639 dixit
2745 1579 3121 1641 Theodosius
3170 1580 3367 1661 impe-

1803 1677 1992 1743 rator,
2023 1671 2090 1731 in
2114 1671 2157 1731 l.
2184 1672 2583 1746 Manichaei&
2607 1690 2663 1733 c.
2695 1673 2772 1734 de
2799 1672 3155 1733 Haereticis:
3198 1674 3371 1746 Quod

1803 1764 1870 1825 in
1929 1764 2279 1845 reliyionem
2325 1764 2595 1829 divinam
2644 1765 3061 1839 committitur,
3123 1765 3189 1827 in
3245 1784 3365 1829 om-

1803 1858 1974 1919 nium
1996 1862 2197 1937 μνέων
2221 1859 2543 1939 injuriam.
2578 1860 2737 1921 Sunt
2758 1863 2926 1921 enim
2956 1860 3133 1922 valde
3158 1861 3365 1922 nocivi

1804 1954 1865 2011 et
1909 1950 2243 2029 perniciosi
2297 1951 2604 2028 fidelibus,
2646 1960 2708 2015 et
2739 1953 2879 2014 ideo
2916 1954 2983 2013 in
3024 1954 3359 2033 Scriptura,

1804 2042 1939 2121 lupi
1982 2061 2235 2123 rapaces
2266 2053 2593 2121 vocantur,
2638 2046 2909 2107 Matthaei
2936 2049 3007 2107 7:
3050 2047 3365 2110 Attendite

1803 2153 1842 2198 a
1863 2136 2049 2214 falsis
2086 2137 2419 2218 prophetis,
2458 2139 2567 2220 qui
2608 2138 2851 2202 veniunt
2882 2140 2969 2202 ad
2992 2158 3095 2202 coe
3121 2139 3190 2201 in
3236 2158 3365 2202 ves-

1805 2229 2076 2294 timentis
2118 2212 2349 2308 munt,
2398 2232 2763 2297 intrinsecus
2808 2239 3010 2296 autem
3046 2237 3193 2295 sunt
3230 2234 3365 2313 cupa·

1803 2340 2055 2401 rapaces
2069 2346 2097 2395 ;
2118 2324 2281 2403 quod
2306 2324 2383 2385 de
2406 2325 2711 2393 haeneticis
2738 2325 3057 2405 eleganter
3082 2328 3367 2405 exposuit

1804 2414 2165 2476 Ambrosius
2200 2416 2311 2477 lib.
2350 2420 2387 2478 7
2414 2418 2482 2479 in
2510 2419 2687 2493 Luc„
2719 2418 2899 2479 initio
2928 2437 3061 2498 cap.
3101 2423 3209 2495 10,
3244 2427 3367 2481 est·
3412 2417 3423 2425 ’

1803 2526 1922 2587 que
1974 2510 2443 2589 ponderandum
2498 2512 2757 2574 verbum
2816 2512 2993 2587 illud,
3039 2515 3361 2587 attendite,

1802 2618 1947 2661 nam
1962 2646 1983 2677 ,
2023 2600 2167 2663 licet
2216 2604 2473 2683 singulis
2517 2605 2756 2665 dictum
2796 2606 3201 2686 intelligatur,
3232 2626 3364 2669 ma·-

1801 2694 1971 2756 xime
2016 2712 2167 2755 vero
2198 2696 2277 2757 ad
2315 2704 2608 2776 pastores,
2642 2699 2753 2778 qui
2792 2716 2870 2760 ex
2904 2699 3107 2761 officio
3148 2714 3361 2763 tenen-

1801 2793 1906 2847 tur
1931 2806 2143 2850 arcere
2171 2788 2348 2869 lupos
2378 2796 2441 2851 et
2480 2808 2735 2870 gregem
2788 2792 3135 2854 defendere.
3186 2793 3365 2855 Unde

1803 2880 2051 2958 Paulus,
2078 2883 2287 2945 Actor.
2320 2885 2431 2945 20:
2462 2882 2769 2948 Attendite
2796 2886 2957 2947 vobis
2990 2890 3049 2948 et
3079 2887 3363 2951 universo

1799 2978 1973 3057 φερέ
1991 3000 2019 3049 ;
2064 2982 2125 3039 et
2152 2977 2337 3057 paulo
2374 2977 2679 3039 inierius:
2720 2978 2859 3061 Eyo
2908 2978 3031 3041 ecio
3079 2981 3363 3060 quoniam

1791 3074 1937 3149 post
1982 3070 2395 3133 discessionem
2422 3087 2640 3144 meam,
2666 3069 2983 3133 intrabant
3007 3072 3075 3132 in
3096 3090 3199 3135 voe
3230 3072 3367 3153 lupi

1799 3178 2053 3244 rapaces
2065 3188 2093 3237 ,·
2122 3170 2185 3223 et
2202 3162 2561 3225 Ambrosius
2584 3180 2811 3245 supra:
2844 3164 3211 3229 Sollicitudo
3228 3165 3366 3229 boni

1801 3256 2091 3319 Pastoris
2129 3258 2337 3337 efficit,
2364 3264 2437 3322 ut
2472 3258 2605 3341 lupi
2630 3261 2699 3321 iu
2728 3276 2911 3342 aynae
2952 3260 3168 3322 audere
3202 3260 3364 3323 nihil

1798 3350 2058 3428 possint,
2090 3357 2155 3411 et
2202 3352 2431 3414 similia
2470 3353 2659 3414 habet
2696 3354 2877 3433 epist.
2908 3356 2987 3415 25
3018 3353 3095 3413 ad
3120 3354 3364 3416 Vercel-

1804 3441 2027 3505 lenses.
2072 3446 2347 3525 Denique
2384 3464 2420 3507 a
2450 3447 2691 3509 Christo
2726 3448 3011 3523 Domino,
3041 3448 3221 3511 Joan.
3259 3451 3359 3525 10,

1805 3543 2105 3599 vocantur
2132 3538 2403 3600 haeretici
2438 3544 2612 3618 fures
2639 3548 2697 3606 et
2722 3540 3012 3618 tatrones,
3034 3548 3107 3601 ut
3136 3542 3226 3601 ibi
3258 3560 3364 3603 ex·

1803 3632 1981 3710 ponit
2008 3631 2503 3711 Chrysostomus,
2535 3633 2705 3696 hom.
2736 3635 2815 3695 58
2838 3679 2857 3709 ,
2906 3640 2970 3694 et
3014 3634 3197 3695 latius
3237 3636 3365 3696 Au·

1799 3725 2106 3803 gustinus,
2138 3732 2317 3786 tract.
2346 3728 2465 3803 453
2506 3744 2653 3805 ergo
2695 3733 2766 3787 ut
2795 3727 2949 3787 tales
2988 3729 3195 3807 puniri
3224 3745 3366 3808 pos-

1801 3823 1971 3893 sunt,
2002 3818 2081 3877 ad
2125 3817 2407 3879 Ecclesiae
2442 3820 2675 3897 justam
2704 3819 3045 3881 vindictam
3074 3826 3137 3881 et
3178 3822 3359 3882 satis·-

1805 3909 2160 3971 factionem.

1879 4008 1940 4065 7.
1970 4004 2181 4068 Altera
2207 4008 2389 4071 ratio.
2406 4038 2487 4054 —-
2504 4007 2941 4087 Hieronymus.
2954 4038 3038 4055 -
3054 4006 3358 4087 Habetur,

1800 4100 1905 4174 24,
1924 4106 2137 4181 qua-et.
2164 4101 2597 4163 3.—Secunda
2616 4102 2774 4162 ratio
2793 4102 3093 4181 puniendi
3114 4102 3363 4183 publica

1801 4193 2026 4255 delicta
2054 4199 2147 4254 est
2182 4194 2533 4275 exemplum
2562 4194 2854 4271 aliorum,
2886 4202 2957 4256 ut
2985 4196 3268 4274 timeant,
3299 4202 3364 4259 et

1800 4305 1839 4348 a
1887 4287 2194 4348 similibus
2242 4288 2609 4350 criminibus
2656 4296 2986 4350 arceantur
2998 4310 3017 4365 ;
3068 4308 3245 4363 nam,
3289 4296 3364 4351 ut

1797 4380 2153 4442 Aristoteles
2174 4381 2353 4457 dixit,
2392 4384 2471 4443 10
2497 4381 2879 4458 Ethicorum,
2916 4400 3048 4462 cap.
3080 4384 3155 4443 9:
3190 4384 3363 4446 Mul-

1799 4474 1993 4535 titudo
2018 4474 2385 4547 neceeeilati‚
2411 4475 2617 4556 potius
2658 4492 2838 4556 quam
2872 4476 3103 4538 rationi
3135 4482 3318 4556 paret
3331 4500 3361 4551 ,-

1798 4573 1861 4626 et
1901 4566 2041 4627 ideo
2074 4567 2337 4647 publicoe
2364 4568 2622 4628 utilitati
2666 4569 2937 4629 maxime
2985 4568 3245 4646 confert,
3278 4587 3361 4631 ne

1797 4657 2021 4721 delicta
2076 4669 2371 4721 maneant
2432 4661 2780 4740 impunita,
2827 4661 2977 4740 q-uia
3022 4661 3360 4741 impunitas

1799 4752 2121 4813 audaciam
2152 4754 2442 4834 peccandi
2471 4754 2724 4833 praebet,
2756 4760 2828 4815 ut
2856 4754 3079 4816 dicitur
3120 4755 3186 4815 in
3216 4774 3352 4836 cap.

1812 4846 1895 4909 Ut
1932 4850 2145 4925 famoe,
2178 4847 2256 4908 de
2296 4846 2617 4908 Sententia
2666 4848 3353 4925 excommunicationis3

1798 4946 1860 4999 et
1895 4939 2035 5000 ideo
2070 4939 2328 5015 PauluS,
2378 4938 2456 4999 ad
2484 4940 2603 5001 Tit.
2640 4942 2701 5015 5,
2748 4939 2949 5000 dixit:
3002 4941 3359 5004 Peccantem

1797 5050 2001 5096 coram
2042 5034 2311 5095 omnibus
2348 5050 2533 5114 arque
2554 5076 2570 5104 ‚
2622 5038 2695 5096 ut
2738 5036 2798 5095 et
2838 5031 3041 5096 coeteri
3084 5038 3358 5098 timorem

1797 5125 2071 5188 habeant.
2101 5126 2243 5186 Haec
2266 5132 2475 5186 autem
2498 5126 2657 5186 ratio
2700 5126 2971 5187 maxime
3011 5126 3217 5187 locum
3249 5126 3362 5188 ha-

1797 5215 1901 5278 bet
1943 5218 2009 5277 in
2058 5217 2404 5291 haeretici33
2453 5218 2623 5297 quia,
2656 5217 2815 5278 sicut
2861 5219 3211 5298 exemplum
3258 5238 3361 5280 eo·

1797 5328 1940 5371 rum
1982 5310 2159 5372 valde
2185 5317 2278 5372 est
2316 5312 2731 5390 perniciosum
2768 5310 2907 5373 aliis
2932 5310 3237 5389 fidelibus,
3270 5313 3358 5374 ita

1797 5424 2015 5466 eorum
2047 5405 2299 5467 libertas
2325 5412 2389 5468 et
2423 5406 2761 5486 impunitas
2786 5410 3015 5467 summi
3062 5416 3220 5469 esset
3253 5426 3357 5488 pe·

1796 5500 2021 5573 riculi3
2052 5506 2113 5561 et
2144 5500 2281 5561 ideo
2314 5500 2503 5561 etiam
2530 5500 2595 5561 in
2619 5499 2756 5580 lege
2782 5500 2997 5577 veteri,
3028 5519 3172 5562 cum
3198 5504 3359 5563 Deus
