3900 6217
547 418 717 471 SECT.
753 417 836 470 Vl.
872 417 1000 480 Qua
1029 415 1441 469 cssnTrrtJnmE
1473 403 1794 469 consults
1826 415 2070 468 DEBEAT
2106 417 2185 468 DE
2214 417 2405 470 Jus'rA
2436 419 2637 472 CAUSA
2668 419 2846 471 BELLl
2865 459 2884 482 ,
2916 419 3051 472 ETc.

195 536 355 598 nu03
375 519 506 599 jam
529 519 580 580 si
599 519 760 579 facta
785 515 1110 595 diligentia
1135 515 1478 602 illud-certo
1499 522 1758 590 constat,

195 619 414 693 aperta
454 618 546 673 est
599 611 871 672 asserti0.
904 609 1166 684 Quando
1205 628 1352 670 vero
1379 628 1478 671 res
1519 615 1609 670 est
1649 626 1763 690 pro

194 714 464 786 utraque
511 709 684 784 parte
721 702 1081 783 probabilis,
1138 708 1287 763 tunc
1329 721 1394 763 se
1444 703 1625 763 debet
1651 719 1763 762 rex

191 815 412 876 gerere
439 804 511 857 ut
528 799 734 875 justus
753 797 986 875 judex3
1012 813 1204 875 qnare
1231 796 1284 856 si
1313 796 1619 856 sententia
1645 795 1762 855 sibi

189 893 412 952 favens
465 891 784 951 invenitur
851 888 1252 970 probabilior,
1315 894 1514 970 potest
1574 889 1762 949 etiam

185 987 360 1064 juste
383 984 670 1064 prosequi
692 983 796 1061 jus
825 1001 1036 1056 suum,
1058 983 1228 1060 quia,
1261 989 1331 1040 ut
1356 999 1576 1042 verum
1607 982 1764 1042 exis-

191 1080 377 1154 timo,
406 1078 472 1138 10
502 1077 821 1136 sententiis
864 1073 1133 1135 ferendis
1155 1073 1464 1153 sequenda
1491 1081 1585 1135 est
1606 1091 1765 1136 sem-

193 1189 312 1251 per
343 1167 720 1250 probabilior
748 1186 911 1246 pera,
943 1169 1090 1249 quia
1131 1165 1234 1227 1110
1263 1173 1356 1226 est
1381 1173 1554 1227 actus
1577 1166 1760 1245 justi-

189 1265 300 1325 tioe
328 1261 753 1336 distributivae,
786 1261 849 1320 in
892 1278 1015 1342 qua
1042 1260 1291 1337 dignior
1313 1266 1405 1322 est
1437 1259 1761 1337 praetereu-

189 1357 333 1416 dus.
395 1356 499 1416 Est
551 1361 762 1415 autem
811 1353 1080 1432 dignior,
1113 1353 1212 1413 cui
1256 1351 1636 1433 probabilius
1656 1352 1760 1431 jus

187 1447 383 1523 favet,
420 1449 496 1508 de
527 1465 652 1527 quo
668 1446 852 1508 latius
881 1445 1069 1506 infra.
1092 1445 1319 1518 Eadem
1348 1463 1495 1505 vero
1521 1446 1760 1506 ratione

191 1542 248 1601 si
303 1559 441 1620 pars
487 1540 797 1602 contraria
841 1538 1065 1600 habeat
1116 1555 1228 1617 pro
1271 1555 1334 1598 se
1389 1539 1756 1598 sententiam

191 1633 699 1714 probabiliorem,
755 1631 926 1692 nullo
955 1631 1140 1692 modo
1192 1631 1416 1711 poterit
1445 1629 1549 1691 1110
1587 1632 1761 1711 prin-

191 1745 341 1806 ceps
371 1745 619 1787 movere
650 1725 903 1786 bellum.

277 1823 338 1882 3.
373 1821 536 1894 Quid
561 1821 795 1901 quando
818 1818 1138 1900 oequaliter
1165 1817 1500 1882 dubitatur.
1531 1822 1590 1881 et
1612 1817 1761 1880 alte-

187 1931 272 1976 ra
293 1931 448 1995 pars
471 1913 907 1994 possidet—Si
923 1911 1212 1990 denique,
1237 1909 1396 1971 facta
1413 1909 1758 1989 diligentia,

189 2007 516 2068 invenitur
546 2025 725 2086 aequa
756 2004 1160 2086 probabilitas
1193 2021 1304 2084 pro
1333 2011 1593 2084 utraque
1625 2021 1764 2083 par-

189 2107 283 2176 te,
341 2099 440 2162 vel
489 2107 652 2162 certe
711 2099 946 2178 aequale
992 2097 1278 2173 dubium,
1333 2097 1762 2174 undecumque

192 2195 366 2256 aliud
409 2195 670 2269 oriatur,
723 2201 874 2254 tunc
908 2193 960 2253 si
1002 2191 1160 2253 alter
1205 2192 1491 2272 possidet,
1543 2190 1764 2270 praefe-

197 2287 430 2348 rendus
455 2295 547 2349 est
561 2304 583 2364 3
613 2287 758 2366 quia
791 2286 858 2347 in
881 2285 1117 2365 judicio
1146 2287 1334 2346 etiam
1367 2284 1473 2345 ille
1511 2283 1762 2362 praefer—

199 2387 329 2455 tur,
359 2399 503 2441 cum
553 2381 755 2459 majus
797 2381 897 2458 jus
923 2379 1182 2456 habeat3
1212 2383 1608 2459 quapropter,
1655 2376 1764 2456 qui

201 2491 331 2535 non
379 2473 670 2554 possidet,
725 2490 974 2534 movere
1029 2472 1260 2532 bellum
1309 2471 1524 2549 nequit
1551 2476 1766 2530 contra

199 2567 645 2646 possidentem3
687 2565 796 2645 qui
843 2583 993 2626 vero
1029 2565 1322 2644 possidet,
1355 2569 1524 2623 tutus
1553 2568 1667 2637 cst,
1697 2578 1767 2621 ac

199 2676 266 2719 se
310 2659 638 2720 defendere
662 2658 829 2737 juste
874 2657 1059 2719 valet.
1113 2655 1404 2731 Quamvis
1431 2655 1766 2729 Adrianus,

199 2753 346 2829 inst,
370 2753 627 2813 materia
645 2753 722 2812 de
745 2752 1181 2825 Restitutione‚
1199 2758 1262 2812 et
1283 2749 1569 2824 Quodlib.
1591 2751 1653 2824 2,
1671 2767 1771 2808 ar-

200 2845 308 2905 tic.
335 2846 396 2916 2,
433 2844 810 2904 contrarium
839 2848 1065 2905 sentiat
1093 2844 1158 2903 in
1189 2843 1304 2903 hoc
1341 2841 1596 2914 ultim03
1628 2859 1770 2904 nam

201 2939 314 3001 ille
347 2939 590 3017 (inquit)
621 2937 876 3013 dubitat,
921 2955 1002 3001 cm
1031 2936 1290 3001 retineat
1328 2935 1609 3007 alienum,
1653 2951 1769 2997 non

199 3037 292 3095 est
321 3049 462 3114 erqo
483 3033 675 3094 tutus.
715 3033 897 3092 Sotus
927 3032 1137 3104 etiam,
1171 3030 1237 3090 10
1285 3031 1348 3103 4,
1382 3027 1459 3090 de
1487 3027 1762 3102 Justitia,

202 3132 420 3205 quoest.
469 3127 530 3201 5,
577 3129 951 3204 argumento
1001 3123 1252 3198 ultimo,
1280 3121 1456 3196 dicit,
1488 3139 1630 3183 eum
1659 3121 1768 3201 qui

201 3219 470 3293 dubitat,
523 3219 726 3279 teneri
782 3217 859 3279 ad
905 3215 1309 3278 dividendum
1361 3233 1502 3276 cnm
1546 3213 1760 3289 altero,

199 3312 306 3373 vel
351 3311 852 3373 satisfaciendum
886 3309 1062 3371 alteri
1115 3327 1230 3390 pro
1281 3309 1520 3370 ratione
1565 3307 1762 3382 dubii,

200 3407 369 3487 quod
415 3415 572 3468 esset
617 3423 857 3481 verum,
907 3406 958 3465 si
1009 3423 1047 3465 a
1089 3403 1392 3484 principio
1448 3401 1775 3480 incepisset

200 3499 516 3582 possidere
565 3519 706 3561 cum
741 3499 929 3559 dubia
963 3497 1108 3573 fide,
1137 3513 1284 3558 nam
1313 3496 1453 3557 talis
1481 3493 1774 3574 possessio

201 3613 333 3655 non
367 3595 603 3655 confert
631 3594 771 3670 jus3
802 3593 854 3652 si
877 3593 1044 3653 *vcro
1075 3609 1114 3652 a
1141 3589 1445 3670 principio
1474 3593 1606 3649 erat
1635 3605 1772 3666 pos-

200 3705 403 3749 sessor
456 3687 636 3748 bonaee
684 3686 854 3762 fidei,
907 3693 970 3747 et
1012 3691 1224 3766 postca
1268 3691 1474 3745 ortum
1519 3690 1610 3744 est
1653 3683 1766 3742 du·

201 3782 408 3858 bium,
467 3787 529 3842 et
583 3780 971 3860 diligentiam
1019 3779 1166 3840 fecit
1211 3778 1289 3838 ad
1332 3775 1767 3855 inquirendam

206 3878 562 3948 veritatem,
615 3893 740 3936 non
781 3881 995 3936 tamen
1036 3871 1237 3953 potuit
1263 3869 1532 3950 assequi,
1562 3883 1770 3940 secure

202 3975 408 4051 potest
419 3975 619 4030 totum
641 3967 943 4047 retinere3
973 3967 1121 4048 quia
1139 3964 1399 4026 dubium
1427 3968 1633 4022 manet
1661 3979 1770 4041 pu-

201 4083 272 4126 re
299 4063 772 4143 speculativum,
800 4067 862 4122 et
881 4061 1020 4122 talis
1043 4057 1341 4140 possessio
1367 4055 1605 4117 confert
1625 4056 1770 4114 sim-

209 4155 457 4238 pliciter
497 4155 593 4233 ins
621 4155 699 4216 ad
729 4172 863 4216 rem
892 4159 1108 4225 totam,
1141 4150 1306 4230 quod
1336 4149 1402 4210 10
1441 4165 1664 4226 genere
1687 4145 1772 4206 la·

200 4251 328 4310 tius
355 4248 737 4310 ostendimus
781 4247 847 4308 in
878 4246 1140 4306 materia
1166 4243 1246 4305 de
1273 4239 1670 4315 conscientia,
1706 4239 1774 4298 in

201 4347 468 4404 tractatu
497 4343 558 4417 3,
593 4339 1008 4421 disputatione
1055 4341 1154 4413 12,
1195 4336 1467 4397 sectione
1497 4337 1535 4396 5
1582 4340 1644 4394 et
1687 4337 1770 4409 63

202 4441 270 4497 et
301 4435 369 4495 10
418 4434 618 4513 specie
643 4433 823 4494 docet
869 4433 1145 4502 covarr„
1181 4427 1398 4508 regula
1423 4427 1770 4500 Poe-sessor,

202 4534 382 4609 parte
409 4529 473 4604 2,
515 4525 553 4606 ξ
591 4531 626 4587 ’7
651 4542 671 4604 ;
703 4532 765 4588 et
793 4525 1088 4599 Victoria,
1119 4523 1286 4583 dicta
1311 4521 1664 4582 relectione.
1697 4519 1774 4580 Et

203 4621 375 4683 idem
421 4621 622 4693 Sotus,
654 4618 986 4680 relectione
1010 4617 1087 4678 de
1115 4617 1386 4689 Secret0,
1420 4611 1649 4674 memb.
1707 4612 1766 4686 3,

207 4720 425 4794 quaest.
459 4713 519 4773 2.
569 4711 851 4773 Advertit
891 4723 1102 4772 tamen
1115 4707 1394 4768 'Victoria
1429 4705 1628 4767 teneri
1655 4705 1772 4765 hu-

199 4805 477 4886 jusmodi
505 4821 934 4886 possessorem,
965 4820 1106 4864 cum
1136 4801 1334 4862 oritur
1361 4798 1644 4874 dubium,
1677 4798 1771 4859 di-

205 4900 474 4978 ligenter
524 4897 839 4976 inquirere
873 4895 1220 4968 veritatem,
1269 4897 1331 4954 et
1363 4892 1439 4952 ad
1473 4892 1588 4952 1100
1633 4891 1769 4972 cogi

203 5009 380 5073 posse
423 4991 502 5052 ab
546 4990 691 5066 alic,
722 4991 910 5050 etiam
957 5005 1067 5068 per
1094 4985 1352 5060 bellum,
1383 4985 1437 5044 si
1460 4983 1613 5045 alias
1639 4983 1772 5044 nol-

201 5087 312 5164 let,
367 5086 512 5164 quia
541 5101 756 5145 revera
803 5082 868 5143 id
917 5080 1185 5163 postulat
1209 5078 1366 5140 ratio
1409 5078 1668 5157 justitias
1711 5083 1773 5140 et

197 5179 354 5241 recti
386 5177 627 5258 judicii.

282 5273 345 5332 4.
399 5271 562 5345 Quid
607 5269 842 5350 quando
899 5269 1119 5330 neutra
1161 5263 1449 5345 possidet.
1474 5297 1556 5311 —-
1581 5261 1767 5325 Aliud

202 5364 558 5427 membrum
585 5367 701 5436 est,
731 5361 784 5422 si
815 5360 1027 5421 nullus
1063 5357 1388 5440 possideat,
1419 5364 1482 5417 et
1507 5354 1768 5418 dubium

203 5457 303 5520 vel
363 5455 757 5536 probabilitas
825 5455 951 5516 sint
1018 5451 1303 5534 aequalia.
1371 5450 1770 5512 Communior

207 5551 516 5616 sententia
544 5567 672 5612 esse
696 5549 968 5626 videtur,
1011 5561 1520 5626 unumquemque
1546 5543 1773 5607 habere

3288 420 3405 480 749

1837 517 1938 594 jus
1965 515 2043 578 ad
2065 519 2265 598 primo
2288 521 2749 600 occupandum:
2785 520 2953 582 unde
2971 519 3146 582 fieret
3167 522 3409 601 J’ustum

1841 609 2077 670 bellum
2100 629 2175 671 ex
2197 618 2453 692 utraque
2476 619 2675 692 parte,
2693 613 2851 690 quod
2880 631 3006 674 non
3029 613 3237 689 refert,
3264 635 3407 678 cum

1842 701 2258 782 interponitur
2284 706 2657 783 ignorantia.
2707 707 2887 768 Ratio
2928 725 3074 768 vero
3124 707 3405 784 affertur,

1843 795 1990 872 qnia
2039 796 2105 855 in
2133 796 2322 856 simili
2372 816 2517 857 casu
2560 798 2754 876 judex
2806 804 3009 878 posset
3052 800 3409 878 adjudicare

1843 903 1976 946 rem
2008 907 2119 948 suo
2144 889 2473 961 arbitratu,
2506 891 2606 950 cui
2650 889 2832 950 vellet
2860 891 3128 969 partium
3158 892 3408 972 litigan-

1843 980 2025 1041 tium.
2060 983 2189 1060 Ego
2224 999 2369 1042 vero
2402 982 2557 1042 mihi
2586 983 2842 1044 suadere
2870 1002 3109 1064 nequeo
3136 985 3195 1044 id
3221 984 3407 1046 licere

1837 1073 2037 1151 judici
2063 1075 2128 1134 10
2156 1075 2262 1135 tali
2294 1093 2461 1150 casu,
2512 1075 2576 1135 in
2604 1094 2727 1155 quo
2757 1083 2921 1138 certe
2944 1079 3135 1156 judex
3158 1087 3249 1138 est
3271 1088 3407 1140 tan-

1840 1172 1977 1226 tum
2019 1165 2378 1228 distributor
2414 1169 2525 1240 rei,
2559 1169 2623 1229 iu
2648 1188 2837 1247 quam
2863 1171 2991 1252 ipse
3012 1172 3116 1250 jus
3144 1190 3270 1233 non
3297 1173 3408 1234 ha-

1839 1258 1967 1319 het.
2005 1259 2167 1338 Ergo
2219 1261 2271 1321 si
2316 1262 2458 1339 jura
2489 1263 2755 1340 partium
2783 1282 3027 1344 semper
3054 1272 3201 1326 sunt
3238 1285 3409 1346 pror-

1839 1369 1942 1411 sus
1970 1353 2253 1430 aequalia,
2284 1371 2409 1414 non
2452 1360 2545 1414 est
2585 1374 2695 1416 cur
2724 1355 2912 1435 possit
2937 1358 3066 1436 ipse
3094 1365 3289 1420 totam
3319 1360 3407 1420 al-

1839 1445 1959 1505 teri
1997 1444 2333 1508 attribuere
2350 1463 2370 1524 3
2400 1454 2649 1508 tenetur
2697 1467 2845 1527 ergo
2873 1450 3173 1528 dividere,
3206 1453 3327 1527 vel,
3355 1453 3407 1514 si

1839 1555 1937 1598 res
1961 1537 2154 1598 dividi
2184 1539 2421 1600 utiliter
2448 1558 2571 1599 nou
2594 1541 2803 1620 possit,
2834 1543 3141 1623 oportebit
3166 1545 3406 1607 ratione

1838 1631 2048 1710 aliqua
2082 1631 2329 1712 utrique
2368 1632 2529 1714 parti
2582 1634 2948 1698 satisfacere.
2992 1637 3153 1716 Ergo
3181 1641 3260 1698 ad
3291 1638 3409 1700 1100

1839 1723 2044 1802 ipsum
2074 1725 2450 1787 tenebuntur
2470 1727 2777 1806 principes
2796 1728 2861 1788 iu
2892 1747 3036 1790 casu
3066 1729 3234 1804 belli,
3258 1749 3407 1793 nam

1843 1824 1950 1877 aut
1972 1819 2135 1878 inter
2163 1835 2227 1878 se
2255 1835 2388 1878 rem
2418 1818 2718 1895 divident,
2751 1826 2861 1881 aut
2879 1830 3108 1902 sortem
3136 1825 3405 1900 mittent,

1843 1909 1943 1970 vel
1969 1910 2177 1990 aliqua
2204 1911 2327 1972 alia
2366 1913 2606 1972 ratione
2642 1917 2959 1992 negotium
3002 1925 3400 1996 component.

1843 2003 2021 2076 Quod
2062 2003 2113 2063 si
2154 2023 2319 2066 unus
2366 2010 2635 2066 tentaret
2670 2025 2803 2067 rem
2848 2013 3041 2069 totam
3082 2027 3401 2090 occupare.

1843 2096 2162 2176 aliumque
2201 2096 2548 2174 excludere,
2592 2098 2709 2158 hoc
2736 2099 2868 2179 ipso
2908 2101 3201 2180 injuriam
3227 2105 3410 2166 alteri

1841 2189 2091 2265 faceret,
2143 2208 2333 2271 quam
2378 2197 2575 2270 posset
2602 2195 2767 2272 juste
2792 2195 3115 2274 repellere,
3145 2203 3207 2258 et
3234 2216 3308 2258 eo
3332 2201 3409 2259 ti-

1843 2283 1976 2344 tulo
1998 2284 2028 2361 ,j
2037 2287 2153 2344 usti
2178 2283 2325 2344 belli
2351 2303 2487 2345 rem
2512 2291 2707 2346 totam
2738 2305 3057 2368 occupare.

1924 2379 1985 2437 5.
2032 2375 2113 2438 ln
2144 2375 2311 2439 dubio
2341 2379 2409 2440 de
2434 2380 2610 2456 justo
2640 2379 2810 2444 bello.
2840 2380 3029 2443 teneri
3067 2384 3409 2466 prinoipem

1846 2467 2209 2533 committere
2229 2468 2539 2550 judicium
2562 2473 2705 2533 bono
2740 2472 2893 2548 viro,
2929 2476 3410 2553 probabilium-

1848 2561 1966 2622 Sed
1996 2579 2234 2640 quaeres
2261 2581 2343 2624 an
2374 2563 2438 2624 in
2466 2564 2821 2644 hujusmodi
2870 2567 3109 2628 casibus
3158 2575 3411 2630 tenean-

1847 2662 1950 2716 tur
1994 2659 2271 2734 supremi
2299 2656 2610 2737 principes
2633 2657 2891 2719 arbitrio
2920 2659 3229 2722 honorum
3249 2663 3412 2724 viro·

1847 2766 1989 2809 rum
2015 2749 2318 2828 judicium
2350 2750 2716 2828 relinquere.
2750 2751 2853 2812 Est
2884 2759 3095 2814 autem
3121 2757 3407 2835 quaestio,

1851 2844 2071 2904 stando
2101 2843 2162 2902 10
2192 2843 2329 2922 lege
2366 2842 2631 2904 naturali
2658 2852 2927 2922 tantum,
2954 2853 3023 2910 ut
3047 2850 3408 2910 omittamus

1851 2937 2032 3015 Papae
2062 2937 2610 3012 auctoritatem,‘de
2630 2939 2769 3016 :qua
2788 2939 2917 3018 jam
2941 2941 3228 3004 diximus.
3257 2945 3409 3004 Ceu-

1850 3049 1955 3092 500
1981 3048 2125 3091 vero
2170 3030 2551 3110 probabilem
2598 3031 2773 3094 valde
2823 3052 2952 3096 esse
3006 3044 3239 3113 partem
3268 3057 3409 3118 quae

1847 3123 2115 3188 affirmat
2148 3142 2164 3185 ε
2198 3124 2427 3185 etenim
2456 3132 2749 3186 tenentur
2774 3126 2845 3203 ii,
2884 3129 3088 3208 quoad
3126 3137 3409 3210 possunt,

1845 3215 2042 3278 vitare
2066 3215 2299 3278 bellum
2335 3217 2607 3278 honestis
2629 3219 2866 3280 mediis.
2902 3221 2967 3280 Si
2994 3239 3143 3300 ergo
3164 3223 3409 3286 nullum

1848 3311 2194 3390 periculum
2224 3311 2539 3390 inJustitiae
2567 3313 2881 3389 timeatur,
2906 3314 3057 3376 iliud
3104 3317 3285 3396 plane
3317 3325 3411 3380 est

1855 3405 2161 3483 optimum
2192 3403 2507 3481 medium3
2538 3405 2655 3465 erit
2704 3423 2853 3484 ergo
2880 3407 3403 3486 amplectendum.

1854 3498 2287 3572 confirmatur,
2320 3515 2465 3558 nam
2516 3497 2894 3578 impossibile
2954 3508 3048 3561 est
3090 3510 3409 3564 auctorem

1854 3596 2093 3650 naturae
2122 3589 2187 3649 in
2218 3609 2291 3650 00
2315 3589 2669 3651 discrimine
2705 3592 3019 3672 reliquisse
3049 3612 3145 3655 res
3190 3595 3411 3657 huma-

1853 3701 1987 3754 nas,
2018 3701 2156 3762 quae
2196 3683 2579 3762 frequentius
2601 3686 2961 3764 conjecturis
2988 3687 3193 3766 potius
3218 3707 3409 3768 quam

1850 3782 2021 3836 certa
2070 3777 2309 3837 ratione
2334 3784 2661 3855 reguntur,
2689 3784 2760 3840 ut
2799 3797 3015 3842 omncs
3064 3781 3204 3843 lites
3249 3783 3413 3844 inter

1849 3869 2153 3949 principes
2174 3887 2494 3948 supremos
2522 3877 2585 3932 et
2605 3872 2997 3951 respublicas,
3030 3876 3279 3936 nonnisi
3302 3893 3413 3955 per

1851 3961 2079 4021 bellum
2106 3963 2425 4022 terminari
2448 3963 2713 4024 debeant
2723 3981 2743 4042 3
2772 3971 2863 4026 est
2891 3967 3057 4027 enim
3088 3966 3153 4027 id
3198 3976 3415 4030 contra

1849 4053 2247 4134 prudentiam
2273 4074 2343 4115 ac
2367 4054 2599 4115 bonum
2640 4075 2969 4121 commune
3018 4062 3270 4138 generis
3294 4061 3412 4122 hu-

1853 4147 2025 4207 mani
2058 4165 2073 4219 3
2124 4165 2271 4226 ergo
2322 4153 2535 4209 contra
2590 4149 2920 4226 justitiam.
2993 4153 3411 4233 Praeterquam

1853 4238 2018 4318 quod
2042 4240 2176 4318 jam
2212 4238 2579 4318 regulariter
2613 4242 2659 4303 ii
2705 4241 3007 4304 haberent
3058 4246 3261 4325 majus
3282 4248 3409 4326 jus,

1855 4333 1963 4410 qui
1995 4334 2371 4412 potentiores
2401 4340 2623 4409 essent,
2654 4342 2841 4416 atque
2885 4339 3039 4400 adeo
3092 4357 3169 4402 ex
3222 4343 3413 4402 armis

1855 4434 2011 4488 esset
2060 4427 2468 4504 metiendum,
2502 4429 2665 4508 quod
2704 4430 3039 4494 barbarum
3080 4441 3143 4494 et
3195 4437 3411 4498 absur-

1853 4519 2005 4580 dum
2034 4521 2179 4580 satis
2206 4528 2481 4600 apparet.

1933 4614 1992 4673 6.
2039 4614 2299 4678 Notatio
2322 4613 2529 4694 prima
2554 4615 2717 4680 circa
2737 4617 2943 4680 datam
2964 4621 3407 4686 resolutionem.

1849 4736 1930 4751 -
1954 4707 2031 4772 N
2028 4708 2213 4770 otatio
2237 4709 2516 4771 secunda.
2541 4740 2621 4755 —
2659 4709 2774 4771 Sed
2806 4711 2871 4772 in
2916 4713 3035 4776 1100
3077 4715 3410 4778 observan-

1849 4800 2000 4860 dum
2020 4801 2222 4882 primo
2249 4801 2389 4876 erit,
2420 4820 2547 4862 non
2566 4807 2761 4865 teneri
2788 4823 3148 4885 supremum
3187 4812 3411 4890 priuci-

1851 4893 1993 4972 peni
2027 4903 2187 4954 stare
2222 4894 2457 4972 judicio
2508 4913 2748 4972 eorum,
2777 4917 2931 4977 quos
2953 4900 3084 4980 ipse
3110 4921 3234 4963 non
3264 4923 3411 4966 con-

1853 4985 2057 5045 stituit
2120 4985 2195 5045 ad
2248 4987 2697 5066 judicandum3
2750 4998 3062 5070 oporteret
3127 5013 3275 5074 ergo
3338 5005 3411 5058 ut

1851 5077 2176 5157 utriusque
2207 5079 2396 5157 partis
2421 5098 2721 5142 consensu
2750 5083 2965 5146 arbitri
2989 5086 3371 5165 eligerentur
3386 5105 3407 5167 3

1849 5168 2017 5249 quod
2048 5171 2297 5249 quidem
2328 5173 2625 5249 medium,
2666 5176 2815 5254 quia
2839 5195 2981 5238 raro
3022 5179 3410 5259 amplectun-

1853 5269 1976 5338 tur,
2015 5261 2155 5323 ideo
2200 5263 2352 5324 solet
2405 5284 2533 5326 esse
2558 5267 2965 5332 rarissimum.
3017 5273 3173 5333 Nam
3200 5277 3410 5355 saepis-

1849 5354 2004 5418 sime
2045 5355 2203 5418 alter
2240 5359 2525 5437 princeps
2571 5370 2881 5440 suspectos
2926 5363 3113 5425 habet
3170 5368 3409 5445 ,iudices

1851 5457 2155 5510 externos
2208 5451 2437 5512 Deinde
2490 5452 2968 5532 advertendum,
3000 5475 3171 5537 posse
3199 5480 3408 5540 supre-

1853 5561 2029 5604 mum
2057 5542 2424 5625 principem,
2444 5545 2495 5606 si
2518 5547 2680 5609 bona
2705 5547 2827 5610 fide
2848 5553 3161 5631 procedat,
3184 5573 3410 5636 expen-
