3900 6217
670 403 836 456 SECT.
873 407 955 458 111.
993 407 1076 458 AN
1108 406 1309 460 SAGRA
1342 407 1680 460 scmp‘rcRA
1717 405 1814 459 81⁶1·
1848 405 2247 458 INFALLIBILIS
2280 407 2527 459 REGULA
2561 405 2744 460 From.

179 513 225 580 t,
247 511 512 586 quatenus
559 503 704 564 duas
741 506 930 566 tradit
970 506 1216 586 regulas
1267 505 1656 585 intelligendi

181 599 516 680 scripturam.
576 597 775 658 Prima
829 605 922 660 est
963 599 1271 678 judicium
1322 598 1604 662 Ecclesiae
1637 621 1656 658 :

177 691 302 773 quod
326 692 368 750 si
397 689 469 750 sit
490 687 900 768 definitivum,
930 693 1074 754 facit
1125 693 1312 754 fidem
1361 692 1658 754 infallibi-

175 787 283 846 lem.
323 783 442 844 Alia
487 789 576 842 est
622 785 934 847 unanimis
987 804 1322 848 consensus
1377 787 1655 860 Patrum,

173 878 298 958 quod
354 875 583 936 tradidit
642 875 979 939 Concilium
1035 879 1443 941 Lateranense
1463 924 1483 954 ,
1543 878 1658 939 sub

173 973 328 1032 Leone
363 970 428 1040 X,
456 969 675 1030 action.
706 971 806 1046 10,
837 979 899 1032 et
932 972 1195 1033 habetur
1223 972 1290 1032 in
1311 973 1352 1032 6
1381 972 1655 1052 Synodo,

173 1083 276 1122 ean.
315 1063 380 1122 {9
412 1062 718 1139 Trullan0,
765 1070 829 1124 et
861 1065 1127 1125 sumitur
1161 1083 1239 1125 ex
1285 1065 1655 1144 Augustino,

178 1157 234 1216 18
257 1156 314 1214 de
360 1154 550 1230 Civit.‚
580 1174 713 1234 cap.
747 1158 850 1217 41.
895 1159 999 1219 Est
1044 1165 1254 1219 autem
1310 1157 1656 1219 notandum

173 1249 446 1312 Concilium
497 1247 930 1310 Tridentinum
964 1268 1090 1311 non
1131 1249 1375 1312 tradere
1403 1250 1518 1311 hoc
1551 1268 1662 1330 per

171 1341 368 1402 modum
389 1338 757 1402 definitionis
780 1340 949 1417 fidei,
981 1343 1087 1404 sed
1115 1349 1361 1405 tantum
1397 1361 1505 1422 per
1529 1361 1660 1405 mo-

168 1435 280 1496 dum
303 1431 591 1512 cujusdam
617 1436 938 1516 praecepti;
969 1444 1031 1496 et
1058 1435 1196 1496 ideo
1215 1434 1410 1516 aliqui
1441 1436 1659 1498 dicunt

172 1527 292 1586 hunc
305 1543 645 1586 consensum
675 1527 1036 1589 unanimem
1067 1529 1316 1590 Patrum
1347 1547 1472 1590 non
1497 1529 1657 1590 face-

177 1639 222 1680 re
255 1618 641 1680 certitudinem
701 1618 869 1682 fidei.
907 1621 1054 1682 Dico
1093 1627 1304 1682 tamen
1333 1621 1498 1702 quod
1520 1624 1656 1700 jam

177 1712 299 1789 tetigi
319 1717 441 1772 sect.
463 1711 523 1785 Ξ,
554 1729 620 1772 n.
638 1713 703 1788 5,
725 1712 777 1773 si
805 1713 1056 1774 tradant
1082 1713 1262 1775 illum
1285 1720 1355 1775 ut
1385 1720 1654 1782 certum,

177 1805 244 1864 vel
265 1810 317 1864 ut
337 1801 612 1866 traditum
641 1805 726 1866 ab
753 1806 1079 1886 ApostoliS,
1105 1807 1206 1868 vel
1239 1813 1308 1869 ut
1348 1807 1655 1868 sufficien-

176 1905 262 1957 tem
279 1895 337 1956 ad
353 1893 834 1960 confirmandum
866 1899 1091 1978 dogma
1115 1899 1442 1968 fidei‚tuuc
1454 1900 1656 1961 facere

175 1995 339 2050 certam
359 1987 555 2064 fidem,
571 1990 728 2070 quia
749 1998 898 2052 tunc
925 1993 1130 2054 Patres
1147 1993 1347 2053 solum
1371 1998 1514 2053 sunt
1528 1993 1654 2054 suf-

169 2082 376 2142 ficientes
401 2091 570 2144 testes
592 2083 676 2144 de
697 2086 1012 2146 communi
1030 2103 1212 2148 sensu
1239 2092 1302 2147 et
1325 2084 1655 2147 traditione

170 2175 404 2235 Ecclesiae.
433 2175 493 2236 Si
521 2182 740 2238 autem
791 2177 993 2239 solum
1042 2178 1292 2239 tradant
1319 2177 1489 2237 hunc
1515 2195 1654 2238 sen·

168 2283 266 2326 sum
302 2274 568 2347 tanquam
599 2272 859 2350 proprio
897 2271 1148 2350 ingenio
1176 2271 1526 2340 inventum,
1565 2271 1652 2329 sie

168 2375 256 2418 non
279 2357 470 2420 facient
492 2367 728 2422 certam
759 2361 972 2436 fidem,
1013 2363 1190 2424 valde
1223 2371 1430 2423 tamen
1461 2369 1651 2423 teme·-

171 2454 340 2511 rarium
367 2460 508 2512 esset
536 2452 664 2513 illis
706 2455 1147 2516 contradicere.
1191 2443 1372 2525 Nam,
1401 2461 1474 2514 ut
1524 2455 1650 2515 Au-

173 2545 402 2620 gustinus,
429 2543 607 2606 citato
631 2546 802 2623 1000,
829 2547 1008 2623 dixit,
1039 2565 1168 2608 non
1199 2552 1290 2608 est
1317 2545 1648 2608 verisimile

173 2635 318 2696 Patres
339 2638 414 2696 ita
438 2639 774 2702 convenire
798 2641 932 2701 sine
956 2640 1217 2722 Spiritus
1252 2641 1461 2701 Sancti
1486 2639 1647 2717 regi-

169 2729 323 2790 mine:
346 2735 400 2789 et
427 2731 508 2791 ita
551 2731 1025 2810 Tridentinum,
1054 2733 1240 2796 citato
1267 2732 1426 2808 loco,
1458 2733 1646 2793 etiam

169 2823 430 2899 specialiter
447 2824 771 2903 prohibuit
797 2825 878 2886 ab
898 2826 1016 2887 hoc
1043 2843 1226 2887 sensu
1259 2826 1560 2888 recedere.

235 2915 306 2975 u.
336 2915 458 2979 Jam
493 2919 575 2978 ad
625 2925 1058 2996 arqumeatum
1086 2921 1154 2980 iu
1200 2920 1356 2983 dicto
1400 2937 1644 2980 numero

179 3007 454 3068 secundm—
497 3011 768 3074 Notatio
797 3013 1028 3090 prima,
1068 3029 1181 3090 pro
1223 3013 1369 3074 data
1407 3029 1648 3086 respon·

179 3099 382 3158 sim—
401 3102 700 3174 Quartum
748 3109 1184 3182 argumentum
1240 3103 1393 3182 petit
1440 3121 1520 3164 au
1576 3104 1642 3164 in

174 3191 324 3251 divina
345 3193 631 3276 Scriptura
667 3197 751 3256 sit
775 3197 1032 3276 aliquid,
1068 3195 1234 3276 quod
1262 3197 1496 3276 Spiritu
1542 3195 1642 3256 di-

167 3282 272 3340 vino
295 3287 552 3364 scriptum
581 3307 720 3350 non
751 3291 854 3364 sit,
893 3294 956 3349 et
987 3295 1430 3368 consequenter
1476 3289 1642 3368 quod

167 3391 254 3434 non
279 3377 342 3436 sit
379 3379 687 3458 Scriptura
734 3380 965 3443 divina.
1023 3380 1116 3442 Ad
1155 3381 1322 3462 quod
1372 3381 1644 3443 breviter

167 3470 444 3548 respondeo,
467 3475 832 3554 scriptorem
880 3477 1243 3536 canonicum
1294 3474 1451 3534 nihil
1497 3474 1643 3535 seri-

165 3557 266 3621 bere
285 3562 523 3626 hnmano
547 3572 608 3628 et
647 3565 905 3646 proprio
933 3567 1176 3646 spiritu,
1201 3567 1303 3627 sed
1335 3567 1547 3627 omnia
1578 3571 1643 3626 et

161 3655 343 3732 singula
363 3675 428 3718 ex
449 3659 790 3720 directione
822 3659 1090 3738 Spiritus
1117 3659 1359 3734 Sancti3
1385 3661 1472 3720 ita
1499 3659 1642 3720 Hie-

163 3763 390 3828 ronymus
409 3769 606 3832 supra,
653 3757 720 3812 et
750 3751 1154 3829 Augustinus„
1177 3756 1239 3813 et
1265 3758 1358 3813 est
1382 3769 1480 3812 res
1512 3769 1641 3812 cer·

165 3839 355 3916 tissima,
381 3850 444 3903 ut
468 3844 586 3904 late
615 3845 1016 3924 prosequitur
1051 3846 1238 3917 Cane,
1276 3861 1482 3924 supra,
1513 3860 1550 3903 a
1578 3862 1633 3906 c.

169 3933 235 3992 le.
275 3935 536 3997 Probatur
583 3943 804 3998 tamen
860 3937 1237 3998 sufficienter
1311 3953 1388 3997 ex
1462 3935 1642 3998 dictis

167 4041 212 4084 n.
245 4029 292 4102 3,
325 4029 464 4090 circa
503 4029 936 4092 definitionem
995 4029 1345 4110 Scripturae,
1394 4035 1456 4091 et
1492 4031 1639 4110 quia

171 4115 274 4180 alias
289 4127 391 4182 tota
411 4123 725 4203 Scriptura
747 4123 1107 4184 redderetur
1134 4123 1392 4198 Incerta,
1414 4129 1476 4184 et
1499 4140 1636 4201 pos·

175 4217 237 4268 zet
253 4216 586 4277 mendacium
616 4216 691 4275 in
717 4214 825 4276 illa
854 4215 1138 4276 inveniri.
1172 4215 1252 4278 Ut
1281 4221 1491 4276 tamen
1518 4214 1636 4277 hoc

173 4309 284 4364 reete
299 4305 670 4387 intelligatur,
705 4306 1058 4369 addendum
1089 4315 1180 4368 est
1213 4307 1495 4388 quiedam
1525 4313 1634 4368 ha-

173 4391 260 4454 beri
283 4399 332 4457 in
351 4401 650 4482 Scriptura
674 4401 1043 4477 formaliter,
1071 4400 1196 4462 alia
1222 4406 1468 4461 tantum
1505 4417 1635 4461 ma·

169 4487 406 4567 terialiter,
454 4495 599 4573 quia
651 4493 1008 4554 referuntur
1068 4492 1148 4553 ab
1202 4493 1516 4572 scriptore,
1565 4500 1637 4553 ut

163 4577 280 4640 dicta
299 4583 364 4642 ab
386 4585 530 4646 aliis.
562 4587 634 4647 In
676 4587 985 4668 prioribus
1025 4585 1212 4647 habet
1239 4587 1507 4648 maxime
1537 4586 1634 4646 lo-

165 4687 264 4732 cum
303 4677 442 4754 quod
488 4679 758 4740 diximus
774 4693 795 4756 ;
845 4680 911 4740 in
939 4679 1376 4758 posterioribus
1419 4685 1628 4740 autem

167 4768 418 4846 contingit,
460 4773 827 4832 sententiam
877 4772 944 4832 in
985 4773 1300 4852 Scriptura
1343 4771 1627 4846 relatam,

163 4858 325 4934 spiritu
367 4863 628 4925 hnmano
685 4865 871 4926 fuisse
934 4863 1000 4924 in
1059 4865 1364 4947 principio
1404 4882 1512 4926 seu
1552 4863 1632 4924 ab

161 4949 248 5008 alio
269 4952 482 5031 dictam,
531 4955 712 5038 quale
765 4956 922 5017 illud
948 4977 963 5015 x
987 4957 1176 5020 Dicit
1223 4957 1516 5036 insipiens
1559 4955 1628 5018 in

161 5045 286 5106 corde
317 5065 406 5108 suo
443 5071 456 5107 ε
487 5050 630 5113 Non
677 5056 764 5112 est
809 5051 997 5127 Deus,
1038 5057 1100 5112 et
1148 5048 1382 5110 dictum
1431 5063 1626 5128 poetae

163 5137 284 5210 quod
301 5139 604 5220 aliquando
629 5141 815 5204 refert
841 5138 1186 5222 Apostolus.
1212 5140 1629 5203 Nihilominus

165 5229 361 5308 scriptor
377 5233 698 5296 Canonicus
724 5234 881 5296 illud
907 5254 1032 5297 non
1058 5237 1244 5297 refert
1259 5252 1372 5297 nec
1391 5235 1624 5310 scribit,

165 5319 264 5380 sine
281 5325 461 5402 spiritu
485 5329 609 5389 Dei.
631 5328 805 5389 Unde
827 5329 891 5389 in
919 5329 1036 5389 hoc
1054 5333 1240 5390 etiam
1268 5327 1478 5388 fallere
1503 5345 1628 5388 nou

167 5417 318 5487 potest
359 5419 486 5480 Inde
511 5439 652 5483 vero
685 5423 996 5484 oriebatur
1022 5421 1319 5483 latissima
1349 5421 1627 5500 quaestio,

169 5509 376 5584 quando,
410 5513 640 5591 scilicet,
676 5515 784 5579 illa
813 5533 951 5596 quae
991 5515 1342 5576 referuntur
1377 5515 1444 5574 in
1473 5512 1629 5574 Scri-

3191 404 3305 464 {47

1737 511 1923 586 ptura
1969 505 2313 567 formaliter
2350 513 2620 586 sumpta,
2652 505 2959 566 Canonica
3000 504 3145 567 sint.
3186 505 3303 568 Sed

1738 617 1866 659 non
1894 617 2221 679 possumus
2248 599 2421 659 illam
2452 597 2551 658 hic
2574 597 2916 678 disputare,
2942 602 3004 658 et
3031 596 3167 658 ideo
3208 615 3305 659 so·

1737 688 1868 753 lum
1896 708 2101 752 assero
2126 709 2203 752 ex
2248 691 2599 751 conditione
2647 709 2948 770 personae,
2979 707 3117 768 quoe
3158 690 3305 752 alle-

1740 791 1950 864 gatur,
1979 791 2041 847 et
2073 803 2150 846 ex
2184 785 2366 845 modo
2414 790 2476 845 et
2531 783 2733 844 verbis
2761 783 2983 863 quibus
3016 783 3301 861 refertur,

1738 877 2160 956 colligendum
2209 897 2365 950 esse,
2398 883 2461 938 et
2502 877 2773 938 maxime
2828 895 2906 937 ex
2966 894 3152 938 sensu
3196 877 3304 939 Ec·

1738 969 1963 1036 clesiae.
2000 979 2062 1032 et
2090 971 2195 1032 SS.
2229 972 2508 1031 Patrum.

1823 1067 1918 1125 15.
1969 1064 2223 1128 Notatio
2252 1065 2527 1126 secunda.
2572 1095 2654 1108 —
2689 1062 2946 1126 Notatio
2980 1064 3186 1126 tertia.
3222 1097 3303 1112 --

1742 1157 2005 1232 Quoescio
2036 1157 2387 1219 suborta.-
2398 1155 2565 1234 Ejus
2586 1156 2887 1218 resolutio.
2906 1155 3302 1230 —Secundo,

1737 1251 1995 1311 adverto
2024 1249 2193 1310 aliud
2221 1267 2351 1310 esse
2379 1247 2744 1328 scriptorem
2772 1254 3039 1309 statuere
3068 1247 3303 1328 aliquid

1739 1343 1961 1422 spiritu
2003 1360 2114 1403 suo
2156 1341 2456 1416 humano,
2504 1357 2609 1402 seu
2656 1339 2973 1401 voluntate
3027 1341 3299 1420 propria,

1736 1435 1907 1497 aliud
1935 1454 2084 1496 vero
2114 1453 2241 1496 esse
2272 1434 2537 1496 seribere
2564 1438 2865 1496 statutum
2894 1434 3050 1495 illud
3082 1435 3303 1515 spiritu

1738 1528 2017 1590 humano
2049 1550 2063 1588 ε
2104 1547 2242 1608 quae
2279 1529 2403 1589 duo
2443 1527 2690 1588 videtur
2726 1527 3101 1590 confundere
3136 1529 3301 1590 Cano

1738 1640 1967 1701 supra3
2004 1629 2150 1682 sunt
2191 1628 2400 1682 tamen
2447 1619 2623 1681 valde
2667 1619 3098 1696 distincta3ut‚
3129 1620 3301 1682 verbi

1737 1715 1960 1794 gratia,
2006 1714 2224 1777 Matth.
2268 1715 2332 1789 5,
2381 1713 2537 1774 dixit
2569 1713 2840 1773 Christus
2867 1711 2943 1772 de
2972 1711 3179 1773 libello
3206 1730 3301 1774 re-

1737 1809 1910 1888 pudii
1962 1825 1980 1870 ε
2032 1808 2115 1871 Ob
2176 1809 2459 1870 duritiem
2512 1813 2771 1870 vestram
2823 1807 3080 1886 scripsit
3137 1809 3301 1871 vobis

1736 1902 1997 1980 Moyses.
2034 1901 2143 1962 ubi
2184 1901 2335 1961 solet
2367 1899 2638 1959 dubitari
2675 1917 2757 1959 an
2795 1899 2949 1960 illud
2990 1899 3302 1982 scripserit

1737 1995 1975 2073 Moyses
2004 1994 2225 2074 spiritu
2263 1994 2512 2072 proprio
2550 1992 2806 2068 divi1103
2854 1991 2919 2052 in
2949 2011 3073 2072 quo
3106 1999 3303 2071 potest

1736 2085 1991 2148 sortasse
2020 2105 2150 2148 esse
2174 2087 2433 2166 quaestio
2460 2087 2537 2146 de
2566 2085 2696 2164 ipsa
2723 2083 2859 2164 lege
2874 2130 2896 2161 ,
2934 2103 3058 2145 uon
3090 2092 3301 2147 tamen

1736 2179 1811 2240 de
1844 2180 2173 2258 scriptione
2211 2179 2400 2258 legis;
2444 2179 2651 2257 itaque
2690 2185 2929 2237 certum
2964 2193 3091 2239 esse
3119 2177 3301 2240 debet

1733 2272 2130 2352 scriptionem
2175 2290 2417 2352 semper
2461 2286 2590 2332 esse
2632 2268 2711 2330 ab
2759 2269 2991 2348 Spiritu
3038 2271 3262 2332 Sancto
3274 2316 3297 2346 ,

1734 2365 1975 2426 etiamsi
2001 2364 2257 2439 factum,
2285 2363 2381 2426 vel
2406 2368 2728 2437 statutum,
2757 2361 2852 2424 vel
2881 2362 3047 2424 aliud
3070 2363 3295 2440 simile,

1733 2475 1860 2518 non
1893 2458 1973 2517 sit
2006 2459 2093 2517 ita
2132 2455 2480 2537 specialiter
2517 2455 2598 2516 ab
2640 2455 2875 2535 Spiritu
2920 2456 3165 2518 Sancto.
3199 2455 3301 2518 Sic

1732 2551 1979 2625 PauluS,
2010 2553 2038 2610 1
2074 2549 2153 2609 ad
2175 2551 2310 2611 Cor.
2345 2551 2405 2625 7,
2440 2548 2515 2609 de
2539 2548 2905 2629 quibusdam
2931 2549 3118 2610 dicit:
3150 2549 3297 2613 Non

1730 2660 1856 2722 eqo,
1887 2644 1991 2706 sed
2018 2643 2313 2705 Dominus
2332 2668 2357 2715 ;
2387 2640 2463 2702 de
2484 2640 2661 2702 aliis:
2694 2641 2998 2720 Proecipz'o
3023 2659 3151 2722 eqo,
3178 2661 3297 2706 non

1729 2735 2032 2798 Dominus
2060 2761 2085 2808 ,·
2129 2741 2464 2812 utrumque
2519 2739 2727 2794 autem
2779 2733 3019 2813 scripsit
3074 2735 3295 2796 eodem

1725 2828 1948 2907 spiritu
2014 2824 2286 2891 Domini.
2356 2826 2634 2889 Tandem
2697 2826 3147 2888 advertendum
3203 2834 3295 2890 est

1725 2920 1893 3000 quod
1921 2938 2131 2999 supra,
2174 2938 2243 2981 n.
2276 2921 2338 2992 5,
2370 2920 2522 2994 dixi,
2552 2918 2696 2980 licet
2726 2917 2793 2980 in
2823 2919 3136 2998 Scriptura
3162 2937 3292 2981 om·

1729 3013 1834 3073 nia
1880 3011 2007 3073 sint
2048 3012 2271 3091 scripta
2316 3011 2549 3092 Spiritu
2594 3011 2830 3087 divin0,
2882 3011 3291 3075 nihilominus

1726 3106 2015 3167 eumdem
2046 3106 2343 3184 Spiritum
2375 3105 2725 3184 relinquere
2753 3104 3116 3184 scriptorem
3142 3151 3162 3181 ,
3221 3115 3289 3168 nt

1725 3197 1911 3259 modo
1940 3197 2056 3257 sibi
2094 3196 2592 3271 accommodato,
2635 3203 2695 3258 et
2730 3197 3067 3258 secuudum
3103 3216 3287 3259 suum

1725 3290 2079 3368 ingenium,
2129 3281 2540 3350 eruditionem
2592 3294 2656 3349 et
2698 3287 2985 3366 linguam
3039 3290 3287 3369 singula

1723 3382 1982 3458 scribat3
2019 3390 2081 3444 et
2109 3381 2197 3444 ita
2225 3381 2411 3442 etiam
2443 3380 2744 3460 permittit
2771 3388 2842 3442 ut
2862 3382 3069 3462 aliqua
3096 3383 3283 3444 fami-

1720 3475 1862 3536 liari
1907 3486 1970 3536 et
2010 3475 2288 3536 humano
2329 3473 2516 3534 modo
2551 3472 2798 3549 scribat,
2847 3477 3129 3553 quamvis
3168 3476 3283 3537 sub

1721 3568 2059 3629 directione
2097 3585 2231 3628 sua.
2285 3567 2363 3627 Et
2410 3584 2520 3646 per
2570 3565 2685 3626 hoc
2744 3565 3005 3627 solvitur
3054 3569 3285 3632 directe

1721 3666 2014 3740 quartum
2060 3666 2523 3738 argumentum.
2580 3659 2724 3718 [nde
2774 3676 2921 3721 vero
2970 3659 3284 3722 oriebatur

1721 3753 1958 3812 curiosa
1982 3753 2235 3832 quaestio
2266 3756 2280 3790 ¹
2302 3798 2323 3828 ,
2366 3769 2448 3811 an
2474 3752 2731 3830 scriptor
2760 3754 3093 3813 canonicus
3117 3761 3282 3815 certo

1721 3852 2044 3923 cognoscat
2066 3861 2131 3904 se
2150 3842 2445 3903 canonice
2466 3843 2751 3919 scribere,
2778 3850 2843 3904 et
2863 3844 3277 3922 gubernatum

1720 3953 1849 3997 esse
1877 3935 1957 3996 ab
1983 3936 2216 4015 Spiritu
2250 3935 2475 3996 Sancto
2491 3979 2513 4010 ,
2556 3953 2742 4014 quam
2773 3954 2897 3996 non
2933 3938 3183 4000 invenio
3212 3940 3279 4004 iu

1719 4028 2001 4090 terminis
2052 4029 2428 4107 disputatam
2470 4028 2549 4088 ab
2588 4028 2963 4105 auctoribus,
3012 4031 3151 4093 lieet
3201 4035 3277 4094 de

1717 4119 2043 4202 prophetia
2064 4120 2257 4182 soleat
2276 4121 2397 4182 alia
2421 4119 2637 4181 similis
2664 4124 2947 4200 tractari;
2980 4129 3043 4184 et
3062 4143 3277 4204 quam-

1716 4217 1810 4275 vis
1849 4213 2059 4292 aliqua
2100 4214 2259 4274 ratio
2296 4212 2661 4273 differentiae
2707 4220 2909 4293 posset
2950 4219 3273 4295 assignari,

1715 4307 1988 4366 securius
2023 4305 2270 4366 videtur
2306 4305 2471 4365 idem
2515 4307 2581 4365 in
2616 4307 2906 4384 praesenti
2943 4307 3273 4388 affirmare,

1714 4399 1878 4478 quod
1907 4399 1983 4458 de
2022 4399 2344 4478 prophetia
2374 4404 2612 4458 certum
2642 4406 2756 4473 est,
2799 4399 3099 4461 nimirum
3129 4403 3273 4464 Pro·

1713 4491 1967 4571 phetam
2003 4508 2221 4552 verum
2253 4498 2315 4551 et
2343 4489 2660 4569 proprium
2683 4535 2703 4566 ,
2742 4507 3107 4569 cognoscere
3136 4514 3272 4575 quoe

1718 4585 2017 4663 praedicit,
2048 4585 2135 4643 ita
2160 4584 2326 4643 enim
2357 4581 2433 4642 de
2457 4599 2521 4642 se
2544 4581 2851 4659 siguificat
2874 4585 3063 4647 David
3092 4587 3158 4649 iu
3182 4588 3271 4651 lo-

1713 4677 1799 4737 cis
1827 4693 2010 4756 supra
2038 4675 2259 4735 citatis.
2291 4675 2397 4735 Est
2417 4680 2625 4736 autem
2649 4675 2864 4736 eadem
2888 4679 3049 4740 ratio
3076 4679 3152 4742 de
3179 4700 3275 4743 re-

1713 4769 1898 4848 liquis
1925 4766 2346 4847 scriptoribuS,
2378 4773 2440 4827 et
2469 4767 2556 4826 ita
2584 4765 2816 4827 indicat
2836 4769 3268 4849 Bellarminus‚

1711 4862 1757 4924 l.
1805 4865 1831 4921 1
1883 4859 1959 4921 de
2000 4859 2203 4920 Verbo
2248 4860 2377 4932 Dei,
2425 4878 2476 4919 c.
2518 4860 2619 4937 15,
2666 4860 2743 4920 ad
2790 4862 3173 4940 secundum3
3210 4872 3272 4925 et

1709 4952 2009 5016 Martinus
2034 4951 2292 5026 DelriuS,
2319 4951 2425 5014 lib.
2462 4952 2499 5012 3
2528 4953 2906 5031 Magicarum
2935 4955 3269 5034 disquisit„

1709 5063 1843 5126 cap.
1896 5047 2009 5119 ¹93
2058 5050 2119 5106 et
2161 5043 2295 5104 haec
2337 5061 2445 5122 pro
2481 5064 2645 5107 nunc
2688 5047 2991 5109 sufficiant
3037 5049 3112 5109 de
3154 5049 3269 5110 hoc

1709 5139 1918 5200 dubio.

1793 5303 1812 5339 ¹
1843 5297 1999 5360 Vide
2020 5299 2207 5374 infra,
2238 5297 2395 5378 disp.
2426 5299 2491 5374 8,
2518 5305 2663 5360 sect.
2696 5300 2737 5358 Β

2350 5471 2619 5494 nn*
