3900 6217
491 338 609 399 476

490 441 636 521 quia
664 449 815 505 tunc
865 443 970 505 illa
1002 444 1358 522 ignorantia
1396 447 1535 509 talis
1579 456 1691 520 est,
1725 451 1795 508 ut
1843 464 2051 507 secum

489 536 794 615 admittat,
832 539 958 599 imo
1006 540 1278 619 requirat
1312 538 1694 602 voluntatem
1747 558 1872 601 non
1919 557 2052 599 mu-

490 630 666 693 tandi
713 633 1107 707 sententiam,
1142 633 1386 694 etiamsi
1433 640 1668 695 constet
1713 632 2051 695 Ecclesiam

491 724 662 785 aliud
691 724 908 786 docere
937 747 956 800 3
989 743 1135 785 nam
1177 725 1255 787 ab
1283 727 1399 789 hac
1421 727 1738 789 voluntate
1761 726 1949 787 habet
1980 726 2053 786 il·

491 814 554 877 la
593 817 968 895 ignorantia,
1011 820 1174 897 quod
1209 820 1289 880 sit
1325 820 1768 896 concomitauS,
1798 826 1860 881 et
1905 838 2055 883 con-

493 916 818 989 sequenter
855 930 982 973 non
1007 918 1098 973 est
1127 931 1310 975 cansa
1337 914 1608 991 errandi,
1642 934 1756 976 nec
1785 912 2056 975 excludit

491 1005 942 1067 contumaciam
963 1023 984 1084 3
1027 1007 1190 1086 quod
1241 1007 1393 1069 adeo
1435 1026 1652 1069 verum
1699 1014 1812 1083 est,
1845 1014 1914 1068 ut
1945 1006 2057 1067 ha-

490 1098 633 1159 beat
661 1098 891 1174 locum,
933 1101 1173 1161 etiamsi
1229 1099 1336 1162 illa
1375 1100 1727 1180 ignorantia
1770 1102 1847 1161 sit
1879 1101 2054 1161 invo-

491 1190 783 1267 luntaria,
818 1193 964 1272 quia
1006 1194 1248 1254 etiamsi
1275 1193 1416 1255 talis
1444 1195 1542 1270 sit,
1575 1212 1700 1257 non
1745 1199 1835 1255 est
1868 1210 2055 1255 causa

492 1284 763 1361 errandi,
793 1302 904 1347 nec
935 1286 1207 1347 excludit
1231 1287 1486 1347 modum
1515 1287 1884 1349 assentiendi
1917 1306 2055 1366 per-

493 1376 778 1439 tinaciter
813 1385 1024 1441 contra
1064 1380 1346 1441 Ecclesiae
1391 1382 1842 1443 auctoritatem.
1879 1380 2055 1442 Unde

493 1490 531 1532 a
559 1471 798 1533 fortiori
829 1470 948 1533 hoc
974 1490 1193 1533 verum
1222 1480 1314 1537 est
1333 1474 1398 1534 in
1429 1474 1704 1554 qualibet
1732 1474 1853 1535 alia
1880 1471 2055 1553 igno·

493 1568 698 1627 rantia
745 1566 1078 1645 culpabili;
1117 1568 1268 1647 quin
1300 1570 1505 1648 potius
1557 1568 1702 1629 licet
1737 1568 2056 1646 contingat

493 1658 847 1739 opinionem
897 1679 1023 1721 esse
1070 1680 1305 1736 veram,
1337 1663 1388 1721 si
1421 1680 1561 1723 cum
1605 1680 1678 1724 eo
1711 1660 1933 1722 affectu
1965 1667 2053 1723 te-

494 1758 716 1814 neatur
772 1754 1138 1834 persistendi
1185 1754 1248 1815 in
1295 1754 1436 1831 illa,
1490 1753 1732 1816 etiamsi
1793 1754 2058 1815 Ecclesia

495 1848 760 1909 contrari
771 1866 874 1907 um
889 1848 1164 1925 definiat,
1191 1849 1498 1911 incidetur
1528 1850 1591 1909 in
1619 1849 1902 1910 haeresim
1920 1866 2059 1927 pro-

495 1947 632 2021 pter
658 1941 844 2003 talem
873 1940 1182 2005 affectum.

579 2037 676 2097 17.
723 2034 1084 2099 Antecedens
1135 2044 1386 2101 excusat
1421 2084 1435 2111 ,
1481 2045 1602 2103 esto
1640 2056 1760 2101 non
1797 2038 1883 2100 sit
1938 2054 2059 2099 om-

495 2128 637 2191 nino
687 2131 855 2194 talis.
887 2164 967 2175 -
1006 2131 1140 2192 Erit
1179 2135 1387 2193 autem
1433 2131 1786 2209 ignorantia
1832 2136 2061 2195 antece-

497 2224 662 2297 dens,
694 2223 942 2301 quando
993 2222 1180 2285 homo
1233 2242 1360 2285 non
1403 2222 1588 2285 habet
1644 2224 1820 2286 illum
1879 2224 2063 2285 aflec-

497 2322 655 2389 tum,
683 2316 786 2376 sed
812 2317 1016 2395 potius
1045 2318 1132 2378 ita
1161 2318 1369 2393 sentit,
1399 2318 1545 2397 quia
1578 2319 1828 2397 ignorat
1856 2318 2063 2380 Eccle-

497 2410 650 2470 siam
682 2410 1058 2471 contrarium
1087 2410 1327 2486 docere,
1360 2421 1608 2491 paratus
1644 2418 1788 2473 actu
1817 2413 1910 2473 vel
1954 2410 2067 2473 ha-

498 2502 633 2562 bitu
676 2510 918 2565 mutare
978 2504 1390 2579 sententiam,
1437 2504 1490 2565 si
1534 2506 1875 2567 constiterit
1919 2523 2064 2567 con-

498 2596 751 2657 trariam
781 2616 909 2657 esse
931 2598 1305 2660 sententiam
1330 2598 1632 2674 Ecclesiae,
1665 2605 1727 2659 et
1750 2605 1900 2660 tunc
1934 2617 2061 2661 ces-

499 2694 592 2749 sat
632 2690 990 2768 pertinacia,
1029 2698 1098 2751 ut
1126 2708 1204 2752 ex
1235 2690 1414 2752 dictis
1441 2698 1701 2768 constat,
1739 2699 1798 2754 et
1847 2710 2059 2753 conse-

500 2789 760 2861 quenter
793 2783 897 2845 ille
933 2802 1104 2845 error
1129 2803 1258 2845 non
1295 2791 1386 2845 est
1421 2784 1690 2858 haeresis,
1741 2804 1882 2865 quae
1923 2788 2059 2846 sine

499 2878 836 2955 pertinacia
875 2897 1002 2939 non
1039 2880 1477 2940 committetur.
1513 2880 1661 2953 Quae
1692 2880 1850 2941 ratio
1879 2885 1940 2939 et
1962 2898 2058 2939 re·

501 2971 722 3032 solutio
741 2972 1035 3053 procedit,
1062 2974 1300 3034 etiamsi
1318 2974 1639 3053 contingat
1661 2974 1850 3035 talem
1879 2974 2059 3053 igno·

501 3065 769 3127 rantiam
816 3086 940 3129 non
989 3086 1116 3129 esse
1159 3068 1416 3129 omnino
1462 3068 1928 3129 antecedentem
1966 3086 2063 3127 re-

499 3164 709 3237 spectu
762 3159 1124 3237 voluntatis,
1153 3161 1258 3221 sed
1307 3180 1434 3223 esse
1470 3160 1678 3239 aliquo
1733 3162 1917 3223 modo
1963 3179 2064 3221 vo-

503 3250 837 3314 luntariam
878 3261 1129 3334 propter
1159 3256 1608 3333 negligentiam
1663 3254 2059 3335 culpabilem,

504 3344 650 3424 quia
699 3346 887 3407 etiam
931 3353 1078 3407 tunc
1131 3349 1408 3427 procedit
1453 3349 1614 3410 ratio
1655 3348 1850 3423 facta,
1901 3346 2067 3426 quod

506 3437 646 3499 talis
708 3434 1060 3517 ignorantia
1130 3440 1400 3503 excludit
1449 3442 1878 3522 pertinaciam,
1919 3441 2067 3519 quia

506 3550 649 3592 cum
703 3532 807 3593 illa
849 3552 976 3594 non
1021 3540 1112 3595 est
1160 3533 1444 3596 voluntas
1491 3535 1822 3596 resistendi
1863 3533 2067 3594 Eccle-

506 3625 632 3695 siae,
665 3625 792 3686 imo
821 3644 952 3687 esse
989 3632 1186 3705 potest
1217 3627 1521 3704 voluntaS,
1553 3646 1662 3689 seu
1698 3627 2065 3709 praeparatio

508 3719 740 3794 animi,
777 3720 854 3779 ad
894 3718 1347 3799 subjiciendum
1389 3721 1714 3801 proprium
1757 3720 2067 3801 judicium

502 3810 738 3890 judicio
789 3812 1096 3876 Ecclesiae.
1142 3814 1354 3893 Neque
1395 3818 1636 3894 oportet
1688 3814 2068 3893 distinguere

507 3905 669 3964 inter
701 3906 1116 3983 ignorantiam
1161 3908 1358 3985 magis
1401 3907 1500 3969 vel
1535 3908 1742 3969 minus
1770 3926 2067 3984 crassam,

509 4004 642 4057 tum
692 3998 838 4077 quia
892 4000 1052 4060 ratio
1102 4000 1266 4061 facta
1315 4001 1380 4061 in
1435 4008 1699 4081 utraque
1749 4000 2069 4081 procedit3

513 4097 646 4152 tum
676 4092 864 4154 etiam
895 4093 1040 4171 quia
1083 4091 1192 4157 illa
1235 4092 1544 4155 distinctio
1573 4095 1912 4155 secuudum
1941 4110 2074 4155 ma-

510 4184 604 4265 gis
647 4192 708 4246 et
754 4185 961 4247 minus
989 4193 1258 4261 tantum,
1301 4205 1425 4248 non
1456 4186 1656 4249 variat
1685 4187 1941 4249 modum
1968 4204 2075 4247 vo-

512 4280 768 4341 luntarii
795 4296 815 4357 3
840 4293 1250 4361 praeterquam
1289 4282 1452 4360 quod
1485 4300 1610 4343 non
1639 4288 1846 4362 posset
1872 4298 2073 4341 mora·

508 4372 651 4433 liter
675 4372 918 4435 definiri
944 4375 1082 4453 quis
1103 4373 1331 4452 gradus
1351 4375 1743 4454 negligentiae
1771 4374 1848 4435 ad
1871 4391 2071 4435 unum

511 4464 612 4525 vel
639 4465 830 4527 alium
872 4466 1123 4527 modum
1149 4468 1398 4529 errandi
1428 4468 1756 4529 sufficeret.

595 4561 690 4621 18.
736 4561 1019 4625 Excusat
1080 4562 1326 4643 denique
1381 4564 1668 4641 affectata
1696 4607 1714 4638 ,
1763 4563 2075 4625 dummodo

514 4671 632 4714 uon
655 4652 740 4716 sit
783 4653 1206 4718 concomitans.
1225 4688 1306 4700 —
1329 4652 1602 4733 Denique
1633 4656 1654 4733 (
1681 4655 1846 4733 quod
1877 4654 2075 4731 magis

515 4752 675 4825 est),
707 4747 948 4808 etiamsi
999 4746 1138 4807 talis
1188 4748 1544 4826 ignorantia
1575 4748 1652 4807 sit
1685 4748 1989 4822 affectata,
2023 4746 2075 4805 si

516 4857 728 4900 revera
777 4858 902 4900 nou
931 4840 1011 4900 sit
1057 4841 1498 4916 concomitanS,
1526 4859 1655 4901 non
1692 4840 1955 4902 sufficiet
1996 4840 2077 4901 ad

519 4932 826 5008 haeresim,
861 4940 934 4993 ut
968 4940 1180 4994 tenent
1209 4940 1488 4995 auctores
1515 4952 1729 4995 omues
1757 4952 1868 5014 pro
1895 4934 2079 4995 tertia

519 5028 824 5089 sententia
859 5027 1126 5107 allegati.
1155 5028 1286 5089 Erit
1313 5036 1518 5091 autem
1549 5028 1705 5103 talis,
1743 5029 1792 5089 si
1823 5029 1961 5106 quis
1984 5030 2085 5103 ‚di-2

521 5129 685 5187 recte
733 5122 894 5184 nolit
942 5124 1139 5186 facere
1190 5125 1576 5203 diligentiam
1618 5124 1698 5185 ad
1755 5124 2089 5203 sciendum

1075 340 1313 397 msru‘r.
1351 344 1479 399 xix.
1517 347 1598 399 nn
1629 344 2013 399 innuamus
2034 322 2401 405 'Ares-rans,
2438 344 2553 398 ssu
2588 342 2947 407 annuncia,
2982 338 3119 394 aru.

2130 444 2313 506 rendi
2358 451 2479 507 stat
2510 446 2795 507 voluntas
2836 442 3167 509 obediendi
3202 442 3519 516 Ecclesiae,
3546 458 3695 521 quo·

2132 540 2247 601 ties
2281 537 2357 601 de
2398 540 2531 617 ejus
2576 537 2935 599 definitione
2992 537 3339 599 constiterit
3379 558 3399 609 ;
3452 536 3581 595 imo
3628 536 3697 594 in

2131 634 2333 715 primo
2362 650 2509 695 casu
2540 631 2675 692 haec
2726 632 3011 693 voluntas
3049 632 3279 691 virtute
3318 628 3699 703 includitur;

2131 728 2271 788 ideo
2301 726 2469 788 enim
2508 726 2655 787 talis
2682 743 2941 805 persona
2978 725 3115 786 vult
3142 724 3377 787 nescire
3406 722 3557 802 quid
3598 722 3706 781 do·

2134 827 2269 903 ceat
2298 820 2588 895 Ecclesia,
2618 818 2767 899 quia
2811 818 2987 879 nullo
3022 820 3207 880 modo
3252 817 3390 877 vult
3416 816 3499 877 ab
3522 815 3707 893 gillius

2135 915 2444 977 sententia
2498 912 2807 975 discedere
2850 935 2869 989 3
2934 930 3083 991 ergo
3144 911 3285 973 talis
3336 910 3709 988 ignorantia

2138 1008 2327 1069 etiam
2384 1007 2653 1069 excludit
2706 1006 3129 1087 pertinaciam,
3164 1006 3341 1085 cujus
3384 1002 3579 1065 etiam
3626 1003 3708 1063 si-

2133 1120 2330 1183 guum
2359 1107 2474 1178 est,
2508 1103 2654 1181 quia
2679 1119 2823 1162 cum
2849 1100 3167 1163 voluntate
3194 1100 3282 1159 sic
3326 1097 3557 1161 affecta
3588 1102 3713 1155 stat

2134 1214 2281 1257 vera
2326 1196 2511 1269 fides,
2556 1201 2685 1257 tam
2738 1194 2813 1257 de
2862 1194 2999 1255 aliis
3038 1193 3313 1255 articulis
3340 1238 3361 1268 ,
3404 1209 3603 1271 quam
3634 1191 3712 1251 de

2135 1289 2251 1351 hoc
2276 1289 2437 1369 quod
2461 1287 2725 1351 Ecclesia
2752 1305 2959 1349 errare
2999 1305 3129 1349 non
3158 1292 3361 1367 potest
3389 1285 3457 1346 in
3488 1282 3711 1345 defini-

2134 1383 2410 1444 tionibus
2454 1380 2601 1443 fidei
2630 1397 2653 1459 3
2694 1384 2845 1461 ergo
2887 1381 3139 1461 signum
3180 1386 3275 1440 est
3304 1378 3483 1439 illam
3534 1378 3711 1455 igno-

2134 1475 2403 1537 rantiam
2432 1476 2619 1537 etiam
2644 1473 2991 1535 affectatam
3022 1473 3101 1535 ab
3125 1472 3348 1536 haeresi
3390 1489 3704 1532 excusare.

2136 1571 2411 1649 Denique
2446 1568 2583 1631 fieri
2610 1574 2811 1649 potest
2842 1574 2913 1629 ut
2942 1568 3003 1629 id
3034 1566 3197 1647 quod
3225 1564 3455 1645 aliquis
3482 1563 3702 1639 credit,

2138 1683 2266 1727 non
2316 1664 2397 1725 sit
2434 1662 2659 1725 falsum
2712 1663 2780 1723 in
2820 1682 2911 1738 re,
2943 1668 3005 1723 et
3031 1668 3268 1737 tamen,
3320 1660 3557 1721 sicum
3605 1658 3701 1719 illa

2138 1758 2493 1839 ignorantia
2524 1764 2754 1819 etcum
2796 1756 3023 1819 timore
3074 1754 3329 1817 errandi
3372 1752 3691 1827 credatur,

2140 1854 2260 1914 erit
2286 1870 2473 1931 grave
2523 1856 2869 1932 peccatum„
2898 1856 3151 1932 propter
3204 1848 3553 1930 periculum
3595 1848 3681 1907 cui

2141 1964 2207 2007 se
2254 1946 2531 2027 exponit,
2566 1951 2628 2005 et
2665 1950 2873 2007 tamen
2922 1962 3049 2005 non
3093 1944 3214 2005 erit
3256 1942 3533 2012 haeresiS,
3556 1941 3685 2019 quia

2140 2057 2341 2117 neque
2382 2039 2450 2099 in
2501 2038 2725 2101 effectu
2770 2044 3010 2099 erratur
3033 2082 3053 2111 ‚
3104 2055 3311 2117 neque
3358 2035 3425 2095 in
3486 2034 3697 2094 aflectu

2142 2132 2421 2195 Ecclesiae
2438 2131 2919 2206 contradicitur;
2952 2148 3099 2209 ergo
3127 2130 3297 2191 idem
3320 2129 3467 2203 erit,
3500 2128 3701 2187 etiam·

2144 2228 2196 2289 si
2246 2228 2567 2307 contingat
2616 2225 3047 2289 credulitatem
3100 2242 3235 2285 esse
3282 2220 3539 2294 falsam,
3572 2219 3703 2297 quia

2144 2323 2431 2385 voluntas
2462 2322 2677 2385 eadem
2706 2323 2823 2393 est,
2850 2323 2913 2379 et
2960 2316 3040 2377 ab
3084 2316 3189 2377 illa
3230 2315 3472 2397 pendet
3536 2312 3706 2391 culpa

2144 2415 2415 2478 haeresiS.
2590 2480 2595 2487 ,

2230 2512 2329 2573 19.
2376 2508 2677 2573 Proxima
2705 2507 2983 2571 doctrina
3002 2502 3370 2567 universalis
3390 2508 3517 2577 ost,
3542 2508 3605 2565 et
3626 2521 3706 2565 es-

2146 2605 2335 2686 ceptio
2374 2602 2580 2667 Alana.
2615 2606 2673 2665 et
2704 2601 2965 2663 aliorum
3006 2600 3075 2660 in
3108 2617 3275 2661 nain.
3302 2599 3373 2673 8,
3402 2597 3708 2659 reducitur

2140 2700 2222 2761 ad
2264 2699 2481 2759 bonum
2505 2714 2766 2759 sensum.
2784 2726 2868 2741 —·-
2885 2694 3087 2771 Atque
3114 2691 3247 2753 haec
3272 2690 3577 2763 doctrina
3602 2690 3708 2749 for·

2141 2792 2387 2853 maliter
2408 2794 2679 2868 sumpta,
2714 2788 2779 2847 in
2802 2786 2972 2847 omni
3002 2786 3258 2846 materia
3286 2783 3465 2861 fidei,
3502 2785 3706 2843 etiam-

2140 2886 2193 2947 si
2234 2884 2359 2945 sint
2389 2880 2635 2945 articuli
2662 2880 2829 2955 fidei,
2861 2879 3069 2942 locum
3116 2877 3329 2951 habet,
3370 2878 3426 2937 si
3478 2895 3633 2937 vere
3658 2878 3707 2935 in

2142 2997 2208 3039 re
2250 2978 2383 3058 ipsa
2410 2976 2548 3037 talis
2575 2974 2933 3052 ignorantia
2969 2972 3383 3046 interveniat,
3429 2970 3619 3049 quia,
3644 2969 3707 3029 il-

2143 3071 2205 3132 la
2227 3070 2565 3150 supposita,
2594 3069 2863 3129 rationes
2898 3067 3077 3128 factae
3120 3083 3297 3144 oeque
3340 3064 3706 3143 procedunt,

2144 3171 2207 3226 et
2269 3164 2535 3225 varietas
2582 3161 2857 3223 materian
2902 3158 3303 3221 accidentalis
3364 3164 3487 3219 est.
3546 3156 3707 3219 Unde

2145 3258 2395 3338 quando
2438 3255 2631 3335 aliqui
2680 3273 2758 3315 ex
2808 3252 3082 3332 antiquis
3106 3251 3442 3329 Theologis
3484 3248 3571 3311 ab
3614 3250 3705 3309 illa

2146 3350 2384 3429 regula,
2402 3351 2555 3431 quod
2570 3348 2923 3429 ignorantia
2938 3350 3185 3409 excusat
3211 3345 3529 3419 heresim,
3556 3342 3705 3403 cxci-

2149 3444 2329 3525 pitmt
2368 3443 2659 3505 articulos
2704 3440 2874 3516 fidei,
2913 3446 2985 3501 ut
3036 3458 3111 3501 ex
3153 3437 3459 3499 Alexand.
3510 3435 3705 3496 Ateus.

2148 3556 2337 3615 supra
2382 3536 2451 3597 in
2483 3552 2743 3596 numero
2770 3533 2832 3607 8',
2864 3532 3085 3606 citavi,
3126 3536 3189 3592 et
3215 3549 3295 3592 ex
3342 3532 3416 3593 D.
3452 3530 3705 3599 Thema,

2148 3629 2497 3703 Quodlibet.
2529 3630 2595 3704 3,
2632 3632 2751 3687 art.
2788 3628 2924 3701 to„
2954 3626 3063 3705 qui
3108 3625 3273 3685 idem
3318 3622 3517 3685 habet
3564 3626 3591 3683 1
3642 3621 3709 3681 ad

2149 3722 2427 3785 Corinth.
2460 3724 2529 3781 11
2550 3766 2571 3797 ,
2604 3720 2745 3781 leet.
2776 3722 2839 3795 4,
2870 3726 2931 3781 et
2978 3720 3255 3798 sequitur
3294 3717 3705 3796 ¹D'n·e‹.·t.orium

2149 3816 2587 3895 Inquisitorum
2616 3832 2821 3893 supra,
2855 3814 2995 3875 ideo
3022 3813 3367 3892 excipiunt,
3400 3812 3559 3891 qnia
3582 3829 3709 3887 sup-

2150 3917 2395 3991 ponunt
2440 3928 2566 3971 non
2615 3927 2793 3989 posse
2839 3907 2975 3967 dari
3024 3906 3449 3985 ignorantiam
3496 3905 3563 3963 in
3610 3904 3705 3963 ho-

2156 4002 2427 4065 minibus
2472 4000 2825 4063 christianis
2852 4000 3017 4063 circa
3046 3999 3233 4061 talem
3266 3998 3597 4059 materiam
3642 3996 3703 4054 fi·

2154 4097 2293 4173 dei;
2344 4096 2509 4176 quod
2560 4096 2809 4174 quidem
2869 4093 3239 4171 regulariter
3284 4090 3699 4170 accipiendum

2156 4197 2269 4263 est,
2304 4189 2401 4250 vel
2433 4195 2594 4250 certe
2639 4188 2980 4249 seeundum
3022 4186 3572 4265 praesumptionem
3610 4184 3704 4243 Ee·

2154 4283 2376 4355 clesiae,
2405 4289 2468 4343 et
2494 4282 2720 4343 infore
2760 4279 3070 4342 exteriori.
3112 4280 3271 4341 Nam
3320 4279 3395 4357 in
3440 4276 3703 4337 interiori

2155 4376 2369 4455 negari
2400 4394 2525 4437 non
2562 4380 2761 4455 potest
2799 4374 2951 4455 quin
2990 4372 3182 4453 possit
3216 4368 3558 4451 aliquando
3588 4370 3707 4429 haze

2155 4472 2343 4533 etiam
2385 4488 2529 4550 pars
2558 4469 2833 4530 materiae
2872 4466 3019 4529 fidei
3068 4465 3147 4527 ab
3184 4465 3401 4545 aliquo
3442 4464 3603 4525 fideli
3648 4462 3707 4520 ia

2156 4564 2361 4644 aliquo
2424 4562 2709 4636 articu10,
2762 4580 2869 4621 seu
2944 4559 3367 4640 propositione
3418 4556 3697 4627 definita,

2157 4658 2453 4737 ignorari,
2486 4662 2554 4716 ut
2582 4673 2767 4735 supra
2810 4654 2997 4715 etiam
3031 4652 3325 4721 diximuS,
3355 4651 3577 4729 disput.
3612 4652 3698 4717 15,

2157 4756 2305 4811 sect.
2342 4752 2401 4823 1,
2433 4766 2693 4809 numero
2746 4752 2841 4807 1⁰.
2896 4747 3047 4807 Data
3096 4762 3247 4823 ergo
3280 4744 3393 4805 illa
3440 4740 3701 4821 supposi-

2157 4846 2349 4919 tione,
2399 4846 2523 4903 nou
2565 4842 2753 4905 habet
2792 4841 3002 4901 locum
3054 4838 3332 4919 exceptio
3364 4838 3431 4899 in
3455 4836 3577 4897 foro
3614 4834 3701 4893 in·

2159 4945 2357 5010 terno,
2389 4937 2535 5015 quia
2572 4952 2789 4997 revera
2818 4934 2960 4995 talis
2986 4932 3343 5011 ignorantia
3384 4931 3555 4991 etiam
3604 4944 3701 4987 ex·

2142 5031 2398 5107 {cusabit
2424 5030 2709 5091 hau-esim
2738 5030 2806 5090 in
2838 5027 3236 5102 conscientia,
3280 5031 3355 5085 ut
3390 5042 3507 5085 non
3530 5022 3705 5082 amit·

2150 5115 2329 5187 *tatur
2374 5123 2547 5198 fides,
2575 5139 2691 5183 nec
2714 5122 3110 5183 incurrantur
3136 5136 3411 5181 censura
3432 5141 3453 5191 ;
3489 5119 3545 5177 in
3574 5115 3703 5175 fem

522 5217 670 5297 quid
700 5216 913 5279 doceat
937 5218 1232 5293 Ecclesia,
1265 5237 1342 5279 ne
1383 5225 1638 5296 cogatur
1672 5205 1914 5281 mutare
1941 5203 2147 5301 seiissff-{gj
2161 5226 2371 5281 autem
2418 5222 2671 5283 externo
2714 5214 2879 5275 eirca
2922 5214 3111 5275 talem
3142 5212 3485 5282 materiam,
3518 5208 3703 5269 here·

521 5312 806 5387 tentiam,
848 5310 944 5372 vel
1000 5312 1200 5373 solum
1253 5320 1502 5393 propter
1549 5310 1974 5385 difficultatem
2020 5318 2093 5374 et‘

523 5402 796 5466 laborem
853 5404 1209 5483 inquirendi
1271 5407 1635 5481 veritatem3
1708 5412 1860 5467 tunc
1896 5405 2081 5488 enim

527 5518 670 5563 cum
709 5499 816 5563 illa
858 5500 1178 5563 voluntate
1225 5500 1556 5583 ignorandi
1589 5499 1685 5561 vel
1719 5517 1848 5561 non
1877 5499 2083 5583 iuqui-

2124 5310 2143 5325 “
2162 5312 2245 5372 sis
2278 5315 2342 5371 et
2379 5309 2719 5392 pertinacia
2746 5312 3179 5387 praesumetur,
3220 5305 3345 5365 nisi
3374 5301 3603 5381 magnis
3642 5304 3699 5359 et

2161 5401 2717 5467 vehementissimis
2743 5400 3113 5480 conjecturis
3134 5396 3463 5479 pertinacia
3483 5410 3695 5476 purge·

2164 5504 2291 5559 tur.
