3900 6217
590 380 711 445 100
1068 382 1309 441 msrUT.
1346 377 1430 440 nl.
1466 388 1547 441 DE
1580 384 1843 440 onst-:cro
1878 386 2147 439 Pontiam
2179 378 2362 453 Fini-31,
2397 382 2478 443 ΕΤ
2510 388 2804 453 Quouono
2838 391 2921 444 ΑΒ
2955 384 3153 457 lum),
3184 386 3316 448 E'l'C.

586 486 725 566 ipso
788 490 884 545 est
938 486 1271 548 constituta
1325 488 1703 551 sufficienter
1742 486 1861 549 sub
1916 487 2161 567 objecto

585 577 836 640 formali
854 577 1001 639 fidei
1025 597 1041 652 ;
1064 595 1213 639 nam
1242 581 1666 643 testimonium
1696 579 1973 643 divinum
1991 581 2156 643 idem

590 678 707 743 est,
742 677 804 734 et
834 689 1014 750 aeque
1062 678 1327 745 certum,
1368 674 1498 735 sive
1528 693 1641 754 per
1670 674 1970 754 seipsum,
2025 673 2153 735 sive

586 782 702 845 per
725 764 1090 840 Ecclesiam,
1134 767 1233 827 vel
1275 767 1467 827 alium
1495 767 1847 829 ministrum
1880 766 2046 830 Deus
2085 768 2152 828 il-

584 860 695 922 lud
743 861 1041 941 praebcat,
1088 867 1157 923 ut
1203 878 1389 941 supra
1441 867 1763 924 ostensum
1804 868 1919 923 est.
1966 862 2040 925 Et
2067 862 2152 923 ita

586 956 1039 1033 consequentia
1107 960 1201 1017 est
1258 954 1589 1017 manifesta
1622 974 1639 1027 ς
1694 956 1898 1018 minor
1967 957 2154 1017 etiam

586 1054 828 1109 constat
853 1065 929 1108 ex
955 1066 1071 1108 usu
1096 1054 1157 1109 et
1183 1047 1649 1111 definitionibus
1676 1050 1968 1111 Ecclesiae
1989 1072 2005 1123 ;
2027 1067 2156 1111 ma-

580 1144 684 1219 jor
728 1146 942 1201 autem
990 1140 1238 1203 videtur
1278 1142 1647 1216 certissima,
1690 1142 1835 1222 quia
1881 1140 2157 1205 Ecclesia

585 1235 823 1315 regitur
860 1235 941 1296 ab
986 1236 1217 1315 Spiritu
1252 1236 1481 1299 Sancto
1517 1237 1582 1297 in
1614 1235 1741 1298 suis
1784 1236 2158 1298 definitioni·

586 1328 727 1405 bus,
758 1334 819 1389 et
860 1329 938 1389 de
980 1328 1083 1389 illa
1126 1328 1481 1390 verificatur
1511 1328 1664 1391 illud
1700 1348 1713 1389 ε
1748 1330 1990 1411 Linqua
2027 1348 2160 1395 mea

588 1423 859 1486 calamus
923 1423 1139 1486 scriba·
1204 1423 1487 1487 velociter
1554 1422 1872 1488 scribentis
1894 1450 1922 1499 ,·
1988 1424 2158 1503 quod

586 1516 863 1593 Apostoli
898 1516 1331 1595 significarunt
1371 1536 1514 1579 cum
1550 1518 1841 1579 dixerunt
1872 1536 1887 1578 ε
1949 1518 2158 1585 Visum

586 1612 677 1671 est
736 1606 1017 1691 Spiritui
1082 1608 1334 1685 Sancto,
1390 1618 1447 1673 et
1498 1612 1666 1675 nobis
1680 1637 1706 1685 ;
1764 1616 1824 1673 et
1874 1612 2159 1673 similiter

586 1702 857 1765 Concilia
890 1704 1092 1763 solent
1120 1709 1265 1764 ante
1296 1703 1727 1767 definitionem
1755 1706 2152 1785 praemittere,

586 1813 654 1857 se
683 1813 820 1857 esse
844 1795 909 1856 in
936 1796 1167 1875 Spiritu
1194 1797 1419 1859 Sancto
1440 1798 1715 1879 legitime
1738 1802 2148 1877 congregata3

582 1888 751 1950 idem
803 1888 990 1949 etiam
1040 1887 1225 1967 plane
1277 1891 1471 1953 sensit
1515 1890 1877 1971 GregoriuS,
1923 1890 2064 1953 libr.
2118 1895 2147 1954 1

584 1982 867 2061 Epistol„
920 1984 1103 2061 capit.
1143 1986 1240 2056 14,
1276 2001 1471 2063 prope
1518 1983 1733 2057 finem,
1782 2004 1927 2047 cum
1960 1984 2157 2047 voluit

583 2082 853 2156 quatuor
900 2074 1102 2153 prima
1140 2076 1407 2137 Concilia
1452 2078 1773 2156 generalia
1826 2077 2043 2140 haberi
2091 2083 2157 2141 ut

586 2175 854 2250 quatuor
884 2170 1243 2249 Evangelia,
1281 2170 1426 2248 quia
1458 2189 1585 2231 non
1630 2170 1856 2232 minori
1886 2171 2158 2232 auctori-

583 2268 712 2325 tate
742 2262 809 2323 in
839 2263 929 2323 eis
955 2262 1198 2323 locutus
1221 2270 1314 2324 est
1342 2264 1607 2343 Spiritus
1635 2265 1922 2339 Sanctus,
1946 2263 2157 2345 quoad

583 2355 977 2418 definitiones
1006 2356 1084 2417 de
1118 2356 1266 2417 fide.
1301 2358 1716 2418 confirmatur
1751 2359 1978 2438 prime,
2009 2358 2157 2438 quia

584 2468 713 2512 non
744 2457 837 2512 cst
865 2450 1071 2510 minor
1094 2452 1430 2513 auctoritas
1458 2450 1747 2512 Ecclesiae
1772 2451 2026 2531 quando
2055 2470 2158 2513 ve-

587 2546 834 2607 ritate-m
869 2544 1103 2619 definit,
1138 2560 1330 2623 quam
1368 2545 1444 2606 sit
1484 2545 1817 2624 Scripturas
1856 2565 2048 2607 sacrae
2090 2547 2158 2607 in

583 2637 683 2699 his
730 2656 868 2717 quae
920 2637 1228 2710 continet3
1285 2638 1397 2699 sed
1444 2638 1654 2699 omnia
1708 2658 1845 2718 quae
1902 2645 2048 2700 sunt
2091 2640 2156 2701 in

591 2731 929 2810 Scriptura,
958 2734 1102 2791 sunt
1131 2731 1378 2811 proprie
1411 2737 1473 2792 et
1502 2731 1861 2793 immediate
1888 2732 1967 2793 de
1995 2732 2150 2806 fide;

588 2841 738 2903 ergo
774 2825 960 2884 etiam
997 2824 1207 2884 omnia
1238 2842 1375 2902 quae
1407 2824 1680 2885 Ecclesia
1715 2823 1950 2885 definit.
1997 2824 2160 2885 Con-—

588 2916 913 2995 sequentia
944 2934 1087 2977 cum
1114 2917 1336 2978 minori
1362 2922 1624 2990 constat,
1654 2923 1716 2978 et
1736 2918 1939 2997 major
1963 2922 2155 2997 patet,

586 3013 721 3070 tum
756 3027 833 3070 ex
862 3010 967 3069 illo
998 3008 1208 3069 Pauli:
1239 3010 1527 3073 Ecclesia
1550 3016 1639 3073 eet
1667 3010 1943 3073 columna
1971 3015 2029 3073 et
2046 3012 2160 3090 fir-

585 3108 951 3165 mamentwm
988 3105 1314 3177 ceritatie,·
1358 3110 1493 3163 tum
1544 3123 1619 3165 ex
1666 3102 1829 3165 dicto
1876 3101 2158 3182 Gregorii

585 3198 865 3277 proxime
895 3198 1110 3269 citato;
1139 3203 1270 3257 tum
1303 3216 1379 3258 ex
1404 3196 1525 3258 alio
1559 3198 1885 3278 Augustini
1912 3216 1926 3257 :
1952 3196 2162 3261 Evan-

456 3278 461 3283 ’
572 3292 742 3379 κριεῖἱο
787 3308 903 3351 non
952 3290 1267 3361 crederem,
1317 3288 1447 3351 nisi
1486 3290 1782 3353 Ecclesiae
1829 3290 2162 3355 auctoritas

590 3402 681 3445 me
710 3387 965 3445 moveret
978 3409 1004 3457 ,·
1021 3387 1155 3443 tum
1180 3382 1367 3443 etiam
1398 3383 1567 3461 quia,
1595 3384 1753 3445 sicut
1782 3390 1873 3444 est
1901 3382 1981 3444 de
2011 3381 2158 3458 fide,

588 3496 707 3539 non
745 3494 917 3555 posse
956 3478 1111 3538 solvi
1149 3475 1564 3556 Scriptwam,
1595 3477 1682 3537 ita
1715 3477 1903 3537 etiam
1947 3483 2040 3537 est
2082 3475 2159 3537 de

590 3570 713 3631 fide
751 3569 1092 3630 Ecclesiam
1121 3588 1247 3629 non
1288 3588 1472 3649 posse
1502 3588 1711 3631 errare
1753 3572 1815 3630 in
1858 3570 1986 3631 suis
2013 3569 2158 3631 defi-

590 3663 950 3725 nitionibus.
984 3664 1110 3723 Nec
1136 3664 1286 3723 satis
1314 3668 1406 3723 est
1431 3663 1638 3724 dicere
1663 3664 2006 3726 Ecclesiam
2031 3682 2159 3725 non

590 3774 777 3838 posse
810 3774 1021 3819 errare
1055 3756 1119 3815 iu
1150 3756 1293 3828 hoc,
1337 3756 1505 3835 quod
1533 3774 1635 3817 res
1678 3755 1929 3818 definita
1975 3758 2054 3819 sit
2081 3756 2159 3821 de

592 3850 717 3913 tide
748 3848 1106 3910 immediate
1136 3848 1235 3908 vel
1262 3849 1571 3919 mediate';
1611 3850 1843 3910 etenim
1884 3851 2161 3912 Ecclesia

592 3962 721 4005 non
759 3943 975 4031 definit
1008 3943 1124 4003 isto
1155 3942 1366 4016 modu,
1395 3942 1507 4003 sed
1537 3943 1819 4004 absolute
1860 3944 1978 4005 hoc
2023 3962 2160 4005 esse

595 4055 835 4111 verum,
868 4037 966 4097 vel
1009 4054 1147 4097 esse
1184 4036 1553 4097 catholicam
1582 4036 1950 4113 doctrinam,
1989 4040 2160 4100 etita

596 4131 820 4193 eodem
860 4135 1077 4191 tenore
1109 4130 1469 4209 hujusmodi
1493 4132 1786 4192 veritates
1825 4131 2065 4208 definit,
2102 4138 2164 4193 et

597 4242 841 4287 errores
870 4224 1212 4283 contrarios
1239 4223 1518 4298 damnat,
1545 4232 1611 4286 ut
1637 4232 1879 4287 constat
1902 4244 1980 4287 ex
2005 4228 2165 4290 Con-

600 4318 738 4379 cilio
774 4316 1158 4390 TridentinO,
1206 4322 1265 4376 et
1312 4334 1389 4377 ex
1422 4318 1663 4379 caeteris
1703 4319 2015 4381 omnibus.
2049 4322 2163 4381 De·

600 4413 791 4489 anuc
822 4428 949 4471 non
979 4410 1183 4470 solum
1212 4410 1430 4473 definit
1468 4412 1757 4474 veritates
1793 4432 1905 4494 per
1932 4414 2166 4475 discur-

602 4524 742 4567 sum
775 4504 1007 4567 elicitas
1037 4522 1113 4565 ex
1154 4504 1472 4583 principiis
1500 4503 1669 4582 fidei,
1699 4506 1811 4567 sed
1842 4507 2031 4570 etiam
2059 4508 2169 4569 de-

602 4598 741 4661 finit
772 4616 989 4659 verum
1010 4616 1265 4658 sensum
1292 4598 1645 4677 Scripturoe,
1671 4606 1731 4661 et
1759 4601 2170 4664 intentionem

605 4684 870 4771 Spiritus
904 4690 1109 4753 Sancti
1160 4691 1225 4752 in
1268 4690 1366 4751 his
1408 4709 1547 4770 quae
1581 4694 1897 4768 revelavit,
1929 4696 2028 4755 vel
2058 4714 2173 4776 per

606 4786 979 4863 ScripturaS,
1006 4782 1107 4845 vel
1136 4802 1249 4862 per
1275 4783 1710 4859 traditionem;
1742 4804 1889 4866 ergo
1921 4788 2170 4867 signum

610 4878 968 4939 esthabere
1014 4874 1516 4937 infallibilitatem
1545 4879 1891 4957 proximam
1944 4887 2007 4941 ct
2057 4882 2172 4941 im·-

606 4970 969 5045 mediatam,
995 4987 1073 5030 ex
1096 4969 1446 5030 assistentia
1468 4971 1661 5050 ipsius
1690 4970 1955 5051 Spiritus
1983 4975 2172 5035 Sanc·

610 5064 680 5140 ti,
706 5082 845 5143 quae
880 5064 1208 5141 aequivalet
1234 5062 1621 5140 revelationi,
1652 5066 1751 5126 vel
1781 5074 2175 5130 consummat

606 5159 801 5232 illam,
830 5164 899 5219 ut
924 5158 1010 5218 sic
1038 5157 1263 5217 dicam.
1296 5156 1705 5237 Quapropter,
1728 5160 1873 5223 licet
1898 5162 2176 5225 Ecclesia

610 5254 853 5316 dicatur
869 5270 995 5313 non
1019 5251 1245 5313 docere
1270 5269 1497 5312 novam
1516 5252 1731 5327 fidem,
1754 5256 1901 5335 quia
1927 5274 2179 5337 semper

613 5348 881 5427 explicat
920 5345 1267 5425 antiquam,
1300 5344 1703 5409 nihilominus
1732 5368 1845 5410 sua
1872 5350 2178 5413 definitio-

2337 491 2425 550 ts.
2472 489 2573 553 Aa
2594 491 2864 573 primam
2895 492 3308 574 probationem
3351 496 3420 557 ab
3457 496 3752 563 inductione

2239 584 2309 646 in
2337 602 2502 647 num.
2539 583 2788 647 2.--Ad
2808 586 3336 650 secundam—Ad
3355 588 3757 658 tertiam—Ad

2233 684 2538 759 quartam.
2566 714 2646 725 -
2671 680 2746 738 Et
2779 697 2894 758 per
2922 680 3057 741 haec
3091 680 3467 744 satisfactum
3491 691 3577 746 est
3599 705 3754 767 argu-

2231 770 2461 832 mentis
2489 770 2778 833 secundae
2802 771 3114 852 opinionis
3131 790 3149 849 3
3169 791 3315 835 nam
3343 776 3541 855 priora
3567 779 3755 842 confir-

2235 871 2413 926 mant
2453 872 2733 927 nostram
2773 866 3148 927 sententiam
3176 866 3338 928 :alia
3381 886 3520 930 vero
3561 888 3752 935 novam

2236 957 2667 1019 difficultatem
2705 978 2834 1020 non
2872 960 3128 1022 habent.
3159 960 3234 1021 In
3269 964 3632 1041 argumentis
3667 984 3755 1028 au-

2236 1055 2364 1112 tem
2402 1051 2618 1129 primae
2655 1052 2988 1131 opinioniS,
3019 1053 3326 1134 imprimis
3353 1056 3416 1115 in
3441 1056 3752 1123 inductione

2237 1162 2377 1224 quae
2422 1145 2506 1205 ibi
2547 1143 2638 1218 fit,
2673 1146 2881 1225 aliqua
2929 1165 3058 1207 non
3105 1152 3254 1208 sunt
3295 1166 3462 1221 vera,
3493 1156 3551 1211 et
3581 1152 3753 1232 aliqua

2237 1256 2462 1317 parum
2507 1239 2816 1313 distincta.
2853 1241 3033 1314 Nam,
3065 1242 3262 1304 Deum
3303 1260 3426 1306 esee
3463 1244 3752 1320 infinitum,

2238 1348 2363 1395 esse
2403 1330 2838 1413 incorporeum.
2872 1337 2934 1393 et
2973 1333 3222 1407 similia,
3259 1335 3405 1395 satis
3445 1336 3754 1401 immediate

2239 1429 2385 1486 sunt
2415 1425 2685 1487 revelata
2716 1426 2780 1486 in
2809 1426 3170 1505 Scripturis,
3193 1427 3246 1489 si
3271 1446 3398 1489 non
3425 1430 3646 1493 eisdem
3661 1437 3757 1497 ter-

2236 1517 2446 1592 minis,
2483 1518 2705 1579 saltem
2747 1519 3292 1599 aequival'entibuS,
3330 1526 3420 1596 ut,
3462 1524 3635 1587 Deum
3659 1543 3759 1589 esse

2237 1608 2554 1693 spirit-am,
2609 1629 2734 1674 esee
2784 1614 3247 1694 omnipotentem
3269 1660 3290 1690 ‚
3343 1621 3460 1678 etc.
3483 1662 3500 1691 ,
3543 1624 3759 1696 praeter-

2237 1722 2428 1785 quam
2458 1704 2629 1783 quod
2657 1704 2848 1766 etiam
2871 1705 3002 1767 hoec
3033 1713 3182 1769 sunt
3207 1708 3555 1771 immediate
3581 1710 3758 1773 defini·

2236 1804 2321 1859 ta.
2347 1797 2483 1860 Alia
2511 1816 2683 1869 vem,
2709 1813 2849 1874 quae
2876 1799 2959 1859 ibi
2983 1799 3358 1874 afferuntur,
3381 1807 3521 1863 sunt
3547 1822 3758 1883 quoque

2239 1889 2304 1951 in
2329 1908 2396 1951 se
2426 1890 2724 1964 revelata,
2749 1892 3032 1969 quamvis
3055 1910 3184 1953 non
3211 1893 3464 1957 omnino
3490 1896 3756 1973 distincte,

2233 1990 2305 2043 ut
2347 1982 2426 2043 de
2475 1982 2897 2061 singularibus
2955 1986 3266 2047 contentis
3319 1988 3434 2049 sub
3469 1988 3756 2051 universali

2235 2076 2469 2137 dictum
2494 2083 2608 2137 est.
2638 2079 2919 2156 Denique
2944 2079 3158 2157 aliqua
3181 2080 3434 2155 dantur,
3455 2100 3584 2161 quae
3609 2084 3758 2145 simul

2239 2176 2386 2231 sunt
2423 2170 2872 2231 *conclusiones
2924 2172 3354 2252 Theologicae,
3405 2181 3467 2237 et
3511 2176 3757 2239 veritates

2239 2260 2527 2338 definitae,
2558 2269 2620 2325 et
2646 2264 2731 2325 ita
2755 2270 3021 2342 possunt
3050 2266 3238 2325 simul
3263 2282 3402 2329 esse
3431 2268 3646 2329 credita
3671 2288 3760 2348 per

2235 2355 2554 2435 propriam
2609 2354 2835 2430 fidem,
2887 2363 2949 2418 et
2999 2358 3152 2418 scita
3209 2376 3325 2439 per
3369 2360 3758 2440 Theologicam

2237 2448 2594 2522 scientiam3
2653 2451 2785 2510 haec
2843 2451 3012 2511 enim
3065 2450 3194 2512 duo
3251 2470 3380 2513 non
3429 2461 3758 2533 repugnant,

2238 2542 2427 2603 etiam
2475 2560 2548 2605 ex
2595 2544 2905 2604 sententia
2952 2546 3270 2606 communi
3321 2546 3757 2609 Themistarum.

2239 2634 2334 2696 Ad
2365 2634 2674 2697 rationem
2709 2654 2857 2697 vero
2889 2637 3332 2716 respondetur,
3365 2656 3488 2699 non
3517 2658 3682 2701 omne
3705 2641 3763 2699 il-

2239 2726 2347 2787 lud
2378 2746 2455 2790 ex
2484 2746 2608 2809 quo
2637 2729 2873 2807 pendet
2899 2728 3128 2791 veritas
3155 2732 3590 2811 propositionis
3617 2751 3762 2793 reve-

2238 2820 2378 2881 latoe
2419 2840 2558 2883 esse
2606 2838 2787 2899 aeque
2835 2828 3097 2896 certum,
3147 2823 3270 2885 nisi
3320 2824 3418 2885 vel
3466 2825 3764 2887 formaliter

2239 2914 2635 2975 contineatur
2672 2915 2737 2974 in
2773 2933 2843 2976 re
2873 2910 3172 2991 revelata,
3204 2917 3308 2978 vel
3335 2918 3414 2978 de
3443 2918 3545 2978 illa
3571 2935 3768 2979 conne-

2243 3006 2430 3065 xione
2503 3024 2617 3085 per
2685 3007 2951 3069 similem
3014 3009 3474 3072 revelationem
3525 3018 3766 3081 constet,

2242 3101 2584 3179 praesertim
2627 3101 2797 3179 quod
2825 3120 2898 3162 ea
2928 3119 3066 3180 quae
3099 3103 3186 3164 sic
3213 3108 3462 3165 tantum
3489 3111 3626 3165 sunt
3651 3122 3768 3165 con·

2243 3212 2428 3267 nexa,
2453 3202 2713 3274 possunt
2746 3214 2859 3275 per
2884 3196 3224 3276 potentiam
3261 3197 3603 3261 absolutam
3628 3216 3772 3278 sepa-

2242 3288 2390 3361 rari,
2424 3296 2486 3349 et
2523 3289 2607 3349 ita
2647 3307 2776 3349 non
2807 3296 3022 3352 manet
3061 3292 3326 3371 aequalis
3357 3293 3664 3355 certitudo.
3697 3292 3770 3353 Ad

2243 3387 2685 3462 argumentum
2713 3388 2926 3445 autem
2966 3384 3045 3446 de
3087 3388 3403 3447 contrario
3450 3404 3668 3461 errore,
3697 3404 3772 3447 re·

2242 3474 2833 3555 spondemusaliud
2880 3494 3017 3538 esse
3067 3483 3340 3541 tractare
3393 3478 3472 3541 de
3522 3480 3768 3547 veritate,

2241 3568 2411 3629 aliud
2465 3568 2543 3630 de
2597 3571 3108 3649 praesumptione,
3169 3578 3238 3633 ut
3297 3579 3466 3634 recte
3522 3572 3772 3633 dixerunt

2246 3660 2606 3741 GregoriuS,
2653 3680 2713 3741 q.
2751 3666 2776 3723 l
2828 3663 3107 3743 Prolog.,
3141 3671 3260 3727 art.
3297 3669 3368 3739 43
3400 3670 3463 3727 et
3497 3664 3769 3734 Corduba,

2241 3753 2382 3815 libr.
2417 3758 2474 3828 1,
2506 3770 2567 3832 q.
2602 3758 2697 3817 17.
2730 3754 2848 3827 Qui
2875 3775 3026 3839 ergo
3055 3764 3322 3839 negaret
3346 3759 3770 3821 conclusionem

2241 3848 2686 3926 Theologicam
2723 3850 3168 3925 necessariam,
3201 3853 3429 3914 merito
3471 3867 3774 3932 praesume-

2242 3946 2416 4001 retur
2450 3941 2796 4016 haereticuS,
2825 3942 2971 4020 quia
2999 3945 3366 4007 crederetur
3391 3946 3592 4026 potius
3615 3960 3776 4021 nega·

2241 4051 2310 4094 re
2338 4034 2670 4095 obscurum
2699 4054 2891 4115 quam
2918 4037 3208 4111 evidens3
3238 4044 3454 4100 tamen
3483 4039 3546 4098 in
3581 4055 3644 4097 re
3671 4051 3778 4095 non

2245 4134 2431 4202 esset,
2481 4128 2722 4189 seclusa
2771 4128 3133 4195 definitione
3181 4133 3478 4195 Ecclesiae
3499 4178 3516 4208 ,
3565 4131 3610 4192 si
3654 4146 3778 4189 vere

2242 4236 2372 4281 non
2396 4228 2658 4300 negaret
2681 4223 3054 4302 principium
3081 4224 3254 4299 fidei,
3287 4225 3404 4287 sed
3431 4225 3552 4285 alia
3589 4222 3783 4284 absur-

2245 4311 2330 4374 da
2357 4316 2728 4393 cogitatione
2757 4316 3111 4379 duceretur.
3141 4317 3312 4380 Sicut
3334 4317 3658 4380 Durandus
3688 4331 3784 4375 ne-

2249 4407 2417 4486 gavit
2436 4407 2501 4467 in
2523 4408 2910 4471 Eucharistia
2935 4428 3074 4473 esse
3098 4411 3516 4492 quantitatem
3536 4408 3784 4490 corporis

2251 4499 2495 4577 Christi,
2525 4503 2810 4580 quamvis
2839 4504 2918 4565 sit
2942 4504 3289 4585 proprietas
3320 4507 3472 4567 satis
3499 4506 3784 4583 insepara-

2249 4592 2390 4653 bilis
2429 4612 2466 4654 a
2493 4596 2755 4656 materia
2796 4597 3146 4659 secundum
3167 4600 3521 4661 naturalem
3557 4594 3788 4677 possibi-

2249 4686 2512 4762 litatem,
2553 4696 2615 4750 et
2645 4687 3044 4751 evidentiam.
3081 4691 3341 4771 Reliqua
3377 4709 3517 4771 qnae
3549 4691 3632 4751 ibi
3667 4694 3790 4749 tan-

2251 4786 2488 4859 guntur
2509 4782 2588 4844 de
2613 4789 2754 4845 actu
2777 4789 2839 4844 et
2858 4783 3076 4845 habitu
3096 4784 3477 4864 Theologiae,
3501 4780 3788 4863 quomodo

2253 4871 2376 4933 sint
2423 4876 2932 4954 supernaturales
2981 4883 3042 4937 et
3083 4877 3292 4952 infusi,
3339 4877 3618 4939 dicemus
3659 4870 3791 4934 infe·

2253 4965 2402 5119 2¹1²ss
2449 4969 2871 5050 comparando
2923 4970 3061 5032 illos
3114 4989 3256 5033 cum
3302 4978 3446 5033 actu
3497 4978 3562 5033 et
3598 4967 3790 5031 habitu

2347 5078 2424 5121 ει.

610 5460 690 5503 ne
720 5440 887 5509 facit,
914 5444 982 5499 ut
1006 5438 1240 5517 aliquid
1269 5438 1345 5499 sit
1365 5458 1532 5503 nunc
1553 5438 1632 5503 de
1660 5442 1945 5522 explicita
1973 5450 2034 5505 et
2060 5444 2180 5507 for·
2295 5508 2300 5512 ,

605 5534 754 5607 mali
780 5532 927 5614 fide,
951 5532 1122 5617 quod
1150 5540 1334 5596 antea
1376 5552 1501 5595 non
1532 5542 1687 5610 erat,
1723 5543 1792 5599 ut
1820 5554 2010 5619 supra
2029 5538 2178 5605 dixi.
