3900 6217
516 473 624 532 tic.
671 472 736 545 9,
765 469 846 530 ad
879 473 941 546 3,
980 469 1088 531 ubi
1111 469 1202 534 ita
1239 469 1604 550 explicando
1631 469 1884 532 initium
1912 485 2083 550 sym-

518 561 645 625 boli
678 579 696 622 :
731 562 918 626 Credo
949 562 1018 626 in
1043 581 1228 626 unum
1265 564 1482 638 Deum,
1517 563 1668 625 dicit
1704 562 1859 624 illud
1899 562 2081 624 intel-

517 655 633 734 ligi
660 655 896 717 dictum
943 662 1194 736 propter
1233 656 1604 732 Ecclesiam,
1651 674 1793 736 quae
1837 673 2082 735 semper

519 755 611 812 est
623 755 864 826 sancta;
883 755 946 810 et
972 749 1140 811 idem
1167 751 1440 812 sentiunt
1457 749 1567 812 alii
1586 749 1949 826 scholastici,
1976 748 2085 829 qui

519 842 882 922 simpliciter
924 842 1032 904 Dei
1070 861 1346 904 amorem
1373 850 1436 904 et
1477 843 1837 906 charitatem
1871 849 2084 922 postu-

516 935 672 998 lant.
705 937 784 997 Et
808 935 1054 998 videtur
1096 942 1311 1016 aperta
1359 937 1666 999 sententia
1699 935 2030 1016 Augustini
2058 980 2079 1011 ,

517 1035 696 1091 tract.
726 1032 806 1092 29
847 1029 914 1090 in
951 1030 1282 1104 Joannem,
1331 1031 1440 1093 ubi
1491 1033 1721 1094 credere
1750 1033 1818 1094 in
1865 1032 2081 1106 Deum,

527 1125 784 1204 exponit
811 1141 922 1203 per
949 1123 1102 1184 illud
1137 1124 1214 1185 ad
1238 1125 1438 1188 Galat.
1471 1127 1511 1187 5
1539 1140 1556 1186 t
1589 1125 1800 1200 Fides,
1824 1143 1957 1204 quoe
1976 1142 2091 1205 per

520 1216 880 1280 charitatem
905 1205 1210 1297 operatur,
1242 1218 1406 1297 quod
1433 1235 1648 1280 omnes
1687 1217 1766 1278 de
1795 1216 1917 1278 fide
1962 1218 2089 1279 for·

520 1314 691 1369 mata
719 1309 1118 1390 intelligunt;
1149 1318 1210 1372 ct
1234 1310 1455 1372 homil.
1489 1311 1562 1372 61
1611 1311 1689 1372 de
1718 1309 1934 1372 Verbis
1971 1312 2089 1371 Do-

520 1403 702 1478 mini,
733 1403 1019 1464 similiter
1044 1403 1121 1465 ad
1150 1403 1526 1466 credendum
1559 1405 1624 1466 in
1649 1403 1961 1466 Christum
1994 1422 2091 1464 re-

519 1495 709 1574 quirit
749 1496 1138 1573 charitatem,
1167 1515 1278 1576 per
1317 1514 1504 1577 quam
1550 1497 1824 1558 Christus
1849 1495 2089 1558 habitet

519 1589 588 1650 in
630 1590 938 1667 credente,
988 1597 1050 1652 et
1098 1592 1214 1668 fiac
1253 1608 1413 1653 unus
1455 1591 1720 1671 spiritus
1757 1609 1889 1653 cum
1939 1592 2048 1652 ill-v
2064 1633 2085 1666 ,

523 1685 552 1745 1
597 1683 679 1745 ad
704 1677 980 1746 Corinth.
1021 1683 1084 1759 6,
1115 1687 1188 1744 ιιι
1221 1685 1410 1746 etiam
1439 1683 1588 1745 dicit
1624 1684 1691 1744 in
1724 1682 2087 1764 proefatione

521 1778 602 1840 ad
629 1778 854 1841 Psalm.
888 1780 992 1858 67,
1032 1785 1098 1841 et
1131 1781 1526 1842 enarratione
1565 1779 1632 1840 in
1662 1779 1889 1840 Psalm.
1942 1781 2085 1855 130,

522 1878 587 1934 ει
613 1869 883 1935 se'rmon.
917 1876 954 1934 7
981 1880 1046 1934 et
1063 1875 1142 1935 18
1154 1872 1231 1934 de
1243 1874 1584 1952 Tempore;
1615 1878 1677 1934 et
1705 1872 1870 1933 idem
1901 1872 2089 1934 sentit

522 1964 873 2043 Anselmus,
905 1967 980 2028 ad
1014 1968 1274 2029 Roman.
1308 1968 1373 2042 4,
1398 1972 1460 2028 et
1491 1965 1678 2042 Beda,
1712 1967 1780 2027 in
1807 1965 1870 2027 id
1901 1965 2080 2027 Joan.

521 2060 562 2120 6
610 2075 628 2121 :
669 2061 806 2124 Hoc
840 2069 928 2124 ost
969 2079 1118 2140 opus
1155 2061 1298 2134 Dei,
1329 2067 1398 2122 ut
1444 2061 1704 2123 credatis
1745 2060 1812 2122 in
1859 2060 2085 2138 ipsum.

521 2153 645 2215 Alii
697 2154 1104 2216 nihilominus
1147 2155 1527 2216 contrarium
1571 2153 1870 2226 sentiunt,
1914 2152 2085 2232 quia,

519 2245 665 2308 licet
690 2253 976 2327 peccator
1001 2265 1128 2308 non
1160 2246 1378 2326 diligat
1407 2248 1603 2308 Deum
1631 2264 1817 2326 super
1847 2247 2085 2321 omnia,

521 2339 928 2402 nihilominus
969 2340 1274 2402 credendo
1312 2345 1514 2420 potest
1553 2339 1620 2401 in
1659 2358 1805 2402 eum
1833 2337 2087 2400 tendere

522 2440 597 2496 ut
622 2435 688 2494 in
709 2433 1000 2496 ultimum
1030 2433 1244 2509 finem,
1277 2434 1542 2496 amando
1566 2433 1768 2508 illum,
1794 2433 1894 2493 vel
1919 2450 2089 2494 amo·

523 2545 590 2588 re
645 2527 821 2608 spei,
880 2545 988 2588 seu
1044 2527 1552 2606 concupiscentiae
1587 2572 1608 2603 ,
1651 2533 1714 2588 et
1763 2531 2091 2605 propterea

523 2619 830 2682 credendo
850 2665 871 2696 ,
928 2620 1028 2682 vel
1087 2637 1300 2680 amore
1364 2620 1632 2698 quodam
1686 2618 1971 2680 affectivo
2029 2623 2093 2679 et

523 2711 924 2774 obedientiali
969 2713 1173 2792 quoad
1227 2711 1414 2774 fidem
1430 2757 1451 2789 ,
1510 2711 1656 2773 licet
1703 2730 1830 2773 non
1886 2712 2092 2791 quoad

524 2810 747 2867 caetera
774 2806 1008 2881 omnia,
1058 2805 1156 2866 vel
1196 2805 1385 2867 etiam
1429 2823 1538 2884 per
1565 2805 1951 2884 religionem,
1987 2822 2090 2866 re-

521 2899 779 2960 ferendo
807 2898 996 2962 fidem
1025 2900 1092 2960 in
1125 2899 1360 2961 cultum
1395 2901 1527 2960 veri
1545 2900 1689 2976 Dei3
1713 2900 1880 2961 unde
1907 2899 2089 2960 Joan.

526 2996 604 3052 12
649 2993 728 3054 de
781 2992 1152 3073 quibusdam
1195 2993 1420 3054 dicitur
1456 2993 1784 3055 credidisse
1813 2993 1881 3053 in
1917 2992 2093 3054 Chri-

523 3091 713 3161 stum,
758 3087 874 3148 etsi
917 3087 985 3148 in
1022 3093 1270 3167 peccato
1297 3092 1798 3167 perseverarent:
1829 3104 1975 3147 nam
2014 3085 2091 3152 de

523 3179 744 3241 iisdem
775 3179 1021 3256 dicitur,
1047 3180 1212 3260 quod
1245 3181 1359 3243 dili
1359 3180 1575 3260 gabant
1600 3182 1804 3260 ’παρὰ
1827 3180 2091 3259 gloriam

522 3274 760 3349 muudi,
790 3291 970 3354 quam
996 3275 1135 3348 Dei,
1181 3279 1243 3334 et
1289 3274 1378 3334 sic
1408 3275 1598 3335 etiam
1635 3273 1949 3335 interdum
1981 3274 2091 3333 Pa·

521 3373 648 3430 tres
699 3367 1039 3446 loquuntur
1075 3367 1149 3428 de
1207 3366 1328 3428 fide
1371 3366 1707 3446 peccatoris
1725 3411 1746 3442 ,
1785 3371 1856 3426 ut
1898 3366 2092 3426 videri

523 3465 724 3540 potest
772 3461 840 3522 in
893 3459 1350 3540 Chrysost0m0,
1399 3459 1614 3520 homil.
1649 3461 1731 3521 30
1783 3466 1843 3520 et
1887 3461 1965 3520 32
2024 3460 2092 3520 in

522 3553 783 3631 Matth.;
814 3554 1183 3631 Augustino,
1219 3554 1296 3614 de
1329 3554 1478 3615 Fide
1514 3559 1578 3615 et
1605 3553 1916 3634 operibus,
1947 3571 2086 3633 cap.

527 3650 597 3710 14
627 3670 644 3722 ;
705 3654 768 3709 ει
820 3647 1169 3716 Bernardo‚
1223 3665 1508 3710 sermone
1563 3649 1642 3709 24
1697 3647 1766 3709 in
1815 3649 2087 3709 Cantica.

523 3740 677 3802 Mihi
707 3745 916 3802 tamen
941 3743 1129 3804 etiam
1155 3741 1292 3801 haec
1322 3741 1576 3819 quaestio
1605 3741 1850 3803 videtur
1876 3740 1952 3802 de
1984 3759 2092 3800 no·

523 3834 714 3895 mine.
767 3833 945 3896 Unde
999 3833 1270 3896 breviter
1301 3833 1438 3894 dico
1479 3851 1608 3896 non
1649 3851 1778 3895 esse
1825 3833 2091 3894 dubium

522 3927 674 4004 quin
715 3932 998 4005 peccator
1023 3927 1278 3988 credens
1322 3927 1512 4005 possit
1548 3926 1746 3987 modis
1781 3927 2088 4006 praedictis

521 4018 776 4080 tendere
807 4018 872 4078 in
913 4019 1109 4080 Deum
1149 4018 1442 4079 ultimum
1475 4018 1688 4094 finem,
1736 4029 1799 4080 et
1845 4021 1912 4080 in
1941 4037 2087 4080 eum

523 4129 700 4173 suam
723 4110 910 4172 fidem
941 4111 1191 4173 referre.
1224 4112 1376 4173 Item
1407 4118 1501 4172 est
1539 4119 1774 4174 certum
1805 4131 1980 4192 posse
2014 4111 2092 4172 il·

521 4201 647 4266 lam
696 4204 1128 4266 habitudinem
1175 4205 1287 4268 illa
1335 4225 1483 4267 voce
1529 4205 1907 4285 signiticari;
1939 4205 2093 4285 quid

521 4298 691 4360 enim
730 4305 1039 4378 repugnat
1071 4301 1085 4359 l
1130 4300 1257 4360 imo
1295 4299 1606 4360 interdum
1660 4305 1861 4378 potest
1900 4298 2093 4376 signi·

521 4392 708 4454 ficare
745 4392 1178 4454 habitudinem
1205 4392 1400 4454 solam
1429 4393 1651 4473 objecti
1689 4392 1991 4468 formalis,
2020 4399 2093 4453 ut

521 4486 732 4549 notavi
747 4503 932 4566 supra
949 4491 966 4525 ¹
980 4533 997 4562 ,
1012 4487 1374 4566 explicando
1397 4487 1724 4550 articulum
1741 4487 1885 4548 fidei
1904 4488 2093 4566 Sym-

521 4579 670 4644 boli.
699 4581 767 4644 de
794 4587 1002 4644 sancta
1049 4581 1351 4644 Ecclesia.
1395 4581 1811 4642 Nihilominus
1851 4587 2087 4656 tamen,

521 4671 834 4752 loquendo
861 4673 938 4734 de
966 4673 1236 4753 perfecta
1265 4673 1630 4735 habitudine
1661 4674 1738 4734 ad
1769 4675 1990 4749 Deum,
2018 4680 2093 4735 ut

522 4765 813 4825 ultimum
856 4765 1070 4840 finem,
1103 4766 1336 4827 clarum
1377 4767 1564 4828 etiam
1605 4775 1698 4828 est
1729 4773 1977 4828 tantum
2024 4767 2091 4826 in

517 4858 701 4937 justis
725 4858 1008 4940 reperiri,
1047 4855 1110 4920 'et
1135 4877 1248 4939 per
1273 4859 1764 4920 antonomasiam
1797 4859 1904 4919 illa
1941 4877 2090 4920 voce

523 4949 862 5029 significari
889 4969 1100 5030 posse3
1129 4958 1191 5014 et
1211 4953 1499 5013 existimo
1519 4952 1940 5032 Augustinum
1968 4951 2094 5014 fre-

524 5045 814 5124 quentius
841 5045 930 5106 ita
959 5044 1150 5126 loqui.

599 5139 662 5200 5.
714 5137 926 5202 Tertia
959 5139 1180 5202 divisio
1225 5138 1642 5201 amnicorum
1674 5139 2093 5220 multipliciter

523 5231 818 5311 displicet.
852 5263 935 5280 —
960 5231 1168 5292 Tertia
1198 5229 1421 5292 divisio
1446 5236 1562 5308 est,
1591 5249 1780 5312 quam
1837 5233 2093 5295 tradunt

605 5417 625 5456 ¹
677 5414 832 5477 Vide
871 5414 1061 5486 etiam
1110 5433 1321 5498 supra,
1373 5415 1602 5496 disput.
1658 5417 1698 5478 Ξ
1716 5459 1740 5494 ,
1803 5424 1948 5480 sect.
1996 5417 2090 5494 5,

531 5525 708 5571 num.
743 5513 839 5572 Η.

1679 369 1915 422 msru‘r.
1954 371 2034 422 Vi.
2070 368 2151 423 m:
2183 368 2345 422 ACTu
2380 367 2560 423 nom.

2161 467 2439 532 haeretici
2466 467 2655 548 hujus
2698 460 2993 544 temporis
3022 461 3091 522 in
3120 459 3305 522 fidem
3330 459 3724 535 historicam,

2158 561 2663 644 promissionum,
2698 571 2761 621 et
2796 555 3263 631 miraculorum,
3300 571 3493 634 quam
3542 555 3726 632 attigi

2158 675 2368 736 supra,
2393 656 2625 736 disput.
2665 657 2730 728 2,
2765 657 2916 714 sect.
2948 649 3011 727 3,
3041 667 3219 712 num.
3252 650 3315 723 2,
3342 655 3407 710 et
3429 649 3545 710 lib.
3580 650 3625 710 8
3652 649 3733 709 de

2158 749 2393 826 Gratia,
2420 766 2557 828 cap.
2588 749 2683 824 16,
2710 753 2771 809 ει
2796 746 2966 806 illam
2992 744 3199 824 rejeci,
3231 761 3357 804 non
3384 743 3537 822 quia
3558 748 3735 803 recte

2162 843 2468 923 explicata
2505 840 2742 924 aliquid
2770 839 2997 900 falsum
3050 838 3387 911 contineat,
3418 835 3529 896 sed
3578 834 3735 914 quia

2160 935 2243 999 ab
2280 936 2586 1000 hoereticis
2614 935 2773 998 tradi
2820 933 3088 1010 videtur,
3133 931 3214 993 ad
3257 927 3732 1008 distinguendas

2162 1032 2364 1094 varias
2389 1031 2579 1110 fides3
2609 1047 2753 1092 cum
2782 1035 2993 1090 tamen
3018 1026 3171 1088 fides
3198 1042 3325 1086 una
3352 1030 3606 1085 tantum
3630 1023 3729 1096 sit,

2160 1135 2225 1188 et
2276 1125 2384 1187 illa
2428 1121 2710 1186 membra
2736 1122 2937 1183 solum
2980 1118 3383 1181 materialiter
3426 1115 3530 1178 vel
3572 1115 3732 1175 acci-

2162 1217 2495 1281 dentaliter
2536 1217 3017 1294 distinguantur.
3066 1214 3242 1287 Item,
3270 1210 3421 1290 quia
3450 1209 3604 1270 data
3642 1215 3733 1270 ast

2163 1311 2241 1374 ad
2294 1308 2802 1372 introducendam
2846 1307 3065 1369 falsam
3093 1305 3463 1366 doctrinam·
3485 1303 3563 1364 de
3614 1301 3731 1363 fide
3809 1319 3811 1322 ·

2156 1401 2581 1486 justificante3
2624 1403 2915 1484 denique,
2968 1399 3117 1481 quia
3154 1417 3355 1479 neque
3384 1396 3733 1459 necessaria
3809 1433 3811 1441 ·

2162 1504 2279 1575 est,
2318 1515 2523 1578 neque
2553 1497 2750 1572 utilis,
2792 1503 2857 1558 et
2886 1515 2961 1558 eo
3012 1493 3195 1556 modo
3228 1509 3356 1573 quo
3394 1491 3609 1564 datur,
3648 1495 3739 1550 est
3809 1511 3811 1564 g

2166 1593 2549 1656 insufficiens
2566 1609 2587 1669 ;
2627 1609 2775 1653 nam
2802 1584 2957 1652 fidele
2992 1587 3069 1650 de
3097 1589 3219 1649 Deo
3246 1605 3375 1647 uno
3426 1590 3495 1646 et
3540 1583 3741 1658 trino,
3809 1577 3811 1682 ξ

2164 1693 2230 1750 et
2254 1686 2335 1747 de
2372 1685 2851 1766 perfectionibus
2876 1686 3015 1764 ejus
3032 1731 3050 1756 ,
3080 1687 3173 1744 est
3192 1684 3355 1744 circa
3384 1678 3735 1761 potissimas

2165 1779 2455 1840 materias
2480 1778 2649 1852 fidei,
2680 1783 2981 1840 ettamen
3014 1776 3125 1839 illa
3152 1794 3278 1838 non
3310 1772 3585 1836 estfides
3615 1770 3737 1830 his-

2165 1875 2384 1951 torica,
2410 1880 2481 1936 ut
2511 1893 2624 1954 per
2646 1893 2711 1935 se
2738 1879 3018 1950 constat;
3042 1878 3104 1934 et
3140 1871 3283 1932 ideo
3318 1865 3633 1932 Catholici
3670 1865 3735 1925 il-

2167 1967 2318 2043 lam,
2358 1986 2547 2048 quam
2576 1967 2849 2030 haeretici
2876 1972 3101 2028 vocant
3134 1964 3321 2027 fidem
3346 1960 3735 2034 historicam,

2168 2061 2392 2124 melius
2431 2061 2747 2143 appellant
2783 2061 2974 2123 fidem
3026 2059 3469 2140 dogmaticam,
3512 2061 3631 2117 aut
3662 2053 3738 2112 fi-

2167 2155 2317 2218 dem.
2338 2157 2803 2238 mysteriorum,
2854 2161 2919 2218 et
2950 2171 3205 2236 operum
3229 2153 3361 2214 Dei.
3410 2149 3737 2222 Similiter,

2169 2257 2396 2331 praeter
2432 2249 2869 2330 promissiones
2886 2295 2907 2325 ,
2941 2250 3173 2311 dantur
3222 2243 3739 2308 comminationes
3809 2265 3811 2334 j

2168 2360 2436 2421 quarum
2456 2343 2646 2405 etiam
2665 2351 2757 2405 est
2776 2343 2965 2422 fldes;
2994 2343 3225 2404 dantur
3254 2345 3561 2421 praterea
3582 2351 3743 2416 prae·
3809 2343 3811 2408 j

2170 2435 2467 2499 dictiones
2512 2455 2723 2498 rerum
2770 2436 3167 2510 futurarum,
3219 2451 3359 2513 qum
3424 2447 3541 2492 nec
3598 2433 3745 2490 sunt

2170 2549 2414 2612 poenae,
2464 2549 2667 2611 neque
2721 2530 2997 2610 praemia,
3031 2534 3094 2591 et
3130 2534 3341 2589 tamen
3382 2523 3503 2586 sub
3550 2522 3741 2582 fidem
3809 2523 3811 2612 ξ

2171 2625 2362 2686 etiam
2408 2625 2674 2699 cadunt;
2710 2623 2861 2684 fides
2902 2623 3093 2686 etiam
3122 2617 3573 2683 miraculorum
3614 2633 3743 2676 me·
3809 2613 3811 2714 ἱ

2169 2717 2289 2779 lius
2344 2717 2459 2778 sub
2508 2718 2841 2804 partitione
2916 2721 3210 2796 sequente
3280 2711 3625 2775 collocatur
3682 2713 3745 2768 ct
3809 2731 3811 2778 ÷

2170 2811 2313 2872 ideo
2340 2809 2514 2871 nulla
2540 2811 2701 2872 ratio
2729 2810 2917 2888 buius
2958 2806 3278 2870 divisionis
3304 2803 3601 2866 habenda
3629 2809 3741 2874 est,

2169 2905 2275 2966 sed
2302 2910 2514 2967 tamen
2542 2921 2619 2966 ex
2646 2904 2755 2966 illa
2784 2921 3031 2966 sumere
3056 2917 3377 2984 possumus
3403 2897 3523 2960 sub
3552 2897 3743 2958 fidem
3809 2939 3811 2976 ÷

2178 2997 2385 3077 plures
2411 2998 2633 3060 cadere
2660 2997 2977 3073 materias,
3000 3013 3039 3057 a
3064 2993 3288 3076 quibus
3327 2996 3535 3073 potest
3555 2991 3749 3050 inter*
3809 2999 3811 3004 '

2171 3089 2324 3150 dum
2352 3089 2766 3152 denominari.
3809 3139 3811 3152 .

2250 3186 2313 3246 6.
2362 3183 2599 3260 Quarta
2625 3183 2870 3259 divisio,
2901 3182 2972 3244 ιἰι
3008 3181 3187 3258 fidem
3238 3179 3643 3242 universalem
3692 3184 3747 3239 ei

2166 3278 2627 3358 particularem.
2660 3307 2743 3323 -—-
2798 3276 3031 3350 Quarta
3086 3291 3234 3354 ergo
3288 3273 3515 3334 divisio
3575 3271 3743 3345 fidei,
3809 3267 3811 3348 ἶ

2170 3388 2361 3451 quam
2376 3371 2568 3432 etiam
2588 3369 2907 3448 attigimus
2924 3369 2988 3429 in
3000 3367 3345 3446 Prolegom.
3364 3368 3407 3427 3
3426 3366 3504 3428 de
3528 3366 3743 3439 Grat.,
3809 3387 3811 3400 ·

2170 3482 2304 3544 cap.
2364 3465 2428 3539 5,
2460 3481 2639 3525 num.
2674 3464 2774 3538 13,
2814 3468 2909 3523 est
2962 3462 3029 3522 in
3062 3459 3475 3522 universalem
3512 3464 3581 3518 et
3608 3475 3753 3537 par-
3809 3487 3811 3492 ·

2169 3555 2520 3632 ticularem,
2552 3574 2677 3636 qua
2703 3573 2829 3618 non
2859 3553 3061 3616 solum
3092 3551 3386 3629 haemtici,
3422 3551 3535 3613 sed
3552 3551 3753 3612 etiam

2172 3647 2465 3709 Catholici
2510 3653 2775 3709 utuntur
2787 3671 2805 3724 3
2838 3655 2902 3710 et
2940 3647 3136 3727 aliqui
3170 3651 3395 3726 putant
3416 3643 3529 3704 illa
3549 3659 3753 3703 mem-

2170 3739 2285 3801 bra
2310 3741 2716 3802 essentialiter
2743 3758 2875 3802 esse
2902 3741 3227 3816 distinctaj,
3246 3737 3354 3799 sed
3380 3737 3753 3816 oppositum

2172 3835 2373 3896 sentio
2400 3851 2643 3910 verum,
2681 3841 2753 3896 ut
2778 3833 3046 3911 intelligi
3070 3838 3272 3914 potest
3320 3847 3397 3892 ex
3443 3829 3547 3890 his
3603 3848 3753 3908 qum

2169 3947 2356 4010 supra
2402 3929 2687 4002 tractavi,
2743 3928 3040 4009 disputat.
3100 3929 3165 4000 3,
3208 3931 3352 3987 sect.
3417 3925 3517 3986 10.
3561 3923 3753 3985 Fides
3809 4003 3811 4006 Ι

2173 4022 2541 4084 universalis
2599 4023 2825 4084 dicitur
2850 4021 2961 4083 illa
2992 4039 3131 4102 quoe
3165 4037 3278 4102 per
3307 4037 3371 4080 se
3396 4024 3491 4080 est
3532 4035 3757 4079 nect-s-

2173 4118 2337 4178 saria
2378 4115 2459 4177 ad
2498 4116 2785 4193 salutem,
2830 4124 2894 4178 ει
2933 4115 3253 4177 εοιιιιιιιιιιι
3290 4131 3409 4172 usu
3455 4110 3757 4172 Ecclesiae

2176 4209 2487 4273 Catholica
2508 4209 2908 4286 nominatur,
2890 4225 2907 4240 ·
2934 4215 3069 4269 tum
3098 4209 3247 4288 quia
3274 4213 3367 4267 est
3386 4207 3759 4266 communis

2169 4301 2321 4362 fides
2363 4301 2643 4362 Ecclesiae
2670 4299 3043 4377 Catholicae3
3074 4307 3213 4361 tum
3254 4298 3442 4360 etiam
3468 4299 3627 4377 quia
3660 4299 3763 4375 ip-

2168 4413 2308 4459 sum
2338 4413 2565 4457 nomen
2598 4395 2925 4460 Catholicoe
2951 4392 3533 4456 universalitatem*
3502 4391 3761 4468 signifi·
3809 4381 3811 4410 ²

2168 4495 2291 4550 cat.
2362 4489 2507 4549 Hoec
2576 4494 2785 4550 autem
2842 4487 2995 4550 fides
3056 4483 3427 4548 universalis
3476 4493 3625 4560 ὧι,
3692 4491 3759 4544 ει

2166 4581 2373 4660 quoad
2404 4597 2716 4661 personas,
2748 4582 2898 4660 quia
2939 4581 3213 4661 pertinet
3256 4583 3335 4643 ad
3380 4597 3603 4641 omnes
3636 4583 3811 4661 qui

2167 4674 2409 4756 placere
2459 4676 2581 4737 Deo
2626 4674 2869 4746 volunt,
2916 4680 2980 4735 et
3024 4675 3233 4754 quoad
3260 4682 3567 4755 tempora,
3596 4677 3761 4755 quia
3809 4665 3811 4680 ’

2170 4785 2415 4848 semper
2454 4767 2521 4828 in
2558 4766 2832 4829 Ecclesia
2856 4765 3009 4843 ruit,
3054 4773 3118 4828 et
3154 4769 3355 4847 quoad
3380 4768 3543 4840 loca,
3600 4769 3759 4848 qnia

2170 4861 2398 4940 ubique
2433 4862 2765 4942 pradis-ata
2792 4866 2883 4922 est
2909 4867 2973 4921 et
2999 4859 3390 4940 praedicatur,
3442 4866 3509 4921 et
3536 4861 3753 4940 quoad

2168 4954 2486 5034 dogmata,
2520 4954 2669 5036 quia
2698 4960 2795 5016 est
2820 4953 2899 5015 de
2932 4952 3225 5015 omnibus
3254 4952 3533 5016 articulis
3573 4953 3755 5026 fidei,

2170 5053 2235 5108 et
2260 5053 2713 5130 consequenter
2724 5046 2913 5109 etiam
2948 5045 3027 5108 de
3039 5046 3333 5109 omnibus
3358 5063 3500 5127 qum
3526 5049 3599 5109 in
3626 5049 3755 5109 illis
3809 5105 3811 5108 .

2172 5142 2593 5216 continentur,
2640 5144 2704 5201 et
2734 5157 2877 5220 quae
2927 5139 3213 5202 Ecclesioe
3256 5139 3533 5202 revelata
3574 5153 3751 5214 sunt,

2168 5233 2268 5294 vel
2308 5252 2420 5314 per
2444 5251 2585 5296 eam
2610 5231 2923 5294 credenda
2946 5239 3405 5340 proponuntur..
3429 5231 3619 5293 Fides
3638 5251 3757 5293 au·

2170 5333 2297 5388 tem
2337 5326 2730 5407 particularis
2757 5325 2987 5388 dicitur
3014 5324 3144 5402 illa,
3188 5343 3331 5407 qum
3374 5325 3445 5387 in
3498 5327 3760 5406 privata
3809 5409 3811 5412 Ι

2167 5419 2379 5500 aliqua
2392 5420 2770 5482 revelatione
2798 5417 3125 5495 fundatur,
3149 5417 3249 5481 vel
3276 5419 3581 5481 instinctu
3608 5419 3811 5499 Spi·
3809 5447 3811 5450 ·

2169 5512 2325 5575 ritus
2352 5513 2559 5576 Sancti
2582 5513 2691 5594 qui
2705 5511 2799 5574 illi
2824 5509 3235 5592 ‹equivalcat5
3266 5517 3333 5574 et
3356 5510 3587 5573 merito
3603 5523 3811 5592 par-2
