3900 6217
676 384 847 438 SECT.
882 383 967 437 IV.
1006 382 1093 437 An
1124 382 1311 437 INTER
1342 381 1615 436 onmem
1644 382 1808 435 rme!
1842 382 1960 436 SEU
1993 382 2342 437 vfflTATES
2373 382 2754 447 CREDENDAS,
2789 381 2927 436 E'rc.

178 504 365 549 cesse
416 486 485 547 in
525 484 703 547 omni
748 502 1013 547 assensu
1060 484 1413 547 intellectus
1454 484 1767 547 rationem

176 578 577 642 assentiendi
607 596 751 641 esse
776 579 1093 659 cognitam
1116 578 1299 658 quasi
1317 578 1573 653 reflexo,
1609 583 1672 639 et
1694 582 1769 639 ut

174 672 357 753 qnod
382 692 401 747 ;
429 674 677 734 namin
704 690 971 735 assensu
994 672 1443 752 principiorum
1474 670 1763 733 naturale

168 768 406 828 lumen
458 774 557 827 est
590 766 754 827 ratio
796 766 1219 841 assentiendi,
1256 771 1320 827 ει
1373 771 1587 827 tamen
1628 782 1759 825 non

172 860 729 942 prtecognoscitur
783 858 886 919 illo
944 858 1157 921 modo.
1221 860 1355 919 Imo
1411 863 1592 932 sunt,
1650 857 1761 935 qui

182 954 553 1015 existiment
601 952 793 1013 etiam
834 951 901 1011 in
936 950 1062 1012 fide
1091 952 1369 1011 humana
1394 949 1565 1013 idem
1614 968 1759 1011 con-

178 1048 433 1127 tingere
462 1090 479 1119 ,
536 1046 775 1107 scilicet
816 1050 887 1106 ut
958 1044 1234 1124 praebeat
1294 1060 1623 1104 assensum
1664 1043 1761 1104 rei

172 1140 367 1201 dictae
396 1157 476 1201 ex
502 1139 864 1201 testimonio
902 1138 1174 1199 hominis
1196 1134 1589 1198 considerato
1615 1142 1759 1197 tan-

169 1240 315 1294 tum
340 1238 419 1293 ut
440 1234 689 1294 ratione
722 1230 1131 1305 assentiendi,
1176 1231 1461 1311 quamvis
1490 1247 1621 1291 non
1659 1247 1762 1291 co·

168 1327 425 1405 gitetur
446 1332 521 1387 ut
548 1325 869 1405 objectum
898 1325 1243 1405 cognitum.

254 1422 325 1481 9.
376 1420 701 1498 Restitutio
742 1420 1041 1484 diotmm
1076 1420 1145 1482 in
1195 1418 1499 1501 superiori
1530 1416 1768 1481 instan-

176 1514 523 1579 tia—Sed
542 1516 681 1575 haec
704 1514 1013 1576 sententia
1040 1513 1193 1574 mibi
1221 1511 1475 1592 probari
1500 1530 1631 1573 non
1658 1529 1768 1591 po·

182 1617 345 1681 test;
378 1626 503 1669 nec
546 1607 719 1669 enim
748 1607 1025 1686 intelligo
1054 1606 1373 1685 quomodo
1400 1605 1596 1685 possit
1624 1622 1765 1667 esse

180 1704 345 1765 ratio
374 1700 789 1772 assentiendi,
840 1699 908 1760 id
950 1700 1121 1779 quod
1152 1717 1281 1761 non
1326 1704 1425 1760 est
1468 1716 1617 1760 vere
1660 1714 1767 1759 co·

176 1798 435 1876 gnitum
462 1795 551 1856 ab
572 1794 917 1856 intellectu.
943 1796 1023 1857 Ut
1046 1800 1261 1855 tamen
1296 1794 1545 1855 tollatur
1572 1792 1765 1871 aequi-

172 1889 455 1962 vocatio,
486 1892 739 1968 oportet
768 1888 1095 1949 advertere
1112 1887 1215 1949 hic
1244 1905 1385 1949 esse
1402 1903 1765 1947 sermonem

168 1984 255 2045 de
308 1983 563 2044 ratione
608 1981 859 2043 formali
900 1981 1227 2059 objectiva,
1258 1998 1387 2041 non
1416 1979 1496 2039 de
1536 1978 1767 2057 princi-

167 2078 281 2157 pio
312 2075 715 2137 assentiendi
748 2093 827 2136 ex
852 2080 1031 2153 parte
1060 2074 1445 2146 intellectus;
1479 2090 1651 2147 nam,
1678 2072 1765 2135 lo-

170 2169 443 2249 quendo
464 2168 551 2229 de
576 2169 703 2229 hoc
726 2168 1053 2248 principio,
1084 2168 1322 2229 clarum
1348 2172 1597 2228 estnon
1624 2184 1763 2229 esse

168 2263 625 2325 necessarium
662 2267 735 2323 ιιι
757 2260 933 2340 prius
958 2262 1039 2321 sit
1078 2261 1397 2341 objectum
1416 2260 1763 2340 cognitum,

168 2363 241 2417 ut
290 2360 555 2417 constat
595 2355 677 2417 de
718 2354 1177 2434 speciebuS‚.et
1204 2354 1285 2415 de
1314 2354 1449 2433 ipsa
1484 2353 1765 2432 potentia

174 2450 641 2530 cognoscitiva.
686 2451 765 2511 Et
802 2448 947 2509 ideo
988 2448 1346 2529 exemplum
1383 2447 1463 2509 de
1504 2465 1767 2509 assensu

174 2544 649 2623 principiorum
670 2560 801 2602 non
830 2546 929 2603 est
950 2541 1031 2602 ad
1060 2541 1475 2621 propositum,
1507 2540 1653 2619 quia
1682 2539 1765 2601 ibi

174 2639 399 2698 lumen
452 2636 823 2698 intellectus
868 2642 965 2697 est
1006 2634 1385 2714 principium
1446 2651 1561 2695 seu
1605 2632 1765 2695 ratio

178 2729 575 2793 assentiendi
626 2728 835 2790 solum
882 2747 960 2789 ex
1018 2733 1197 2807 parte
1246 2726 1541 2806 potentiae
1568 2743 1584 2799 ς
1616 2742 1767 2788 nam

184 2844 265 2885 ex
300 2830 483 2903 parte
520 2822 756 2901 objecti
802 2822 961 2883 ratio
996 2820 1379 2883 assentiendi
1408 2824 1504 2881 est
1548 2819 1765 2881 imme·

192 2918 365 2978 diata
404 2916 715 2977 connexio
746 2920 1167 2976 extremorum
1194 2960 1211 2988 ‚
1250 2919 1311 2975 et
1354 2913 1585 2975 veritas
1622 2929 1763 2991 quae

198 3012 263 3071 in
292 3012 393 3071 illa
431 3010 690 3071 relucet.
728 3009 841 3071 Hic
870 3017 1083 3071 autem
1110 3026 1241 3071 non
1268 3008 1515 3087 agimus
1558 3008 1639 3069 de
1668 3026 1767 3070 ra-

190 3105 357 3165 tione
404 3102 799 3164 assentiendi
846 3121 923 3164 ex
972 3108 1149 3183 parte
1188 3102 1577 3176 intellectus,
1630 3100 1765 3161 haec

186 3198 353 3259 enim
382 3204 485 3258 est
510 3197 727 3276 ipsum
752 3197 966 3257 lumen
992 3195 1165 3268 fidei,
1188 3194 1269 3257 de
1306 3213 1433 3275 quo
1458 3194 1649 3257 etiam
1669 3194 1766 3256 fa-

179 3300 391 3353 temur
440 3309 579 3351 non
622 3296 914 3369 oportere
961 3288 1387 3368 praecognosci
1434 3293 1505 3351 ut
1554 3288 1767 3367 objec-

180 3392 347 3461 tum;
380 3385 645 3463 agimus
676 3402 829 3463 ergo
869 3382 947 3443 de
970 3382 1213 3444 ratione
1244 3382 1663 3462 cognoscendi
1690 3399 1768 3444 ex

178 3484 359 3557 parte
404 3477 689 3557 objecti3
714 3493 863 3537 nam
910 3494 1059 3537 cum
1097 3475 1391 3537 veritates
1436 3473 1585 3537 fidei
1636 3493 1767 3536 non

180 3572 303 3633 sint
328 3588 457 3650 per
484 3588 561 3631 se
594 3576 761 3631 notae
788 3568 1209 3641 credentibus,
1232 3586 1361 3629 non
1395 3574 1601 3647 potest
1628 3586 1767 3630 esse

180 3663 337 3725 ratio
376 3661 712 3736 credendi,
762 3661 865 3723 vel
896 3660 1259 3723 immediata
1298 3660 1605 3723 connexio
1644 3666 1767 3723 ter·

178 3758 535 3829 minorum,
568 3762 681 3817 aut
699 3755 927 3817 veritas
948 3754 1039 3817 rei
1064 3754 1133 3815 in
1156 3772 1225 3815 se
1251 3801 1271 3830 ,
1300 3754 1448 3833 quia
1476 3755 1611 3817 haec
1635 3772 1765 3817 non

144 3850 437 3911 .videtnr
466 3849 557 3910 ab
598 3848 941 3921 intellectu,
988 3854 1051 3913 et
1088 3848 1230 3909 ideo
1270 3846 1627 3909 necessaria
1671 3852 1769 3909 est

180 3944 305 4003 alia
340 3943 515 4004 ratio
546 3941 617 4003 in
644 3960 771 4022 qua
796 3941 1094 4003 fundetur
1138 3959 1455 4015 assensus,
1498 3958 1639 4020 quae
1670 3947 1767 4003 est

182 4037 625 4099 testimoninm
646 4036 779 4097 Dei.
806 4036 895 4097 De
914 4036 1035 4097 hac
1054 4053 1207 4115 ergo
1232 4034 1475 4097 ratione
1500 4034 1769 4097 dicimus

188 4149 323 4191 esse
350 4129 796 4191 necessarium
850 4134 919 4191 ut
959 4134 1348 4208 supponatur
1386 4127 1657 4207 cognita,
1704 4134 1769 4189 et

192 4222 425 4284 credita
468 4226 782 4301 tanquam
828 4221 1061 4285 veritas
1110 4221 1405 4301 quaedam
1455 4221 1762 4295 revelata,

192 4316 335 4394 qnia
370 4315 771 4395 impossibile
802 4322 897 4377 εει
924 4320 994 4377 ιιι
1022 4315 1377 4377 intellectus
1410 4320 1764 4391 moveatur,

184 4416 251 4469 et
278 4409 575 4470 trahatur
618 4408 703 4469 ad
744 4426 1071 4471 assensum
1118 4426 1199 4471 ex
1232 4426 1301 4471 re
1326 4454 1341 4481 ‚
1395 4426 1509 4472 seu
1554 4408 1765 4471 medio

180 4502 603 4575 assentiendi,
644 4501 815 4580 quod
840 4519 973 4563 non
1006 4501 1347 4582 cognoscit,
1385 4500 1533 4581 quia
1560 4501 1765 4563 solum

180 4600 483 4657 movetur
506 4595 721 4657 media
745 4596 1137 4675 cognitioue;
1168 4596 1325 4659 sicut
1352 4595 1417 4657 in
1444 4595 1763 4658 voluntate

184 4691 329 4751 fien'
370 4708 503 4751 non
532 4694 739 4769 potest
764 4696 836 4751 ut
862 4689 1116 4769 aliquod
1160 4689 1499 4769 objectum,
1525 4689 1625 4751 vel
1654 4690 1767 4751 bo-

184 4784 357 4843 nitas
414 4784 559 4863 ejus
604 4783 989 4845 voluntatem
1026 4788 1300 4856 moveat,
1332 4782 1481 4862 quin
1524 4800 1764 4861 praeco-

188 4882 567 4957 gnoscatur;
592 4876 791 4937 multo
814 4894 966 4955 ergo
984 4876 1185 4956 magis
1214 4876 1638 4937 necessarium
1666 4882 1763 4937 cst

187 4974 257 5032 in
304 4970 651 5045 intellectu,
694 4976 767 5032 nt
814 4970 1117 5044 medium,
1160 4970 1332 5050 quod
1380 4970 1768 5037 intellectum

186 5068 407 5126 movet
440 5064 527 5126 ad
560 5082 917 5141 assensum,
944 5066 1025 5127 sit
1046 5064 1501 5145 praecognitum
1529 5064 1761 5125 abillo.

274 5161 375 5221 ¹0.
424 5158 861 5223 corroboratur
886 5159 1197 5237 remotio.
1221 5190 1305 5205 --·
1324 5160 1540 5238 Neque
1574 5159 1767 5220 evita-

188 5260 297 5315 tur
341 5252 679 5315 difficultas
730 5254 921 5334 hujus
971 5253 1229 5315 rationis
1270 5271 1384 5333 per
1423 5251 1767 5315 distinctio-

192 5366 339 5410 nem
366 5346 543 5409 illam
590 5348 673 5409 de
710 5347 957 5425 objecto
984 5347 1254 5427 cognit0,
1285 5352 1357 5406 ut
1388 5364 1537 5426 quo,
1568 5346 1667 5407 vel
1696 5347 1767 5406 ut

193 5442 385 5520 quod,
430 5448 495 5503 et
526 5441 805 5503 dicendo
824 5441 1144 5507 ,rationem
1170 5440 1505 5503 formalem
1546 5458 1767 5503 assen-

192 5535 383 5598 tiendi
420 5536 489 5597 in
534 5534 665 5597 fide
708 5534 1005 5614 cognosci
1036 5538 1107 5597 ut
1155 5552 1299 5628 qqp,
1336 5552 1467 5597 non
1511 5552 1665 5597 vero
1696 5538 1767 5597 ut

3331 374 3412 437 23

1846 484 2042 563 quod.
2069 486 2394 563 Interrogo
2425 484 2596 546 enim
2633 502 2718 545 an
2745 482 3036 563 cognosci
3061 487 3304 562 atquo,
3333 483 3414 545 sit

1844 594 1996 639 vere
2037 577 2354 657 cognosci,
2399 577 2484 639 ita
2531 582 2600 637 ut
2643 576 2994 639 intellectus
3033 576 3414 639 assentiatur

1844 671 1931 733 ita
1979 688 2143 747 esse,
2185 671 2348 732 sicut
2393 687 2656 732 necesse
2687 676 2783 731 εει
2827 670 2912 731 ad
2945 670 3250 732 motivum
3281 687 3412 731 cre·

1843 764 2073 839 dendi;
2118 781 2268 825 nam
2293 764 2346 825 si
2373 765 2494 826 hoc
2519 781 2650 825 non
2679 781 2822 825 vere
2852 763 3269 843 cognoscitur,
3303 781 3411 823 ur·

1839 866 1946 939 get
1979 859 2137 921 ratio
2159 858 2347 931 facta,
2375 856 2548 937 quod
2569 855 2954 936 impossibile
2981 856 3060 917 sit
3086 856 3280 919 talem
3307 873 3409 915 ra-

1839 952 2074 1015 tionem
2113 970 2254 1015 esse
2297 953 2602 1015 motivum
2643 950 2954 1013 inclinans
2973 996 2990 1025 ‚
3042 956 3106 1013 et
3147 949 3410 1013 trahens

1838 1045 2223 1107 intellectum
2253 1044 2336 1107 ad
2367 1061 2733 1118 assensum3
2769 1044 2818 1105 si
2865 1050 3078 1106 antem
3103 1048 3304 1105 totum
3339 1042 3412 1103 il·-

1842 1136 1951 1199 lud
1976 1156 2122 1201 vere
2145 1137 2544 1219 cognoscitur
2565 1138 2646 1201 de
2675 1138 2783 1201 tali
2811 1138 3044 1211 medi0‚
3074 1136 3232 1197 falso
3261 1135 3412 1198 dici-

1844 1236 1945 1293 tur
1979 1249 2111 1293 non
2141 1250 2280 1293 esse
2319 1232 2634 1312 objectum
2671 1232 2865 1313 quod,
2891 1232 3040 1311 quia
3077 1231 3144 1291 in
3181 1248 3248 1291 se
3289 1236 3413 1291 ter-

1844 1326 2043 1387 minat
2077 1326 2500 1405 cognitionem
2537 1326 2785 1403 mentis,
2830 1330 2892 1388 ει
2930 1326 3050 1386 hoc
3080 1329 3176 1386 εει
3203 1323 3416 1403 objec-

1847 1425 1983 1481 tum
2014 1418 2204 1498 quod.
2253 1419 2329 1481 Bt
2358 1418 2712 1481 declaratur
2733 1419 3014 1493 tandem,
3053 1419 3202 1498 quia
3233 1416 3412 1479 intel-

1844 1512 2044 1575 lectus
2075 1530 2201 1575 non
2249 1513 2588 1575 assentitur
2633 1530 2748 1592 per
2780 1511 2975 1575 fidem
3015 1510 3408 1586 veritatibus,

1846 1627 1988 1689 quae
2038 1611 2184 1669 sunt
2217 1607 2564 1671 materialia
2606 1604 2850 1687 objecta
2885 1607 3070 1682 fidei,
3107 1614 3411 1685 tanquam

1846 1702 1962 1763 sibi
1986 1718 2100 1781 per
2127 1719 2195 1763 se
2243 1701 2406 1762 notis
2453 1719 2531 1763 ex
2576 1700 2932 1781 cognitione
2971 1700 3406 1773 terminorum,

1846 1796 1992 1873 quia
2017 1812 2146 1855 non
2171 1794 2341 1855 videt
2353 1794 2652 1855 terminos
2665 1800 2852 1874 prout
2871 1794 2938 1854 in
2959 1812 3028 1855 se
3053 1799 3232 1866 sunt;
3257 1810 3410 1871 ergo

1846 1906 2106 1949 necesse
2135 1892 2317 1948 estut
2345 1887 2410 1947 in
2433 1886 2644 1966 aliquo
2669 1887 2876 1949 medio
2901 1890 3241 1967 cognoscat
3259 1902 3414 1947 con·

1846 1981 2182 2043 nexionem
2215 1998 2454 2055 eorum,
2497 1981 2668 2060 quod
2695 1981 2974 2043 medium
3003 1998 3132 2041 non
3169 1984 3265 2041 est
3290 1980 3415 2040 nisi

1846 2073 2057 2135 divina
2083 2072 2386 2135 revelatio
2415 2078 2478 2134 et
2515 2074 2781 2147 veritas3
2827 2092 2980 2155 ergo
3027 2090 3286 2135 necesse
3317 2078 3414 2134 εει

1846 2173 1914 2230 ιιι
1938 2168 2296 2230 intellectus
2333 2169 2583 2248 proprie
2627 2173 2691 2230 ει
2731 2169 2794 2229 in
2823 2185 2892 2230 se
2919 2174 3257 2248 cognoscat
3285 2166 3414 2229 tale

1844 2262 2148 2335 medium,
2178 2267 2240 2322 et
2262 2267 2720 2341 consequenter
2757 2262 3186 2324 necessarium
3222 2260 3412 2323 etiam

1848 2362 2042 2417 estut
2065 2361 2404 2435 cognoscat
2439 2354 2564 2417 tale
2601 2356 2880 2417 medium
2919 2372 3067 2417 vere
3107 2352 3406 2435 applicari

1846 2449 1958 2511 tali
1987 2450 2232 2529 ohJecto
2247 2492 2268 2524 ,
2305 2467 2418 2510 seu
2447 2448 2748 2523 materiae,
2781 2453 2844 2511 et
2871 2448 3106 2510 habere
3131 2448 3415 2527 proprie-

1845 2550 2042 2605 tatem
2069 2544 2518 2618 necessariam,
2557 2550 2626 2605 ut
2654 2544 2877 2605 reddat
2915 2543 3068 2605 illud
3096 2542 3414 2621 objectum

1848 2638 2258 2699 infallibiliter
2294 2636 2622 2711 credibile;
2655 2638 2778 2699 hoc
2819 2642 3031 2698 autem
3058 2635 3214 2695 nihil
3243 2632 3416 2695 aliud

1848 2736 1943 2793 est
1971 2749 2162 2810 quam
2191 2748 2572 2811 cognoscere
2597 2730 3070 2802 revelationem,
3103 2746 3216 2790 seu
3239 2727 3416 2789 testi-

1846 2824 2134 2885 monium
2150 2824 2286 2898 Dei,
2315 2842 2453 2885 esse
2485 2823 2830 2897 infamibus,
2853 2825 2914 2885 et
2942 2822 3168 2884 cadere
3198 2820 3262 2882 in
3290 2820 3415 2882 tale

1847 2918 2188 2997 objectum,
2217 2923 2288 2979 ut
2313 2918 2548 2980 dictum
2574 2936 2611 2979 a
2637 2921 2792 2980 Deo.

1929 3014 2030 3072 Η.
2081 3011 2414 3093 Responsio
2465 3013 2546 3075 ad
2595 3010 2956 3076 instantiam
3007 3012 3078 3074 in
3127 3028 3296 3073 num.
3348 3011 3408 3071 8.

1846 3134 1929 3151 -·-
1972 3103 2152 3167 Unde
2189 3103 2371 3167 facile
2411 3105 2828 3185 respondetur
2874 3106 2956 3167 ad
2993 3104 3416 3186 objectionem

1847 3198 2130 3278 proxime
2166 3198 2422 3270 factam,
2462 3218 2684 3261 verum
2713 3218 2851 3261 esse
2897 3217 3027 3261 non
3069 3217 3256 3278 posse
3301 3197 3418 3258 ali-

1848 3309 2038 3370 quem
2085 3292 2341 3354 credcre
2377 3294 2582 3354 Deum
2631 3310 2768 3355 esse
2812 3292 3046 3354 trinum
3083 3298 3146 3355 et
3191 3310 3410 3367 unum,

1847 3386 1968 3445 nisi
1999 3385 2212 3447 credat
2237 3385 2392 3447 illud
2419 3386 2822 3449 esse'tlictum
2851 3405 2888 3447 a
2920 3388 3052 3448 Deo
3071 3430 3086 3460 ,
3129 3386 3258 3449 sive
3293 3386 3416 3447 hoc

1844 3478 2036 3540 faciat
2090 3478 2354 3540 diversis
2405 3480 2670 3554 actibus,
2730 3480 2860 3542 sive
2916 3498 3046 3541 uno
3073 3500 3090 3554 ;
3149 3480 3416 3542 fortasse

1848 3572 2018 3633 enim
2075 3578 2344 3651 utroque
2393 3574 2584 3636 modo
2634 3572 2772 3635 fieri
2819 3579 3071 3654 potest3
3127 3574 3414 3635 existimo

1846 3672 2062 3729 tamen
2095 3668 2160 3728 in
2187 3666 2362 3728 initio
2407 3668 2737 3741 credendi,
2779 3669 3034 3747 quando
3075 3674 3417 3749 generatur

1844 3760 2004 3823 fides
2020 3808 2036 3837 ,
2067 3762 2372 3824 distinctis
2411 3762 2654 3825 actibus
2691 3764 2756 3827 id
2798 3764 2958 3837 fieri,
3004 3770 3068 3825 et
3112 3766 3286 3843 prius
3331 3763 3418 3827 ad

1843 3854 1966 3917 hoc
1993 3856 2330 3936 perveniri,
2361 3861 2432 3918 ut
2463 3856 2758 3919 credatur
2781 3858 2902 3919 hoc
2933 3875 3072 3919 esse
3112 3857 3348 3919 dictum
3378 3876 3416 3918 a

1846 3948 1998 4023 Dec,
2044 3954 2106 4009 et
2153 3947 2382 4011 deinde
2422 3949 2594 4011 credi
2644 3950 2882 4013 dictum
2909 3951 3150 4031 ipsum;
3194 3957 3416 4030 postea

1846 4040 2092 4101 veroin
2138 4042 2364 4104 virtute
2403 4043 2896 4122 praecedentium
2945 4050 3224 4118 actuum,
3279 4042 3416 4105 fieri

1847 4139 2056 4211 potest
2081 4138 2151 4195 ut
2176 4138 2378 4197 totum
2404 4135 2560 4198 illud
2577 4136 2765 4199 simul
2787 4136 3317 4217 apprehendatur,
3353 4140 3418 4197 et

1848 4244 1978 4287 uno
2003 4230 2150 4287 actu
2169 4228 2492 4302 credatur3
2517 4228 2676 4291 sicut
2692 4230 2756 4291 in
2783 4230 3184 4291 conclusione
3215 4229 3418 4291 scien-

1844 4317 2038 4393 tifica,
2071 4320 2434 4401 contingere
2463 4322 2622 4385 solet
2647 4328 2717 4385 ut
2743 4322 2918 4402 prius
2957 4326 3243 4402 oporteat
3268 4338 3416 4398 cog-

1844 4429 2108 4473 noscere
2151 4432 2444 4492 expresse
2485 4414 2787 4489 medium,
2837 4433 2961 4496 quo
3019 4416 3418 4495 conjungun-

1844 4511 1946 4567 tur
1993 4511 2311 4579 extrema;
2365 4514 2584 4587 postea
2615 4526 2766 4571 vero
2821 4527 2899 4571 ex
2933 4509 3176 4581 habitu,
3228 4510 3414 4571 unico

1848 4599 2110 4679 simplici
2143 4605 2310 4673 actu,
2343 4600 2696 4664 intellectus
2729 4601 2824 4663 illi
2863 4602 3266 4665 assentiatur.
3298 4604 3418 4665 Ne-

1846 4710 1972 4771 que
2001 4692 2204 4754 -ctiam
2245 4694 2439 4757 refert
2485 4694 2658 4774 quod
2705 4714 2834 4757 una
2871 4696 3254 4759 revelatione
3303 4714 3418 4759 seu

1844 4784 2116 4847 dictione
2147 4787 2256 4849 Dei
2300 4794 2708 4868 proponatur,
2748 4796 2812 4851 et
2853 4790 3052 4851 Deum
3083 4790 3318 4864 dicere,
3355 4795 3420 4851 et

1840 4878 1905 4940 id
1949 4878 2123 4959 quod
2170 4879 2348 4953 dicit;
2383 4900 2534 4944 nam
2573 4884 2694 4943 hoc
2751 4902 2876 4945 non
2917 4884 3122 4945 obstat
3177 4884 3418 4963 quomi-

1847 4990 1966 5033 nus
1990 4972 2110 5035 illae
2145 4974 2268 5037 sint
2307 4975 2616 5039 distinctae
2662 4977 3122 5057 propositiones
3157 4978 3418 5040 credibi-

1844 5066 1962 5144 Ιεε,
1993 5085 2154 5145 quas
2189 5086 2369 5130 mens
2402 5070 2696 5145 hominis,
2730 5072 3077 5151 praesertim
3115 5072 3418 5133 inchoan-

1844 5161 1923 5221 tis
1962 5179 2292 5223 assensum
2319 5161 2490 5239 fidei,
2523 5182 2654 5225 non
2694 5170 2901 5243 potest
2937 5165 3022 5227 ita
3055 5154 3419 5245 simpliciter

1847 5260 1910 5315 et
1950 5272 2079 5317 uno
2109 5260 2254 5317 actu
2300 5257 2814 5335 apprehendere,
2857 5266 2922 5320 ct
2961 5258 3104 5321 ideo
3155 5277 3418 5321 necesse

1848 5353 1943 5409 est
1985 5352 2054 5409 ut
2102 5348 2278 5427 prius
2323 5348 2492 5411 illam
2537 5356 2900 5428 cognoscat,
2932 5368 3074 5430 quae
3129 5356 3224 5411 est
3258 5352 3418 5415 ratio

1846 5442 2268 5521 cognoscendi
2295 5443 2506 5504 aliam.
2532 5446 2734 5522 Atque
2762 5442 2930 5504 idem
2956 5443 3290 5505 dicendum
3321 5449 3418 5505 est

1808 5532 1926 5637 ...⁸30
1957 5535 2156 5599 altera
2185 5536 2610 5617 propositione
2651 5555 2666 5597 :
2705 5536 2869 5599 Deus
2895 5541 2985 5601 est
3002 5538 3216 5618 prima
3257 5538 3418 5601 vor-i..
