3900 6217
523 415 683 470 ssc‘l’.
721 415 802 470 111.
840 416 923 468 AN
956 414 1281 478 POSTQUAM
1315 412 1611 468 ECCLESlA
1643 413 1781 468 11:80
1814 411 2074 480 mcnm‘r,
2111 418 2348 474 SEMPER
2385 421 2760 488 nunsvssmn
2795 423 2930 478 E'rc.

182 523 255 585 Ta
286 537 341 583 es
370 517 649 582 Sacerdos
692 517 763 578 in.
808 521 1093 580 oeternum
1122 540 1149 589 ,·
1186 515 1353 577 unde
1396 515 1677 578 cantico·-

179 633 287 676 rum
324 613 507 676 tertio.
539 611 734 690 iuquit
766 627 1013 689 sponsa,
1045 609 1299 670 nomine
1348 609 1669 671 Ecclesite:

180 708 329 773 Tenui
352 725 493 780 eum,
536 725 635 768 nec
668 707 971 770 dimittam
996 730 1022 778 ;
1060 705 1137 765 ad
1175 704 1397 784 EpheS.
1426 711 1671 784 quarto,

177 805 479 862 duraturam
507 801 653 860 dicit
698 799 925 860 Paulus
960 799 1311 872 Ecclesiam,
1348 801 1529 862 donee
1578 817 1673 862 oc-

176 912 438 960 curramus
466 911 655 956 omnes
690 894 758 954 in
794 893 993 954 virum
1024 895 1367 974 perfectum
1388 917 1413 964 ;
1455 898 1516 952 et
1550 893 1673 972 pri-

176 1009 253 1050 ma
286 987 735 1052 Corinthiorum.
782 985 1021 1046 decimo
1050 985 1268 1064 quinto
1292 1031 1312 1059 ,
1358 987 1536 1048 donee
1563 1003 1676 1067 per

172 1083 603 1146 resurrectionem
674 1079 937 1140 omnium
1005 1080 1359 1142 desti-natm·
1426 1077 1677 1141 inimica

172 1193 338 1245 mom
384 1174 537 1234 circa
580 1189 763 1252 quem
796 1171 1003 1232 locum
1046 1172 1187 1232 vide
1232 1171 1673 1251 Epiphaniam,

174 1269 299 1328 linro
340 1265 593 1328 secundo
624 1313 643 1340 ‚
696 1266 919 1326 haeresi
977 1266 1056 1328 69
1084 1311 1107 1342 ‚
1140 1265 1257 1326 suh
1326 1264 1539 1325 finem.
1611 1265 1676 1324 ln

168 1359 377 1440 epistola
412 1360 595 1420 etiam
641 1357 721 1420 ad
772 1359 1062 1420 Hebraeos
1096 1406 1111 1430 ‚
1169 1359 1367 1438 eapite
1414 1359 1676 1438 septimo

168 1463 213 1514 et
248 1459 459 1528 octavo,
507 1453 629 1514 late
694 1451 943 1530 PauluS,
1010 1452 1209 1513 citans
1276 1453 1462 1513 etiam
1523 1469 1677 1530 prae-

167 1547 353 1607 dictum
382 1547 597 1606 Psalm.
636 1546 751 1608 109
766 1591 789 1621 ,
822 1546 1063 1606 disserit
1090 1546 1167 1606 de
1219 1546 1337 1606 hac
1393 1545 1673 1605 Ecclesia}

164 1640 521 1721 perpetuitate
550 1641 573 1716 (
601 1658 741 1719 quae
764 1641 943 1720 juxta
983 1640 1153 1700 hunc
1200 1655 1446 1700 sensnm
1490 1637 1673 1700 intel-

164 1735 365 1814 ligenda
390 1740 477 1795 est
523 1735 591 1794 in
636 1740 797 1796 statu
844 1733 1019 1811 viae),
1050 1733 1539 1811 duraturamque
1584 1733 1672 1794 ait

166 1847 315 1908 usque
354 1827 423 1888 ad
453 1827 617 1888 diem
660 1827 902 1907 judicii,
932 1832 993 1888 et
1015 1833 1227 1918 postea
1269 1827 1335 1888 in
1378 1827 1577 1906 gloria
1602 1826 1671 1887 in

168 1927 413 1982 eternum
466 1927 871 2000 regnaturam
914 1937 935 1998 ;
995 1921 1143 2000 quia
1192 1919 1360 1980 enim
1404 1919 1673 1980 Ecclesia

166 2016 383 2076 militans
408 2021 468 2076 et
492 2014 888 2094 triumphans
918 2032 1041 2074 non
1064 2014 1203 2074 duee
1230 2014 1335 2074 sed
1364 2031 1491 2074 una
1528 2031 1673 2072 cen-

166 2116 311 2182 setur,
337 2117 401 2168 ut
446 2109 725 2168 dicemus
744 2153 764 2184 ,
811 2108 949 2170 ideo
995 2107 1263 2168 Ecclesia
1310 2104 1672 2186 simpliciter

167 2203 341 2264 dicitnr
364 2208 675 2282 perpetua.
724 2203 877 2264 Vide
916 2201 1355 2280 Augustiuum,
1386 2217 1671 2261 sermone

166 2300 195 2357 2
220 2297 267 2356 in
292 2287 431 2358 Psal.
466 2298 569 2358 tol
598 2319 617 2371 ;
669 2296 1062 2376 Gregorium,
1094 2296 1413 2374 trigesimo
1452 2294 1669 2374 quinto

166 2390 356 2466 Mor-al„
384 2391 579 2469 capite
634 2391 941 2470 vigesimo
999 2390 1258 2469 quint03
1312 2388 1669 2466 Chrysosto-

168 2502 317 2558 mum,
360 2485 609 2544 homilia
662 2483 741 2544 de
796 2484 920 2544 Suo
975 2483 1209 2558 exili03
1252 2479 1669 2558 Ber-nardum,

170 2595 390 2638 sermone
406 2579 481 2638 '19
506 2577 573 2637 in
604 2577 788 2639 Cant.
816 2593 839 2653 ;
872 2579 1153 2638 Doctores
1185 2593 1327 2635 eum
1352 2573 1666 2652 Magistro,

172 2679 358 2749 quarto,
387 2671 787 2732 distinctione
824 2671 1123 2749 vigesima
1150 2675 1346 2743 sexta,
1378 2673 1439 2728 et
1476 2668 1671 2728 Cauo-

174 2765 331 2840 nistas,
358 2783 479 2844 cap.
526 2765 859 2840 Debitum,
888 2765 965 2824 de
994 2761 1268 2841 Bigamis
1294 2807 1313 2836 ,
1344 2779 1477 2840 cap.
1518 2759 1669 2822 Cum

180 2860 382 2931 societas,
418 2858 714 2937 vigesim.
748 2857 993 2937 septim.
1013 2899 1035 2932 ,
1068 2855 1391 2935 quaestion.
1424 2855 1482 2916 Ξ.
1518 2853 1675 2954 Con:

190 2953 386 3014 traham
422 2959 645 3014 autem
692 2951 1017 3012 veritatem
1066 2948 1195 3010 fere
1226 2948 1504 3010 sentiunt
1554 2947 1673 3007 Lu-

194 3045 373 3118 themui,
397 3047 784 3110 mentientes
811 3060 1021 3105 veram
1052 3040 1281 3104 Christi
1308 3040 1667 3114 Ecclesiam,

185 3157 279 3218 que
306 3140 529 3200 visibilis
556 3157 702 3200 esse
740 3138 925 3200 debet
948 3183 967 3213 ,
1017 3135 1306 3198 defecisse
1325 3180 1348 3209 ‚
1388 3133 1671 3213 quamvis

180 3233 325 3292 nescio
356 3251 533 3312 qnam
564 3233 949 3296 invisibilem
978 3229 1312 3291 Ecclesiam
1354 3227 1587 3300 dicant,
1608 3231 1671 3286 et

172 3325 308 3386 fuisse
340 3345 593 3408 semper,
642 3334 711 3389 et
758 3326 887 3388 sore
914 3327 1298 3405 perpetuam.
1330 3318 1485 3380 Vide
1508 3319 1669 3380 Tur-

171 3427 443 3486 reci-emat..
478 3422 523 3482 1.
560 3423 623 3496 l,
660 3438 799 3500 cap.
844 3419 947 3490 22,
978 3419 1058 3478 23
1098 3421 1162 3476 et
1190 3419 1469 3494 sequent.
1496 3429 1517 3490 3
1553 3413 1665 3474 Ar·

168 3509 385 3589 horeum,
417 3515 461 3576 l.
486 3518 527 3577 5
550 3510 987 3592 Theosophiae,
1018 3528 1073 3570 e.
1103 3509 1144 3569 4-
1168 3526 1183 3584 ;
1211 3508 1401 3582 Cano,
1434 3505 1475 3567 l.
1508 3508 1573 3582 4,
1604 3523 1661 3568 c.

168 3605 352 3683 ultimo,
384 3618 441 3669 et
460 3607 755 3688 snper-ius
780 3605 945 3666 dieta
984 3603 1142 3682 disp.
1186 3605 1248 3676 5,
1278 3607 1426 3662 sect.
1458 3602 1519 3674 6,
1552 3618 1667 3661 nu·

164 3715 291 3760 mero
312 3707 364 3762 Ἰ.

219 3797 265 3854 5.
306 3795 545 3876 ObJ'eetio
586 3795 809 3877 prima
864 3797 1075 3858 contra
1137 3791 1551 3856 assertionem.
1586 3819 1674 3836 -

168 3883 371 3949 Solutio.
390 3922 469 3935 —
490 3889 647 3950 Tres
678 3906 827 3949 vero
848 3892 1182 3948 occurrunt
1208 3885 1311 3945 hic
1336 3881 1665 3944 difficulta-

164 3985 241 4040 tes.
272 3982 475 4058 Prima,
516 3987 742 4044 eontra
778 3981 1047 4062 priorem
1079 3977 1541 4040 conclusionem
1574 3975 1665 4036 fa-

164 4073 225 4131 cit
248 4074 295 4134 id
325 4075 499 4138 Exod.
534 4077 641 4152 32,
670 4075 777 4136 uhi
810 4074 1131 4135 universus
1152 4072 1260 4134 Dei
1288 4071 1551 4152 populus
1578 4069 1663 4129 vi·

162 4164 297 4228 detur
340 4169 623 4230 defecisse
661 4212 683 4245 ,
732 4174 795 4229 et
832 4167 1115 4228 adorasse
1168 4164 1456 4226 vitulum.
1508 4164 1663 4224 Item

166 4259 289 4320 lsaiae
313 4266 371 4322 ¹:
403 4263 455 4325 Δ
480 4263 715 4344 planta
740 4260 917 4344 pedis
940 4277 1125 4340 usque
1144 4259 1229 4322 ad
1256 4258 1537 4320 verticem
1568 4273 1664 4319 ea·

158 4355 291 4432 pitis,
327 4363 431 4418 ete.
462 4377 479 4430 ;
507 4356 745 4418 Jerem.
778 4355 853 4430 Ξ,
874 4359 935 4416 et
972 4371 1133 4433 saepe
1195 4351 1346 4412 alias
1396 4351 1463 4410 in
1519 4367 1661 4430 pro-

162 4446 345 4524 phetis,
370 4457 527 4510 totus
568 4448 839 4530 populus
874 4453 1197 4508 accusatur
1246 4445 1411 4526 quod
1446 4461 1497 4504 a
1538 4445 1661 4504 Deo

160 4539 461 4604 discesserit.
490 4541 799 4604 Ezechiel.
826 4542 865 4601 3
896 4547 959 4601 et
981 4543 1057 4616 93
1098 4539 1323 4600 Psalm.
1360 4541 1427 4598 Η
1452 4555 1469 4598 t
1505 4536 1657 4601 Sal·

160 4649 263 4694 tam
294 4653 375 4697 me
398 4641 515 4712 fae,
542 4637 714 4700 Deus
736 4679 754 4709 ,
798 4635 1077 4715 quoniam
1125 4632 1333 4706 defecit
1382 4635 1650 4704 sanctus,

161 4731 245 4787 etc.
270 4729 347 4789 Ad
375 4731 643 4809 primum
692 4726 1139 4803 locum7dicito
1166 4744 1291 4787 non
1322 4742 1537 4784 omnes
1580 4723 1659 4783 ls-

162 4820 355 4882 raelitas
408 4824 689 4884 adorasse
770 4821 1039 4882 vitulum
1068 4865 1089 4897 ‚
1134 4824 1206 4879 nt
1268 4824 1508 4880 constat
1582 4817 1659 4878 de

162 4910 343 4990 Moyse,
372 4915 611 4992 levitis,
646 4916 754 4996 qui
782 4933 921 4976 cum
969 4915 1181 4993 Moyse
1212 4911 1330 4973 ulti
1358 4917 1509 4972 sunt
1559 4910 1659 4970 in-

163 5003 339 5078 iuriam
376 5009 490 5070 Deo
528 5011 888 5088 irrogatam.
934 5007 1029 5068 Ad
1080 5011 1299 5066 caetera
1348 5002 1657 5084 imprimis

168 5097 455 5178 dicendum,
494 5103 783 5183 quamvis
826 5107 958 5161 tota
994 5117 1313 5180 synagoga
1340 5097 1655 5160 interdum

170 5187 440 5271 ceredam,
474 5212 601 5256 non
630 5193 768 5258 ideo
796 5195 971 5274 sequi
1004 5198 1201 5254 totam
1228 5189 1519 5254 defecisse
1546 5191 1655 5251 Ee·

170 5279 399 5363 clesiam3
440 5306 583 5348 nam
621 5287 995 5350 credendum
1041 5291 1131 5348 est
1174 5301 1418 5364 semper
1455 5285 1655 5344 Deum

170 5371 393 5440 habuisse
414 5380 621 5442 fideles
649 5388 711 5443 et
743 5381 971 5443 amicos
1011 5379 1177 5440 inter
1215 5384 1430 5456 gentes
1460 5393 1483 5456 3
1526 5395 1651 5438 non

172 5468 295 5528 enim
328 5480 445 5535 erat
482 5492 796 5554 synagoga
834 5472 1201 5534 universalis
1234 5469 1525 5545 Ecclesia,
1568 5471 1649 5530 si-

174 5567 247 5618 cut
286 5581 427 5626 nunc
464 5573 553 5628 est
586 5568 856 5630 Ecclesia
896 5567 1139 5628 Christi.
1174 5563 1455 5628 Secundo
1478 5609 1497 5639 ,
1539 5563 1651 5624 fal·

424 5689 529 5738 111·

3197 419 3314 484 257

1758 535 1899 578 sum
1930 525 2024 578 est
2051 523 2251 580 totum
2285 523 2582 601 populum
2624 523 2808 586 Israel
2833 543 2872 586 a
2901 524 3021 588 fide
3061 533 3126 588 et
3168 527 3318 592 cha-

1756 613 1939 672 ritate
1993 612 2290 674 excidisse
2343 634 2618 696 unquam
2648 663 2666 691 ‚
2717 619 2882 696 quod
2943 621 3320 698 significavit

1756 705 1915 766 Deus
1952 704 2122 776 Eliae,
2165 707 2200 768 3
2247 707 2486 785 Regum
2531 711 2640 772 ⁴9:
2689 713 3115 793 Derelinquam
3163 717 3318 778 milti

1755 800 1912 860 7000
1952 800 2218 862 virorum
2251 803 2355 882 qui
2381 821 2499 864 uon
2525 814 2927 868 curt-averunt
2956 827 3150 888 yemea
3179 817 3318 874 anre

1753 892 1964 964 Baal,·
2009 911 2192 970 quem
2239 894 2444 956 locum
2473 897 2662 958 refert
2709 899 2932 960 Paulus
2969 903 3045 962 ad
3089 904 3317 965 Roma-

1754 1003 1868 1044 nos
1899 990 1996 1046 Η.
2031 985 2204 1048 Unde
2247 988 2428 1049 divus
2465 991 2870 1068 Augustinus,
2903 993 3062 1055 libro
3102 1001 3318 1058 contra

1756 1080 2124 1153 Donatistae,
2161 1087 2294 1160 post
2313 1082 2730 1159 collationem,
2762 1087 2960 1164 capite
2989 1088 3311 1165 vigesimo,

1759 1179 1821 1232 et
1847 1173 2008 1234 libro
2045 1173 2122 1235 de
2157 1174 2402 1236 Unitate
2437 1176 2747 1251 Ecclesiae,
2785 1180 2984 1258 capite
3013 1182 3314 1258 vigesimo

1757 1265 2051 1339 secundo,
2083 1266 2172 1326 ait
2211 1267 2275 1326 in
2315 1267 2437 1328 illis
2473 1269 2622 1330 locis
2668 1271 3000 1349 significari
3037 1274 3316 1335 multitu·

1756 1357 1964 1418 dinem
2005 1359 2389 1438 iniquorum,
2421 1381 2610 1441 qnam
2643 1365 2962 1444 Scriptura
3003 1366 3315 1428 interdum

1756 1451 2009 1511 nomine
2031 1453 2459 1519 universitatis
2491 1456 2792 1534 signifieat
2808 1473 2829 1535 3
2848 1458 3004 1518 sicut
3021 1477 3056 1519 e
3075 1467 3316 1522 contra·

1754 1545 1847 1605 rio
1889 1545 2205 1607 interdum
2231 1548 2442 1610 omnia
2471 1550 2750 1611 Ecclesiae
2791 1551 3072 1613 membra
3097 1573 3316 1616 vocan-

1755 1644 1857 1700 tur
1892 1645 2107 1704 sancta
2136 1686 2157 1717 ,
2222 1650 2471 1720 propter
2523 1643 2864 1705 multorum
2915 1645 3314 1709 excellentem

1753 1733 2164 1808 sanctitatem,
2197 1741 2268 1794 ut
2292 1737 2493 1815 prima
2511 1737 2884 1800 Corinthior.
2917 1740 3118 1818 primo
3145 1757 3163 1802 z
3211 1741 3320 1808 Vo-

1754 1828 1909 1888 catis
1934 1829 2191 1904 sanctis,
2209 1837 2326 1890 etc.
2347 1845 2367 1906 ;
2399 1831 2468 1892 in
2487 1830 2758 1894 omuibus
2775 1834 2992 1895 divites
3003 1837 3157 1912 sacci
3171 1835 3318 1897 estis

1752 1919 1821 1979 in
1856 1919 2008 1991 inv,-
2053 1938 2195 1981 enm
2247 1927 2480 1982 tamen·
2519 1923 2701 1984 multi
2753 1926 2916 1986 inter
2969 1944 3073 1986 eos
3113 1933 3319 1988 essent

1752 2015 1966 2091 pravi3
1999 2014 2226 2076 similia
2253 2015 2378 2076 alia
2404 2019 2682 2095 congerit
2711 2003 3126 2098 Augustinus,
3160 2022 3318 2102 epis·

1754 2105 1879 2165 tola
1924 2107 2397 2187 quadragesima
2439 2117 2674 2171 octava.
2714 2113 2920 2172 Tertio
2946 2158 2964 2184 ,
2997 2131 3314 2176 ·nonnun·

1750 2216 1939 2276 qnam
1975 2199 2228 2262 fortasse
2269 2202 2624 2264 referuntur
2665 2205 3002 2284 prophetiae
3045 2207 3122 2268 ad
3160 2215 3316 2268 tem-

1751 2309 1869 2370 pus
1900 2292 2066 2368 legis
2099 2312 2304 2368 novae,
2335 2295 2400 2354 in
2442 2313 2566 2375 quo
2597 2297 2861 2376 populus
2893 2299 3076 2360 Israel
3115 2303 3315 2361 omni-

1754 2403 1836 2444 no
1879 2403 1918 2445 a
1949 2385 2071 2447 fide
2098 2387 2484 2448 abalienatus
2515 2396 2630 2465 est,
2664 2397 2732 2450 ut
2779 2391 2944 2451 Cano
2992 2410 3178 2472 supra
3223 2393 3314 2454 la·

1752 2478 1875 2538 tius
1918 2481 2331 2559 prosequitur.

1834 2576 1893 2634 6.
1944 2571 2206 2652 objectio
2265 2578 2546 2639 secunda.
2577 2611 2654 2622 --
2677 2577 2961 2640 Secunda
2993 2579 3320 2644 difficultas

1752 2673 1843 2728 est
1866 2666 1939 2728 de
1968 2667 2175 2728 triduo
2203 2671 2420 2730 mortis
2449 2670 2712 2746 Christi,
2765 2673 2830 2732 in
2881 2691 3006 2752 quo
3047 2682 3320 2755 tempore

1751 2760 2003 2820 videtur
2031 2761 2295 2822 Ecclesia
2325 2763 2597 2824 militans
2627 2764 2693 2824 in
2719 2765 2846 2825 sola
2888 2766 3142 2844 Virgine
3179 2787 3316 2848 per·

1752 2855 2054 2915 mansisse
2085 2857 2482 2934 (quanquam
2514 2875 2713 2936 neque
2751 2877 2888 2918 eam
2928 2860 3178 2940 quidem
3203 2863 3321 2924 im-

1752 2948 2012 3026 piissimi
2045 2948 2280 3028 aliquot
2327 2949 2599 3010 hseretici
2633 2952 2969 3032 excipiunt,
3003 2953 3150 3014 alibi
3172 2973 3316 3016 eon·

1751 3039 2068 3118 tutandi).
2097 3041 2248 3102 Nam
2292 3043 2490 3105 Judoei
2537 3061 2752 3106 omnes
2797 3063 2835 3107 a
2881 3045 3001 3108 fide
3048 3047 3316 3112 descive-

1752 3141 1933 3207 rant3
1989 3134 2320 3196 Christiani
2343 3154 2490 3197 vero
2529 3154 2744 3198 omnes
2787 3139 2864 3200 de
2917 3139 3040 3201 fide
3089 3141 3320 3202 Christi

1750 3225 1925 3287 dubii
1956 3227 2228 3303 fuerant3
2259 3229 2490 3290 etenim
2521 3247 2738 3292 omnes
2766 3231 3036 3311 Apostoli
3067 3232 3313 3295 dubita·

1750 3323 1941 3394 runt;
1973 3337 2124 3399 ergo
2160 3339 2198 3382 a
2229 3321 2468 3384 fortiori
2515 3323 2783 3404 reliqui3
2832 3325 3103 3387 Matthaei
3143 3327 3314 3407 vige-

1746 3411 1905 3472 simo
1934 3419 2108 3488 sexto
2135 3429 2152 3474 :
2191 3412 2408 3479 Omnes
2425 3435 2530 3480 vos
2557 3418 2904 3480 scandalum
2931 3421 3304 3500 patiemini,

1746 3511 1809 3565 et
1846 3504 2010 3566 infra
2054 3527 2070 3569 ε
2130 3508 2578 3590 Disperyentwr
2612 3528 2744 3573 oves
2775 3535 2801 3583 ,·
2845 3509 2954 3572 ubi
3001 3511 3210 3573 Glossa
3239 3517 3256 3552 ¹
3292 3534 3306 3575 :

1746 3599 1833 3662 Id
1866 3603 1979 3672 est,
2026 3599 2098 3662 ab
2139 3600 2374 3666 unitate
2397 3603 2540 3683 fidei
2574 3603 2899 3665 solventur.
2945 3605 3102 3665 Hine
3139 3605 3312 3667 Lueae

1746 3691 2050 3771 vigesimo
2109 3699 2372 3774 quarto:
2437 3695 2584 3762 Visa
2625 3701 2772 3759 sunt
2809 3695 3118 3776 Apostolie
3165 3699 3312 3761 dele·-

1746 3791 2054 3862 ramenta,
2097 3779 2242 3867 quai
2287 3788 2364 3848 de
2409 3787 2632 3848 Christi
2665 3793 3113 3854 resurrectione
3147 3809 3317 3853 nun-

1748 3877 2091 3940 ciabantur.
2125 3881 2313 3941 Marci
2351 3881 2594 3942 decimo
2621 3889 2794 3944 sexto
2823 3899 2840 3942 ε
2887 3883 3310 3965 Εεφνοῠναυίθ

1746 3972 2235 4037 incredulitatem
2265 3991 2487 4037 eorum.
2518 3975 2696 4036 Unde
2729 3976 3115 4055 Augustinus
3145 3979 3302 4040 Psal.

1749 4067 1887 4142 tu,
1921 4066 2242 4146 Apostolos
2291 4067 2584 4129 defecisse
2617 4069 2794 4145 dicit,
2837 4087 2979 4130 cum
3028 4071 3308 4132 nondum

1744 4165 1949 4222 essent
1978 4161 2164 4222 duces
2191 4160 2514 4240 Ecclesiae5
2545 4161 2622 4224 de
2655 4163 2878 4242 quibus
2902 4163 3186 4226 nonnulli
3215 4166 3310 4226 in-

1745 4259 2160 4332 terpretantur
2209 4251 2273 4314 id
2339 4255 2558 4316 Psalm.
2615 4257 2982 4335 sexagesimi
3037 4259 3236 4318 octavi
3290 4277 3304 4318 ε

1743 4347 2097 4423 Defecerant
2137 4347 2296 4410 oculi
2344 4347 2480 4410 mei.
2523 4347 2680 4408 Vide
2726 4348 3117 4410 Ambrosium
3159 4351 3308 4410 cita·

1740 4447 1873 4502 tum
1915 4441 1985 4500 in
2031 4441 2228 4521 capite
2267 4440 2562 4516 Fidelior,
2594 4442 2990 4505 distinctione
3019 4445 3100 4506 50
3130 4461 3147 4504 τ
3195 4443 3308 4510 Fi-

1742 4534 1933 4596 delior
1961 4534 2232 4614 (inquit)
2261 4539 2464 4610 factus
2501 4541 2592 4598 est
2637 4535 2867 4601 Petrus
2893 4543 3216 4622 postquam
3231 4541 3310 4619 fi·

1742 4628 1870 4690 dem
1908 4644 1972 4690 se
2004 4628 2346 4708 perdidisse
2369 4627 2628 4709 deflevit.
2668 4630 2989 4693 Habentur
3011 4633 3141 4695 haec
3169 4651 3308 4695 ver·

1741 4719 1821 4781 ba
1850 4739 2134 4783 sermone
2166 4723 2642 4803 quadragesimo
2679 4726 2960 4802 septimo,

1822 4817 1881 4874 7.
1929 4815 2308 4879 Ture-eorem.
2341 4818 2738 4897 responsiv.—
2758 4817 3089 4899 Rejicitur,
3118 4839 3190 4886 ae
3212 4824 3310 4885 ob·

1726 4907 1988 4988 fectioni
2014 4911 2274 4987 satisfit.
2307 4942 2389 4957 -
2435 4912 2690 4990 Propter
2740 4912 2874 4974 haec
2916 4917 3299 4978 Tur-recrem.

1736 5001 1968 5064 fatetur
2029 5003 2358 5066 Ecclesiam
2413 5005 2481 5064 in
2529 5005 2658 5066 sola
2710 5006 2965 5085 Virgine
3015 5027 3307 5089 perman-

1738 5095 1909 5173 sisse,
1940 5103 2004 5156 et
2051 5097 2118 5156 in
2148 5096 2335 5177 hujus
2375 5097 2622 5176 signum
2666 5107 2842 5178 putat
2879 5101 3299 5164 introductam

1736 5188 1922 5249 fuisse
1954 5189 2125 5250 illam
2155 5190 2434 5252 Ecclesiae
2465 5193 2899 5254 eain-emuniam
2931 5197 3305 5273 extinguen-

1737 5282 1801 5341 di
1848 5283 2136 5344 candelas
2175 5283 2242 5344 in
2281 5275 2611 5344 'matutino
2655 5286 2822 5346 illius
2889 5286 3126 5362 tridui,
3175 5305 3304 5350 una

1818 5473 1835 5508 ¹
1884 5469 2036 5531 Vide
2069 5469 2136 5530 in
2187 5476 2334 5532 tom.
2387 5472 2464 5532 de
2517 5473 2658 5533 Vita
2689 5473 2910 5534 Christi
2943 5518 2958 5545 ,
3011 5475 3165 5554 disp.
3219 5477 3282 5552 t,

1730 5572 1875 5624 sect.
1930 5567 1990 5637 3,
2023 5565 2088 5624 in
2119 5565 2154 5625 3
2183 5565 2410 5642 object.

2907 5675 2982 5736 ¹7
