3900 6217
522 353 641 414 2⁴8

518 463 607 522 tio
638 459 920 520 videatur
947 457 1023 518 de
1068 457 1254 520 modo
1304 457 1615 540 loquendi)
1652 459 1913 520 dubium
1949 477 2076 519 non

1712 359 1947 410 DISPU'I'.
1985 359 2067 410 lx.
2107 357 2186 410 DE
2218 358 2530 412 EchEsm.

2163 466 2348 538 patet.
2411 457 2744 522 Sciendum
2797 474 2942 518 vcro
3005 456 3070 516 in
3118 455 3502 536 corporibus,
3563 479 3684 539 qua».

524 559 614 614 cst
641 551 754 612 hos
784 569 915 612 esse
950 550 1240 612 dicendos
1270 551 1633 632 simpliciter
1661 550 1941 613 membra
1984 570 2080 612 cc·
2158 554 2286 614 vita
2345 552 2552 632 aliqua
2617 551 2884 630 perfecta
2943 549 3200 624 vivunt,
3261 556 3330 610 ut
3390 551 3683 633 sensitiva,

526 645 723 708 clesiae
770 660 786 706 ε
817 642 923 704 illa
958 644 1123 706 enim
1154 645 1587 722 praedictorum
1626 645 2080 707 Catholicorum
2159 645 2335 708 verbi
2357 646 2579 725 gratia,
2607 646 2660 706 si
2692 643 3042 706 membrum
3075 641 3216 703 talis
3245 643 3382 704 vitm
3423 662 3600 724 capax
3623 667 3686 709 ca

527 738 887 819 scrupulosa
932 737 1247 800 distinctio
1270 784 1289 813 ,
1330 739 1519 820 partis
1566 744 1629 800 et
1672 739 1970 814 membri,
2013 739 2080 800 in

530 833 841 914 proposito
883 849 1009 892 non
1048 830 1236 892 habet
1280 831 1781 906 fundamentum,
1810 838 1881 893 ut
1909 832 2082 894 vide-

526 925 735 986 bimus
752 939 775 1002 ;
804 923 981 985 etita
1024 923 1317 1003 opinatur
1351 927 1561 986 Castro
1600 931 1663 987 et
1698 925 1951 1005 Pighius
1979 944 2084 988 su·

530 1037 665 1100 pra,
695 1023 759 1078 et
785 1017 1111 1094 Antonin„
1142 1019 1179 1079 3
1210 1036 1297 1098 p.,
1322 1018 1417 1079 tit.
1450 1019 1551 1094 31,
1582 1037 1639 1080 c.
1672 1023 1729 1084 1.

611 1115 709 1174 11.
760 1111 1021 1193 objectio
1067 1111 1314 1193 triplex.
1346 1112 1721 1192 -Oppones
1750 1130 1767 1174 z
1794 1131 1945 1174 nam
1979 1115 2086 1175 Ec-

530 1205 710 1268 clesia
756 1207 981 1266 Sancta
1020 1210 1147 1278 cst3
1202 1222 1351 1282 ergo
1392 1223 1471 1266 ex
1535 1205 1773 1266 Sanctis
1841 1214 2086 1268 tantum

530 1307 789 1362 constat.
805 1299 1213 1360 Confirmatur
1231 1298 1433 1378 primo
1448 1317 1524 1361 ex
1539 1300 1751 1376 Paulo,
1770 1301 1847 1362 ad
1859 1300 2081 1379 Ephes.

533 1396 571 1456 5
604 1409 619 1452 :
648 1393 793 1458 Non
836 1394 1134 1456 habentem
1172 1393 1497 1469 maculam,
1528 1411 1711 1476 nequo
1750 1412 1989 1477 wycam,
2017 1400 2090 1458 ut

531 1485 618 1550 sit
666 1486 903 1552 Sancta
936 1494 991 1549 et
1026 1487 1442 1562 immaculata,
1473 1494 1618 1562 etc.;
1642 1489 1819 1550 Cant.
1857 1492 1887 1549 1
1937 1505 1956 1550 :
2001 1490 2090 1552 Et

532 1581 773 1645 macula
810 1599 929 1644 non
978 1586 1069 1644 est
1100 1581 1168 1642 in
1199 1584 1275 1642 te.
1306 1579 1721 1655 Confirmatur
1766 1581 2034 1644 secundo
2067 1603 2082 1642 :

532 1692 680 1735 nam
721 1673 991 1735 Ecclesia
1044 1679 1137 1734 est
1188 1691 1409 1754 corpus
1459 1692 1693 1750 unum3
1724 1675 1834 1753 qui
1878 1681 2090 1736 autem

536 1767 734 1846 gratia
788 1773 977 1840 caret,
1034 1771 1317 1826 mortuus
1366 1771 1479 1826 est.
1542 1767 1716 1829 Unde
1769 1768 1949 1846 Hugo
1991 1769 2092 1830 'de

534 1862 759 1922 Sancto
787 1859 1028 1921 Victore
1062 1877 1079 1922 ε
1106 1862 1189 1923 In
1218 1878 1459 1942 corpore
1482 1860 1719 1924 Christi
1744 1860 1907 1922 nihil
1930 1879 2094 1924 mor-

536 1961 707 2018 tuum
734 1961 847 2029 est,
878 1957 1039 2017 sicut
1074 1959 1250 2017 extra
1282 1954 1444 2016 illud
1467 1954 1629 2016 nihil
1656 1955 1829 2018 vivit.
1853 1957 2088 2032 Te1tio,

535 2047 788 2108 tandem
818 2053 1165 2127 peccatores
1204 2065 1329 2108 non
1366 2054 1509 2108 sunt
1561 2046 1677 2107 filii
1724 2048 1857 2120 Dei,
1909 2049 2088 2110 Joan.

539 2143 598 2214 4,
622 2141 883 2203 Roman.
916 2141 978 2216 8,
1021 2145 1083 2202 et
1109 2140 1311 2220 prima
1346 2141 1525 2202 Joan.
1552 2142 1589 2200 3
1606 2155 1627 2218 ;
1660 2159 1806 2220 ergo
1836 2159 1951 2204 nec
1979 2141 2094 2202 filii

532 2233 838 2296 Ecclesiae.
1894 2253 1901 2260 ·

618 2329 715 2390 ⁴2.
742 2329 848 2391 Ad
864 2328 1132 2410 primam
1161 2329 1677 2404 confir-mamam
1710 2329 1777 2390 de
1816 2346 1937 2410 qua
1957 2346 2091 2390 eru-

536 2423 656 2486 dite
694 2423 1091 2488 Justinianus
1138 2426 1341 2484 noster
1388 2439 1451 2484 eo
1497 2422 1641 2484 loco.
1666 2420 1863 2484 —Ad
1886 2440 2092 2484 secun·

536 2517 875 2579 dam—Ad
910 2515 1312 2596 objectionem
1344 2515 1421 2576 de
1450 2516 1771 2576 sanctitate
1812 2514 2094 2576 Ecclesioe

534 2607 697 2670 infra
724 2609 985 2684 dicetur;
1012 2627 1179 2670 nunc
1200 2608 1469 2670 breviter
1494 2608 1896 2688 respondetur
1922 2627 2100 2670 sanc·-

536 2708 663 2762 tam
692 2721 821 2764 esse
856 2702 1249 2784 professione,
1278 2701 1575 2780 religione
1608 2707 1667 2762 et
1710 2701 2011 2763 doctrina.
2043 2704 2096 2766 A

537 2796 860 2876 praecipuis
884 2796 1071 2856 etiam
1100 2795 1379 2874 partibus
1414 2795 1540 2855 suis
1579 2799 1777 2874 potest
1818 2813 1955 2856 cam
1989 2796 2097 2867 de,-

536 2889 1030 2950 nomiuationem
1058 2888 1357 2968 accipere,
1388 2888 1535 2968 quia
1562 2905 1673 2967 per
1714 2907 1778 2948 se
1825 2887 1917 2948 illi
1949 2907 2096 2950 con·

537 2985 708 3046 venit
732 3001 935 3045 creare
960 2984 1213 3046 Sanctos
1227 2999 1247 3060 ;
1278 2989 1621 3063 peccatores
1650 3000 1795 3043 vero
1816 2989 1961 3044 sunt
1984 3001 2094 3062 per

536 3077 841 3154 accidenS,
889 3084 953 3138 et
993 3082 1205 3138 contra
1242 3076 1597 3137 institutum
1638 3076 1793 3154 ejus.
1846 3075 1939 3136 Ad
1967 3075 2096 3154 pri·-

537 3188 704 3232 mam
736 3169 1293 3243 confirmationem,
1326 3169 1527 3248 primo
1556 3168 1881 3229 dicendum
1911 3167 2095 3229 intel-

536 3263 649 3340 ligi
686 3263 791 3324 illa
820 3263 953 3324 loca
984 3263 1061 3324 de
1092 3261 1359 3323 Ecclesia
1387 3261 1811 3341 triumphante
1827 3277 1847 3339 3
1880 3279 2094 3341 passus

538 3363 629 3416 est
652 3357 819 3418 enim
849 3356 1125 3416 Christus
1166 3361 1236 3416 ut
1262 3354 1593 3416 Ecclesiam
1633 3353 1822 3415 talem
1852 3353 2103 3416 exhibe-

540 3457 669 3526 ret,
724 3449 925 3529 qualis
968 3451 1087 3511 erit
1144 3450 1210 3512 in
1268 3449 1487 3528 gloria.
1546 3450 1633 3510 lta
1684 3450 2100 3527 Hieronymus

542 3543 669 3618 ibi,
718 3550 781 3605 et
828 3544 1057 3606 Jcrem.
1110 3546 1177 3606 31
1216 3543 1657 3620 3Bernardus‚-
1698 3561 1882 3602 serm.
1939 3545 1978 3604 3
2023 3541 2100 3605 de

548 3637 718 3700 Festo
748 3639 1031 3698 omnium
1070 3638 1431 3700 Sanctorum
1452 3652 1471 3712 3
1522 3642 1585 3698 et
1622 3637 1689 3697 iu
1720 3637 1881 3696 idem
1936 3636 2099 3697 redit

542 3729 707 3811 quod
754 3730 1167 3806 Augustinus,
1196 3731 1461 3792 secundo
1490 3731 1784 3804 Reti-act„
1816 3747 1949 3809 cap.
1997 3730 2098 3802 18,

541 3831 605 3884 et
630 3825 695 3885 D.
727 3823 1017 3898 Thomas,
1050 3826 1088 3886 3
1118 3843 1207 3904 p.,
1239 3829 1457 3903 quaest.
1481 3825 1542 3890 8.
1564 3829 1682 3884 art.
1716 3826 1777 3898 3,
1807 3823 1886 3884 ad
1924 3827 1978 3897 t,
2005 3822 2098 3883 di-

541 3923 714 3990 cunt,
772 3914 939 3976 illam
1004 3918 1283 3979 Ecclesiae
1340 3919 1673 3997 puritatem
1739 3934 1867 3977 esse
1909 3914 2101 3976 finem

544 4031 728 4091 quem
759 4030 884 4072 non
930 4011 1189 4071 omnino
1217 4009 1284 4070 in
1327 4010 1442 4071 hac
1486 4009 1614 4070 vita
1644 4008 1910 4070 Ecclesia
1937 4027 2101 4069 asse·

541 4106 773 4183 quitur.
820 4103 1101 4167 Secundo
1153 4102 1523 4176 dicendum,
1572 4103 1623 4163 si
1680 4102 1757 4164 de
1796 4101 2102 4164 militante

544 4197 812 4260 Ecclesia
866 4197 1055 4258 verba
1094 4197 1199 4258 illa
1246 4203 1661 4275 exponantur,
1704 4203 1772 4257 ut
1808 4196 2102 4276 intelligit

544 4291 885 4357 Concilium
912 4291 1279 4352 Tcletanum
1306 4291 1407 4366 vt,
1426 4292 1625 4370 capite
1650 4291 1874 4370 primo,
1906 4290 2102 4369 accipi

541 4384 763 4447 debere
798 4384 875 4446 de
918 4390 1047 4445 toto
1095 4389 1343 4464 propter
1370 4383 1711 4462 praecipuas
1752 4389 1976 4463 partes,
2006 4383 2102 4442 ui-

544 4485 771 4538 mirum
798 4478 1015 4556 just03‚
1052 4478 1185 4556 qui,
1230 4476 1373 4537 licet
1396 4475 1697 4536 nonnulla
1728 4482 1971 4555 peccata
1999 4494 2100 4534 ve-

544 4570 731 4630 nialia
763 4587 889 4630 non
919 4587 1058 4630 raro
1099 4568 1389 4643 habeant,
1434 4569 1499 4629 in
1544 4568 1856 4646 Scriptura
1884 4576 2098 4630 tamen

544 4661 859 4724 interdum
891 4663 1185 4722 dicuntur
1222 4661 1633 4736 immaculati,
1672 4661 1897 4722 Psalm.
1931 4663 2005 4722 17
2037 4668 2103 4722 et

546 4756 687 4816 118.
726 4753 901 4828 Quod
944 4755 1327 4833 Augustinus
1370 4754 1492 4814 late
1518 4753 1802 4832 explicat,
1834 4753 1994 4814 libro
2021 4753 2100 4814 de

545 4846 921 4908 Perfectione
954 4848 1248 4927 justitiaee3
1295 4846 1495 4910 solum
1548 4846 1719 4907 enim
1780 4853 2100 4926 peccatum

545 4939 803 5004 mortale
840 4939 1112 5002 maculat
1158 4939 1519 5020 simpliciter
1566 4939 1840 5000 animam
1892 4956 2100 5000 coram

542 5033 689 5094 Deo.
734 5033 829 5096 Ad
874 5033 1207 5094 secundam
1241 5031 1794 5106 confirmationem,
1834 5031 2104 5093 fatemur

545 5132 897 5207 peccatores
923 5145 1052 5188 esse
1086 5126 1379 5188 dicendos
1420 5125 1695 5187 membra
1758 5132 2002 5186 mortua
2043 5132 2106 5186 et

542 5221 924 5301 imperfecta,
964 5226 1035 5280 ut
1057 5220 1330 5300 loquitur
1350 5220 1807 5294 Tridentinum,
1839 5221 2105 5282 sessione

544 5315 608 5388 6,
656 5331 791 5394 cap.
826 5317 887 5390 7,
934 5317 1185 5394 propter
1220 5312 1386 5391 quod
1434 5313 1599 5374 Cano
1626 5318 1690 5374 et
1718 5312 1825 5374 alii
1854 5329 1960 5372 eoa
2001 5330 2106 5373 vo-

549 5412 698 5468 cant
724 5413 952 5486 partes,
982 5411 1047 5467 et
1072 5423 1201 5467 non
1230 5405 1533 5480 membra,
1556 5405 1701 5484 quia
1745 5404 1907 5466 ratio
1928 5423 2108 5466 menc-

534 5499 637 5563 bri
694 5505 788 5562 est
834 5501 1078 5580 proprie
1126 5497 1497 5576 viventium,
1530 5515 1685 5580 pare
1727 5515 1874 5560 vero
1919 5496 2108 5560 latius

2163 749 2389 817 careat,
2425 739 2782 820 simpliciter
2811 739 3016 800 vocari
3053 742 3388 813 mortuum,
3429 743 3686 818 quamvis

2163 839 2430 918 aliquem
2454 833 2762 897 inferioris
2786 832 2930 896 vitae
2949 830 3210 910 gradum
3237 831 3589 911 participem
3615 835 3688 896 sic

2164 948 2389 994 manus
2414 930 2478 991 vi
2509 925 2816 989 sentiendi
2843 931 2906 986 et
2933 923 3221 986 movendi
3267 934 3688 990 cassa-mortua

2168 1025 2415 1099 dicitur,
2442 1019 2726 1102 quamvis
2765 1017 2993 1080 nutriri
3021 1016 3204 1078 modo
3237 1015 3442 1095 aliquo
3483 1020 3686 1096 possin

2167 1123 2514 1200 peccatores
2537 1131 2688 1192 ergo
2711 1112 3004 1192 quoniam
3037 1114 3250 1172 carent
3275 1108 3577 1172 charitatis
3612 1114 3689 1172 vi·

2171 1221 2255 1287 ta,
2281 1229 2420 1292 quae
2453 1216 2544 1274 est
2575 1207 2820 1288 propria
2847 1210 2910 1266 et
2941 1203 3212 1284 perfecta
3252 1203 3380 1264 vita
3417 1204 3690 1283 Ecclesia,

2167 1307 2458 1368 dicuntur
2502 1307 2748 1364 mortua
2777 1297 3052 1360 membra
3069 1313 3100 1374 3
3119 1303 3266 1358 sunt
3293 1302 3496 1356 tamen
3527 1315 3692 1359 mem-

2167 1400 2302 1476 bra,
2327 1398 2474 1478 quia
2495 1413 2621 1456 non
2647 1399 2858 1455 carent
2877 1391 3050 1453 omni
3079 1395 3254 1452 motu
3277 1391 3418 1452 vitae
3441 1391 3694 1470 spiritua—

2168 1494 2266 1569 lia,
2304 1511 2446 1553 cum
2479 1490 2788 1553 retineant
2829 1487 3014 1548 fidem
3035 1531 3058 1560 ,
3111 1503 3224 1564 per
3265 1501 3448 1563 quam
3487 1484 3696 1546 Christo

2169 1588 2520 1670 aliqualiter
2557 1585 3041 1664 conjunguntur.
3069 1579 3380 1654 Quoniam
3415 1597 3552 1640 vero
3584 1581 3696 1642 haec

2170 1683 2320 1745 unio
2347 1679 2706 1760 imperfecta
2741 1683 2858 1752 est,
2891 1674 3054 1736 etad
3083 1673 3352 1734 salutem
3389 1691 3510 1733 non
3553 1675 3698 1734 suffl-

2169 1777 2275 1850 cit,
2317 1775 2456 1837 ideo
2509 1776 2716 1834 Patres
2770 1769 3110 1844 interdum,
3159 1773 3221 1827 et
3273 1769 3698 1846 comparatione

2169 1870 2332 1932 facta
2351 1868 2427 1930 ad
2451 1869 2673 1946 justos,
2697 1873 2758 1925 ct
2787 1864 2865 1924 ad
2891 1860 3397 1940 exaggerandam
3435 1861 3696 1923 miserum

2174 1967 2563 2043 peccatorum
2593 1965 2847 2031 statum,
2875 1956 3016 2016 illos
3039 1955 3334 2016 videntur
3350 1955 3697 2016 'constituere

2175 2063 2348 2118 extra
2383 2053 2748 2126 Ecclesiam3
2799 2051 2886 2112 ita
2927 2048 3176 2109 videtur
3215 2047 3387 2126 loqui
3425 2047 3700 2108 Eutichia-

2175 2167 2292 2210 nus
2335 2150 2498 2226 Papa
2518 2192 2537 2223 ,
2581 2144 2834 2226 epistola
2880 2145 2920 2204 2
2963 2141 3289 2217 decretali3
3327 2141 3696 2218 Augustinus,

2179 2249 2202 2304 1
2255 2248 2472 2304 contra
2513 2240 2932 2313 cresconium,
2981 2255 3116 2315 cap.
3169 2237 3250 2296 32
3269 2279 3288 2310 ,
3339 2242 3402 2294 et
3455 2235 3602 2295 libro
3639 2236 3700 2296 de

2176 2337 2510 2418 Baptismo,
2543 2353 2668 2395 non
2708 2332 2895 2396 semel
2921 2353 2940 2406 3
2973 2348 3048 2391 ex
3078 2329 3242 2390 libro
3275 2334 3482 2390 tamen
3505 2331 3562 2400 7,
3583 2347 3696 2408 cap.

2175 2433 2276 2506 5⁴,
2306 2430 2440 2508 ejus
2481 2426 2796 2504 colligitur
2820 2442 3058 2499 sensus,
3103 2441 3251 2483 cum
3295 2423 3500 2484 scribit
3539 2421 3702 2481 bonos

2174 2524 2261 2584 sic
2291 2540 2422 2583 esse
2449 2521 2514 2580 in
2543 2520 2729 2580 domo
2757 2519 2882 2589 Dei,
2913 2535 3051 2597 quoe
3081 2521 3176 2578 est
3199 2515 3487 2592 Ecclesia,
3521 2523 3582 2575 ut
3605 2515 3701 2594 ipsi

2175 2616 2299 2678 sint
2325 2616 2544 2676 domus
2569 2612 2697 2685 Dei,
2740 2610 2936 2672 malos
2963 2611 3052 2670 sic
3084 2627 3218 2670 esse
3243 2610 3310 2670 in
3337 2608 3610 2682 Ecclesia,
3649 2613 3704 2667 ut

2174 2717 2384 2770 tamen
2429 2725 2554 2768 non
2601 2706 2728 2766 sint
2774 2705 2880 2764 Dei
2921 2703 3180 2779 ‹lomus3
3249 2707 3314 2762 et
3367 2706 3540 2763 tract.
3584 2703 3616 2761 3
3650 2701 3705 2760 in

2174 2804 2500 2876 Joaiincm,
2543 2801 2632 2860 ait
2672 2803 3018 2878 peccatores
3069 2813 3202 2855 esse
3231 2795 3300 2854 in
3351 2795 3624 2864 Ecclesia,
3649 2797 3705 2854 ut

2177 2899 2450 2959 humores
2505 2897 2814 2971 corruptos
2847 2888 2915 2950 in
2966 2905 3208 2966 corpore
3225 2911 3251 2960 ;
3303 2887 3396 2948 sic
3435 2888 3605 2947 ctiam
3634 2888 3704 2947 lo-

2176 2988 2390 3069 quitur
2437 2985 2760 3058 Eusebius,
2812 2984 2852 3044 6
2897 2981 2974 3042 de
3007 2982 3427 3042 Demonstrat.
3451 2981 3698 3056 Evang.,

2173 3099 2308 3160 cap.
2345 3082 2419 3142 18
2439 3101 2456 3154 ;
2497 3079 2861 3159 Cyprianus,
2891 3075 2998 3136 lib.
3033 3078 3092 3149 1,
3125 3074 3388 3154 epistola
3431 3075 3470 3134 6
3507 3073 3580 3134 ad
3601 3073 3704 3134 Ma·

2175 3193 2366 3253 gnum
2389 3219 2408 3248 ,
2457 3180 2518 3234 et
2565 3171 2673 3233 alii
2723 3187 2876 3250 quos
2917 3167 3168 3244 Hosius,
3221 3168 3386 3228 libro
3444 3170 3482 3228 5
3527 3171 3706 3228 cont-ra

2179 3267 2526 3341 Brentium,
2567 3267 2879 3335 Torret-r„
2911 3261 3022 3322 lib.
3049 3265 3113 3336 9,
3143 3262 3352 3339 capite
3381 3263 3480 3335 57,
3525 3266 3580 3320 et
3619 3259 3706 3318 Ca·

2181 3379 2286 3434 no,
2319 3359 2360 3422 l.
2389 3362 2452 3434 4,
2501 3377 2559 3419 c.
2605 3360 2666 3432 3,
2716 3357 3014 3418 referunt.
3051 3354 3144 3414 Ad
3191 3353 3480 3414 ultimam
3519 3351 3708 3413 confir-

2182 3453 2544 3526 mationem,
2591 3449 2998 3530 rcspondetur
3039 3465 3262 3508 verum
3321 3463 3448 3506 esse
3473 3491 3490 3519 ,
3535 3443 3708 3505 nullos

2177 3561 2308 3606 esse
2336 3545 2496 3606 filios
2515 3545 2620 3605 Dei
2639 3544 2744 3623 qui
2773 3559 2900 3602 non
2930 3541 3058 3602 sint
3081 3539 3274 3600 etiam
3299 3538 3414 3598 filii
3433 3536 3708 3608 Ecclesia,

2181 3645 2242 3697 et
2290 3639 2408 3700 hoc
2447 3637 2648 3698 solum
2701 3635 2856 3696 velle
2899 3632 3322 3713 Cypriauum;
3375 3637 3630 3692 attamen
3655 3629 3710 3686 in

2181 3731 2445 3792 Ecclesia
2471 3747 2594 3791 non
2649 3747 2779 3790 csse
2807 3727 3008 3790 solum
3045 3726 3152 3786 Dei
3177 3724 3364 3798 filim,
3413 3725 3514 3783 sed
3547 3721 3708 3781 etiam

2180 3840 2326 3884 vasa
2355 3824 2487 3899 irai,
2527 3829 2598 3884 ut
2623 3823 2773 3883 dic-it
2793 3819 3040 3892 Paulus»,
3065 3819 3334 3878 Roman.
3364 3818 3428 3878 9.
3453 3811 3714 3887 Quamvis

2182 3934 2398 3978 omncs
2420 3916 2632 3978 fideles
2657 3922 2906 3995 possent
2945 3909 3408 3991 quodammodo
3449 3906 3564 3968 dici
3593 3903 3711 3975 filii,

2182 4011 2310 4069 sive
2339 4011 2579 4072 ratione
2620 4008 2766 4069 fidei
2815 4012 2877 4067 et
2923 4005 3240 4076 doctrinae,
3289 4003 3420 4063 sive
3445 3999 3620 4062 etiam
3647 3995 3712 4055 ob

2180 4103 2714 4181 regenerationem
2737 4146 2756 4177 ,
2787 4101 2842 4160 si
2879 4097 3170 4178 baptizati
3215 4101 3388 4156 sunt.
3427 4093 3573 4153 Vide
3611 4090 3714 4150 Au-

2180 4196 2528 4276 gustinum,
2576 4195 2736 4256 libro
2783 4198 2998 4254 contra
3045 4189 3417 4251 petilianum
3443 4233 3456 4258 ,
3490 4190 3549 4246 et
3587 4179 3714 4242 alibi

2181 4308 2307 4351 non
2336 4308 2503 4351 raro.

2263 4384 2360 4444 13.
2397 4383 2634 4457 Quarta
2661 4379 2882 4463 opinio·
2917 4413 2998 4424 -·
3031 4376 3328 4451 Quomodo
3342 4372 3628 4452 probetur.
3651 4399 3714 4411 -

2179 4476 2432 4549 Quarto,
2473 4482 2694 4554 praeter
2719 4490 2956 4534 errores
2989 4473 3230 4543 citatos,
3263 4472 3408 4526 sunt
3450 4464 3602 4523 inter
3625 4460 3717 4519 Ca·

2181 4567 2440 4628 tliolicos
2465 4567 2604 4628 aliae
2635 4565 2976 4638 sententias,
3007 4580 3150 4642 quae
3183 4565 3410 4640 proeter
3437 4555 3614 4616 fidem
3637 4569 3716 4610 re-

2181 4661 2440 4740 quirunt
2461 4661 2526 4720 in
2555 4659 2846 4719 membris
2871 4654 3154 4717 Ecclesioe
3181 4651 3514 4732 quamdam
3540 4652 3716 4706 exter-

2179 4773 2327 4814 nam
2355 4754 2880 4833 eonjunctionem,
2911 4757 2972 4811 et
2995 4751 3158 4810 inter
3186 4753 3286 4808 se‘
3322 4756 3386 4806 et
3405 4759 3544 4804 oum
3575 4738 3716 4816 capi-

2179 4852 2260 4908 te.
2278 4847 2628 4908 Excludnnt
2645 4846 2837 4924 igitur
2849 4844 2930 4905 ab
2943 4841 3214 4904 Ecclesia
3226 4834 3630 4901 schismaticos
3641 4834 3715 4888 at-

2185 4957 2304 5018 quc.
2327 4939 2911 5002 excommunicatos.
2933 4938 3010 4997 Et
3035 4935 3193 4996 ratio
3207 4949 3336 4994 esse
3356 4933 3572 5010 potest,
3589 4923 3716 5001 quia

2181 5031 2388 5093 unitas
2431 5030 2736 5106 Ecclesiae,
2767 5031 2974 5090 unitas
3019 5033 3112 5090 est
3149 5026 3334 5087 unius
3369 5014 3712 5099 Reipublicae

2270 5222 2286 5259 ¹
2323 5220 2390 5280 ln
2436 5219 2533 5280 his
2583 5225 2675 5280 est
2723 5217 2973 5291 Bellar„
3021 5214 3063 5277 l.
3110 5216 3148 5276 ὃ
3185 5212 3262 5272 de
3307 5206 3558 5277 Eccles„
3605 5201 3714 5263 c.5

2186 5318 2250 5373 et
2287 5313 2373 5388 63
2406 5313 2613 5386 Azor.,
2643 5318 2798 5372 tom.
2831 5314 2894 5385 9,
2921 5309 2965 5370 l.
3011 5311 3072 5383 5,
3104 5325 3160 5368 c.
3195 5307 3296 5377 20,
3327 5321 3390 5380 q.
3419 5301 3494 5376 43
3535 5291 3708 5376 quoad

2187 5404 2455 5468 schisma
2497 5404 2760 5467 Michael
2801 5405 2880 5465 de
2920 5401 3138 5477 Anin„
3164 5398 3232 5459 in
3257 5403 3413 5456 tom.
3455 5395 3492 5454 3
3527 5391 3713 5459 tract„

2191 5515 2252 5580 p.
2283 5500 2348 5576 2,
2373 5517 2429 5560 c.
2454 5499 2516 5562 7.
