3900 6217
575 389 696 450 594

576 492 745 569 gitur
791 488 1257 570 inquisitoribus
1299 492 1371 547 ut
1421 491 1632 547 contra
1674 482 1786 544 hos
1825 486 2137 560 suspectos

571 585 737 664 juste
784 590 845 643 et
907 588 1070 644 recte
1135 580 1489 660 procedant,
1540 577 2001 658 imponiturque
2047 573 2135 634 eis

577 695 760 756 poena
790 677 840 736 si
873 677 936 736 in
962 675 1080 735 hoc
1100 674 1407 735 deficiant.

654 773 714 832 ’7.
759 768 862 831 An
892 771 1077 831 denuo
1101 772 1412 849 suspectus
1439 765 1801 827 vehementer
1825 763 1894 824 de
1923 759 2139 822 Itoeresi

573 869 751 926 antea
789 864 1095 942 abjurata,
1135 864 1222 923 eit
1259 857 1924 940 relapsus.—-Primus
1956 870 2135 916 casus

571 961 640 1022 in
679 959 784 1021 Ιιοσ
825 959 1017 1019 dubio.
1040 988 1122 1002 —-
1147 952 1594 1018 consectarium
1630 966 1752 1032 pro
1794 947 2135 1025 fautoribus

571 1055 1003 1133 suspectorum.
1031 1079 1112 1093 —
1139 1047 1349 1108 Solum
1395 1047 1672 1124 superest
1708 1041 2014 1120 explicare
2050 1054 2134 1098 an

573 1144 699 1219 ille,
737 1144 843 1224 qui
880 1143 1046 1223 prius
1077 1139 1432 1201 solemniter
1467 1135 1780 1214 abjuravit
1815 1132 2131 1205 haeresim,

573 1245 634 1300 et
663 1243 870 1317 postea
898 1237 1124 1295 iterum
1149 1232 1502 1306 damnatur,
1533 1235 1605 1290 ut
1634 1227 2032 1289 vehementer
2056 1224 2134 1286 de

573 1329 679 1391 illa
726 1335 1058 1410 suspectuS,
1103 1314 1724 1404 tanquam'relapsus
1764 1317 2135 1400 judicandus

574 1425 672 1486 sit.
701 1422 905 1484 Potest
934 1427 1142 1482 autem
1169 1419 1398 1498 duplex
1427 1433 1554 1477 esse
1585 1413 1932 1495 praecedens
1962 1411 2137 1491 abju-

571 1517 753 1577 ratio·
792 1514 924 1576 Una
961 1520 1053 1574 est
1092 1518 1334 1573 tantum
1365 1509 1442 1570 de
1479 1506 1857 1580 vehementi,
1891 1504 2015 1566 alia
2048 1508 2141 1564 est

574 1609 651 1670 de
679 1609 920 1682 haeresi,
959 1607 1034 1667 dc
1065 1625 1186 1687 qua
1223 1604 1364 1684 quis
1400 1602 1716 1664 convictus
1745 1605 1836 1660 est
1867 1598 1962 1660 vel
1996 1615 2141 1658 con-

572 1703 783 1764 fessus.
817 1701 1072 1775 Quando
1101 1699 1406 1777 praeccssit
1437 1695 1745 1774 abjuratio
1780 1698 2027 1752 tantum
2062 1689 2138 1752 de

575 1793 950 1870 vehementi,
999 1795 1376 1871 subsequens
1430 1788 1692 1868 suspicio
1739 1785 1961 1847 similis
2006 1785 2139 1845 sine

575 1889 762 1950 dubio
796 1907 919 1949 non
939 1886 1162 1947 sufficit
1188 1885 1263 1944 ad
1294 1884 1627 1962 relapsum,
1654 1887 1799 1960 quia
1821 1880 1886 1939 in
1915 1883 2139 1939 neutro

577 2001 722 2045 casu
757 1981 1007 2042 haeresis
1038 1987 1128 2041 est
1156 1978 1526 2040 sufficienter
1556 1975 1832 2054 probata.
1869 1973 1946 2032 Et
1976 1971 2137 2044 ideo,

575 2078 640 2137 in
692 2094 826 2155 cap.
872 2073 1234 2143 Accusatus,
1276 2055 1492 2151 parag‘.
1533 2069 1678 2144 Ille,
1716 2067 1792 2127 de
1827 2065 2136 2137 Haeretic„

575 2173 642 2232 in
671 2171 731 2240 6,
765 2169 992 2229 dicitur
1017 2168 1090 2227 ad
1114 2165 1444 2244 relapsum,
1475 2161 1889 2222 necessarium
1913 2175 2042 2218 esse
2069 2161 2142 2216 ut

578 2262 654 2324 de
699 2264 921 2322 haeresi
971 2259 1316 2320 constiterit
1356 2255 1455 2316 vel
1509 2261 1768 2330 constet,
1813 2260 1883 2313 ut
1928 2257 2141 2331 postea

529 2379 532 2384 ·
580 2357 716 2436 quis
745 2356 1074 2416 damnetur
1091 2357 1162 2411 ut
1185 2348 1497 2429 relapsus3
1521 2350 1624 2408 sed
1645 2348 1713 2408 in
1735 2364 1810 2407 eo
1837 2361 1981 2406 casu
2010 2361 2140 2404 non

577 2455 838 2524 constat,
867 2467 982 2508 nec
1004 2445 1280 2506 constitit
1299 2444 1375 2504 de
1399 2443 1640 2515 litei-esi,
1663 2441 1768 2502 sed
1792 2445 2033 2499 tantum
2064 2437 2142 2498 de

577 2543 918 2624 suspicione
962 2541 1136 2618 ejus;
1189 2555 1336 2616 ergo
1378 2541 1444 2596 ‘m
1486 2553 1558 2596 eo
1601 2551 1742 2594 casu
1787 2550 1912 2593 non
1960 2529 2144 2591 debet

579 2635 798 2715 aliquis
838 2634 1104 2714 judicari
1140 2631 1436 2710 relapsus.
1493 2627 1664 2690 Unde
1713 2626 1900 2687 etiam
1941 2624 2143 2683 obiter

579 2727 886 2808 colligitur
921 2728 1228 2787 fautorem
1267 2723 1425 2802 ejuS,
1457 2722 1564 2802 qui
1595 2721 1792 2781 solum
1823 2719 1940 2778 fuit
1968 2717 2144 2777 dam-

578 2831 761 2884 natus
788 2833 856 2885 ut
885 2826 1196 2901 suspectus
1224 2819 1300 2879 de
1329 2817 1704 2888 vehementi,
1731 2832 1858 2875 non
1883 2813 2016 2873 fieri
2046 2830 2143 2874 re-

577 2917 842 2996 lapsum,
871 2917 1015 2995 quia
1038 2911 1398 2993 simpliciter
1419 2928 1546 2971 non
1583 2915 1674 2970 est
1709 2908 1915 2969 fautor
1948 2907 2143 2968 haere·

575 3013 706 3085 tici,
740 3012 814 3070 de
843 3027 966 3090 quo
1003 3013 1280 3081 constet;
1317 3007 1445 3066 imo
1486 3004 1589 3064 ille
1629 3003 1770 3063 talis
1798 3002 2002 3062 tautor
2028 3017 2145 3060 nec

578 3121 900 3164 censuram
945 3102 1252 3181 propriam
1289 3097 1550 3159 fautoris
1579 3095 2012 3158 haereticorum
2048 3093 2143 3152 in—

579 3197 788 3270 currit,
824 3202 894 3255 ut
921 3194 1048 3254 dixi
1083 3196 1151 3254 in
1191 3198 1358 3253 tomo
1391 3193 1453 3266 5,
1499 3189 1724 3268 disput.
1758 3190 1860 3263 21,
1899 3193 2045 3248 sect.
2077 3187 2140 3260 2,

579 3306 839 3349 numero
885 3289 982 3359 14,
1033 3292 1096 3347 et
1135 3285 1411 3364 sequitur
1453 3285 1630 3344 Sanc.
1639 3327 1661 3359 ,
1699 3281 1862 3342 dicto
1899 3297 2031 3360 cap.
2081 3281 2139 3353 1,

579 3401 755 3444 num.
787 3383 883 3456 14,
916 3387 978 3441 et
1004 3381 1192 3440 sentit
1217 3379 1470 3450 Navar.‚
1497 3378 1562 3436 in
1585 3395 1714 3454 cap.
1743 3377 1822 3435 27
1845 3375 2139 3446 Summoe,

578 3494 753 3536 num.
789 3477 888 3537 55.
927 3475 1005 3534 At
1037 3491 1182 3534 vero
1217 3470 1466 3551 quando
1505 3468 1811 3550 praecessit
1837 3465 2142 3544 abjuratio

578 3569 827 3630 haeresis
851 3567 1224 3628 sufficienter
1244 3565 1542 3645 probatae,
1567 3570 1628 3623 ct
1654 3562 1932 3640 sequitur
1959 3558 2142 3620 vehe-

577 3679 755 3722 mens
781 3661 1066 3740 suspiciO,
1103 3677 1196 3720 res
1219 3659 1468 3719 videtur
1494 3656 1705 3730 dubia,
1738 3654 1884 3734 quia
1909 3654 1958 3712 si
1987 3671 2144 3732 prte-

577 3757 753 3816 cedat
781 3753 1087 3832 abjuratio
1121 3753 1197 3812 de
1241 3749 1616 3824 vehementi,
1661 3757 1722 3809 et
1765 3753 1975 3826 postea
2012 3745 2150 3824 quis

579 3850 908 3910 damnetur
930 3853 999 3906 ut
1017 3845 1336 3907 convictus
1366 3844 1443 3904 de
1464 3843 1706 3917 haeresi,
1733 3841 2008 3921 relapsus
2033 3843 2145 3912 est,

577 3949 648 4000 ut
675 3947 765 4000 est
803 3955 1152 4019 expressum
1193 3939 1258 3998 in
1287 3937 1454 4016 jure,
1495 3939 1679 4015 prout
1705 3951 1891 4014 supra
1919 3932 2147 4008 allega-

573 4041 709 4094 tum
739 4038 831 4094 est
859 4055 876 4108 3
911 4049 1057 4110 ergo
1094 4031 1259 4091 idem
1299 4031 1442 4105 erit,
1484 4030 1534 4089 si
1577 4030 1898 4104 contingat
1928 4025 2145 4085 ordine

575 4132 957 4188 commutato
978 4142 999 4204 ;
1033 4132 1093 4186 et
1117 4126 1294 4205 juvat
1320 4124 1522 4184 dictus
1547 4121 1971 4202 paragraphus
1996 4119 2142 4195 Ille,

577 4221 685 4282 ubi
716 4221 886 4300 prins
905 4219 1218 4280 convictus
1243 4218 1318 4278 de
1349 4217 1570 4277 haeresi
1601 4233 1788 4295 quam
1808 4213 2142 4292 abjuravit,

573 4316 626 4374 si
666 4319 876 4393 postea
914 4311 1208 4392 probetur
1251 4311 1452 4370 fautor
1495 4310 1955 4376 haereticorum,
1990 4307 2146 4366 rela-

575 4425 721 4486 psus
769 4407 1104 4485 judicatur,
1165 4422 1307 4464 cum
1360 4410 1569 4464 tamen
1625 4402 1832 4461 fautor
1885 4419 2007 4460 nou
2068 4399 2148 4459 sit

574 4499 923 4574 haereticuS,
967 4498 1070 4558 sed
1101 4503 1415 4575 suspectus
1444 4497 1520 4556 de
1548 4495 1791 4555 haeresi.
1825 4494 2146 4554 Nihilomi-

578 4611 694 4654 nus
730 4591 1239 4670 distinguendum
1279 4607 1536 4650 censeo:
1577 4607 1723 4649 nam
1760 4588 1830 4648 in
1861 4593 2143 4666 suspecto

581 4687 703 4748 duo
731 4684 1102 4747 considerari
1127 4690 1379 4764 pos-unt
1405 4700 1421 4743 :
1449 4701 1648 4743 unum
1681 4689 1771 4743 est
1792 4682 1920 4742 sola
1947 4682 2142 4760 suspi-

580 4782 674 4841 cio
685 4802 702 4854 3
733 4780 900 4840 aliud
923 4785 1014 4839 est
1039 4781 1272 4838 crimen
1297 4777 1574 4856 aliquod,
1603 4795 1668 4837 m
1695 4794 1819 4855 quo
1844 4775 2146 4836 fundatur

580 4873 864 4954 suspicio.
894 4873 1038 4932 Dico
1053 4889 1200 4950 ergo
1223 4879 1474 4951 propter
1491 4870 1683 4932 solam
1709 4869 2141 4949 suspicionem,

580 4972 649 5025 nt
675 4969 781 5041 sic,
815 4983 940 5024 non
971 4963 1106 5024 fieri
1136 4963 1408 5042 aliquem
1441 4963 1773 5042 relapsum.
1815 4961 2139 5036 Probatur,

577 5061 723 5138 quia
751 5077 878 5120 non
921 5057 1296 5118 sufficienter
1332 5056 1830 5120 convincitur³de
1872 5054 2143 5116 secundo

573 5151 744 5231 lapsu
775 5171 791 5224 ;
835 5169 982 5229 ergo
1021 5169 1134 5212 uec
1171 5151 1249 5210 de
1277 5148 1562 5228 relapsu3
1597 5167 1746 5227 ergo
1781 5167 1906 5208 non
1945 5155 2145 5227 potest

573 5245 783 5324 puniri
812 5245 1125 5305 ordinaria
1161 5261 1340 5322 poeua
1363 5243 1607 5321 relapsi.
1642 5245 1710 5302 ln
1740 5259 1863 5322 quo
1892 5251 1985 5303 est
2016 5259 2146 5303 ma·

571 5357 696 5418 gna
719 5337 1070 5398 differentia
1089 5339 1250 5397 inter
1276 5337 1440 5396 hunc
1468 5347 1530 5395 et
1553 5337 1726 5396 illum
1755 5339 1862 5416 qui
1887 5338 2143 5397 convin-

573 5433 730 5490 citur
758 5431 834 5492 dc
863 5431 1132 5491 secundo
1161 5429 1358 5509 lapsu.
1391 5431 1472 5489 At
1499 5447 1645 5490 vero
1673 5431 1914 5495 ratione
1935 5430 2144 5495 delicti

571 5525 638 5585 in
662 5541 788 5603 quo
815 5523 1113 5586 fundatur
1141 5522 1427 5602 auspiciu,
1460 5527 1662 5601 potest
1689 5523 1826 5602 quis
1853 5523 2137 5587 damnari

1099 389 1335 444 mspu‘r.
1371 387 1546 440 xxw.
1581 387 1666 438 AD
1697 385 1856 448 Quos
1890 381 2352 434 ExTENnANTUR
2386 381 2595 433 POENAE.
2626 377 3099 438 nssunnconuu,
3134 377 3265 431 me.

2216 484 2287 538 ut
2340 477 2639 559 relapsus,
2694 477 2945 557 quando
2984 483 3047 538 et
3093 476 3167 536 de
3212 474 3319 535 illo
3355 474 3559 536 delicto
3596 495 3715 539 con-

2218 572 2508 647 vincitur,
2562 577 2623 632 et
2666 571 2807 632 talis
2852 587 3037 649 poena
3077 570 3144 629 in
3192 585 3265 630 eo
3310 585 3447 628 casu
3486 575 3567 628 est
3600 571 3717 647 jure

2214 670 2465 770 statuta,
2488 666 2660 726 etita
2684 664 2959 745 procedit
2977 662 3141 742 quod
3172 661 3251 722 de
3286 661 3509 724 fautore
3526 661 3720 740 allega-

2216 775 2448 819 vimus„

2842 966 3058 1019 SECTlo
3092 967 3175 1017 111.

2225 1189 2447 1253 Utrum
2468 1205 2659 1270 ρωποι
2696 1188 3113 1250 lim-eticorum
3168 1187 3237 1246 in
3264 1203 3458 1248 eorum
3480 1185 3624 1266 filios
3654 1188 3725 1248 vel

2694 1288 2929 1362 nepotes
2964 1279 3311 1342 redundent.

2302 1526 2359 1585 1.
2404 1521 2661 1586 Notatio
2690 1519 2949 1598 duplicis
2976 1517 3135 1582 modi
3172 1516 3641 1580 redundanat.—
3662 1517 3729 1578 De
3825 1571 3826 1576 ,

2213 1617 2541 1700 posteriori
2568 1620 2657 1677 est
2697 1613 2969 1693 qaeestio,
3010 1631 3081 1675 ac
3136 1613 3206 1674 de
3243 1613 3511 1689 facto.—
3530 1609 3729 1671 Duobus

2221 1711 2417 1772 modis
2456 1715 2709 1788 possunt
2740 1707 2835 1767 hae
2890 1723 3085 1785 poenae
3122 1703 3465 1766 redundare
3489 1703 3550 1762 in
3582 1703 3724 1763 filios.

2220 1805 2449 1878 Primo,
2480 1801 2656 1881 quasi
2685 1817 2757 1862 ex
2795 1807 3021 1860 natura
3049 1800 3139 1860 rei
3174 1815 3289 1876 per
3312 1794 3623 1874 quamdam
3646 1815 3729 1856 nc-

2221 1898 2546 1959 cessariam
2575 1894 3093 1958 consecutionem,
3118 1898 3181 1952 et
3198 1889 3395 1950 hocin
3424 1887 3729 1966 disputatio-

2220 2009 2364 2052 nem
2395 2007 2521 2050 non
2552 1989 2745 2062 venit,
2774 1988 2925 2066 quia
2950 1992 3043 2046 est
3068 1983 3219 2063 quid
3250 1981 3419 2056 facti,
3447 1997 3563 2039 non
3586 1980 3726 2059 juris3

2222 2090 2285 2146 et
2309 2084 2455 2162 quia
2489 2081 2741 2141 evidens
2764 2086 2855 2140 est
2887 2078 3045 2138 filios
3072 2078 3141 2138 in
3180 2079 3446 2154 egestate
3490 2074 3730 2132 constitui

2220 2181 2471 2256 propter
2510 2191 2755 2255 poenam
2804 2170 3261 2232 confiscationis
3304 2167 3531 2228 illatam
3556 2183 3732 2246 paren·

2218 2269 2407 2343 tibus,
2440 2273 2503 2329 et
2556 2265 2919 2328 contrahere
2970 2263 3299 2323 infamiam
3346 2259 3491 2319 facti
3529 2264 3733 2337 propter
3825 2325 3826 2332 ἵ

2223 2361 2531 2442 publicam
2566 2360 2755 2440 patris
2780 2357 3215 2436 ignominiam.
3260 2353 3395 2414 Alio
3418 2369 3557 2430 ergo
3586 2350 3732 2410 modo

2224 2454 2721 2516 communicatur
2770 2451 2903 2511 filio
2952 2468 3133 2528 poena
3188 2452 3437 2527 propter
3492 2443 3731 2504 haeresim

2222 2549 2433 2629 patris,
2460 2548 2714 2620 directe,
2739 2551 2800 2604 et
2818 2563 2895 2605 ex
2914 2543 3157 2624 speciali
3179 2541 3345 2621 juris
3366 2539 3729 2618 dispositione,

2224 2653 2285 2701 et
2311 2641 2375 2700 in
2404 2639 2521 2700 hoc
2552 2657 2735 2700 sensu
2765 2643 3062 2698 tractatur
3088 2637 3373 2715 quaestio,
3402 2651 3534 2712 quae
3574 2636 3733 2710 potest

2222 2751 2351 2794 esse
2380 2738 2441 2792 et
2484 2731 2561 2793 de
2598 2737 2897 2812 potestate
2925 2731 3011 2790 sic
3036 2729 3341 2808 puniendi
3369 2726 3541 2800 filios,
3582 2729 3635 2784 et
3672 2723 3732 2782 de

2222 2823 2404 2886 fact0.
2442 2825 2524 2885 De
2550 2825 2736 2905 priori
2754 2829 2927 2903 purte
2962 2823 3121 2883 nihil
3146 2822 3254 2882 hic
3283 2821 3505 2886 dicam.
3536 2819 3661 2896 quia
3682 2817 3733 2876 in
3825 2833 3826 2836 ¹

2222 2918 2640 2997 superioribus
2660 2924 2826 2978 tacta
2844 2931 2936 2977 est
2962 2915 3208 2994 agendo
3224 2915 3302 2975 de
3324 2911 3730 2982 confiscatione3

2222 3011 2311 3070 ibi
2342 3012 2507 3071 enim
2542 3011 2815 3076 diximus
2853 3011 3021 3088 juste
3075 3025 3257 3089 posse
3288 3013 3519 3087 patrem
3564 3002 3735 3084 puniri
3825 3047 3826 3060 ³

2222 3104 2289 3164 in
2333 3104 2462 3164 filio
2506 3111 2803 3184 tanquam
2833 3104 2899 3163 in
2926 3121 2997 3162 re
3023 3119 3162 3176 sna,
3206 3101 3308 3162 vel
3358 3099 3551 3161 filium
3594 3113 3735 3176 posse
3825 3157 3826 3166 ἶ

2223 3197 2433 3275 puniri
2456 3197 2537 3257 ob
2566 3197 2799 3260 crimen
2854 3196 3047 3276 patris
3098 3203 3358 3275 propter
3381 3191 3542 3253 iliius
3574 3191 3737 3268 gravi·

2224 3294 2439 3363 tatem,
2470 3295 2532 3350 et
2560 3289 2636 3350 ad
2666 3294 2964 3350 terrorem
3002 3287 3385 3368 reipublicae,
3416 3292 3477 3346 et
3516 3291 3629 3344 tam
3654 3299 3737 3360 pa-

2222 3391 2471 3445 rentum
2518 3401 2707 3462 quam
2756 3382 3053 3442 tiliorum.
3086 3381 3265 3455 Quod
3312 3388 3517 3441 tamea
3551 3376 3737 3439 intelli-

2223 3477 2495 3555 gendum
2530 3483 2622 3536 est
2650 3493 2775 3536 non
2801 3475 3233 3536 indifferenter
3266 3474 3343 3534 de
3376 3474 3537 3533 omni
3562 3487 3733 3550 poena,

2222 3569 2329 3630 sed
2354 3569 2545 3644 civili,
2576 3576 2636 3630 et
2676 3567 3135 3629 accommodata
3178 3565 3625 3640 hominibuS,et
3652 3579 3735 3641 po-
3824 3563 3826 3616 j

2233 3661 2439 3720 testati
2471 3661 2784 3736 humanae,
2814 3673 2884 3720 ut
2908 3660 3067 3721 bene
3102 3661 3369 3736 notavit,
3404 3660 3553 3719 hanc
3575 3671 3735 3734 quaes-

2230 3755 2466 3814 tionem
2518 3753 2703 3815 latius
2748 3771 3148 3834 pto-sequena,
3188 3755 3421 3827 Castro,
3464 3751 3563 3811 lib.
3615 3751 3645 3808 2
3678 3745 3737 3805 dc

2230 3847 2404 3908 Justa
2442 3847 2725 3910 Haeretic.
2750 3850 2981 3926 punit„
3012 3865 3048 3906 a
3076 3865 3215 3926 cap.
3250 3848 3322 3921 9;
3359 3853 3419 3906 et
3444 3845 3734 3910 SimancaS,

2236 3942 2325 4002 tit.
2356 3941 2435 4001 29
2463 3947 2615 4017 tot0‚
2661 3948 2723 4002 et
2748 3940 2855 4002 alii
2884 3941 3049 4002 infra
3080 3940 3339 4001 citandi.
3380 3937 3579 4000 Solum
3620 3948 3735 4010 eigo
3825 3943 3826 3946 ’

2226 4042 2316 4095 est
2344 4035 2605 4114 quaestio
2626 4036 2701 4096 de
2729 4035 2913 4110 facto,
2944 4034 3006 4094 id
3033 4041 3147 4110 est,
3181 4031 3489 4114 quomodo
3512 4029 3733 4090 Ecclesia
3825 4051 3826 4054 ¹

2224 4126 2339 4188 hos
2370 4128 2526 4188 lilios
2555 4129 2792 4208 puniat.

2310 4225 2365 4283 2.
2412 4220 2635 4284 Paeima
2660 4223 3105 4303 suppositio.—-
3120 4223 3193 4282 In
3226 4239 3351 4300 quo
3373 4223 3599 4300 puncto,
3622 4232 3730 4291 sup-

2226 4315 2493 4395 ponibus
2524 4315 2724 4392 primo
2761 4316 2873 4376 hos
2898 4316 3059 4378 filios
3088 4333 3217 4375 non
3237 4317 3541 4374 incurrere
3563 4323 3730 4390 poenas

2226 4427 2365 4488 quae
2392 4410 2457 4468 in
2486 4409 2749 4487 ipsamet
2776 4427 3039 4488 persona
3060 4419 3377 4486 peccatum
3406 4405 3727 4486 supponunt,

2228 4508 2298 4562 ut
2334 4513 2481 4563 sunt
2516 4519 2777 4581 proprlce
2828 4521 3123 4564 censurae.
3175 4503 3435 4578 Agimus
3487 4501 3630 4560 enim
3670 4494 3731 4553 de

2226 4595 2371 4656 filiis
2392 4597 2685 4671 innoxiis„
2706 4597 2815 4675 qui
2858 4597 2990 4656 sine
3022 4596 3147 4655 ulla
3181 4595 3619 4675 participatione
3640 4585 3731 4646 cri-

2227 4689 2413 4748 minis
2443 4705 2688 4767 poenam
2718 4690 3013 4749 sentiunt.
3046 4690 3122 4749 Et
3152 4693 3241 4750 sic
3266 4695 3357 4748 est
3382 4705 3477 4747 res
3500 4682 3727 4752 evidens,

2228 4782 2375 4861 quia
2405 4782 2543 4842 talis
2581 4799 2765 4861 poena
2808 4799 2933 4842 non
2960 4789 3157 4862 potest
3196 4799 3327 4844 esse
3380 4780 3505 4839 sine
3528 4773 3729 4856 propria

2228 4891 2409 4934 caiisa
2438 4875 2598 4952 ejus;
2638 4874 2769 4935 hacc
2791 4882 2998 4935 autem
3024 4882 3117 4934 est
3160 4873 3407 4954 propria
3443 4871 3606 4949 culpa
3624 4867 3729 4942 ejus

2222 4967 2329 5046 qui
2374 4967 2651 5046 punitur.
2708 4968 3007 5028 Videatur
3070 4967 3249 5028 dirus
3293 4965 3541 5028 Thomas
3582 4963 3635 5021 2.
3680 4960 3728 5028 2,
3824 4979 3826 5020 τ

2222 5061 2562 5140 quaestione
2605 5063 2743 5137 108,
2764 5063 3037 5122 articulo
3072 5067 3314 5142 quarto,
3358 5059 3431 5120 ad
3478 5057 3731 5138 primum.

2224 5157 2816 5236 Secundo‚suppono
2845 5157 2956 5216 hos
2976 5156 3135 5217 filios
3155 5174 3281 5216 non
3305 5157 3616 5223 incurrere,
3640 5161 3733 5205 nec

2226 5265 2401 5328 posse
2430 5250 2635 5328 puniri
2666 5267 2850 5327 poena
2894 5251 3131 5326 mortis,
3169 5249 3315 5330 quia
3374 5247 3483 5306 hoc
3533 5238 3735 5304 excedit

2225 5349 2588 5421 potestatem
2616 5341 2979 5416 humanam,
3005 5344 3183 5421 juxta
3220 5341 3373 5402 illud
3402 5339 3731 5400 Deuterono-

2224 5436 2333 5494 mii
2378 5441 2639 5514 quarto:
2676 5435 2823 5500 Non
2877 5437 3175 5498 occidetur
3209 5435 3382 5514 filius
3416 5445 3519 5512 pro
3558 5429 3725 5508 patro-

2222 5527 2353 5588 Imo
2382 5528 2547 5590 idem
2576 5529 2905 5591 dicendum
2950 5534 3041 5590 est
3063 5529 3141 5590 de
3182 5528 3315 5588 aliis
3342 5524 3531 5606 poenis
3546 5536 3724 5598 corpo-
