3900 6217
526 428 644 490 782

588 533 722 596 Quid
762 532 977 598 quando
1012 530 1222 586 elicitur
1267 530 1335 583 ab
1384 529 1607 582 homine
1652 534 1798 583 extra
1844 527 2086 595 gratiam,

588 624 740 664 num.
770 616 849 662 17.

525 690 604 737 25.
640 685 784 737 Fidei
824 693 972 738 actus
1006 685 1060 737 in
1098 684 1293 751 quibus
1320 682 1569 750 personis
1606 682 1929 748 reperiatur,
1966 682 2090 735 vide

584 762 723 811 Ftnzt
754 776 1043 814 sumserunt.

523 840 601 888 26.
642 840 801 889 Actus
830 837 950 889 fidei
977 838 1153 890 nullos
1184 836 1342 889 habet
1370 836 1589 889 effectus
1618 834 1867 901 physicos
1894 847 1988 900 per
2006 846 2082 894 se,

585 919 637 963 et
672 913 887 978 proprie
910 913 1195 978 loquendo,
1220 912 1340 973 ead,
1361 912 1495 978 disp.
1519 918 1567 971 6,
1593 921 1721 963 sect.
1752 916 1830 972 1ο,
1860 924 2006 962 num.
2036 916 2083 962 3.

584 988 725 1049 Quos
757 990 947 1041 habeat
974 989 1194 1041 effectus
1224 990 1473 1051 moram,
1500 1002 1646 1040 num.
1679 994 1723 1039 5.

523 1066 600 1113 27.
637 1064 869 1116 Actualis
905 1063 1026 1117 fidei
1064 1065 1370 1125 necessitas,
1401 1066 1520 1117 vide
1553 1065 1690 1115 Finsx
1720 1078 2003 1116 necessu-As
2035 1066 2089 1115 et

584 1140 723 1190 Ftnu
754 1154 1064 1192 vascam-un.

1111 1272 1239 1309 must
1277 1272 1496 1309 mistres-

1916 426 2106 482 anEx
2137 426 2351 483 RERUM

2172 534 2217 580 4.
2255 529 2408 581 Fides
2428 530 2494 582 ad
2530 532 2754 585 salutem
2786 535 3106 595 necessaria,
3131 540 3278 588 etex
3305 530 3528 597 objecto
3551 526 3717 581 formai

2233 608 2672 674 supernaturalis,
2707 610 2856 673 thid„
2895 626 2926 664 a
2955 625 3104 665 num.
3131 616 3182 661 6.

2171 686 2214 731 5.
2255 682 2376 734 Sine
2400 684 2589 735 actuali
2624 686 2741 738 side
2771 688 2822 738 in
2848 702 2905 740 re
2933 689 3111 743 nullus
3147 678 3387 739 ‘adultus
3418 686 3598 747 potoet
3614 683 3738 745 justi·

2233 756 2403 820 ficari,
2429 758 2545 810 ead.
2573 759 2714 826 disp.
2749 764 2834 823 12,
2861 772 2973 815 sect
3001 768 3050 823 Ξ,
3085 776 3116 814 a
3147 774 3309 812 num.
3339 762 3391 809 5.

2230 833 2336 884 Nec
2357 834 2548 887 sufficit
2570 836 2713 887 illam
2740 838 2938 891 habere
2965 842 3015 889 in
3039 846 3188 899 voto,
3215 834 3384 893 ihid·.
3416 845 3454 883 a
3477 844 3628 881 num·
3651 836 3714 881 ¹³·

2165 912 2211 958 6.
2253 908 2404 959 Fides
2427 910 2669 975 explicita
2701 914 2791 964 Dei
2817 927 3032 978 semper
3067 914 3166 965 fuit
3192 910 3452 965 medium
3495 906 3564 956 ad
3581 908 3742 971 justi:-

2229 983 2494 1035 cationem
2535 992 2586 1037 et
2618 987 2840 1053 gloriam
2869 992 3259 1047 necessarium,
3289 992 3433 1036 sect.
3471 986 3523 1041 3.
3549 989 3734 1031 num-³—

2232 1059 2344 1110 tmo
2384 1066 2434 1111 et
2488 1059 2686 1113 divinae
2717 1064 3145 1127 existentiae‚seu
3187 1060 3346 1127 quod
3387 1062 3536 1110 Deus
3555 1068 3734 1110 ets-2⁶.

2234 1148 2382 1186 num.
2410 1139 2454 1185 4.

2165 1212 2210 1261 7.
2247 1210 2479 1271 Quorum
2511 1214 2884 1267 attributorum
2913 1214 3046 1268 fides
3071 1213 3332 1280 explicita
3357 1210 3532 1263 fuerit
3555 1222 3736 1273 serni-e.-

2234 1288 2555 1349 necessaria,
2591 1303 2737 1341 num.
2777 1294 2822 1341 7.

524 1369 569 1418 1.
608 1367 749 1419 Fidei
784 1366 1025 1418 habitum
1057 1379 1152 1431 per
1188 1378 1245 1417 se
1282 1366 1515 1418 infusum
1547 1364 1661 1416 dari
1690 1377 1799 1417 non
1826 1366 2000 1417 solum
2029 1366 2084 1416 in
2157 1364 2214 1411 ⁸8.
2283 1362 2507 1416 Credere
2541 1366 2782 1429 explicite
2821 1366 3024 1431 aliquid
3067 1361 3514 1431 supernaturale
3556 1360 3620 1411 de
3661 1361 3742 1411 ne,

586 1443 836 1508 parvulis,
877 1442 971 1493 sed
1016 1450 1172 1493 ettam
1212 1442 1265 1493 in
1305 1441 1517 1497 adultis,
1556 1441 1673 1506 ipsa
1712 1440 1815 1493 tide
1855 1448 2082 1502 constat,

585 1525 734 1570 tract.
771 1524 817 1580 1,
844 1518 981 1581 disp.
1020 1522 1065 1576 7,
1088 1524 1215 1569 sect.
1240 1521 1287 1574 1,
1318 1530 1463 1568 num.
1489 1522 1513 1567 1
1556 1524 1608 1568 et
1628 1522 1676 1568 2.

522 1598 570 1645 Ξ.
608 1594 747 1645 Fidei
777 1594 987 1645 habitus
1011 1593 1065 1643 in
1098 1592 1364 1644 intellectu
1391 1594 1732 1657 subjectetur,
1760 1604 1908 1642 num.
1942 1595 1989 1643 3.

584 1670 833 1731 Quaenam
862 1680 977 1733 ejus
1008 1669 1117 1719 sint
1144 1680 1337 1730 causae,
1370 1669 1461 1733 qui
1488 1668 1731 1725 effectus.
1767 1665 1893 1718 ibid.

584 1744 789 1797 intendi
823 1757 916 1809 per
946 1757 1003 1795 se
1040 1751 1229 1809 potest,
1266 1756 1373 1795 non
1401 1743 1616 1801 remitti,
1656 1742 1783 1794 ibid.

524 1824 569 1871 3.
608 1820 749 1873 Fidei
786 1820 997 1871 habitus
1022 1826 1102 1871 est
1132 1830 1236 1870 una
1275 1818 1498 1881 simplex
1536 1818 1779 1883 qualitas,
1809 1829 1841 1869 a
1882 1816 2084 1868 lumine

587 1896 705 1949 tidei
730 1898 845 1949 sola
867 1896 1070 1947 ratione
1091 1894 1356 1955 distincta,
1385 1894 1533 1952 ibid..
1556 1906 1587 1944 a
1612 1907 1757 1944 num.
1784 1896 1831 1945 4.

525 1977 570 2024 4.
609 1972 751 2025 Fidei
785 1972 1015 2035 habituS‚
1049 1978 1105 2023 ut
1146 1970 1366 2036 praecise
1404 1978 1605 2034 spectat
1636 1970 1702 2021 ad
1739 1968 2081 2031 intellectum,

586 2056 668 2100 est
690 2050 856 2101 virtus
886 2046 1273 2109 intellectualis,
1306 2054 1357 2098 et
1378 2058 1485 2097 una
1508 2060 1569 2096 cx
1592 2044 1900 2112 Theologi3‚
1930 2058 2085 2096 num.

588 2130 634 2185 8,
669 2128 699 2174 9
724 2132 775 2175 et
804 2129 879 2175 10.

586 2198 662 2250 Ad
684 2199 815 2250 alias
849 2199 1069 2251 virtutes
1094 2196 1365 2263 quomodo
1400 2196 1801 2262 imperfectione
1833 2203 1885 2247 et
1922 2206 2089 2259 genc-

586 2274 791 2327 ratione
818 2282 1173 2339 comparatur,
1204 2273 1322 2326 cod.
1360 2286 1507 2324 num.
1534 2277 1613 2323 1ο.

528 2354 573 2399 5.
608 2349 685 2401 Ad
723 2348 1043 2402 habitualem
1092 2350 1249 2401 tidem
1300 2348 1457 2400 etiam
1504 2348 1784 2400 intormem
1834 2358 2089 2398 necessa-

588 2426 697 2478 rius
720 2432 802 2477 est
830 2426 1075 2491 specialis
1111 2426 1325 2477 babitus
1357 2424 1663 2483 voluntatis,
1710 2422 1830 2474 ead.
1859 2420 1997 2485 disp.
2039 2425 2085 2483 7,

587 2510 716 2554 sect.
754 2507 801 2563 2,
841 2516 987 2554 num.
1028 2506 1071 2551 3.

590 2578 715 2631 Vide
738 2592 983 2631 venerius
1009 2592 1269 2637 canosum,
1298 2580 1421 2627 'uum
1473 2580 1499 2624 7
1528 2585 1578 2627 et
1598 2580 1644 2627 8.

525 2660 572 2707 6.
610 2655 751 2707 Fidei
795 2654 1005 2706 habitus
1044 2666 1154 2706 non
1187 2652 1495 2719 deperditur
1524 2653 1576 2703 in
1610 2652 1707 2702 hac
1737 2650 1841 2703 vita
1871 2648 1973 2701 nisi
2001 2661 2095 2715 per

588 2738 881 2797 peccatum,
912 2738 1041 2783 sect.
1067 2736 1113 2791 3,
1140 2742 1284 2781 num.
1307 2733 1352 2780 1.

586 2808 699 2858 Non
732 2807 899 2858 amitti
925 2819 1019 2871 per
1044 2806 1320 2870 quodlibet
1351 2810 1621 2869 peceatum
1656 2802 1897 2861 mortale,
1930 2802 2088 2853 etiam

592 2881 695 2935 tide
724 2890 950 2944 constat,
978 2896 1127 2933 num.
1160 2886 1207 2933 3.

526 2962 572 3011 7.
611 2958 752 3010 Fidei
792 2958 1003 3010 habitus
1047 2970 1155 3009 non
1209 2960 1381 3009 solum
1422 2956 1745 3017 conservari,
1790 2954 1884 3007 sed
1929 2955 2089 3007 etiam

588 3036 832 3101 generari
861 3041 1031 3099 potest
1054 3034 1171 3085 siue
1192 3032 1465 3093 charitate,
1490 3045 1638 3092 num,
1666 3036 1710 3082 4.

530 3116 575 3163 3.
613 3111 755 3163 Fidei
804 3110 1015 3162 habitus
1048 3122 1140 3173 per
1188 3109 1481 3174 quamlibet
1524 3108 1768 3161 haeresim
1809 3107 2088 3160 mortalem

586 3185 914 3251 deperditur,
950 3193 1095 3237 tract.
1130 3188 1176 3247 4,
1213 3198 1245 3236 a
1274 3198 1422 3236 num.
1448 3188 1494 3235 1.

526 3267 573 3314 9.
612 3264 751 3315 Fidei
779 3262 991 3314 habitus
1015 3274 1122 3315 non
1148 3261 1424 3326 expellitur
1456 3260 1671 3325 physice
1696 3271 1788 3324 per
1809 3257 2054 3309 haeresim
2075 3296 2087 3319 ,

590 3352 622 3390 a
652 3352 795 3392 num.
833 3344 878 3390 5.

588 3416 688 3467 Sed
721 3416 1010 3477 moraliter,
1038 3414 1197 3480 idque
1221 3420 1329 3465 tum
1356 3411 1715 3474 demeritorie,
1752 3416 1860 3463 tum
1900 3409 2090 3476 dispo-

588 3470 757 3551 siti.⁹
776 3506 920 3544 num.
948 3496 994 3542 8.

526 3572 603 3619 1⁰.
642 3569 790 3621 Unde
812 3568 1088 3633 proveniat
1108 3567 1329 3619 tacilitas
1350 3564 1601 3619 credendi
1631 3567 1681 3616 iu
1704 3564 1949 3617 haeretico
1971 3568 2089 3629 post

588 3643 915 3696 destructum
945 3643 1065 3694 tidei
1088 3642 1327 3693 habitum
1354 3681 1371 3703 ,
1393 3654 1539 3693 num.
1577 3644 1653 3691 1⁰.

527 3725 606 3771 11.
644 3719 788 3771 Fidei
812 3719 1024 3771 habitus
1049 3719 1098 3770 in
1132 3718 1327 3769 animis
1352 3718 1407 3768 in
1433 3718 1738 3781 purgatorio
1760 3723 2086 3781 perseverat,

588 3797 705 3849 ead.
730 3796 850 3862 disp
893 3800 939 3857 7,
963 3800 1073 3847 sect
1104 3800 1149 3854 5,
1190 3808 1333 3846 num.
1363 3799 1410 3845 1.

590 3877 701 3927 Non
724 3873 779 3924 in
818 3872 1100 3929 damnatiS,
1128 3884 1272 3923 num.
1310 3876 1353 3921 3.

528 3956 606 4003 12.
645 3950 865 4001 Habitus
896 3946 1268 3999 inteltectualis
1297 3946 1355 3997 in
1396 3944 1567 3996 Beatis
1600 3956 1709 3997 non
1746 3950 2083 4009 perseverat;

592 4034 771 4079 manet
806 4032 980 4078 tamen
1016 4025 1102 4088 pia
1125 4022 1353 4084 affectio,
1378 4022 1496 4074 eod.
1532 4034 1676 4073 num.
1701 4025 1746 4073 3.

530 4107 609 4155 13.
648 4104 866 4155 Habitus
889 4102 1010 4155 fidei
1034 4102 1087 4153 in
1111 4102 1281 4155 Beatis
1304 4113 1411 4153 non
1440 4099 1721 4164 expellitur
1750 4098 1970 4164 physice
1997 4110 2093 4163 per

590 4181 770 4232 lumen
796 4178 993 4246 gloriae,
1024 4178 1119 4229 sed
1145 4190 1238 4242 per
1270 4176 1439 4228 solam
1478 4176 1887 4240 suspensionem
1919 4175 2087 4229 divini

564 4256 821 4308 -intluxus
852 4254 1087 4307 debitam
1126 4254 1329 4305 ratione
1359 4259 1546 4313 statue,
1584 4264 1729 4304 num.
1761 4257 1804 4303 5.

529 4337 608 4386 14.
645 4332 786 4385 Fidei
824 4332 1035 4383 habitus
1070 4331 1121 4381 in
1149 4330 1297 4383 nullo
1326 4341 1563 4393 unquam
1597 4326 1836 4392 subjecto
1860 4334 1941 4379 est
1963 4340 2090 4393 per-

592 4414 800 4474 petuus‚
828 4420 974 4459 num.
1007 4410 1053 4457 6.

530 4489 608 4536 15.
646 4484 791 4535 Fidei
830 4482 1040 4534 habitus
1074 4495 1181 4533 non
1222 4481 1581 4546 corrumpitur
1618 4492 1713 4545 per
1753 4491 1964 4532 errores
2002 4478 2090 4531 in-

594 4558 853 4611 vincibles
872 4567 1057 4610 contra
1080 4557 1257 4615 tide-n,
1288 4557 1427 4622 disp.
1454 4562 1531 4616 17,
1560 4564 1689 4609 sect.
1716 4560 1765 4618 2,
1798 4570 1943 4607 num.
1980 4559 2024 4608 4.

531 4640 609 4688 16.
646 4636 863 4687 Habitus
888 4635 987 4700 piae
1007 4634 1303 4688 affectionis
1326 4633 1447 4687 vide
1481 4647 1730 4686 vonum-as
1763 4644 2027 4697 casotum,
2059 4646 2090 4685 a

595 4725 742 4764 num.
780 4714 827 4761 6.

656 4788 795 4839 Fines
829 4801 1177 4845 caementum,
1214 4786 1333 4839 vide
1366 4779 1710 4836 cnsntntmrlts.

656 4862 797 4913 Fiunt
832 4878 1053 4921 naeuus,
1088 4861 1210 4913 vide
1242 4876 1435 4913 ancum
1468 4877 1615 4912 Fiunt.

658 4940 797 4990 Finm
830 4952 1118 4999 centrum,
1156 4937 1274 4991 vide
1306 4952 1591 4989 cearli-uno.

656 5016 793 5066 From
828 5029 907 5066 rut
940 5028 1188 5073 Arrscrro,
1224 5014 1347 5066 vide
1379 5028 1629 5065 vonunrxs
1661 5027 1921 5064 cucusum.

1064 5145 1107 5181 rt
1116 5142 1193 5181 DE!
1227 5143 1320 5181 ttssc
1326 5144 1508 5181 castras
1516 5170 1525 5181 .

535 5244 580 5291 1.
618 5238 771 5293 Fides
794 5246 875 5291 est
897 5237 1213 5303 simpliciter
1227 5237 1460 5289 medium
1478 5238 1835 5289 necessarium
1858 5236 1927 5289 ad
1946 5238 2096 5290 salu-

598 5326 723 5378 tem,
754 5324 903 5368 tract.
937 5320 983 5375 1,
1010 5315 1150 5379 disp.
1186 5318 1262 5375 12,
1287 5322 1413 5365 sect.
1447 5318 1495 5375 1,
1529 5327 1675 5365 num.
1699 5319 1746 5365 2.

534 5398 581 5445 2.
619 5392 773 5444 Fides
794 5392 909 5444 sola
930 5390 1213 5443 habitualis
1237 5390 1543 5451 infantibuS,
1577 5391 1796 5443 actualis
1821 5391 1872 5442 in
1898 5390 2094 5443 adultis

599 5468 901 5520 necessaria
919 5478 1016 5529 est,
1040 5479 1187 5519 num.
1214 5468 1240 5516 4
1266 5474 1318 5518 et
1340 5470 1386 5517 5.

537 5550 585 5597 3.
620 5544 747 5597 Sine
768 5544 871 5597 tide
908 5551 1085 5610 posset
1104 5544 1227 5609 quis
1255 5542 1323 5596 de
1341 5543 1575 5608 potentia
1598 5542 1841 5597 absoluta
1864 5544 2092 5597 salutem

600 5622 874 5686 consequi,
902 5620 1049 5684 ibid„
1078 5633 1224 5672 num.
1250 5624 1296 5671 3.

2239 1438 2336 1491 fuit
2375 1453 2591 1505 semper
2623 1443 3003 1503 necessarium,
3039 1456 3190 1494 num.
3231 1446 3282 1493 8.

2167 1520 2214 1566 9.
2253 1516 2410 1567 Fides
2462 1516 2706 1582 explicita
2763 1518 3034 1571 Trinitatis
3083 1530 3200 1571 uon
3247 1518 3360 1569 fuit
3411 1526 3632 1579 semper
3669 1527 3744 1563 ne·

2235 1592 2487 1645 cessaria.
2523 1606 2668 1644 unm.
2703 1598 2781 1646 1ο.

2231 1668 2348 1720 Fuit
2407 1675 2584 1721 autem
2648 1670 2734 1722 Dei
2797 1668 3194 1723 remunerantis
3255 1674 3318 1721 et
3381 1666 3714 1731 iustificam}
3735 1706 3748 1726 ,

2233 1756 2381 1795 num.
2414 1748 2494 1795 11.

2231 1818 2361 1872 ttem
2387 1820 2517 1872 tides
2539 1821 2730 1873 Christi
2754 1820 3080 1883 mediatoris,
3099 1832 3259 1873 num.
3293 1822 3382 1869 12.

2229 1897 2349 1948 Haec
2383 1894 2514 1949 tides
2536 1898 2745 1959 Christi,
2767 1910 2835 1949 an
2861 1897 3040 1950 debuit
3065 1908 3190 1948 esse
3207 1892 3504 1959 explicita,
3529 1892 3612 1943 vel
3635 1892 3754 1943 suffi-

2234 1972 2404 2023 ciebat
2439 1972 2698 2039 implcita‚
2727 1973 2830 2025 late
2859 1986 2890 2024 a
2927 1986 3073 2024 num.
3102 1977 3188 2027 13.

2167 2052 2246 2099 10.
2285 2051 2363 2100 An
2405 2054 2455 2099 et
2499 2048 2676 2113 qualis
2715 2049 2848 2100 tides
2885 2048 2952 2100 de
2993 2044 3418 2098 immortalitate
3463 2043 3676 2096 animae.
3701 2042 3754 2091 de

2233 2132 2450 2189 peccato
2483 2125 2748 2190 originali,
2781 2139 2842 2177 ac
2890 2131 3211 2177 necessitate
3241 2122 3448 2186 gratiae
3491 2120 3648 2171 fuerit
3673 2134 3754 2169 ne·

2231 2201 2462 2252 cessaria
2490 2206 2612 2253 ante
2635 2201 2925 2253 adventum
2954 2199 3170 2261 Christi,
3201 2198 3452 2257 ibidem,
3483 2209 3632 2246 num.
3659 2201 3726 2244 19.

2169 2281 2223 2328 11
2263 2277 2386 2327 Sine
2419 2277 2522 2328 tide
2556 2276 2747 2327 christi
2785 2276 3029 2341 explicita
3068 2288 3126 2326 re
3163 2274 3290 2337 ipsa
3335 2270 3576 2323 obtenta
3607 2282 3752 2333 maes

2232 2351 2356 2414 quis
2371 2352 2529 2403 etiam
2557 2352 2610 2401 in
2635 2352 2750 2418 lege
2777 2363 2916 2403 nova
2933 2350 3232 2415 Justiticari,
3259 2354 3430 2399 tract.
3459 2350 3512 2406 1,
3535 2347 3652 2411 disp
3689 2350 3746 2395 13.

2237 2434 2366 2479 sect.
2395 2431 2442 2485 4,
2473 2440 2504 2478 a
2533 2441 2680 2479 num.
2721 2432 2798 2479 11.

2237 2505 2349 2555 imo
2383 2516 2480 2555 nec
2501 2502 2590 2554 illa
2619 2516 2713 2567 per
2745 2516 2802 2555 se
2829 2502 3099 2567 loquendo
3121 2510 3176 2553 et
3211 2514 3280 2553 ex
3313 2500 3370 2551 vi
3419 2498 3750 2551 institution

2236 2588 2314 2630 cst
2344 2580 2643 2630 necessaria
2665 2580 2730 2631 ad
2754 2586 3005 2631 aeternam
3036 2580 3294 2638 salutem,
3339 2590 3502 2627 num.
3537 2580 3612 2625 14.

2173 2658 2252 2705 12.
2289 2654 2442 2706 Fides
2467 2656 2712 2719 explicita
2745 2656 2936 2706 Christi
2963 2654 3044 2707 vel
3077 2655 3127 2705 in
3154 2667 3234 2714 re,
3269 2654 3362 2704 vel
3398 2653 3458 2703 in
3493 2658 3616 2701 voto
3645 2664 3748 2701 sas-

2236 2738 2405 2795 cepta,
2438 2738 2518 2782 est
2554 2730 2788 2782 medinm
2826 2730 3190 2783 necessarium
3228 2730 3287 2780 in
3335 2734 3486 2779 statu
3519 2726 3644 2793 legis
3671 2738 3750 2777 no·

2234 2820 2330 2863 vae.
2363 2804 2430 2857 ad
2459 2804 2683 2871 primam
2701 2813 2751 2857 et
2773 2806 3012 2859 ultimam
3035 2806 3269 2857 salutern
3285 2804 3740 2867 consequendam,

2236 2881 2387 2942 ibid,
2423 2895 2455 2933 a
2478 2896 2626 2934 num.
2656 2888 2732 2935 18.

2171 2961 2249 3008 13.
2289 2958 2443 3009 Fides
2467 2960 2710 3023 explicita
2731 2959 3000 3011 Trinitatis
3022 2958 3076 3009 in
3108 2957 3228 3024 lege
3259 2954 3464 3022 gratiae
3493 2956 3740 3019 quomedo

2233 3033 2468 3085 medium
2505 3036 2866 3086 necessarium
2894 3034 2961 3085 ad
2985 3035 3238 3093 salutem,
3269 3032 3436 3091 ibid„
3462 3044 3610 3081 num.
3649 3035 3714 3079 is,

2171 3115 2248 3163 14.
2285 3110 2429 3163 Fidei
2461 3118 2635 3164 actum
2664 3112 2942 3165 exercendi
2966 3110 3161 3176 duplex
3185 3106 3523 3167 necessitas,
3549 3116 3674 3159 tract
3707 3112 3740 3157 t.

2233 3188 2372 3253 disp.
2407 3193 2484 3245 13.
2516 3195 2647 3241 sect.
2679 3196 2724 3249 5,
2755 3202 2809 3239 n.
2845 3195 2888 3240 5.

2591 3320 2720 3357 ΙΙῚΒΒΙ
2755 3320 2978 3357 muniz
3005 3320 3334 3359 asemon.

2170 3422 2217 3471 1.
2255 3418 2486 3469 Existere
2523 3422 2843 3481 praeceptum
2876 3415 2942 3467 de
2973 3414 3074 3465 tide
3099 3414 3340 3467 internae
3359 3412 3742 3467 exercendam·

2232 3494 2482 3549 tenditur.
2507 3499 2656 3545 tract.
2688 3496 2734 3553 1,
2768 3491 2905 3557 disp.
2934 3497 3009 3551 13,
3035 3498 3148 3543 sect
3195 3498 3242 3549 1,
3271 3506 3331 3542 n.
3359 3496 3411 3540 2.

2169 3574 2216 3621 2.
2255 3572 2578 3634 Praeceptum
2624 3570 2727 3620 hoc
2773 3568 3068 3619 secundum
3108 3566 3486 3619 substantiam
3517 3572 3598 3617 est
3629 3566 3740 3627 iuris

2237 3645 2425 3705 divini,
2451 3658 2502 3695 n.
2538 3649 2585 3695 3.

2230 3724 2445 3773 Necnon
2475 3719 2824 3772 connaturale
2847 3718 3030 3784 gratiae
3057 3724 3110 3771 et
3137 3716 3304 3769 statui
3333 3718 3584 3773 viatoris,
3621 3729 3670 3765 n.
3699 3720 3734 3763 a

2231 3800 2343 3851 imo
2368 3803 2419 3849 et
2449 3796 2501 3847 in
2527 3796 2640 3860 ipsa
2663 3796 2866 3847 ratione
2893 3807 3038 3846 mere
3065 3794 3300 3845 naturali
3325 3792 3528 3845 saltem
3561 3798 3734 3843 remote

2230 3872 2499 3930 fundatur,
2529 3884 2560 3923 a
2581 3884 2634 3922 n.
2665 3878 2714 3922 6.
3723 3912 3734 3921 .

2168 3955 2214 4001 3.
2252 3952 2572 4014 Praeceptum
2599 3948 2720 3999 fidei
2749 3948 3018 4001 internum
3040 3944 3321 4011 duplicem
3349 3944 3522 3996 habet
3551 3942 3732 4007 obliga-

2229 4027 2428 4079 tionem
2453 4026 2768 4091 negativam,
2795 4034 2846 4076 et
2865 4023 3132 4088 duplicem
3161 4022 3483 4087 positivam,
3515 4020 3640 4070 ibid.

2171 4107 2216 4155 4.
2255 4106 2576 4167 Praeceptum
2601 4102 2904 4169 negativum
2935 4102 3094 4153 etiarn
3126 4110 3354 4152 omnem
3381 4098 3456 4149 ad
3485 4106 3607 4149 actu
3631 4095 3728 4146 fidei

2235 4178 2461 4232 excludit
2486 4179 2848 4234 formidinem.
2875 4190 2928 4229 n.
2961 4181 3009 4229 ’1.

2172 4262 2217 4309 5.
2255 4256 2575 4319 Praeceptum
2600 4254 2885 4320 positivum
2912 4264 3072 4317 quam
3098 4250 3320 4303 inducat
3339 4248 3726 4315 obligationem.

2235 4344 2287 4382 n.
2323 4336 2368 4393 s,

2168 4411 2217 4457 6.
2255 4408 2576 4471 Praeceptum
2624 4402 2873 4457 audiendi
2904 4408 2955 4456 et
3001 4400 3306 4467 inquirendi
3363 4399 3437 4451 de
3471 4398 3595 4452 fide.
3629 4410 3728 4449 cem

2229 4482 2516 4547 supernale
2539 4482 2626 4544 sit,
2656 4478 2930 4546 quomodo
2955 4478 3008 4529 in
3041 4478 3248 4529 ratione
3279 4474 3526 4527 naturali
3563 4473 3728 4525 tunde—

2231 4564 2337 4619 tur,
2363 4572 2416 4609 n.
2455 4564 2500 4609 8.

2170 4640 2216 4686 7.
2256 4636 2578 4699 Praeceptum
2605 4634 2707 4685 hoc
2730 4630 2849 4685 tidei
2877 4630 3086 4683 violans
3107 4628 3391 4694 quomodo
3423 4640 3542 4679 non
3577 4626 3726 4690 duriti-

2235 4710 2366 4761 citer
2393 4714 2592 4775 peccet,
2618 4722 2671 4759 n.
2705 4712 2781 4759 13.

2173 4790 2219 4837 8.
2260 4787 2581 4850 Praeceptum
2615 4784 2865 4837 credendi
2891 4788 2974 4835 est
3007 4780 3241 4848 speciale
3263 4787 3322 4831 et
3355 4792 3458 4845 per
3493 4792 3555 4830 se
3581 4778 3642 4828 ad
3666 4778 3732 4841 ip·

2235 4876 2347 4914 sam
2393 4861 2551 4914 tidem
2591 4862 2882 4927 pertinens,
2925 4860 3043 4912 ead.
3085 4860 3228 4923 disp.
3268 4863 3356 4917 13,
3393 4865 3532 4909 sect.
3559 4861 3676 4913 ΞΛ).
3707 4858 3730 4901 ³

2236 4946 2420 5003 etseq.

2173 5018 2220 5065 9.
2259 5014 2580 5078 Praeceptum
2612 5014 2716 5066 hoc
2739 5012 2969 5078 speciale
3001 5010 3118 5062 fidei
3153 5008 3318 5061 etiam
3351 5007 3424 5059 ad
3477 5005 3728 5059 materiam

2237 5090 2494 5142 moralem
2526 5090 2839 5147 extenditur,
2871 5086 3022 5149 ibid„
3049 5102 3101 5138 n.
3127 5092 3175 5137 6.

2174 5170 2252 5217 to.
2290 5167 2610 5231 Praeceptum
2638 5164 2889 5218 credendi
2915 5166 3078 5216 Deum
3103 5174 3247 5225 esse,
3270 5160 3326 5212 in
3351 5162 3508 5214 omni
3543 5170 3728 5223 semper

2237 5248 2375 5295 statu
2403 5241 2583 5297 extitit.
2607 5248 2734 5293 sect.
2759 5246 2809 5303 3,
2833 5254 2884 5291 n.
2911 5244 2960 5289 2.

2177 5321 2253 5368 tt.
2291 5317 2542 5379 Quaenam
2566 5318 2670 5367 alia
2695 5317 2906 5367 suerunt
2925 5314 2992 5366 de
3013 5313 3334 5365 necessitate
3363 5314 3616 5379 praecepti
3637 5322 3726 5362 cre·

2237 5390 2411 5444 denda
2441 5392 2495 5443 in
2517 5391 2632 5457 lege
2655 5398 2856 5443 naturae
2875 5397 2929 5441 et
2955 5398 3172 5450 scripta,
3201 5388 3306 5439 late
3331 5401 3364 5439 a
3395 5402 3451 5439 n.
3477 5394 3530 5439 3.

2175 5470 2254 5518 12.
2290 5468 2413 5528 Quae
2441 5476 2592 5519 erant
2612 5479 2673 5518 ex
2699 5470 2962 5531 przecepto
2993 5463 3264 5515 credenda
3305 5464 3364 5514 in
3391 5462 3514 5528 lege
3535 5468 3722 5515 natura».

2236 5549 2361 5593 sunt
2387 5542 2542 5594 ctiam
2585 5542 2638 5592 in
2675 5542 2788 5608 lege
2817 5542 3015 5608 gratiae,
3059 5538 3176 5591 ead.
3221 5538 3371 5604 disp.
3413 5542 3494 5599 13,
3541 5545 3644 5589 sect
3685 5542 3718 5594 ⁴.

2239 5632 2296 5670 n.
2337 5624 2384 5670 1.
