3900 6217
539 444 659 503 526

539 548 646 626 qui
673 546 826 607 alios
848 546 1036 607 refert
1047 562 1070 623 ;
1093 553 1154 607 et
1176 554 1375 626 potest
1403 546 1658 609 fortasse
1680 548 1797 609 hoc
1819 548 2111 609 sustineri

539 640 760 701 stando
789 639 1038 717 praecise
1069 639 1136 699 in
1167 639 1306 719 lege
1345 639 1642 715 naturali,
1673 640 1778 701 sed
1807 642 2013 703 adhuc
2043 641 2109 702 in

537 732 647 793 illo
675 738 839 798 statu
871 732 1080 794 subdit
1107 733 1320 792 statim
1355 734 1520 793 idem
1549 740 1789 808 auctor,
1827 752 1891 794 n.
1927 736 2003 795 33
2046 740 2110 795 et

537 843 664 905 seq.
673 870 693 900 ‚
737 827 930 887 tutius
976 832 1038 886 et
1069 826 1342 885 securius
1387 843 1518 887 esse
1567 826 1756 887 etiam
1801 835 1952 887 tunc
2002 828 2108 889 de-

537 918 996 981 nuntiationem
1031 918 1251 979 l'acere.
1287 918 1366 978 At
1393 936 1537 979 vero
1571 936 1759 994 nunc,
1791 920 2107 999 supposito

538 1010 948 1072 ecclesiastico
977 1018 1303 1091 praecepto,
1337 1028 1466 1071 non
1509 1011 1708 1071 solum
1750 1013 1970 1087 tutius,
2002 1012 2107 1073 sed

538 1104 730 1165 etiam
767 1104 1182 1165 necessarium
1221 1110 1311 1163 est
1339 1104 1530 1165 etiam
1572 1104 1970 1165 emendatum
2000 1105 2108 1165 de-

539 1196 854 1270 nuntiare,
892 1204 964 1257 ut
1005 1195 1229 1275 reliqui
1280 1197 1562 1259 moderni
1608 1204 1888 1258 auctores
1937 1198 2109 1258 citati

538 1289 792 1366 docent;
837 1295 898 1350 et
933 1289 1279 1370 specialiter
1306 1291 1606 1367 Simanc.,
1649 1308 1712 1351 n.
1763 1292 1871 1365 12,
1925 1290 2105 1367 dixit,

535 1383 904 1459 iustissimis
943 1383 1154 1446 edictis
1203 1384 1566 1447 auctoritate
1611 1383 1666 1445 A
1667 1384 1967 1465 postoima
2016 1384 2111 1447 ita

421 1483 426 1488 '
530 1482 898 1558 praeceptum
943 1495 1108 1549 essm
1153 1482 1215 1537 et
1253 1476 1457 1537 reddit
1500 1478 1762 1557 optimas
1809 1479 2100 1554 rationes,

526 1568 789 1645 scilicet,
811 1571 958 1649 quia
983 1569 1128 1630 licet
1148 1569 1472 1630 haereticus
1494 1587 1558 1631 se
1585 1570 1866 1631 ostendat
1892 1588 2103 1631 emen-

539 1663 779 1738 datum,
811 1668 1002 1741 potest
1028 1680 1092 1723 se
1117 1662 1377 1741 fingere,
1409 1671 1480 1724 ut
1505 1680 1668 1743 saepe
1695 1662 1967 1744 praedicti
1994 1663 2105 1725 ho·

540 1756 740 1817 mines
791 1754 1066 1831 faciunt,
1119 1759 1370 1834 propter
1415 1756 1705 1817 timorem
1753 1774 1954 1835 poenae
2003 1757 2103 1817 vel

540 1848 1079 1909 manifestationis.
1117 1848 1424 1923 Secunde,
1466 1850 1613 1937 quia
1647 1850 1902 1910 sortasse
1946 1850 2103 1911 infe·

541 1941 628 2002 cit
653 1940 828 2013 alioS,
857 1940 958 2001 vel
985 1939 1065 2000 ab
1091 1939 1214 1999 alio
1252 1941 1372 2001 fuit
1413 1940 1701 2016 infectuS,
1742 1950 1804 2003 et
1831 1961 2102 2003 necessa·

540 2034 706 2094 rium
750 2038 841 2094 est
887 2038 957 2093 ut
1002 2032 1120 2093 hoc
1167 2034 1512 2094 innotescat
1557 2033 1870 2112 judicibus
1919 2034 2103 2112 fidei,

541 2121 708 2204 quo⁸d
735 2142 864 2185 non
891 2126 964 2186 fit
995 2142 1106 2205 per
1135 2126 1328 2187 solam
1361 2128 1547 2187 unius
1581 2127 2102 2190 emendationem.

517 2217 716 2279 ·Add0
764 2220 1011 2279 tertiam
1057 2220 1362 2281 rationem
1411 2238 1598 2299 supra
1653 2227 1904 2295 tactam,
1941 2220 2108 2299 quod

539 2330 653 2391 per
683 2330 746 2373 se
779 2320 871 2373 est
895 2312 1545 2373 convenientissimum
1587 2312 1665 2375 ad
1705 2314 2108 2375 continendos

541 2402 778 2479 fideles,
828 2411 890 2465 et
934 2405 1014 2465 ad
1059 2406 1366 2484 cogendos
1399 2406 1588 2467 etiam
1633 2406 1975 2482 haereticOS,
2028 2424 2109 2468 ne

542 2497 678 2559 aliis
709 2496 998 2558 fidelibus
1036 2516 1101 2557 se
1143 2498 1626 2573 communicent,
1659 2505 1730 2558 ut
1766 2516 1982 2560 omnes
2014 2500 2109 2559 in·

543 2589 850 2667 telligant,
875 2591 1116 2651 etiamsi
1146 2590 1575 2669 emendentur,
1601 2609 1730 2652 non
1753 2608 1882 2652 esse
1911 2591 2111 2653 occul-

543 2683 786 2745 tandos.

625 2778 724 2837 14.
769 2774 872 2840 Aa
899 2778 1168 2856 primam
1195 2778 1490 2842 rationem
1517 2776 1583 2839 in
1629 2796 1796 2841 nwm.
1839 2782 1904 2855 6,
1945 2780 2112 2842 locus

543 2870 776 2933 Malta.
806 2869 1179 2952 expenditur.
1205 2904 1288 2919 --
1309 2870 1536 2934 Prima
1566 2871 1856 2953 expositio
1889 2872 2115 2934 Janse-

543 2964 754 3024 nii.—-·
779 2962 925 3027 Non
945 2964 1263 3043 placet.-
1283 2962 1561 3027 Aliorum
1591 2964 1902 3045 expositio,
1920 3000 2001 3010 —
2033 2964 2115 3029 Ut

543 3057 729 3119 nimis
769 3054 1043 3120 lim-itata
1080 3058 1444 3123 excluditur.
1490 3090 1570 3103 -—
1609 3058 1988 3121 Moderatior
2027 3058 2107 3119 D.

546 3148 788 3212 Thomoe
807 3149 1094 3215 limitatio
1117 3152 1299 3215 etiam
1319 3150 1816 3213 amictuum—Ex
1840 3148 1938 3211 his
1964 3166 2115 3228 ergo

545 3240 726 3303 facile
751 3249 844 3303 est
871 3244 1242 3323 respondere
1276 3242 1354 3303 ad
1397 3242 1604 3303 locum
1631 3242 1850 3305 Matth.
1885 3244 1986 3317 48,
2016 3258 2117 3302 su-

543 3352 657 3415 pra
693 3334 1025 3415 obJectum,
1058 3338 1170 3397 ubi
1205 3336 1484 3397 Christus
1515 3336 1696 3398 docet
1733 3336 2116 3416 praemitten-

545 3427 690 3488 dam
723 3446 853 3490 esse
891 3430 1301 3491 monitionem
1337 3436 1636 3491 secretam
1682 3436 1826 3490 ante
1873 3430 2112 3490 denun-

545 3521 896 3596 tiationem3
929 3522 1010 3582 ad
1050 3523 1216 3602 quod
1262 3522 1453 3601 aliqui
1494 3521 1870 3601 respondent
1901 3521 2112 3584 Chris-

543 3620 677 3674 tum
706 3614 875 3692 loqui
896 3616 974 3677 de
1001 3622 1246 3695 peccato
1271 3614 1521 3690 fratris;
1547 3616 1634 3675 sic
1661 3616 1830 3675 enim
1867 3614 1956 3675 ait
1983 3634 1994 3676 ε
2030 3614 2114 3679 Si

534 3708 872 3789 peccaverit
910 3710 978 3771 in
1025 3714 1080 3772 to
1117 3713 1316 3788 frater
1359 3716 1524 3784 tm,
1557 3709 1665 3769 ubi
1705 3726 1816 3789 per
1853 3709 2108 3771 fratrem

543 3800 838 3881 intelligit
872 3801 1143 3879 fidelem,
1190 3803 1338 3882 quia
1369 3801 1556 3882 paulo
1603 3807 1739 3881 post
1779 3800 1957 3861 illum
1986 3800 2109 3862 dis-

543 3894 777 3971 tinguit
817 3894 898 3955 ab
931 3894 1202 3970 ethnico,
1227 3895 1449 3955 dicens
1481 3912 1497 3956 z
1539 3892 1647 3958 Sic
1678 3896 1789 3959 tibi
1822 3901 2111 3976 tanquam

544 3987 838 4063 ethnicus,
874 3988 1041 4068 quod
1071 3988 1310 4049 notavit
1335 3987 1424 4047 ibi
1449 3988 1800 4061 Jansenius,
1841 4006 1973 4068 cap.
2006 3990 2107 4064 12,

543 4084 606 4139 et
649 4078 973 4141 Salmeron
1021 4080 1131 4141 ubi
1187 4098 1374 4161 supra
1398 4096 1419 4160 ;
1478 4079 1804 4141 haereticus
1870 4086 2106 4156 autem,

541 4190 684 4232 cum
712 4172 842 4251 jam
870 4172 950 4234 sit
973 4172 1268 4248 infidelis,
1293 4179 1357 4233 et
1385 4178 1556 4234 extra
1589 4172 1944 4250 Ecclesiam,
1981 4190 2110 4235 non

542 4270 635 4326 est
659 4264 868 4326 trater.
896 4265 1016 4326 Sed
1045 4282 1172 4325 non
1199 4264 1404 4345 placet
1427 4263 1772 4345 responsi03
1800 4272 1934 4325 tum
1964 4266 2112 4345 quia

541 4358 646 4419 lex
685 4358 794 4419 illa
833 4358 1229 4419 correctionis
1274 4358 1574 4419 naturalis
1617 4362 1732 4433 est,
1763 4364 1824 4419 et
1865 4358 2003 4420 ideo
2030 4359 2112 4420 ad

546 4469 764 4512 omnes
800 4449 1084 4513 homines
1113 4452 1487 4527 extenditur,
1533 4452 1692 4512 sicut
1718 4456 1782 4512 et
1811 4450 2110 4529 charitas3

547 4550 683 4605 tum
733 4546 921 4606 etiam
969 4547 1118 4624 quia
1160 4545 1488 4606 haereticus
1536 4545 1775 4606 ratione
1822 4545 2115 4625 baptismi

548 4638 714 4699 inter
737 4638 955 4699 fratres
991 4640 1338 4718 computari
1365 4644 1584 4718 potest,
1610 4656 1760 4700 nam
1791 4648 2115 4719 propterea

551 4730 620 4791 in
647 4739 822 4792 omni
849 4730 1220 4811 proprietate
1261 4732 1328 4792 in
1357 4748 1432 4793 eo
1459 4730 1662 4791 locum
1691 4731 1878 4793 habet
1906 4732 2057 4793 illud
2092 4748 2109 4793 τ

545 4822 663 4887 Dio
687 4822 1015 4898 Rode-tim,
1048 4828 1165 4885 etc.
1200 4822 1323 4884 Alii
1351 4823 1566 4885 dicunt
1593 4824 1761 4904 loqui
1801 4824 2113 4885 Christum

543 4924 792 4978 tantum
821 4917 898 4977 de
935 4923 1186 4997 peccato
1213 4915 1512 4995 injurioso
1539 4918 1633 4979 illi
1665 4917 1775 4996 qui
1814 4917 1985 4980 videt
2022 4916 2113 4978 al·

531 5016 751 5069 terum
793 5016 1171 5089 peccantem,
1217 5010 1364 5090 quia
1403 5008 1513 5070 illa
1551 5009 1876 5089 particula,
1917 5010 1988 5071 in
2026 5015 2108 5085 te,

544 5100 758 5161 hocin
778 5103 984 5180 rigore
1007 5100 1334 5179 significat.
1359 5104 1440 5162 At
1465 5119 1614 5163 vero
1644 5109 1961 5183 peccatum
1986 5102 2112 5162 hae-

544 5194 720 5255 retici
748 5212 874 5255 non
908 5200 1001 5255 est
1039 5194 1414 5272 injuriosum
1443 5193 1680 5255 videnti
1705 5202 1769 5255 et
1795 5194 2011 5257 scienti
2037 5195 2111 5256 il-

545 5286 678 5365 lud,
703 5286 811 5348 sed
843 5288 991 5362 Deo,
1020 5294 1083 5347 et
1107 5286 1223 5347 toti
1252 5286 1558 5362 Eeclcsm,
1589 5294 1654 5348 et
1687 5288 1826 5349 ideo
1854 5286 1969 5348 sub
2004 5288 2114 5350 illa

545 5379 767 5459 regula
833 5398 962 5441 non
1029 5378 1594 5458 comprehenditur.
1669 5380 2113 5442 Verumtamen

546 5471 849 5551 quidquid
903 5472 984 5531 sit
1031 5471 1108 5533 de
1152 5473 1401 5552 propria
1449 5472 1898 5551 significatione
1943 5473 2114 5535 illius

544 5562 890 5643 particulae,
928 5564 1000 5625 iu
1041 5571 1119 5642 te,
1152 5570 1388 5627 certum
1433 5566 1718 5627 existimo
1763 5565 2115 5627 doctrinam

1005 448 1242 499 msPUT.
1277 448 1384 497 XX.
1421 448 1502 499 ΒΕ
1533 448 1826 500 REHEDUS
1857 448 2169 502 ECCLESIAE
2198 448 2447 501 CONTRA
2480 448 2774 502 HAERESES
2807 450 2887 502 ΕΤ
2920 447 3298 503 HAERETICOS.

2192 549 2415 611 Christi
2442 567 2568 610 non
2609 547 2865 610 limitari
2898 548 2973 609 ad
3018 546 3147 610 sola
3183 556 3456 629 peccata,
3483 568 3599 629 qnae
3622 573 3695 615 ce-

2188 642 2344 703 dunt
2386 643 2454 702 in
2490 642 2799 721 privatam
2847 642 3144 720 injuriam
3192 642 3574 720 corrigentiS,
3616 650 3697 709 sed

2188 735 2374 795 etiam
2415 736 2537 797 alia
2547 752 2567 813 3
2598 736 2748 815 qnia
2790 736 2950 796 ratio
2992 734 3259 795 Christi:
3292 736 3578 799 Moratur
3604 742 3701 802 erit

2183 832 2443 902 fratrem
2487 835 2689 904 tuum,
2738 844 2912 907 aeque
2948 828 3016 889 in
3060 827 3195 888 aliis
3230 828 3522 907 procedit.
3562 830 3701 893 Unde

2186 924 2331 982 satis
2350 927 2443 982 est
2462 922 2721 982 offensio
2744 920 2875 996 illa,
2900 938 3037 1001 qua».
3061 939 3170 999 per
3196 920 3453 981 modum
3478 924 3705 984 scandali

2184 1015 2521 1093 unicuique
2553 1014 2643 1089 fit,
2676 1014 2926 1094 quando
2955 1031 3163 1074 coram
3202 1011 3314 1073 illo
3343 1021 3628 1093 peccatur,
3653 1024 3707 1076 ut

2185 1106 2537 1168 verificetur
2564 1107 2674 1168 illa
2701 1106 3007 1187 particula
3040 1124 3055 1165 ε
3093 1104 3174 1169 Si
3206 1110 3537 1187 peccaverit
3558 1110 3620 1167 in
3645 1116 3703 1171 te.
3819 1164 3820 1173 ,

2188 1200 2603 1260 Nihilominus
2623 1205 2834 1260 tamen
2850 1200 3030 1259 divus
3046 1198 3340 1271 Thomas,
3358 1198 3513 1259 dicta
3528 1208 3704 1278 quaest.
3819 1214 3820 1243 ¹

2188 1294 2292 1368 33,
2335 1292 2577 1353 articul.
2622 1296 2686 1367 7,
2731 1291 3005 1353 excludit
3048 1297 3372 1371 peccatum
3402 1290 3626 1352 haeresis
3648 1294 3710 1353 ab

2188 1386 2295 1447 illo
2325 1386 2541 1447 ordine
2572 1385 2988 1460 correctionis,
3015 1402 3094 1446 ex
3120 1384 3185 1445 vi
3212 1384 3383 1444 illius
3409 1384 3708 1463 particule,

2189 1477 2257 1541 in
2288 1484 2363 1554 te,
2394 1480 2543 1557 quia
2571 1484 2912 1558 peccatum,
2956 1478 3187 1557 inquit,
3228 1476 3477 1538 haeresis
3499 1495 3611 1537 non
3641 1487 3711 1540 est

2190 1572 2527 1651 privatum,
2570 1572 2635 1631 id
2679 1578 2792 1647 est,
2833 1588 2961 1631 non
3001 1570 3420 1650 reputandum
3459 1576 3709 1649 tanquam
3819 1568 3820 1605 ³

2190 1671 2517 1742 secretum,
2548 1664 2653 1725 sed
2681 1672 2979 1744 tanquam
3008 1662 3331 1745 publicum
3360 1680 3436 1723 ex
3462 1664 3521 1723 vi
3548 1663 3711 1741 objec·
3819 1658 3820 1671 ¹

2186 1759 2258 1829 ti,
2286 1759 2433 1837 quia
2461 1764 2552 1819 est
2580 1762 2793 1819 contra
2822 1758 3040 1834 Deum,
3074 1762 3137 1818 et
3164 1755 3483 1836 publicum
3519 1754 3711 1817 bonum

2184 1851 2485 1913 Ecclesiae.

2266 1946 2366 2006 45.
2412 1942 2701 2008 Anam-is
2742 1944 3172 2025 responsio.—
3193 1942 3451 2022 Satisfit
3486 1942 3713 2004 secunde

2185 2038 2417 2099 rationi
2462 2038 2533 2099 in
2587 2038 2781 2102 eodem
2830 2054 2893 2097 π.
2950 2038 3013 2098 6.
3034 2070 3116 2087 -—-
3134 2036 3399 2113 Satisfit
3440 2036 3710 2098 tertie.—

2190 2132 2489 2191 Existimo
2528 2138 2741 2191 tamen
2768 2148 2983 2191 veram
3011 2132 3477 2212 responsionem
3508 2144 3713 2187 sumen·
3819 2194 3820 2205 1

2190 2223 2335 2283 dam
2366 2241 2495 2283 esse
2524 2241 2600 2284 ex
2628 2224 2838 2300 dictis;
2869 2237 3019 2283 nam
3040 2224 3323 2283 Christus
3346 2219 3623 2282 Dominus
3644 2219 3712 2279 lo-
3819 2212 3820 2291 J

2188 2328 2365 2377 cutus
2408 2321 2501 2377 est
2550 2316 2629 2377 de
2674 2318 3075 2391 correctione,
3123 2334 3263 2395 quae
3313 2314 3623 2375 ordinatur
3654 2310 3714 2371 ad
3818 2318 3820 2399 ᾗ

2188 2410 2381 2469 solam
2412 2410 2742 2471 emendam
2794 2410 3025 2485 fratris,
3071 2416 3142 2470 ut
3186 2410 3255 2470 in
3289 2406 3713 2469 denuntiatione

2190 2502 2549 2581 evangelica
2607 2506 2911 2562 tractatur
2926 2516 2947 2581 ;
2990 2508 3053 2563 et
3097 2500 3237 2562 ideo
3287 2499 3379 2561 ibi
3423 2496 3716 2559 servandus
3819 2504 3820 2541 ῑ

2190 2600 2283 2654 est
2317 2594 2423 2655 ille
2468 2596 2642 2670 ordo,
2674 2596 2818 2675 quia
2857 2612 2969 2673 per
3008 2600 3307 2655 secretam
3351 2590 3716 2653 monitionem

2188 2692 2390 2767 potest
2429 2687 2571 2748 finis
2624 2689 2899 2748 intentus
2945 2686 3325 2748 sufficienter
3370 2682 3680 2762 comparari
3699 2696 3715 2757 ;

2192 2780 2292 2841 hic
2338 2787 2547 2841 autem
2586 2782 2830 2858 agimus
2852 2780 2929 2841 de
2957 2780 3433 2840 denuntiatione
3455 2774 3715 2856 judiciali,

2192 2891 2343 2952 quas
2366 2872 2445 2932 ad
2478 2872 2671 2932 alium
2704 2872 2895 2934 finem
2916 2918 2937 2949 ,
2991 2878 3060 2933 ut
3099 2873 3399 2946 diximuS,
3446 2868 3645 2942 tendit,
3671 2872 3718 2926 et

2192 2964 2333 3026 ideo
2378 2984 2506 3025 non
2560 2966 2832 3045 pertinet
2887 2966 2965 3025 ad
3018 2971 3399 3044 praeceptum
3421 3007 3441 3039 ,
3497 2962 3569 3021 de
3614 2976 3713 3038 quo

2196 3058 2469 3119 Christus
2494 3057 2884 3137 loquebatur.
2912 3058 3084 3118 Dices
3114 3078 3130 3117 :
3167 3064 3302 3118 esto
3330 3074 3455 3116 non
3484 3070 3717 3131 compre·

2194 3151 2507 3212 hendatur
2533 3151 2763 3213 directe
2790 3150 2905 3210 sub
2938 3149 3045 3210 illo
3070 3156 3406 3229 praecepto,
3427 3163 3465 3209 a
3491 3146 3715 3227 paritate
3819 3164 3820 3203 ς

2194 3243 2452 3304 rationis
2478 3242 2723 3303 videtur
2752 3242 3191 3322 comprehendi
3220 3243 3339 3301 sub
3380 3241 3513 3320 lege
3553 3237 3717 3298 chari·

2196 3338 2341 3397 tatis
2362 3382 2379 3408 ,
2409 3337 2557 3415 quia
2586 3354 2659 3397 ex
2689 3336 2932 3396 duobus
2959 3332 3200 3410 mediis,
3230 3334 3486 3408 scilicet,
3514 3332 3714 3393 denun·
3819 3350 3820 3363 ¹

2191 3428 2471 3489 tiationis
2496 3428 2839 3507 judicialis,
2873 3426 2972 3489 vel
3022 3428 3445 3499 correctioniS,
3497 3442 3595 3485 seu
3634 3422 3715 3482 de·
3819 3512 3820 3519 ἵ

2191 3522 2603 3582 nuntiationis
2644 3520 2949 3597 Ecclesiae,
2994 3520 3353 3599 eligendum
3394 3518 3619 3579 videtur
3653 3530 3713 3575 ex
3819 3524 3820 3603 J

2192 3613 2517 3689 charitate,
2560 3613 2731 3693 quod
2758 3614 2965 3674 minus
2992 3614 3283 3674 nocivum
3334 3612 3413 3673 sit
3448 3610 3711 3691 proximo.
3819 3618 3820 3693 ss

2192 3708 2623 3789 Respondetur
2641 3709 2846 3788 primo
2870 3708 2985 3768 hoc
3007 3724 3227 3768 verum
3251 3724 3409 3773 esse.
3451 3706 3499 3766 si
3532 3706 3713 3764 eaetera
3819 3740 3820 3763 i

2190 3807 2394 3863 essent
2417 3802 2590 3881 paria
2608 3817 2680 3863 ex
2708 3806 2883 3880 parte
2906 3800 3055 3860 boni
3085 3799 3453 3873 communis,
3478 3795 3569 3858 vel
3594 3794 3712 3854 alio-
3819 3848 3820 3851 ,

2188 3910 2330 3954 rum
2358 3892 2806 3973 proximorum,
2854 3898 3043 3973 atque
3071 3892 3263 3953 etiam
3314 3892 3501 3973 ipsius
3549 3886 3713 3948 delin-

2192 3986 2442 4064 quentis
2466 4004 2482 4059 3
2509 3984 2613 4047 hic
2634 3993 2843 4047 autem
2882 4002 3010 4046 non
3039 3991 3185 4046 sunt
3210 3992 3437 4046 caetera
3458 3981 3628 4064 paria,
3656 3982 3711 4036 ut

2183 4078 2317 4157 jam
2338 4076 2485 4139 satis
2508 4076 2837 4139 declaravi.
2864 4078 2943 4138 Et
2966 4082 3293 4158 praeterea,
3319 4074 3585 4157 quamvis
3604 4072 3710 4132 haec

2190 4168 2481 4231 discretio
2508 4175 2571 4231 et
2597 4170 2907 4231 distinctio
2948 4176 3153 4250 posset
3192 4168 3427 4231 habere
3450 4168 3632 4229 locum
3655 4164 3707 4222 in

2192 4262 2323 4324 sola
2362 4264 2502 4342 lege
2548 4261 2887 4338 charitatis,
2934 4269 3175 4337 tamen,
3226 4264 3516 4343 adjuncto
3558 4257 3707 4319 eccle·

2195 4356 2438 4417 siastico
2474 4359 2787 4435 praecepto
2808 4355 3262 4417 determinante
3288 4357 3413 4417 tale
3452 4352 3704 4421 medium,

2190 4451 2321 4529 jam
2354 4465 2483 4509 non
2536 4455 2629 4510 est
2656 4448 2827 4509 locus
2858 4450 3123 4529 proprias
3170 4448 3481 4523 electioni,
3508 4440 3709 4506 etiamsi

2194 4539 2263 4603 in
2291 4542 2500 4622 aliquo
2531 4560 2675 4603 casu
2712 4542 3075 4621 particulari
3116 4541 3284 4603 aliud
3330 4540 3587 4602 medium
3610 4533 3708 4593 uti-

2195 4636 2317 4698 lius
2345 4641 2663 4715 appareat,
2708 4636 2856 4713 quia
2882 4642 3157 4696 cessante
3185 4635 3311 4695 fine
3338 4631 3489 4713 legis
3518 4632 3575 4691 in
3596 4642 3708 4708 par-

2193 4728 2462 4803 ticulari,
2496 4746 2623 4789 non
2676 4733 2869 4789 cessat
2922 4730 3061 4807 ejus
3092 4728 3390 4807 obligatio
3413 4774 3430 4803 ‚
3476 4731 3535 4787 et
3572 4736 3705 4782 com·

2193 4822 2372 4884 muni
2397 4822 2563 4883 bono
2590 4822 2861 4900 expedit,
2916 4827 2989 4881 ut
3037 4820 3194 4882 illud
3238 4820 3536 4901 privatum
3578 4810 3707 4874 arbi-

2192 4916 2386 4976 trium
2432 4914 2691 4975 omnino
2744 4912 3167 4993 prohibeatur.
3232 4914 3308 4974 Et
3352 4914 3523 4992 Juxta
3570 4905 3706 4964 hunc

2194 5008 2451 5069 modum
2488 5006 2896 5085 intelligenda
2942 5013 3091 5067 sunt
3137 5006 3383 5067 decreta
3428 4996 3702 5063 canonica,
3819 5024 3820 5081 4

2193 5116 2328 5179 quas
2378 5098 2559 5159 illum
2610 5099 2895 5159 ordinem
2917 5098 3367 5179 passeribrunt3
3412 5092 3705 5172 loquuntur
3819 5092 3820 5173 j

2193 5194 2363 5253 enim
2408 5191 2486 5253 de
2540 5190 3013 5252 denuntiatione
3059 5190 3440 5269 evangelica5
3490 5184 3705 5264 praeter·

2193 5301 2384 5366 quam
2430 5282 2595 5364 quod
2623 5282 2818 5363 alege
2852 5284 3175 5345 communi
3208 5284 3419 5344 liceret
3465 5274 3702 5351 excipere

2193 5382 2513 5458 peccatum
2551 5375 2807 5437 haeresis
2841 5382 3094 5458 propter
3118 5374 3596 5455 specialissimam
3620 5374 3701 5421 ra·

2194 5472 2427 5533 tionem
2454 5486 2651 5532 suam.
2682 5472 2762 5532 Et
2788 5472 2929 5532 ideo
2975 5484 3102 5531 non
3136 5476 3303 5531 recte
3346 5470 3553 5529 citatur
3594 5454 3699 5515 Cle·

2194 5567 2475 5628 mentina
2512 5567 2572 5641 2,
2598 5582 2737 5645 quae
2754 5566 2939 5627 tertio
2968 5563 3103 5625 loco
3124 5560 3541 5642 objiciebatur·
3524 5594 3543 5631 ,
3574 5558 3697 5609 ”³¹¹³
