3900 6217
536 443 651 503 150

530 551 653 611 tice
680 548 977 611 ordinatae
1006 549 1085 610 ad
1113 568 1287 629 opus,
1318 554 1383 611 et
1410 549 1547 611 ideo
1594 566 1721 611 non
1761 547 2092 609 videantur

532 660 644 723 per
688 660 753 703 se
784 642 1029 705 tradere
1066 642 1412 705 doctrinam
1440 641 1835 715 credendam,
1864 640 2090 702 nihilo·

532 736 742 797 minus
770 754 1013 816 semper
1051 735 1383 797 includunt
1424 735 1661 815 aliquid
1704 735 1873 816 quod
1906 754 1984 796 ex
2030 735 2092 796 vi

532 828 783 891 illorum
812 829 888 890 ad
916 829 1099 891 fidem
1123 829 1433 908 pertinere
1459 835 1689 909 potest3
1714 848 1863 891 nam
1880 828 2095 908 cogni-

532 922 621 982 tio
648 921 918 1001 practica
948 922 1177 983 virtute
1205 921 1470 982 includit
1497 922 1801 1002 principia
1843 924 2093 983 univer-

532 1014 709 1088 salia,
756 1021 821 1074 et
874 1014 1050 1093 quasi
1098 1014 1513 1092 speculativa,
1562 1020 1625 1075 et
1680 1014 1769 1075 ita
1814 1013 2090 1089 traditio,

530 1107 705 1169 verbi
734 1107 957 1185 gratia,
988 1108 1151 1185 signi
1174 1109 1375 1169 crucis
1396 1106 1657 1169 includit
1678 1108 1843 1168 hanc
1869 1108 2095 1169 verita·

532 1206 682 1273 tem,
714 1199 944 1261 scilicet
964 1217 1147 1259 usum
1186 1200 1367 1261 illum
1415 1219 1543 1261 esse
1595 1201 1767 1279 pium
1814 1204 1875 1259 et
1921 1216 2094 1259 sanc-

530 1299 690 1366 tum,
728 1293 886 1351 sicut
912 1292 1101 1353 etiam
1124 1293 1379 1353 traditio
1428 1294 1775 1372 imaginum
1825 1292 2096 1361 ostendit

530 1382 915 1447 honestatem
961 1386 1029 1445 in
1074 1383 1323 1447 illarum
1352 1403 1496 1462 usu,
1529 1386 1581 1447 si
1606 1386 1787 1465 juxta
1812 1385 2092 1445 traditio·

534 1494 679 1537 nem
709 1476 839 1539 fiat.

614 1570 675 1631 7.
694 1569 969 1633 Assertio
984 1572 1341 1651 affirmans,
1370 1571 1763 1649 satisfaciens
1776 1570 2095 1651 quaestioni

534 1660 720 1741 liujus
744 1664 1046 1725 sectionis.
1066 1696 1149 1711 -
1174 1665 1485 1727 Probatur
1506 1665 1707 1744 primo
1755 1681 1827 1727 em
1874 1663 2094 1742 Serip-

532 1760 702 1815 tura.
722 1786 804 1800 —-
832 1756 943 1817 His
966 1772 1115 1835 ergo
1140 1756 1485 1831 declaratis,
1516 1756 1809 1817 statuitur
1834 1757 2094 1817 assertio

534 1844 874 1909 Catholica:
898 1848 1255 1911 traditiones
1274 1849 1523 1924 divinae,
1553 1855 1680 1911 lam
1702 1848 2092 1925 doctrinales,

534 1956 723 2017 quam
767 1940 1049 2009 morales.
1081 1949 1154 2003 ut
1194 1941 1522 2002 includunt
1560 1939 1793 2020 aliquid
1838 1941 2096 2002 creden·

536 2030 714 2106 dum,
748 2032 802 2093 si
847 2041 1145 2115 perpetuo
1186 2035 1313 2096 sint
1355 2035 1423 2095 in
1477 2034 1743 2097 Ecclesia
1790 2034 2095 2097 catholica

540 2122 877 2187 observatae
904 2134 966 2187 et
1002 2133 1281 2203 retentis,
1318 2134 1463 2189 sunt
1498 2126 1842 2188 infallibilis
1875 2125 2096 2205 regula

539 2216 707 2293 fidei,
740 2219 981 2281 etiamsi
1014 2222 1254 2301 scriptae
1282 2240 1409 2283 non
1436 2221 1581 2282 sint.
1624 2219 1925 2282 Probatur
1971 2220 2096 2299 pri-

538 2324 643 2373 mo
666 2308 799 2373 haec
828 2314 1053 2375 veritas
1080 2332 1157 2375 ex
1190 2315 1505 2394 Scriptura
1554 2332 1749 2385 sacra,
1778 2320 1841 2373 et
1880 2313 2096 2393 impri-

540 2402 663 2465 mis
684 2422 1004 2485 possumus
1043 2407 1265 2471 afferre
1316 2408 1471 2469 illud
1515 2407 1675 2468 Psal.
1708 2409 1822 2469 77:
1856 2408 2098 2481 Quanta

540 2498 851 2560 mandavit
880 2500 1179 2564 Patribus
1206 2503 1433 2565 nostris
1458 2507 1599 2563 nota
1624 2504 1827 2578 facere
1842 2519 1911 2563 ea
1935 2501 2098 2578 filiis

538 2589 691 2662 suis,
726 2597 788 2651 et
826 2592 1055 2654 similia
1096 2594 1295 2656 solent
1336 2592 1558 2656 adduci
1606 2611 1685 2654 ex
1726 2598 2098 2654 testamento

543 2678 761 2755 veteri,
791 2701 929 2763 quae
957 2686 1199 2764 omitto,
1234 2688 1381 2767 quia
1408 2688 1473 2747 in
1504 2686 1592 2749 eis
1630 2704 1757 2746 non
1793 2688 1939 2747 satis
1985 2703 2096 2748 ex·-

540 2770 804 2853 plicatur
834 2794 1182 2841 sermonem
1227 2798 1357 2842 esse
1400 2780 1477 2840 de
1522 2778 1957 2841 traditionibus
2000 2778 2098 2840 vel

544 2871 864 2949 praeceptis
896 2892 1021 2935 non
1054 2874 1317 2954 scriptis,
1352 2881 1413 2935 et
1439 2874 1695 2935 fortasse
1717 2873 1784 2934 in
1811 2871 1949 2950 lege
1985 2890 2098 2934 ve-

543 2960 661 3023 teri
694 2980 816 3026 non
856 2975 1033 3028 erant
1062 2967 1215 3029 talia
1242 2974 1568 3048 praecepta,
1622 2966 1720 3027 vel
1763 2966 2099 3027 institutio·

544 3071 655 3117 nes
688 3054 915 3121 divinae
944 3068 1117 3123 extra
1163 3063 1569 3142 scripturam.
1620 3060 1921 3122 Probatur
1948 3078 2098 3137 ergo

542 3150 847 3231 praecipue
876 3172 955 3215 ex
983 3154 1196 3232 Paulo,
1228 3157 1269 3215 2
1305 3152 1385 3216 ad
1411 3152 1687 3216 Thessal.
1723 3158 1762 3217 2
1789 3167 1807 3213 ε
1836 3152 1982 3217 Non
2004 3170 2100 3215 re-

545 3241 754 3305 tinetis
792 3248 950 3325 qnod
994 3265 1124 3331 magn
1160 3249 1353 3311 adkw
1390 3265 1571 3310 essem
1611 3248 1775 3325 apud
1819 3264 1945 3319 vos,
1977 3244 2102 3309 laoeo

546 3331 805 3397 dicebam
833 3339 1040 3403 vobis?
1068 3340 1348 3401 indicans
1377 3339 1439 3400 id
1473 3339 1751 3401 sufficere
1792 3338 1869 3399 ad
1910 3336 2100 3399 fidem

546 3423 681 3487 sine
706 3430 967 3511 scripto3
998 3438 1061 3495 et
1087 3432 1313 3495 clarius
1335 3432 1541 3493 infra:
1576 3432 1787 3494 Tenete
1811 3431 2100 3493 traditio-

542 3532 646 3580 nes
668 3537 820 3601 quas
846 3525 1174 3602 didicistis,
1194 3527 1320 3587 sive
1345 3542 1451 3603 per
1478 3541 1822 3597 ses-monent,
1844 3523 1970 3584 sive
1989 3539 2100 3601 per

545 3608 897 3689 Epistolam
922 3624 1191 3681 nostram
1212 3643 1238 3689 ,·
1264 3616 1372 3679 ubi
1412 3616 1543 3679 haec
1582 3615 1707 3677 duo
1732 3615 2094 3693 aequiparat.

544 3700 697 3765 item
753 3709 969 3787 primae
1020 3710 1100 3773 ad
1146 3713 1309 3773 Tim.
1355 3710 1513 3771 ult.:
1570 3709 1960 3788 Depositum,
1986 3707 2098 3783 ait,

545 3800 799 3876 custodi,
830 3802 995 3881 quod
1027 3803 1105 3864 de
1130 3802 1406 3883 deposito
1432 3800 1726 3863 doctrinae
1756 3802 1968 3863 Patres
2006 3799 2101 3859 in-

548 3888 839 3967 telligunt
857 3917 876 3970 3
908 3896 1035 3957 imo
1065 3898 1320 3976 exponit
1346 3897 1510 3957 idem
1542 3894 1789 3967 Paulus,
1830 3894 1869 3953 2
1904 3892 2096 3971 Epist.

544 3980 620 4043 ad
653 3984 842 4063 Tim„
879 4006 1016 4069 cap.
1050 3992 1112 4065 1,
1141 3977 1383 4051 dicens}
1418 3990 1710 4052 Formam
1750 3988 1895 4051 habe
1920 4006 2094 4050 saiso·

544 4090 681 4137 rum
704 4080 1036 4157 verborum,
1064 4101 1195 4163 μα,-
1222 4102 1263 4147 a
1304 4102 1395 4146 me
1416 4083 1649 4145 audisti
1670 4083 1737 4143 in
1768 4082 1887 4157 fide
1914 4086 1970 4143 et
2004 4082 2096 4142 di-

540 4164 803 4247 lectione,
828 4174 1039 4237 bonum
1066 4183 1121 4239 et
1152 4178 1483 4257 depositum
1505 4175 1733 4239 mistodi
1742 4197 1771 4245 ,·
1798 4172 1905 4235 ubi
1932 4173 2098 4235 clare

542 4256 819 4341 loquitur
854 4267 930 4329 de
959 4266 1240 4331 doctrina
1282 4288 1409 4331 non
1436 4269 1688 4349 scripta,
1719 4266 1885 4345 quod
1926 4268 2094 4329 testi-

540 4356 820 4419 monium
853 4362 1037 4422 tacite
1062 4364 1345 4443 exposuit
1374 4364 1659 4437 irenaeus,
1708 4358 1821 4420 lib.
1854 4362 1915 4435 3,
1954 4378 2087 4439 cap.

540 4446 601 4521 t,
627 4453 1025 4529 sequentibus
1052 4456 1276 4529 verbis,
1308 4475 1449 4537 quaa
1476 4456 1779 4517 mihivisa
1808 4460 1958 4514 sunt
1981 4472 2096 4515 no·

538 4541 749 4617 tanda,
806 4546 953 4624 quia
1005 4550 1118 4609 toti
1166 4549 1311 4609 huic
1366 4549 1640 4611 materiae
1692 4546 2042 4609 deservient
2072 4564 2089 4608 ε

536 4630 681 4694 Non
731 4642 957 4716 oportet
1010 4644 1177 4719 apud
1230 4642 1386 4705 alios
1439 4658 1699 4723 ρων-ονε
1754 4640 2086 4715 veritum,

535 4741 715 4801 quam
736 4732 929 4803 facile
946 4738 1033 4794 est
1052 4734 1123 4795 ab
1150 4734 1431 4797 Ecclesia
1459 4750 1711 4809 sumere,
1740 4748 1873 4794 cum
1892 4732 2090 4810 Apos-

532 4814 678 4893 t⁰lls
724 4825 905 4900 quasi
938 4826 1004 4885 in
1047 4827 1471 4905 depositorium
1520 4827 1706 4897 aives,
1744 4823 2090 4902 plenissime

532 4912 887 4977 contulerint
911 4920 1109 4979 omnia
1139 4938 1270 4999 quoe
1292 4925 1433 4981 sunt
1462 4917 1765 4991 veritatis,
1796 4922 1865 4977 ut
1892 4918 2088 4979 omnis

528 5001 879 5087 quicumque
902 5011 1067 5085 velit,
1093 5030 1165 5073 ex
1190 5029 1258 5073 ea
1280 5016 1480 5075 sumat
1504 5018 1709 5089 potum
1722 5010 1885 5071 oiloe.
1910 5008 2086 5071 Unde

528 5090 758 5157 infert:
792 5099 1029 5185 Oportet
1059 5122 1190 5183 quoe
1214 5109 1354 5165 sunt
1382 5104 1673 5167 Ecclesia»
1696 5120 1825 5165 cum
1848 5120 2086 5163 summa

527 5184 847 5267 diliyentia
861 5194 975 5255 dili
976 5212 1134 5274 pere,
1150 5201 1205 5257 et
1216 5196 1645 5275 apprehendere
1659 5196 1937 5257 veritatis
1957 5198 2086 5255 tra-

525 5279 829 5347 ditimtem.
860 5286 1135 5368 Denique
1178 5289 1342 5349 idem
1374 5288 1643 5349 sumitur
1682 5306 1761 5349 ex
1802 5284 2014 5361 Paulo,
2047 5289 2074 5347 1

526 5376 603 5436 ad
636 5380 771 5441 Cor.
814 5382 915 5455 Η,
954 5380 1231 5443 dicente:
1267 5382 1395 5461 Eoo
1442 5384 1597 5443 euim
1632 5382 1829 5461 accepi
1872 5398 1911 5441 a
1949 5380 2082 5441 Do·

522 5473 682 5532 mino
716 5474 871 5552 quod
896 5480 953 5536 et
996 5476 1231 5539 tradidi
1275 5476 1477 5545 vobis;
1510 5474 1683 5553 prius
1731 5474 1899 5535 enim
1950 5492 2081 5535 non

522 5562 769 5644 scripto,
800 5565 905 5628 sed
940 5568 1127 5629 verbo
1155 5573 1401 5631 tantum
1452 5566 1809 5643 tradiderat,
1862 5570 1924 5627 et
1966 5564 2080 5627 ibi-

1009 448 1247 501 msPUT.
1278 448 1335 498 V.
1374 447 1453 499 m:
1486 446 1746 499 naeuus
1779 445 2000 507 QL'mUS
2031 444 2194 505 rim-:1
2227 443 2539 497 OBJECTUM
2571 438 3075 504 mummium-213,
3109 438 3245 494 Ere.

2169 544 2314 609 dem
2337 545 2582 609 subdit:
2619 544 2854 611 C'oetera
2891 550 3090 609 autem
3113 562 3249 609 cum
3273 559 3480 609 venero
3519 544 3696 623 dispo
3709 578 3732 587 -

2169 657 2342 715 nam,
2373 657 2514 719 quoe
2544 637 2802 701 fortasse
2829 654 3154 719 nunquam
3173 636 3436 718 scripsit.

2253 734 2314 795 8.
2333 732 2644 797 Probatur
2658 733 2904 796 seeundo
2925 749 2998 795 ec
3021 731 3312 795 Consiliis
3328 737 3385 795 et
3407 730 3732 795 Patribus.

2169 823 2546 889 -Secundo
2572 824 2872 904 probatur
2889 842 2966 885 ex
2983 823 3290 901 Consiliis,
3319 841 3466 885 nam
3497 841 3576 885 ex
3594 841 3741 905 pro-

2171 920 2331 981 fesso
2355 918 2614 980 definita
2639 926 2732 981 est
2757 918 2890 981 haec
2917 920 3144 981 veritas
3171 920 3238 979 in
3273 916 3543 979 Concilio
3592 918 3740 979 Tri-

2171 1011 2452 1087 dentino,
2477 1030 2623 1073 sess.
2659 1014 2718 1087 4,
2744 1018 2808 1072 et
2833 1012 3002 1093 prius
3047 1012 3116 1073 in
3163 1009 3415 1091 Synodo
3457 1012 3500 1071 5
3547 1009 3742 1071 Cons-

2171 1105 2424 1179 tantin„
2477 1105 2611 1165 Act.
2667 1106 2766 1180 10,
2805 1110 2868 1165 et
2897 1123 2966 1165 m
3015 1108 3051 1167 7
3103 1104 3382 1185 Synodo,
3429 1103 3584 1165 alias
3638 1102 3742 1165 Ni-

2176 1214 2349 1259 caena
2395 1201 2458 1273 Ξ,
2497 1198 2628 1259 Act.
2665 1200 2706 1259 2
2722 1243 2742 1273 ,
2785 1196 3042 1279 quidam
3089 1197 3350 1259 Basilius
3397 1196 3740 1277 Episcopus

2173 1290 2655 1353 anathematizat
2703 1309 2806 1351 eos
2855 1291 2964 1371 qui
3006 1290 3370 1351 traditiones
3418 1288 3742 1351 catholicae

2173 1382 2456 1447 Ecclesioe
2483 1388 2915 1459 contemnunt,
2941 1391 3007 1445 et
3049 1393 3144 1445 est
3179 1382 3742 1447 anathematismus

2173 1478 2495 1556 septimus,
2521 1494 2710 1557 quem
2734 1483 2937 1539 totum
2964 1476 3300 1539 Concilium
3329 1474 3742 1557 approbavit3

2173 1575 2238 1631 et
2283 1568 2448 1631 idem
2483 1570 2782 1631 traditum
2829 1586 2960 1631 esse
3005 1569 3074 1631 in
3113 1568 3385 1631 Concilio
3421 1568 3671 1631 Nioaeno
3707 1571 3740 1629 1

2173 1664 2361 1725 refert
2376 1664 2818 1739 Theodoretus,
2837 1662 2946 1726 lib.
2977 1665 3019 1726 8
3047 1662 3304 1734 Biston,
3325 1680 3382 1724 c.
3415 1662 3476 1724 8.
3503 1661 3746 1723 Deinde

2173 1756 2338 1839 idem
2383 1755 2758 1819 confirmant
2791 1756 2999 1819 Sancti
3032 1758 3257 1831 Patres,
3287 1761 3354 1817 et
3393 1755 3744 1837 prircipum

2173 1848 2346 1910 locus
2373 1849 2438 1909 in
2461 1847 2580 1911 hac.
2607 1850 2868 1911 materia
2893 1848 3142 1915 videtur
3171 1866 3304 1909 esse
3343 1847 3578 1923 Basilii,
3622 1847 3740 1909 lib.

2171 1942 2252 2003 de
2269 1943 2742 2023 Spiritusanto,
2767 1941 2900 2018 ubi,
2929 1962 3065 2023 cap.
3097 1947 3160 2017 7,
3187 1942 3279 2004 ait
3302 1941 3588 2023 quaedam
3607 1958 3744 2003 esse

2173 2037 2464 2117 dogmata
2494 2040 2746 2119 scripta,
2775 2038 3066 2118 quaedam
3097 2056 3246 2099 vero
3285 2053 3361 2097 ex
3409 2034 3702 2117 Apostolo
3725 2073 3740 2079 -

2173 2146 2316 2191 rum
2339 2131 2671 2193 traditione
2689 2146 2707 2191 ε
2725 2132 2816 2195 Ec
2841 2138 3117 2213 utraque,
3138 2130 3368 2210 iuquit,
3385 2146 3594 2208 parem
3611 2130 3744 2191 vim

2173 2222 2388 2286 habent
2415 2226 2497 2287 ad
2516 2226 2798 2305 pietatem
2814 2249 2841 2296 ,·
2873 2231 2936 2287 et
2967 2242 3100 2304 cap.
3141 2225 3226 2287 29
3263 2223 3448 2287 dicit:
3481 2221 3744 2302 Aposto-

2175 2314 2358 2378 licum
2386 2334 2510 2379 esse
2537 2318 2719 2379 etiam
2747 2316 3182 2381 traditionibus
3213 2334 3332 2379 noa
3357 2316 3608 2394 seriptis
3635 2316 3744 2375 iu-

2177 2409 2420 2473 ltoerere.
2471 2410 2640 2471 Idem
2665 2410 2856 2471 tradit
2889 2408 3120 2490 optime
3165 2410 3460 2487 Irenaeus,
3506 2406 3618 2469 lib.
3671 2408 3742 2482 3,

2177 2518 2313 2581 cap.
2346 2504 2384 2563 3
2423 2508 2486 2563 et
2517 2505 2602 2579 43
2652 2504 3058 2581 Augustinus,
3089 2498 3348 2583 epistola
3377 2503 3416 2563 3
3445 2507 3511 2562 et
3535 2500 3638 2577 86,
3675 2505 3748 2560 et

2175 2592 2290 2655 lib.
2347 2598 2388 2656 2
2437 2602 2654 2657 contra
2689 2596 3036 2670 Julianum,
3086 2596 3164 2657 de
3215 2594 3497 2657 Patribus
3539 2593 3698 2653 dicit
3721 2608 3742 2651 z

2181 2686 2350 2761 Quod
2405 2691 2752 2751 invenerunt
2818 2690 2886 2751 in
2937 2688 3238 2761 Ecclesia,
3289 2692 3602 2750 cavarunt
3615 2730 3637 2761 ‚
3679 2692 3746 2747 et

2181 2782 2337 2859 quod
2359 2798 2398 2844 a
2431 2782 2564 2845 suis
2603 2782 2906 2845 Patribus
2945 2782 3306 2857 didicerunt,
3339 2780 3507 2841 nobis
3541 2780 3745 2841 tradi·

2179 2872 2416 2949 derunt,
2451 2873 2679 2935 docens
2723 2873 2890 2935 idem
2949 2890 3077 2934 esse
3131 2872 3312 2934 nobis
3357 2870 3744 2933 faciendum.

2178 2964 2360 3026 Recte
2389 2966 2754 3046 Cyprianus,
2787 2967 2968 3047 epist.
2997 2969 3113 3029 74:
3143 2965 3226 3029 Si
3255 2966 3339 3027 ad
3358 2965 3578 3027 diviua.-
3599 2970 3748 3027 tra-

2177 3058 2429 3122 ditionis
2456 3060 2752 3139 oriyinem
2797 3066 2854 3123 et
2893 3065 3072 3141 eaput
3121 3064 3512 3127 revertamur,
3546 3062 3748 3119 cessat

2177 3168 2350 3212 error
2374 3151 2672 3215 humanus
2689 3167 2710 3229 3
2729 3152 2894 3232 quod
2909 3150 3302 3213 commendat
3323 3150 3742 3228 Augustinus,

2178 3242 2288 3306 lib.
2316 3244 2354 3305 5
2381 3243 2458 3304 de
2486 3243 2824 3325 Baptismo,
2857 3262 2992 3323 cap.
3026 3246 3126 3323 21.
3159 3243 3330 3307 idem
3361 3244 3628 3305 sumitur
3657 3262 3746 3305 ex

2180 3335 2496 3416 Dionysio,
2523 3354 2658 3419 cap.
2715 3340 2744 3399 1
2796 3337 2873 3398 de
2917 3337 3342 3399 Ecclesiastica
3389 3335 3744 3413 ilici-arch„

2179 3427 2648 3507 Chrysostomo,
2717 3435 2780 3492 et
2844 3428 3328 3511 Theophylaeto,
3391 3431 3432 3491 2
3495 3429 3574 3491 ad
3633 3430 3748 3491 Ti-

2179 3520 2376 3583 moth.
2409 3524 2467 3584 1.
2626 3524 2635 3531 ’

2259 3614 2324 3676 9.
2373 3614 2598 3691 Tertio,
2625 3614 2922 3696 probatur
2967 3617 3201 3679 ratione
3247 3615 3428 3677 dueta
3463 3632 3507 3678 a
3549 3616 3754 3693 suffi-

2185 3710 2408 3773 oientia
2439 3716 2494 3773 et
2515 3709 3202 3789 amaritate—Tertio,
3227 3709 3571 3773 ostenditur
3605 3710 3752 3771 suf-

2181 3798 2456 3865 ficientia
2503 3806 2566 3865 et
2610 3804 2940 3867 necessitas
2971 3802 3160 3883 hujus
3207 3802 3462 3881 regulae,
3507 3801 3748 3883 primo,

2180 3893 2328 3973 quia
2361 3900 2456 3956 est
2482 3894 2796 3976 antiquior
2811 3914 3002 3977 quam
3031 3895 3388 3977 Scriptura,
3414 3894 3544 3957 haic
3565 3895 3750 3957 enim

2177 3988 2362 4066 coepit
2390 4004 2429 4048 a
2455 3988 2686 4067 Moyse,
2712 3994 2784 4049 ut
2809 4006 2978 4051 nunc
3000 4005 3284 4070 suppono
3293 4004 3316 4066 3
3345 3986 3500 4049 fides
3525 3995 3752 4051 autem

2175 4078 2430 4159 incoepit
2452 4080 2534 4141 ab
2557 4080 2735 4141 initio
2765 4080 3006 4155 mundi,
3039 4086 3104 4143 et
3133 4098 3326 4161 usque
3353 4080 3432 4143 ad
3461 4082 3752 4163 moysem

2174 4189 2286 4250 per
2312 4171 2508 4235 solam
2535 4172 2934 4235 traditionem
2971 4180 3332 4235 conservata
3361 4181 3494 4253 cst3
3525 4181 3591 4235 et
3627 4173 3752 4237 illa

2173 4271 2326 4325 tunc
2353 4277 2486 4327 erat
2526 4271 2696 4327 certa
2735 4265 2954 4344 regula
2979 4266 3147 4329 fidei.
3181 4268 3430 4329 Dicetur
3477 4266 3752 4331 sortasse

2174 4362 2323 4417 tuuc
2351 4375 2546 4437 pauca
2579 4360 2878 4437 mysteria
2925 4358 3069 4421 fidei
3119 4359 3309 4421 fuisse
3349 4360 3642 4433 revelata,
3671 4367 3752 4421 et

2173 4448 2314 4511 ideo
2347 4450 2624 4513 sufficere
2651 4451 3048 4513 traditionem
3071 4474 3090 4527 3
3132 4452 3238 4515 sed
3271 4452 3387 4513 hoc
3419 4452 3578 4515 nihil
3627 4452 3750 4513 ob-

2172 4546 2313 4616 stat,
2346 4548 2480 4603 tum
2505 4544 2651 4621 quia
2682 4561 2810 4604 non
2835 4545 3270 4605 contendimus
3291 4563 3461 4607 nunc
3481 4546 3614 4607 dari
3639 4563 3750 4606 so-

2171 4632 2296 4695 lam
2328 4636 2749 4713 traditionem,
2779 4655 2925 4699 nam
2953 4636 3255 4699 habemus
3299 4639 3490 4700 etiam
3533 4638 3750 4717 scrip-

2169 4734 2376 4788 turam
2390 4743 2410 4803 ;
2436 4733 2574 4791 tum
2601 4731 2874 4794 maxime
2901 4732 3052 4814 quia
3068 4732 3136 4793 in
3161 4730 3300 4810 lege
3327 4733 3517 4794 etiam
3539 4751 3750 4795 evan-

2168 4820 2388 4898 gelica,
2419 4839 2530 4901 per
2549 4821 2792 4901 aliquod
2825 4841 3022 4885 annos
3047 4824 3168 4885 tuit
3194 4824 3348 4885 fides
3375 4833 3750 4889 conservata

2165 4912 2302 4973 sine
2351 4914 2649 4993 scriptura
2699 4916 2846 4975 novi
2889 4918 3304 4995 Testamenti,
3356 4917 3573 4983 saitem
3619 4937 3748 4999 per

2165 5012 2300 5067 octo
2353 5024 2572 5083 annos,
2602 5008 2849 5085 quando
2892 5009 3224 5071 Matthaeus
3266 5028 3448 5073 suum
3487 5012 3748 5091 scripsit

2167 5098 2590 5177 Evangelium,
2621 5106 2684 5158 et
2711 5099 2831 5160 fuit
2863 5101 3100 5179 primus
3119 5102 3378 5182 scriptor
3397 5103 3748 5167 canonicus

2165 5192 2314 5253 novi
2344 5191 2741 5265 Testamenti,
2761 5200 2945 5271 prout
2979 5195 3168 5256 etiam
3199 5194 3306 5257 lib.
3343 5198 3422 5257 ¹0
3443 5196 3521 5255 de.
3545 5194 3744 5279 leg„

2163 5302 2299 5363 cap.
2329 5286 2391 5358 3,
2422 5302 2596 5345 num.
2624 5287 2684 5357 7,
2722 5284 3210 5363 observavimus3
3240 5305 3389 5369 ergo
3420 5288 3528 5350 ino
3567 5295 3746 5351 tcm-

2161 5395 2311 5457 pore
2337 5377 2588 5439 traditio
2624 5378 2744 5438 fuit
2767 5385 2932 5439 certa
2957 5379 3177 5457 regula
3204 5380 3408 5461 quoad
3430 5387 3628 5447 totam
3659 5384 3744 5447 fi-

2163 5468 2303 5531 dem
2354 5469 2776 5549 evangclicam
2791 5487 2811 5548 ;
2849 5489 2998 5551 ergo
3045 5472 3125 5534 de
3175 5490 3242 5535 se
3286 5480 3379 5535 est
3411 5475 3744 5543 sufficiens

2159 5562 2410 5643 regula3
2440 5568 2738 5643 praterea
2765 5608 2788 5641 ,
2817 5564 3021 5645 quoad
3044 5564 3302 5647 aliquid,
3333 5574 3429 5629 est
3459 5570 3740 5633 omnino
