3900 6217
666 400 834 453 SECT.
869 399 954 452 111.
991 399 1074 452 AN
1109 394 1496 452 lul-'malus
1531 393 1629 450 SIT
1663 395 1724 448 ΙΝ
1759 389 2163 458 lNTELLEcTu,
2200 395 2281 448 AN
2318 396 2378 448 {N
2414 395 2808 449 VOLUNTATE.

197 527 288 590 que
305 505 513 567 ratione
527 506 729 582 potest
745 505 916 562 actus
930 498 1515 562 intellectushahere
1531 497 1706 558 boni-

198 606 370 673 tatem,
401 595 492 658 vel
529 593 872 668 malitiam3
921 612 1067 654 nam
1107 599 1282 655 actus
1323 592 1492 666 fidei,
1533 589 1704 652 verbi

193 691 373 773 gratia,
389 689 737 770 priusquam
761 692 1026 762 ametur,
1041 693 1130 749 est
1144 686 1379 747 bonum
1395 685 1492 764 obj
1500 690 1704 745 ectum

194 787 400 846 honeste
431 779 692 842 amabile
723 799 761 842 a
804 778 1146 858 voluntate,
1197 786 1260 840 et
1289 779 1451 840 idem
1504 784 1700 852 actus,

189 883 340 960 prout
365 875 424 934 in
451 893 516 936 re
545 873 616 934 fit
635 893 712 934 ex
731 871 994 954 imperio
1031 872 1387 947 voluntatiS,
1415 877 1506 932 est
1532 881 1704 931 actus

192 969 396 1034 moralis
419 968 751 1044 honestus;
781 979 844 1028 et
875 984 910 1026 e
951 967 1282 1041 contrariO,
1312 969 1484 1026 actus
1509 963 1700 1024 haerc·

186 1065 248 1127 sis
272 1064 335 1124 de
359 1081 420 1124 se
447 1067 536 1122 est
558 1077 818 1140 pravum
854 1059 1187 1138 objectum,
1213 1063 1278 1120 et
1305 1061 1490 1138 prout
1530 1073 1702 1116 exer·

188 1166 327 1219 cetur
355 1153 715 1229 voluntarie,
742 1161 835 1214 est
867 1170 1094 1232 pravus
1137 1157 1310 1212 actus
1347 1149 1618 1210 moralis,

242 1253 293 1312 4.
329 1245 630 1310 Resolutio
663 1271 686 1307 .·
717 1245 960 1310 malitia
989 1244 1279 1324 objectiva
1327 1243 1708 1324 infidelitatis

183 1345 328 1408 estin
355 1340 660 1404 intellectu
677 1363 703 1409 ;
726 1338 976 1402 moralis
1003 1340 1072 1401 in
1099 1338 1233 1401 sola
1253 1337 1561 1400 voluntate
1581 1342 1708 1415 sor-

179 1437 388 1502 maliter
417 1435 661 1498 residet.
677 1465 758 1478 —
773 1433 996 1498 Prima
1011 1449 1166 1516 pars
1179 1433 1497 1512 probatur.
1513 1466 1590 1477 --—
1609 1430 1708 1492 Di-

180 1529 406 1592 cendum
441 1545 591 1606 ergo
635 1533 728 1588 est
768 1526 1222 1602 infidelitatem,
1271 1531 1456 1605 prout
1499 1530 1592 1586 est
1638 1525 1706 1585 in

176 1623 476 1696 intellectu,
507 1619 586 1682 de
619 1639 684 1682 se
713 1626 776 1682 et
804 1638 931 1681 non
959 1621 1038 1681 ab
1071 1625 1214 1681 actu
1241 1619 1570 1680 voluntatis
1596 1618 1700 1680 ha-

177 1719 292 1779 bere
317 1716 676 1796 objectivam
703 1715 1042 1791 malitiam;
1074 1720 1257 1793 prout
1281 1731 1428 1774 vero
1455 1718 1545 1774 est
1574 1731 1704 1772 mo·

173 1811 292 1872 ralis
319 1815 508 1882 actus,
543 1826 672 1869 non
703 1807 932 1868 habere
977 1809 1166 1868 aliam
1213 1807 1554 1881 malitiam,
1584 1807 1708 1868 nisi

173 1922 326 1984 quam
367 1902 697 1984 participat
747 1899 1210 1963 denominative
1257 1921 1296 1962 a
1344 1901 1700 1977 voluntate,

172 2005 324 2078 atque
353 1997 458 2068 ita,
487 1997 852 2077 simpliciter
877 1995 1209 2076 loquenda,
1237 1995 1540 2057 malitiam
1571 2013 1704 2056 mo-

169 2093 352 2167 ralem,
387 2109 527 2171 quae
559 2091 876 2153 moraliter
902 2091 1220 2152 constituit
1247 2089 1699 2165 infidelitatem,

169 2187 220 2246 in
253 2185 476 2246 ratione
517 2184 758 2265 peccati
799 2183 1129 2246 intrinsece
1175 2201 1302 2246 esse
1345 2189 1594 2244 tantum
1633 2182 1703 2244 iu

168 2277 468 2354 voluntate,
509 2277 588 2338 in
618 2276 939 2338 intellectu
963 2295 1110 2340 vero
1139 2295 1250 2357 per
1289 2276 1482 2337 solam
1512 2276 1703 2336 deno-

169 2371 542 2434 minationem
571 2371 650 2432 ab
682 2375 824 2432 actu
861 2370 1217 2432 voluntatis.
1254 2370 1523 2432 Primam
1554 2387 1699 2449 par·

170 2474 266 2526 tem
305 2463 519 2544 probat
573 2465 730 2527 ratio
782 2465 1106 2526 contrariae
1157 2463 1504 2536 sententiae,
1555 2463 1704 2541 quia

167 2565 308 2619 actus
347 2556 492 2619 fidei
535 2559 886 2618 contrarius
925 2557 1002 2618 de
1047 2576 1110 2618 se
1153 2556 1343 2617 hahet
1395 2554 1702 2616 malitiam

168 2651 521 2729 objectivam,
574 2657 648 2712 ut
680 2651 1005 2730 explicavi,
1035 2658 1097 2715 et
1137 2650 1367 2730 optime
1409 2649 1702 2728 intelligi-

169 2751 248 2804 tur
271 2763 371 2823 per
409 2743 586 2804 illam
617 2742 928 2806 causalem
973 2743 1452 2824 propositionem
1492 2760 1508 2802 ε
1545 2742 1702 2816 Quia

167 2835 445 2899 dissentire
478 2854 520 2898 a
549 2836 672 2914 fide
701 2837 930 2900 malum
971 2841 1083 2910 est,
1124 2838 1251 2900 ideo
1284 2836 1432 2900 vello
1474 2836 1702 2900 disson-

169 2931 262 2990 tire
298 2935 378 2992 est
417 2931 678 3003 malum,
711 2935 767 2992 et
813 2947 934 2992 non
981 2948 1009 2992 e
1053 2930 1382 2992 contrario.
1422 2929 1700 3008 Denique

167 3023 270 3083 haec
313 3023 548 3084 malitia
601 3023 870 3084 sumitur
911 3041 986 3086 ex
1015 3041 1088 3084 eo
1133 3022 1300 3103 quod
1345 3022 1482 3084 talis
1526 3029 1700 3083 actus

167 3115 470 3178 intellectus
499 3121 598 3178 est
643 3115 1064 3177 dissentaneus
1090 3121 1273 3177 rectae
1313 3115 1562 3189 rationi,
1599 3113 1700 3176 vel

164 3209 352 3271 divinae
385 3209 537 3290 legi,
584 3210 684 3272 vel
717 3218 956 3272 naturae
999 3209 1319 3282 rationali:
1365 3208 1525 3270 hanc
1551 3227 1700 3270 vero

165 3302 727 3366 disconvenientiam
764 3322 894 3364 nou
934 3302 1122 3364 habet
1150 3321 1188 3364 a
1217 3303 1558 3376 voluntate,
1591 3303 1698 3363 sed

162 3414 297 3456 exse
323 3408 381 3456 et
408 3405 646 3458 natura
677 3415 822 3470 sua,
865 3395 1025 3456 sicut
1068 3396 1276 3457 videre
1317 3401 1407 3458 est
1449 3402 1517 3456 in
1561 3397 1700 3458 aliis

163 3488 364 3549 actibus
403 3491 708 3565 externiS,
741 3490 1084 3570 praesertim
1125 3491 1450 3552 intrinsece
1493 3491 1692 3564 malis»,

161 3588 214 3640 ut
235 3583 290 3642 in
313 3583 752 3655 fornicatione,
778 3582 950 3643 verbi
976 3584 1199 3662 grafia,
1223 3602 1364 3664 quie
1389 3584 1551 3645 mala
1579 3590 1697 3660 est,

159 3674 276 3751 quia
309 3677 553 3738 dissona
582 3675 875 3738 rationali
904 3683 1185 3755 naturae3
1212 3679 1338 3739 imo
1375 3683 1438 3740 ct
1474 3679 1540 3739 in
1577 3679 1696 3740 for-

161 3769 252 3828 mis
287 3769 679 3832 naturalibus
709 3771 875 3832 idem
909 3789 1055 3832 cum
1087 3773 1480 3853 proportione
1523 3773 1698 3834 inve-

161 3861 300 3922 nitur
315 3878 334 3940 3
369 3883 519 3926 nam
574 3863 772 3941 calor,
820 3863 998 3927 verbi
1042 3866 1268 3944 gratia,
1314 3867 1550 3928 malum
1605 3873 1698 3928 est

157 3971 322 4034 aquae,
367 3959 517 4038 quia
555 3964 654 4021 est
697 3959 1169 4022 disconveniens
1212 3960 1303 4023 illi
1347 3979 1425 4022 cx
1471 3967 1697 4030 natura

161 4065 268 4124 sua,
296 4059 352 4111 et
382 4054 468 4114 sic
494 4053 576 4115 de
605 4052 768 4116 aliis.

224 4145 274 4204 5.
313 4146 627 4214 Probatm·
669 4173 824 4234 pars
879 4153 1156 4220 secunda.
1183 4185 1265 4200 -
1288 4152 1497 4214 Altera
1547 4171 1695 4214 vero

161 4261 275 4322 pars
297 4246 620 4327 probatur,
665 4251 818 4330 quia
859 4255 1032 4312 actus
1059 4245 1466 4320 infidelitatis,
1511 4251 1694 4325 prout

161 4340 224 4400 ab
243 4341 484 4406 homine
521 4351 875 4421 exercetur,
907 4349 1152 4405 tantum
1197 4347 1291 4402 cst
1335 4359 1498 4400 unus
1528 4347 1698 4402 actus

165 4437 382 4498 moralis
407 4439 603 4500 simul
659 4457 802 4500 cum
845 4445 986 4499 actu
1030 4434 1405 4506 voluntatis;
1438 4435 1544 4495 sed
1591 4433 1696 4496 ille

163 4535 306 4590 actus
333 4530 520 4594 habet
551 4537 760 4593 totum
789 4550 918 4593 esse
945 4529 1180 4592 morale
1222 4547 1260 4589 a
1289 4527 1628 4603 voluntate,
1659 4545 1698 4588 a

165 4639 262 4698 qua
299 4623 478 4685 hahet
506 4624 906 4696 libertatem;
939 4641 1088 4702 ergo
1119 4621 1310 4684 habet
1355 4620 1435 4681 ab
1483 4620 1696 4681 eadem

165 4717 425 4780 moralem
455 4718 766 4782 malitiam
791 4716 1078 4791 actionis,
1099 4723 1170 4777 ut
1191 4716 1352 4778 actio
1375 4719 1490 4790 cst,
1513 4721 1698 4793 atque

166 4806 235 4865 ita
253 4815 370 4870 tota
399 4810 510 4872 illa
547 4810 796 4872 malitia
837 4809 1184 4872 formaliter
1224 4815 1314 4870 est
1367 4808 1434 4869 in
1481 4806 1699 4868 volun-

169 4903 287 4962 tate.
315 4903 596 4965 Secundo
627 4904 978 4966 declaratur
1007 4902 1300 4981 amplius,
1319 4902 1468 4982 quia
1496 4900 1562 4961 in
1591 4900 1698 4962 illo

167 4999 304 5070 actu,
327 5002 395 5058 ut
421 4999 768 5077 composito
797 5017 876 5060 ex
903 5003 1044 5058 actu
1072 4997 1406 5058 voluntatis
1428 5001 1490 5057 et
1517 4995 1700 5056 intel·

167 5083 347 5164 lectus,
391 5097 642 5152 tantum
691 5097 784 5152 est
813 5109 936 5151 una
984 5089 1258 5164 malitia;
1291 5107 1438 5167 ergo
1484 5089 1583 5150 vel
1609 5094 1702 5150 est

167 5179 460 5247 intrinsece
487 5185 558 5246 in
587 5190 734 5246 actu
760 5183 1120 5258 voluntatis,
1151 5183 1220 5242 in
1244 5181 1558 5242 intellectu
1591 5199 1700 5242 au-

169 5276 270 5336 tem
291 5279 655 5354 extrinsece,
698 5277 793 5338 vel
831 5296 865 5338 e
898 5281 1148 5350 contra3
1179 5275 1286 5336 sed
1333 5275 1449 5336 hoe
1499 5279 1699 5353 poste-

169 5369 272 5430 rius
311 5389 432 5434 non
460 5377 668 5451 potest
706 5370 859 5446 dici3
911 5387 1060 5448 ergo
1106 5369 1399 5448 primum.
1439 5367 1700 5428 Antece-

171 5457 292 5522 dens
331 5465 520 5544 probo
577 5482 659 5526 ex
697 5464 820 5526 alio
869 5463 1179 5543 principio
1225 5460 1478 5537 morali,
1533 5460 1698 5539 quod

175 5561 314 5618 actus
339 5565 637 5622 externus
677 5577 803 5622 non
832 5556 1006 5620 addit
1031 5556 1336 5618 malitiam
1367 5553 1468 5618 vel
1493 5554 1700 5618 deme·

3228 395 3349 458 413

1784 497 1981 558 ritum
2020 497 2189 558 actui
2217 497 2502 574 intern03
2532 515 2660 558 non
2691 499 2857 559 enim
2892 498 3102 561 minus
3142 509 3352 582 peccat

1787 590 1894 669 qui
1921 589 2057 652 vult
2080 588 2384 664 occidere,
2414 595 2479 651 ct
2499 590 2655 651 illud
2696 609 2824 652 non
2866 591 3016 654 facit
3040 595 3189 674 quja
3220 613 3350 658 non

1784 688 2005 762 potest,
2047 701 2233 762 quam
2277 683 2389 762 qui
2415 683 2660 757 occidit,
2710 685 2893 763 juxta
2931 687 2997 746 D.
3044 688 3348 750 Thomam

1788 783 1846 838 1.
1899 781 1961 852 2,
2012 785 2231 857 quaest.
2290 782 2395 854 20,
2450 784 2568 840 art.
2624 781 2660 840 3
2677 795 2699 857 ;
2758 799 2905 860 ergo
2958 782 3203 860 signum
3260 790 3352 846 est

1782 889 1973 932 unam
2004 890 2133 934 esse
2163 873 2467 934 malitiam
2496 874 2563 934 in
2591 880 2719 934 toto
2739 873 2845 934 illo
2864 881 3004 936 actu
3030 875 3351 938 homicidii

1782 963 2147 1040 voluntarii,
2178 983 2319 1026 cum
2349 971 2480 1026 tota
2512 965 2975 1029 indivisibiliter
2992 976 3242 1030 maneat
3281 970 3349 1031 in

1782 1058 2101 1120 voluntate
2125 1058 2484 1136 occidendi3
2520 1059 2686 1120 idem
2718 1078 2863 1139 crgo
2893 1063 3070 1123 estin
3102 1069 3349 1142 peccato

1785 1150 2063 1226 haeresis,
2096 1152 2196 1213 vel
2236 1153 2682 1232 cujuscumque
2712 1153 3113 1216 infidelitatis.
3146 1157 3222 1217 Et
3272 1175 3350 1217 ex

1787 1243 2004 1306 eodem
2034 1245 2339 1324 principio
2390 1250 2577 1325 atque
2620 1247 2837 1308 eodem
2884 1249 3169 1328 exemplo
3208 1267 3349 1329 pro-

1784 1337 1932 1398 bata
1959 1345 2173 1400 manet
2198 1339 2393 1402 altera
2436 1357 2577 1419 pars
2605 1341 3047 1418 antecedenti&
3081 1361 3188 1402 seu
3236 1344 3349 1404 mi·

1785 1433 1980 1506 noris„
2006 1435 2153 1512 quia
2180 1433 2287 1494 illa
2313 1435 2497 1496 unica
2533 1435 2774 1496 malitia
2810 1441 2942 1496 tota
2992 1413 3190 1516 pofest
3216 1455 3350 1498 ma·

1785 1544 1934 1588 nere
1986 1527 2051 1588 in
2094 1528 2223 1590 solo
2274 1534 2413 1589 actu
2461 1528 2797 1590 voluntatis
2816 1575 2836 1606 ,
2890 1536 2954 1590 et
2988 1549 3113 1590 non
3153 1537 3351 1610 potest

1785 1638 2039 1681 manere
2067 1620 2135 1682 in
2165 1621 2295 1682 solo
2323 1629 2465 1682 actu
2494 1621 2865 1697 intellectus,
2894 1622 2993 1683 vel
3023 1641 3163 1683 cum
3208 1641 3349 1703 pro·

1787 1715 2071 1793 portione
2100 1715 2166 1777 in
2191 1715 2314 1777 alio
2345 1723 2634 1794 extern03
2656 1733 2803 1796 ergo
2832 1718 3078 1796 signum
3106 1722 3349 1779 estesse

1785 1808 2121 1871 intrinsece
2144 1809 2211 1871 in
2239 1817 2379 1872 actu
2408 1810 2769 1872 voluntatis.
2797 1813 2873 1872 Et
2898 1812 3055 1872 ratio
3093 1831 3129 1872 a
3157 1811 3350 1892 priori

1784 1909 1898 1978 est,
1929 1904 2079 1984 quia
2114 1903 2243 1966 sola
2281 1903 2567 1966 voluntas
2590 1905 2789 1966 tendit
2815 1905 2882 1966 in
2914 1905 3218 1984 objectum
3242 1905 3351 1966 bo·

1786 2015 1965 2073 num,
1998 2004 2071 2057 ut
2118 1997 2353 2059 bouum
2401 2004 2529 2076 est3
2566 2004 2630 2060 et
2666 1999 2804 2060 ideo
2834 1999 2899 2059 in
2942 1998 3049 2059 illa
3078 2011 3167 2059 est
3219 2003 3351 2060 tota

1783 2089 2059 2152 formalis
2088 2091 2347 2168 malitia,
2388 2094 2550 2171 quod
2582 2109 2657 2154 ex
2698 2093 2989 2172 praesenti
3019 2095 3205 2154 etiam
3244 2111 3349 2172 pa-

1783 2189 1872 2245 tet
1907 2202 1948 2244 a
1974 2185 2281 2246 contrario
2307 2202 2328 2263 3
2358 2205 2505 2247 nam
2536 2188 2603 2247 in
2635 2191 2776 2248 actu
2802 2186 3092 2248 credendi
3123 2188 3350 2248 veritas

1781 2278 2037 2358 quidem
2062 2285 2154 2339 est
2188 2279 2258 2340 in
2302 2279 2641 2357 intellectu,
2682 2280 2956 2342 formalis
2986 2287 3191 2342 autem
3238 2279 3349 2340 bo-

1782 2371 1946 2432 nitas
1985 2372 2237 2433 moralis
2290 2375 2477 2436 estin
2529 2374 2886 2452 voluntate3
2939 2380 3001 2435 et
3031 2373 3170 2434 ideo
3198 2371 3349 2434 fides

1781 2472 1965 2544 prout
1996 2471 2089 2526 est
2130 2467 2197 2527 in
2244 2467 2561 2528 intellectu
2601 2472 2693 2528 est
2735 2467 2929 2528 virtus
2968 2467 3349 2528 intellectua-

1781 2557 1879 2632 lis,
1929 2577 2056 2619 non
2102 2559 2373 2636 moraliS,
2419 2561 2540 2621 nisi
2570 2579 2683 2642 per
2713 2561 3279 2623 denominationem
3309 2579 3348 2622 a

1781 2650 2101 2713 voluntate
2117 2668 2138 2731 3
2184 2653 2273 2714 ita
2320 2671 2468 2732 ergo
2516 2659 2610 2716 est
2657 2673 2797 2716 cum
2852 2653 3245 2735 proportione
3278 2653 3347 2714 in

1781 2743 2171 2806 infidelitate.

1859 2839 1923 2898 6.
1975 2837 2319 2902 Secundum
2362 2842 2605 2905 dubium
2634 2868 2658 2904 .·
2696 2847 2903 2907 atnam
2953 2842 3348 2918 infidelitatis

1774 2935 2078 3014 peccatum
2094 2934 2297 3013 possit
2314 2936 2607 2998 committi
2630 2937 2760 2999 sola
2776 2937 3346 3000 voluntate.—Hinc

1780 3043 1925 3086 vero
1951 3027 2223 3087 nascitur
2260 3027 2427 3087 aliud
2456 3028 2737 3106 dubium,
2766 3049 2847 3091 an
2874 3029 2993 3090 hoc
3022 3036 3345 3110 peecatum

1779 3117 2162 3179 infidelitatis
2190 3121 2379 3200 possit
2406 3121 2723 3183 interdum
2755 3123 3059 3184 committi
3085 3124 3212 3185 sola
3238 3143 3347 3186 vo-

1776 3211 2041 3289 luntate,
2070 3213 2159 3274 ita
2192 3220 2263 3274 ut
2300 3213 2369 3275 in
2404 3215 2717 3297 intellectu
2758 3216 2933 3277 nullo
2976 3217 3161 3278 modo
3200 3236 3349 3280 con-

1778 3311 2147 3382 summetur,
2193 3313 2303 3368 aut
2342 3307 2595 3387 existat3
2628 3310 2795 3389 quod
2838 3311 3096 3372 dubium
3140 3313 3347 3391 attigit

1778 3397 2030 3477 Gregor.
2060 3399 2137 3462 de
2180 3400 2489 3476 Valentia,
2519 3403 2580 3462 in
2624 3419 2733 3463 suo
2776 3405 2957 3464 tertio
2999 3408 3191 3480 tomo,
3226 3405 3347 3466 dis-

1779 3497 1910 3570 put.
1944 3494 2003 3567 1,
2042 3501 2255 3570 quaest.
2297 3497 2389 3570 10,
2430 3495 2849 3574 propositione
2890 3499 3113 3576 prima,
3154 3497 3345 3560 dubio

1779 3585 1840 3660 3,
1863 3591 1926 3645 et
1951 3585 2139 3646 sentit
2168 3603 2345 3665 posse
2374 3586 2439 3647 iu
2474 3589 2781 3668 aliquibus
2810 3591 3047 3651 casibus
3078 3591 3165 3652 ita
3190 3593 3346 3653 acci-

1779 3679 1946 3741 dere.
1970 3679 2047 3739 Et
2066 3679 2283 3758 probat
2308 3681 2507 3759 primo
2528 3701 2565 3743 a
2588 3682 2778 3744 simili
2802 3701 2879 3745 ex
2899 3683 3037 3744 aliis
3055 3686 3343 3764 peccatiS,

1779 3789 1918 3852 quae
1970 3779 2143 3832 extra
2188 3772 2572 3836 voluntatem
2630 3793 3096 3839 consummatur
3142 3784 3204 3839 et
3250 3779 3345 3838 in·

1777 3865 2025 3928 terdum
2062 3867 2193 3927 sola
2226 3866 2545 3929 voluntate
2600 3871 3109 3948 committuntur,
3156 3872 3343 3932 etiam

1779 3977 1921 4020 cum
1966 3961 2151 4040 plena
2198 3962 2468 4038 malitia,
2520 3969 2589 4022 ut
2638 3970 2877 4025 constat
2925 3965 2991 4025 in
3034 3966 3345 4046 proposito

1775 4055 2153 4132 mentiendi3
2192 4073 2339 4135 ergo
2385 4056 2552 4119 idem
2601 4058 2829 4138 poterit
2874 4059 3234 4138 contingere
3274 4060 3344 4120 in

1775 4147 2180 4226 infidelitate,
2232 4150 2735 4230 quandoquidem
2778 4158 2952 4213 actus
2990 4152 3339 4217 intellectus

1775 4248 1866 4302 est
1894 4243 2072 4320 quasi
2109 4249 2399 4304 externus
2427 4253 2707 4323 respectu
2734 4245 3029 4324 propositi
3058 4245 3342 4308 volunta-

1776 4335 1878 4411 tis,
1905 4341 1975 4396 ut
2002 4336 2329 4398 declaravi.
2358 4338 2657 4410 Secundo,
2688 4338 2870 4400 affert
2905 4359 3079 4401 casus
3107 4341 3173 4401 in
3202 4342 3345 4422 qui-

1776 4427 1892 4489 bus
1930 4429 2019 4490 ita
2041 4431 2277 4509 peccari
2306 4436 2501 4511 potest
2540 4451 2651 4512 per
2689 4431 3138 4497 infidelitatem.
3173 4436 3345 4498 Unus

1779 4527 1890 4598 est,
1919 4522 1971 4583 si
1998 4524 2137 4602 quis
2162 4525 2413 4586 credens
2448 4525 2674 4587 habeat
2696 4529 3100 4607 propositum,
3128 4529 3177 4588 si
3202 4547 3345 4590 con-

1779 4616 2039 4676 trarium
2070 4617 2289 4677 melius
2318 4617 2613 4696 probetur
2650 4619 2801 4681 illud
2838 4621 3152 4683 credendi.
3190 4623 3345 4684 item

1778 4708 1830 4769 si
1856 4709 2017 4789 quis,
2054 4710 2573 4773 demonstratione
2607 4714 2946 4790 convictus,
2974 4716 3185 4777 credat
3213 4717 3346 4777 ani-

1780 4820 1948 4862 mam
1986 4821 2117 4864 esse
2148 4802 2587 4881 immortalem,
2623 4807 2847 4868 habeat
2882 4817 3089 4870 autem
3126 4827 3346 4890 propo·

1781 4894 1971 4957 situm
2001 4896 2521 4975 conditionatum,
2551 4901 2715 4981 quod
2745 4920 2871 4962 non
2910 4903 3185 4965 crederet
3226 4903 3348 4965 nisi

1780 4991 2345 5054 demonstraretur:
2372 5013 2521 5054 nam
2550 4996 2617 5056 in
2648 5003 2911 5076 utroque
2949 5015 3097 5058 casu
3127 4998 3230 5059 ille
3254 5005 3348 5058 est

1779 5084 2047 5146 infidelis
2072 5086 2273 5164 quoad
2300 5086 2707 5165 voluntatem,
2738 5097 2799 5150 et
2834 5091 3115 5151 nondum
3140 5089 3346 5169 quoad

1779 5177 2187 5254 intellectum,
2210 5179 2357 5258 quia
2376 5181 2576 5242 adhuc
2596 5183 2812 5244 credit.
2836 5184 3114 5244 Tertium
3134 5201 3346 5244 casum

1781 5271 2070 5350 adjungit
2098 5272 2174 5334 de
2217 5272 2324 5332 illo
2370 5275 2479 5353 qui
2521 5277 2835 5355 proposita
2877 5275 2997 5338 fide
3034 5277 3168 5337 vult
3218 5295 3346 5338 non

1779 5364 2050 5441 credere,
2080 5384 2193 5426 nec
2222 5366 2600 5446 discredere3
2628 5387 2774 5430 nam
2802 5369 2905 5431 ille
2932 5371 3064 5448 jam
3092 5375 3183 5432 est
3208 5369 3347 5431 infi-

1777 5457 1929 5520 delis
1949 5459 2289 5536 voluntate,
2312 5461 2591 5522 nondum
2613 5469 2819 5524 autem
2840 5463 3180 5541 intellectu,
3201 5466 3348 5545 quia

1779 5571 1888 5633 per
1917 5553 2304 5616 intellectum
2331 5553 2612 5617 nondum
2640 5555 2785 5620 fidei
2812 5558 3063 5619 resistit.
