3900 6217
505 459 568 520 lo
611 459 682 534 63
732 453 1040 528 Valentia,
1065 451 1320 528 ibidem,
1370 446 1784 530 disputatione
1834 443 2062 523 prima,

506 552 846 632 quaestione
865 545 1154 621 secunda,
1180 548 1412 624 puncto
1436 541 1642 614 tertio,
1674 537 2065 599 conclusione

505 645 797 718 secunda,
819 649 881 702 et
907 645 1129 722 puncto
1151 643 1370 718 quarto
1393 651 1412 713 ;
1441 635 1617 706 Azor,
1641 639 1812 692 tomo
1833 631 2060 710 primo,

507 739 665 801 libro
689 743 928 811 oetam,
961 733 1159 812 capite
1200 730 1486 809 septime,
1517 727 1852 806 quaestione
1880 743 2065 804 quar-

505 841 602 907 ta;
642 837 703 892 et
743 829 1007 891 sumitur
1037 841 1112 887 ex
1141 826 1210 884 D.
1249 823 1474 897 Leone,
1521 838 1702 881 serm.
1736 823 1775 880 6
1805 819 1879 879 de
1925 820 2067 879 Pas-

505 926 714 997 sione3
746 929 807 983 et
830 919 1200 998 Augustino,
1233 933 1418 976 serm.
1469 915 1576 975 181
1623 912 1700 973 de
1735 914 2061 990 Tempore,

506 1025 812 1098 quatenus
839 1015 1054 1074 dieunt
1084 1009 1402 1090 Apostolos
1431 1006 1840 1088 composuisse
1883 1007 2065 1084 Sym-

506 1112 744 1186 bolum,
777 1115 846 1170 ut
888 1106 1098 1168 fideles
1135 1104 1434 1166 haberent
1475 1108 1702 1162 certam
1743 1099 1888 1160 fidei
1936 1117 2063 1160 suae

507 1205 788 1284 regulam
814 1249 830 1275 ‚
886 1217 1072 1280 quam
1127 1199 1281 1258 scire
1332 1202 1394 1257 et
1439 1196 1687 1257 credere
1743 1193 2061 1254 deberent.

507 1298 684 1359 Unde
713 1295 876 1356 inter
900 1293 1194 1372 quosdam
1220 1307 1488 1350 canones
1520 1285 1848 1347 attributos
1879 1291 2066 1346 sextae

509 1389 784 1470 Synodo,
833 1387 939 1466 qui
993 1383 1302 1445 habentur
1346 1382 1530 1442 tertio
1569 1388 1737 1440 tomo
1766 1380 2068 1441 Concilio-

509 1497 674 1553 rum,
705 1485 1009 1558 reperitur
1035 1477 1352 1556 septimus,
1379 1475 1446 1534 in
1475 1491 1598 1554 quo
1632 1473 1860 1533 dieitur
1897 1489 2065 1545 eum,

507 1575 616 1653 qui
669 1593 796 1634 nou
852 1574 964 1632 scit
1016 1569 1394 1641 memoriter,
1448 1574 1508 1627 et
1562 1565 1756 1627 credit
1805 1563 2071 1624 firmiter

509 1665 900 1746 Symbolum,
929 1680 1054 1723 non
1082 1679 1211 1722 esse
1251 1659 1630 1722 catholicum
1661 1657 2061 1730 censendum,

509 1760 672 1839 quod
712 1757 956 1818 videtur
997 1774 1106 1836 per
1141 1753 1680 1832 exaggerationem
1725 1751 1956 1810 dictum
1987 1747 2065 1808 ad

509 1851 1064 1912 commendandam
1095 1845 1482 1924 diligentiam
1509 1851 1572 1905 et
1598 1843 2061 1921 obligationem.

509 1947 789 2008 Sumitur
809 1945 994 2004 etiam
1043 1941 1173 2002 haec
1212 1939 1464 2000 assertio
1491 1957 1566 1998 ex
1596 1936 1863 1999 Concilio
1908 1938 2071 2014 Aga-

508 2040 736 2114 thensi,
801 2043 864 2098 et
923 2053 1000 2096 ex
1063 2032 1338 2096 Concilio
1401 2031 1806 2092 Braeharensi
1874 2030 1948 2104 ΙΙ,
2008 2035 2070 2088 et

508 2153 586 2194 ex
628 2130 1041 2204 cabilonensi,
1103 2127 1300 2206 capite
1350 2125 1820 2205 quadragesimo
1871 2125 2064 2195 sexte,

508 2245 647 2310 quae.
707 2223 1059 2284 referuntur
1117 2219 1194 2279 de
1259 2218 1727 2278 Consecratione
1753 2260 1773 2290 ,
1818 2213 2069 2274 distinc-

507 2322 676 2381 tione
725 2321 965 2396 quarta‚
1039 2311 1237 2394 capite
1290 2311 1590 2390 vigesimo
1642 2315 1703 2370 et
1751 2307 2063 2388 sequenti-

505 2413 643 2487 bus,
684 2409 792 2470 ubi
837 2408 1020 2469 etiam
1071 2408 1136 2466 in
1184 2403 1451 2484 capitulo
1477 2401 1632 2465 Ante
1678 2403 2063 2481 baptismum,

505 2505 771 2567 refertur
829 2501 1134 2561 sententia
1199 2497 1459 2572 Rabani‚
1523 2496 1681 2556 libro
1745 2495 1946 2574 primo
1992 2492 2067 2551 de

507 2596 898 2660 Institutione
945 2592 1329 2664 clericorum,
1383 2591 1582 2669 eapite
1612 2587 1898 2660 secundo,
1960 2584 2070 2644 ubi

504 2709 615 2771 per
672 2687 1026 2750 rudimenta
1054 2684 1224 2759 fidei,
1275 2701 1413 2763 quae
1465 2681 1793 2742 Christiani
1851 2695 2065 2740 omnes

504 2785 660 2843 scire
688 2785 1000 2854 tenentur,
1044 2777 1398 2858 symbolum
1447 2773 1760 2852 intelligit.
1793 2772 1968 2834 Unde
1998 2771 2061 2830 in

502 2874 882 2936 Catechismo
907 2873 999 2932 Pii
1027 2872 1102 2946 V,
1130 2871 1355 2931 dicitur
1387 2869 1449 2929 in
1491 2867 1820 2947 principiO,
1869 2863 2067 2927 Chris-

501 2970 702 3028 tianos
731 2981 946 3026 omnes
973 2965 1128 3024 scire
1151 2962 1372 3024 debere
1399 2967 1460 3023 et
1487 2961 1736 3023 eredere
1766 2959 1894 3035 illa,
1928 2979 2065 3040 qum

503 3057 776 3140 Apostoli
804 3059 981 3118 certis
1005 3055 1276 3117 articulis
1301 3055 1918 3135 comprehenderunt.
1951 3055 2065 3114 De·

503 3155 695 3234 nique
717 3151 831 3212 hoc
857 3149 1183 3211 confirmat
1211 3166 1355 3210 usus
1377 3155 1438 3210 et
1463 3147 1711 3208 traditio
1745 3145 2027 3207 Ecclesiae
2041 3161 2061 3222 3

503 3265 650 3308 nam
681 3244 760 3304 oh
785 3243 944 3303 hanc
973 3261 1217 3302 causam
1261 3241 1468 3301 nullus
1505 3239 1751 3301 adultus
1796 3238 1873 3299 ad
1918 3239 2067 3318 bap·

499 3339 756 3400 tismum
805 3336 1174 3410 admittitur,
1224 3333 1343 3395 nisi
1395 3334 1632 3414 praevia
1659 3331 2064 3394 instructione

503 3429 785 3510 Symboli
810 3474 829 3504 ‚
887 3445 1088 3508 neque
1133 3428 1200 3487 in
1255 3432 1634 3488 sacramento
1685 3425 2062 3504 poenitentiae

503 3521 844 3584 absolvitur
892 3521 999 3600 qui
1047 3520 1413 3600 Symbolum
1458 3519 1886 3598 ignoraverit3
1934 3518 2060 3578 imo

504 3617 691 3676 ctiam
721 3615 797 3675 ad
829 3612 1298 3674 matrimonium
1331 3631 1459 3673 non
1496 3611 1910 3672 admittuntur
1941 3613 2063 3672 nisi

505 3709 734 3788 praevia
764 3706 1222 3766 examinatione
1252 3706 1413 3765 circa
1448 3703 1632 3782 hujus
1677 3703 1823 3766 fidei
1852 3705 2062 3782 cogni-

504 3799 778 3876 tionem3
809 3815 956 3878 ergo
979 3797 1228 3877 signum
1257 3803 1500 3858 estesse
1521 3797 1784 3876 positam
1813 3797 1878 3857 in
1907 3813 2063 3876 prae-

505 3899 705 3972 cepte.
749 3891 928 3951 Ratio
956 3908 1102 3952 vero
1148 3889 1334 3968 hujus
1363 3889 1711 3950 assertionis
1758 3897 1869 3964 est,
1914 3889 2062 3968 quia

502 3983 620 4046 hoc
642 3979 921 4062 tem'pore
940 3990 1032 4044 est
1058 3983 1400 4044 necessaria
1437 3981 1589 4044 fides
1625 3983 1823 4060 magis
1865 3982 2063 4062 expli-

504 4077 666 4151 cita;
705 4076 873 4137 nulla
904 4080 1113 4137 autem
1155 4075 1378 4135 certior
1422 4074 1640 4154 regula
1687 4074 1873 4154 hujus
1919 4075 2064 4136 fidei

505 4169 638 4230 dari
673 4175 870 4248 potest
899 4187 1090 4249 quam
1125 4169 1514 4247 Symbolum,
1547 4185 1688 4228 cum
1732 4169 1838 4228 illa
1866 4169 1945 4228 sit
1985 4169 2063 4228 ab

504 4261 809 4342 Apostolis
831 4262 996 4336 data,
1040 4268 1101 4320 et
1137 4260 1216 4321 ab
1245 4261 1513 4321 Ecclesia
1541 4261 1761 4321 merito
1799 4266 2062 4335 retenta,

503 4357 650 4434 quia
677 4354 848 4415 nulla
872 4354 1025 4415 fides
1054 4355 1291 4415 censeri
1333 4360 1531 4433 potest
1566 4353 1763 4431 magis
1790 4371 2067 4414 necessa-

502 4450 597 4510 ria
649 4466 722 4507 ex
779 4454 1110 4527 praeeeptO,
1164 4465 1352 4526 quam
1399 4447 1505 4506 illa
1547 4463 1733 4525 quam
1787 4445 2062 4525 Apostoli

504 4540 794 4601 omnibus
819 4539 1102 4601 fidelibus
1149 4537 1537 4599 tradiderunt
1582 4544 1646 4598 et
1689 4537 2066 4599 sufficienter

502 4638 978 4713 proposuerunt.

581 4727 640 4785 G.
671 4725 944 4788 Articuli
960 4730 1297 4804 spectantes
1322 4725 1403 4787 ad
1418 4725 1817 4799 divinitatem,
1857 4727 1913 4784 et
1941 4741 2064 4786 cre-

501 4817 677 4880 dendi
701 4835 774 4879 ea
797 4819 1146 4881 necessitate
1178 4819 1492 4898 praecepti,
1525 4817 1771 4898 quinam
1805 4815 1955 4878 sint.
1984 4847 2061 4861 —

499 4909 644 4975 Non
665 4915 940 4974 tenentur
952 4911 1156 4986 fideles·
1176 4911 1454 4992 eapficite
1476 4913 1726 4986 credere,
1750 4916 1807 4975 et
1825 4927 2065 4992 coquo-5·

500 5021 626 5065 cere
655 5005 1011 5066 creationem
1037 5005 1248 5066 mandi
1286 5003 1474 5081 faisse
1513 5005 1582 5066 in
1623 5010 1901 5084 tempore,
1945 5019 2063 5063 non

500 5095 572 5158 ab
591 5098 832 5157 aeterno.
861 5127 940 5142 ·-
975 5095 1275 5157 Praeterea
1306 5102 1505 5176 potest
1548 5097 1664 5156 hoe
1691 5101 2060 5176 praeceptum

498 5189 698 5266 magis
731 5186 1031 5249 declarari
1073 5188 1508 5266 distinguendo
1553 5187 1844 5248 articulos
1887 5187 2055 5263 fidei,

499 5285 681 5357 prout
703 5277 1014 5341 habentur
1041 5281 1105 5340 in
1137 5281 1504 5340 rudimentis
1536 5281 1830 5340 doctrinae
1855 5279 2059 5340 Chris-

498 5373 709 5447 tianae,
731 5371 967 5432 indues
986 5371 1254 5434 ordines·
1277 5373 1446 5434 Unus
1461 5375 1732 5433 continet
1759 5373 2057 5450 mysteria

433 5481 444 5488 ·
495 5461 860 5540 divinitatis,
891 5467 1048 5525 alius
1073 5483 1218 5527 vero
1247 5465 1650 5527 humanitatis
1679 5465 1900 5525 Christi
1938 5465 2055 5525 Do·

1353 346 1590 401 nispm.
1623 345 1754 396 xm.
1791 343 1870 394 DE
1903 339 2238 394 PnAEcEPTo
2270 318 2617 395 {NTEmoms
2650 343 2813 396 mnf-:1

2146 443 2322 504 mini.
2346 443 2417 506 In
2443 444 2635 524 priori
2661 442 2905 520 ordine,
2940 442 3175 522 primus
3194 442 3478 506 articulus
3504 448 3668 526 perti-

2147 543 2255 597 net
2283 537 2359 597 ad
2398 537 2613 611 Deum,
2652 541 2721 597 ut
2766 554 2928 597 unus
2955 541 3069 610 est,
3114 535 3189 596 de
3217 554 3340 614 quo
3380 539 3516 598 satis
3551 539 3668 616 ,iam

2144 629 2381 689 dictum
2412 634 2522 690 est.
2557 628 2821 690 Additur
2850 647 2996 690 vero
3017 628 3103 689 ibi
3122 629 3477 691 attributum
3494 633 3671 692 omni-

2144 723 2463 802 potentiae,
2498 722 2663 801 quod
2690 723 2757 781 iu
2794 720 3163 782 attributum
3204 724 3487 783 creatoris
3525 743 3672 784 com-

2143 817 2571 897 prehenditur,
2598 823 2659 878 et
2691 819 2837 878 satis
2862 817 3154 894 ereditur,
3182 817 3481 878 credendo
3504 819 3673 882 Deum

2144 929 2275 972 esse
2298 921 2672 988 creatorem3
2718 929 2917 990 neque
2946 929 2983 970 a
3024 910 3401 990 simplicibus
3439 912 3675 991 explica-

2145 1006 2269 1067 tior
2323 1005 2473 1068 fides
2516 1005 2683 1066 illius
2729 1005 2975 1066 articuli
3021 1005 3270 1066 videtur
3314 1006 3671 1085 postulanda.

2145 1100 2293 1160 Tres
2320 1105 2528 1160 autem
2550 1098 2991 1177 subsequentes
3018 1096 3264 1158 articuli
3288 1099 3588 1178 pertinent
3610 1099 3675 1159 ad

2146 1191 2515 1272 mysterium
2570 1190 2914 1265 Trinitatis,
2972 1190 3214 1269 de'quo
3258 1190 3391 1270 jam
3438 1189 3679 1252 diximus

2148 1301 2279 1344 esse
2312 1283 2599 1344 distincte
2628 1283 3000 1344 credendum
3048 1302 3121 1344 ex
3159 1285 3543 1358 necessitate3
3574 1273 3682 1344 suf-

2147 1375 2277 1438 ficit
2304 1391 2513 1438 autem
2542 1377 2858 1438 communi
2888 1375 3053 1456 plebi
3082 1376 3331 1438 eredere
3360 1377 3424 1436 in
3452 1376 3561 1438 hoc
3590 1396 3683 1438 au-

2149 1471 2502 1548 gustissimo
2548 1469 2848 1548 mysterio
2895 1476 3020 1531 tres
3073 1487 3390 1550 personas,
3445 1488 3683 1550 quarum

2148 1581 2277 1623 una
2305 1581 2430 1623 non
2467 1564 2547 1624 sit
2584 1563 2727 1637 alia,
2759 1563 2931 1623 etita
2956 1565 3117 1624 iuter
3144 1582 3207 1624 se
3244 1561 3549 1624 distinctas
3573 1581 3687 1622 cre·

2148 1655 2315 1727 dere,
2359 1663 2427 1716 ut
2467 1673 2682 1718 omnes
2724 1656 2850 1716 siut
2890 1675 3053 1717 uuus
3088 1659 3271 1732 Deus,
3332 1661 3392 1716 et
3442 1655 3680 1732 singulae

2146 1750 2270 1810 sim
2295 1751 2454 1811 Deus
2477 1773 2494 1826 ;
2520 1751 2718 1828 major
2735 1757 2943 1810 autem
2966 1749 3295 1830 explicatio
3316 1767 3441 1809 non
3472 1757 3557 1808 est
3582 1747 3686 1808 illis

2148 1844 2489 1905 necessaria
2545 1843 2925 1924 simpliciter.
2982 1843 3158 1905 Unde
3216 1842 3363 1904 licet
3408 1844 3474 1904 in
3530 1844 3687 1922 Sym-

2149 1939 2291 2002 bolo
2321 1939 2585 2014 NicoenO,
2617 1955 2723 1998 seu
2748 1935 3451 2016 Constantinopolitano,
3472 1935 3543 1996 de
3570 1935 3686 2014 Spi-

2148 2035 2274 2095 ritu
2316 2031 2542 2094 Sancto
2570 2030 2849 2092 additum
2878 2029 2956 2089 sit
2988 2047 3004 2090 t
3036 2029 3153 2102 Qui
3198 2049 3272 2090 ex
3316 2030 3491 2090 Patre
3528 2027 3688 2088 Filio-

2150 2144 2269 2205 que
2312 2123 2586 2204 procedit
2612 2171 2627 2193 ,
2669 2141 2795 2184 non
2849 2127 3091 2203 oportet
3146 2126 3219 2183 ut
3260 2140 3475 2182 omnes
3505 2120 3691 2181 fideles

2148 2219 2267 2280 hoe
2299 2218 2587 2278 distincte
2632 2215 2987 2294 intelligant
3032 2222 3093 2276 et
3126 2215 3407 2290 credant,
3449 2217 3569 2274 imo
3594 2231 3693 2274 nec

2151 2312 2228 2372 de
2257 2311 2643 2392 processione
2671 2311 2855 2368 unius
2882 2327 3161 2389 personae
3196 2305 3275 2368 ab
3300 2308 3423 2368 alia
3450 2307 3693 2386 amplius

2148 2404 2437 2464 distincte
2464 2402 2642 2476 scire,
2693 2408 2803 2462 aut
2851 2401 3098 2462 credere
3152 2399 3565 2462 necesarium
3592 2404 3689 2471 est,

2148 2515 2333 2576 quam
2368 2495 2515 2575 ipsis
2544 2495 2923 2566 nominibuS‚
2948 2493 3169 2570 PatriS,
3214 2500 3277 2554 et
3308 2493 3472 2568 Filii,
3498 2499 3556 2552 et
3580 2492 3695 2570 Spi-

2149 2591 2303 2651 ritus
2357 2589 2569 2650 Sancti
2609 2587 3000 2667 importetur,
3050 2593 3113 2648 et
3156 2585 3335 2667 quasi
3382 2605 3489 2666 per
3517 2603 3577 2645 se
3604 2604 3695 2664 pa-

2149 2688 2308 2756 teat,
2368 2681 2681 2742 intellecta
2738 2679 2988 2740 illarum
3043 2697 3270 2740 vocum
3323 2677 3695 2755 significatio-

2148 2795 2250 2852 ne,
2292 2776 2439 2854 quia
2476 2774 2893 2835 communiter
2932 2771 3146 2834 fideles
3192 2791 3321 2834 non
3359 2777 3502 2832 sunt
3536 2789 3696 2850 capa-

2150 2887 2246 2930 ces
2292 2868 2544 2946 majoris
2578 2866 2975 2945 cognitioniS,
3017 2851 3217 2946 net'1ue
3257 2865 3447 2926 etiam
3478 2871 3565 2924 est
3602 2879 3698 2922 eur

2148 2961 2348 3040 major
2376 2960 2669 3038 obligatio
2693 2959 2769 3019 iis
2790 2960 3163 3038 imponatur.
3200 2959 3469 3032 Quintus
3496 2956 3697 3017 articu-

2146 3054 2241 3115 lus
2270 3057 2455 3134 hujus
2482 3053 2715 3114 ordinis
2745 3053 3095 3113 distinctius
3151 3053 3434 3112 continet
3465 3052 3697 3110 creatio-

2146 3166 2317 3224 nem,
2340 3155 2401 3208 et
2429 3147 2588 3207 circa
2617 3146 2784 3206 illam
2805 3145 3175 3224 interrogari
3194 3149 3403 3224 potest
3417 3162 3496 3203 an
3526 3148 3598 3202 sit
3612 3159 3700 3200 ne·

2144 3243 2474 3303 cessarium
2496 3239 2779 3300 distincte
2797 3239 3046 3300 credere
3062 3238 3447 3299 creationem
3472 3255 3546 3297 ex
3562 3242 3698 3296 tem-

2148 3349 2320 3415 pore,
2374 3340 2437 3395 et
2486 3333 2649 3413 quod
2700 3349 2827 3392 non
2879 3331 3067 3392 fuerit
3124 3331 3204 3392 ab
3254 3336 3514 3392 aeterno,
3566 3327 3697 3389 Nam

2149 3428 2414 3500 Banhes‚
2448 3427 2513 3488 in
2539 3424 2705 3487 dieto
2733 3424 2994 3485 articulo
3020 3430 3261 3499 octavo,
3296 3421 3464 3484 hane
3488 3421 3697 3500 obliga·

2145 3519 2378 3580 tionem
2398 3518 2573 3598 ponit
2604 3516 2889 3578 omnibus
2915 3515 3222 3593 fidelibuS,
3260 3515 3401 3577 sine
3444 3519 3695 3586 auctore,

2144 3619 2206 3672 et
2231 3613 2362 3672 sine
2398 3609 2737 3672 sufficiente
2786 3609 3195 3670 fundamento
3242 3609 3414 3690 quod
3457 3625 3569 3688 ego
3619 3606 3697 3665 vi-

2144 3709 2345 3769 deam.
2398 3707 2545 3767 Dico
2580 3725 2751 3785 erge,
2794 3725 2923 3767 non
2969 3705 3169 3766 teneri
3209 3703 3426 3766 fideles
3476 3703 3553 3764 ad
3596 3701 3697 3762 boc

2146 3801 2432 3882 explicite
2478 3801 2876 3876 credendum,
2913 3799 3059 3880 quia
3095 3818 3298 3880 neque
3328 3799 3397 3860 in
3427 3795 3699 3876 symbolo

2144 3894 2511 3968 declaratur,
2553 3910 2753 3973 neque
2798 3892 2949 3954 alibi
2996 3893 3391 3974 praeeipitur3
3431 3889 3578 3952 utile
3602 3905 3697 3948 au-

2144 3994 2269 4048 tem
2300 3993 2391 4046 est
2418 4004 2520 4047 eos
2558 3987 2633 4047 de
2673 3987 2789 4046 hac
2816 3987 3076 4047 veritate
3122 3985 3461 4060 instruere,
3492 4001 3571 4043 ne
3599 3999 3696 4060 per

2142 4079 2563 4158 ignorantiam
2592 4077 2659 4138 in
2696 4095 2973 4140 errorem
3019 4076 3337 4152 labantur,
3382 4081 3447 4138 et
3474 4075 3588 4136 hoc
3616 4077 3697 4132 est

2147 4171 2312 4249 quod
2336 4173 2402 4231 in
2436 4169 2703 4231 Ecclesia
2740 4169 2875 4232 fieri
2914 4169 3251 4232 consuevit.
3302 4169 3522 4230 Sextus
3570 4165 3699 4226 arti-

2148 4262 2323 4324 culus
2347 4268 2439 4323 est
2466 4264 2659 4324 Deum
2682 4281 2811 4323 esse
2828 4261 3231 4337 Salvatorem,
3260 4263 3331 4322 in
3360 4281 3487 4342 quo
3518 4257 3693 4321 conti-

2147 4362 2330 4417 netur
2380 4358 2657 4417 remissio
2692 4363 3107 4436 peceatorum,
3155 4373 3296 4436 quae
3336 4374 3379 4416 a
3418 4353 3545 4415 solo
3592 4354 3697 4412 Deo

2146 4451 2398 4512 concedi
2448 4457 2649 4531 potest
2664 4467 2685 4528 3
2722 4456 2782 4512 et
2816 4450 2977 4510 hanc
3032 4449 3217 4510 fidem
3264 4449 3401 4528 jam
3448 4445 3699 4506 diximus

2146 4561 2276 4604 esse
2310 4545 2713 4605 neeessariam
2735 4543 2925 4606 etiam
2956 4543 3022 4603 in
3052 4543 3187 4623 lege
3220 4547 3485 4616 naturae,
3514 4556 3695 4616 neque

2144 4654 2313 4697 nune
2342 4637 2586 4697 videtur
2610 4637 2948 4698 necessaria
2977 4637 3175 4714 magis
3206 4635 3496 4715 explicita
3519 4649 3694 4712 quan-

2141 4735 2278 4788 tum
2306 4727 2385 4789 ad
2439 4729 2605 4789 hune
2650 4728 3007 4805 articulum,
3044 4727 3163 4788 nisi
3214 4726 3458 4788 ratione
3512 4741 3693 4785 sacra-

2145 4827 2519 4896 mentorum,
2544 4822 2619 4882 de
2634 4821 2857 4902 quibus
2878 4822 2943 4881 in
2963 4821 3185 4881 ultima
3198 4821 3537 4880 assertione
3548 4815 3691 4875 dice-

2145 4931 2305 4974 mus.
2334 4915 2605 4994 Denique
2646 4914 2903 4975 ultimus
2932 4913 3230 4974 articulus
3258 4912 3448 4991 hujus
3476 4907 3691 4970 ordinis

2143 5007 2418 5066 eontinet
2461 5005 2647 5068 fidem
2677 5007 2753 5068 de
2791 5007 2915 5068 Deo
2948 5012 3435 5080 remuneratore,
3494 5003 3691 5080 utique

2143 5116 2253 5177 per
2279 5098 2565 5178 gloriam,
2586 5100 2664 5162 de
2693 5119 2817 5180 qua
2846 5097 3006 5160 nihil
3026 5097 3195 5158 aliud
3216 5113 3461 5159 neeesse
3488 5101 3577 5156 est
3598 5111 3689 5152 ex·

2139 5191 2349 5271 plicite
2376 5191 2645 5268 credere,
2678 5193 2794 5254 uisi
2841 5193 3119 5252 futuram
3142 5209 3270 5252 esse
3296 5196 3608 5260 aeternam,
3632 5191 3687 5243 et

2140 5283 2207 5343 in
2266 5285 2724 5364 supernaturali
2776 5284 3208 5358 beatitudine3
3254 5289 3315 5343 et
3359 5283 3449 5343 ita
3496 5275 3685 5360 quoad

2138 5375 2296 5436 hanc
2315 5377 2583 5456 primam
2603 5385 2840 5457 partem
2862 5377 3142 5458 Symboli
3166 5375 3539 5438 sufficienter
3566 5387 3681 5430 ma-

2137 5474 2244 5529 net
2280 5469 2540 5547 probata
2583 5471 2916 5531 conclusio.
