3900 6217
502 438 623 497 674

508 540 727 603 vitium
757 556 883 601 non
919 556 1045 603 esse
1069 539 1385 601 tristitiam
1414 541 1683 603 debono
1704 541 2060 617 intrinseco,

506 634 667 713 quod
706 636 863 695 Deus
900 636 967 695 in
1012 633 1311 708 sehabet,
1351 634 1486 695 haec
1526 637 1693 697 enim
1740 643 2065 697 revocatur

505 728 579 789 ad
630 728 879 803 odium3
929 728 1032 787 sed
1080 726 1157 788 de
1208 727 1371 789 bono
1414 730 1757 789 extrinseco
1790 728 2058 803 honoris,

506 828 655 896 etc„
690 828 751 879 et
784 819 900 880 hoc
934 838 1060 881 non
1094 839 1205 899 per
1245 838 1309 881 se
1355 823 1423 881 in
1475 821 1709 881 malum
1756 822 1881 893 Dei,
1914 823 2062 901 quia

506 912 623 975 1100
668 914 857 973 etiam
894 922 1052 973 esset
1108 914 1354 989 odium,
1394 914 1499 975 sed
1536 920 1607 973 ut
1640 915 2062 993 pra=standum

510 1007 588 1067 ab
630 1026 705 1067 eo
746 1008 850 1086 qui
900 1006 1135 1067 accidia
1163 1006 1447 1082 afficitur,
1498 1014 1803 1086 quatenus
1843 1026 2062 1087 appre-

506 1099 725 1161 hendit
766 1100 883 1161 1100
930 1118 1255 1161 onerosum
1298 1100 1434 1162 sibi.
1468 1102 1559 1161 Ita
1604 1100 1951 1178 Cajetanus‚
2002 1106 2066 1161 et

504 1194 772 1253 sumitur
794 1211 871 1254 ex
901 1191 1055 1255 Divo
1082 1194 1321 1253 Thoma
1338 1210 1545 1271 supra,
1574 1194 1835 1255 articulo
1890 1196 1951 1271 3,
1983 1194 2062 1255 ad

504 1288 877 1361 secundum,
909 1286 1017 1345 ubi
1056 1286 1207 1346 dicit
1252 1286 1548 1349 accidiam
1593 1305 1723 1348 esse
1762 1289 1842 1348 de
1896 1287 2062 1349 bono

508 1380 817 1460 spirituali
833 1380 1104 1459 proprio,
1121 1390 1373 1459 propter
1388 1378 1664 1439 laborem
1682 1380 2062 1460 corporalem

508 1476 893 1554 adjunctum,
934 1474 1102 1553 quod
1130 1476 1192 1535 in
1220 1474 1383 1535 idem
1410 1474 1588 1537 redit.
1620 1474 2057 1550 Confirmatur,

506 1588 651 1629 nam
684 1568 979 1648 gaudium
1008 1567 1323 1628 charitatis
1350 1568 1689 1629 delectatur
1714 1588 1839 1629 non
1857 1568 2058 1629 solum

505 1664 581 1725 de
614 1663 778 1722 bono
814 1661 917 1721 Dei
946 1660 1013 1721 in
1046 1678 1135 1735 se,
1166 1660 1271 1720 sed
1298 1660 1487 1721 etiam
1520 1662 1596 1722 de
1640 1662 1917 1723 amicitia
1946 1660 2060 1723 ho·

505 1757 691 1817 minis
720 1773 861 1815 cum
890 1755 1036 1828 Deo,
1068 1759 1131 1815 et
1161 1754 1236 1813 de
1276 1754 1508 1815 mutuis
1550 1753 1767 1815 officiis
1812 1771 1949 1833 quae
1981 1772 2060 1815 ex

506 1868 580 1911 ea
634 1854 1012 1923 nascuntur3
1063 1862 1210 1923 ergo
1243 1846 1492 1907 tristitia
1542 1846 1617 1909 de
1662 1848 1877 1909 eadem
1907 1848 2064 1907 ami-

504 1944 669 2018 citia,
720 1948 1023 2021 quatenus
1050 1956 1163 2000 nos
1210 1939 1443 2017 obligat
1468 1939 1547 2001 ad
1594 1940 1885 2019 obsequia
1928 1941 2061 2016 Dei,

504 2043 597 2099 est
622 2036 931 2097 contraria
949 2033 1233 2095 charitati
1257 2039 1317 2093 et
1336 2040 1640 2113 praecepto
1659 2035 1711 2112 ej
1719 2050 1822 2111 us3
1852 2040 1915 2095 et
1932 2035 2066 2097 hoec

506 2136 600 2191 est
626 2128 859 2189 accidia
892 2148 905 2185 :
940 2127 1004 2187 id
1032 2124 1197 2205 quod
1226 2126 1414 2187 sentit
1442 2126 1513 2185 D.
1558 2126 1841 2202 Thomas,
1877 2128 2065 2188 citata

508 2229 724 2302 quaest.
772 2223 873 2294 35,
906 2237 1046 2281 cum
1077 2219 1166 2281 ait
1190 2218 1484 2279 accidiam
1517 2220 1748 2299 opponi
1776 2220 1868 2279 illi
1910 2238 2064 2299 gau-

507 2318 609 2377 dio
638 2314 977 2388 charitatiS,
1010 2313 1171 2392 quod
1208 2318 1300 2373 est
1328 2312 1404 2373 de
1434 2312 1611 2373 bonis
1638 2313 1889 2388 diviniS,
1920 2332 2064 2393 quse

508 2409 1045 2471 communicantur
1074 2410 1193 2485 ipsi
1240 2404 1504 2477 homini,
1550 2412 1855 2485 quatenus
1914 2424 2066 2467 0110-

506 2519 643 2563 rosa
668 2497 1251 2579 apprehenduntur3
1279 2503 1343 2559 et
1377 2496 1595 2559 eodem
1626 2498 1810 2559 modo
1832 2498 2066 2559 intelli·-

509 2594 747 2673 gendus
773 2608 987 2672 quaest.
1024 2594 1121 2664 36,
1154 2598 1270 2651 art.
1302 2592 1362 2651 4.

584 2690 647 2749 3.
696 2686 1097 2750 Corollarium
1134 2685 1517 2763 primum.—
1534 2681 1933 2747 Corollariwm
1975 2702 2065 2748 se-

508 2783 787 2845 cundum.
819 2810 901 2827 -—
942 2777 1236 2841 Tertium.
1260 2810 1343 2823 -
1388 2778 1543 2837 Hinc
1606 2784 1846 2839 constat
1894 2778 2066 2839 hunc

506 2886 709 2936 actum
758 2892 889 2935 esse
952 2872 1331 2951 prohibitum
1396 2876 1699 2949 praecepto
1774 2872 2063 2949 negativo

506 2966 820 3029 charitatis
842 2966 1078 3026 incluso
1106 2964 1171 3025 in
1196 2964 1589 3036 affirmativo,
1618 2982 1743 3041 quo
1780 2964 2064 3043 praccipi-

508 3078 649 3121 mur
670 3076 879 3121 amare
908 3060 1122 3132 Deum,
1150 3063 1214 3117 et
1251 3056 1405 3117 velle
1433 3056 1699 3116 retinere
1721 3058 2062 3119 amicitiam

508 3172 649 3215 cum
673 3171 746 3215 eo
760 3174 778 3227 ;
805 3150 1173 3228 intelligitur
1202 3150 1390 3211 etiam
1418 3149 1721 3211 accidiam
1749 3168 1875 3211 non
1900 3150 2066 3211 sumi

508 3249 632 3322 hic,
654 3252 839 3326 prout
862 3243 1225 3323 regulariter
1241 3241 1589 3321 significare
1618 3248 1821 3320 potest
1846 3261 2066 3323 quam-

508 3343 651 3401 dam
683 3340 1109 3400 remissionem
1141 3336 1207 3395 in
1250 3335 1539 3397 omnibus
1588 3335 1823 3396 actibus
1864 3345 2065 3397 ortam

508 3452 581 3495 ex
614 3432 880 3512 quadam
908 3429 1178 3509 triaewia,
1200 3447 1339 3508 quae
1361 3446 1437 3488 ex
1464 3426 1825 3489 difficultate
1849 3448 1884 3489 a
1889 3446 2068 3509 ppre-

511 3530 704 3589 hensa
732 3528 798 3587 in
818 3524 1036 3605 quavis
1066 3525 1292 3585 virtute
1327 3522 1474 3584 oriri
1519 3526 1718 3600 potest
1732 3537 1754 3600 ;
1784 3541 1931 3583 nam
1959 3522 2069 3583 illa

514 3638 641 3683 non
684 3627 776 3681 est
819 3618 1076 3698 speciale
1118 3617 1367 3691 vitium,
1399 3614 1506 3675 sed
1540 3616 1851 3693 generale,
1900 3616 2066 3696 quod

510 3734 620 3795 per
649 3714 860 3774 omnia
884 3718 1164 3790 vagatur.
1206 3710 1456 3783 Ultimo,
1490 3707 1858 3787 intelligitur
1890 3728 2068 3788 posse

508 3810 698 3870 etiam
721 3804 1079 3884 hujusmodi
1118 3802 1421 3865 accidiam
1474 3804 1800 3882 specialem
1832 3805 2067 3867 versari

508 3902 669 3963 circa
698 3898 1047 3980 proximum
1066 3942 1088 3974 ,
1116 3903 1186 3957 ut
1207 3897 1261 3957 si
1282 3898 1421 3975 quis
1440 3898 1673 3959 doleret
1690 3897 1766 3958 de
1792 3897 2068 3959 amicitia

509 4015 652 4057 cum
681 3992 978 4074 proximis
1016 3997 1263 4070 propter
1302 3991 1708 4069 obligationes
1750 4008 1887 4069 quae
1916 3990 2067 4051 inde

509 4089 816 4160 oriuntur,
842 4083 1125 4164 quamvis
1152 4084 1250 4143 hic
1270 4084 1489 4144 modus
1512 4102 1687 4145 rarus
1702 4084 1781 4144 sit
1794 4100 1813 4160 3
1845 4090 1909 4144 et
1928 4083 2066 4144 ideo

510 4182 677 4242 illius
700 4182 954 4241 fortasse
994 4196 1120 4237 non
1149 4177 1439 4237 meminit
1458 4178 1525 4238 D.
1570 4178 1859 4239 ThomaS.

588 4278 651 4335 4.
702 4274 983 4337 Secunda
1010 4271 1331 4335 conclusio.
1357 4302 1437 4316 —
1475 4272 1619 4331 Dico
1644 4270 1913 4332 secundo
1944 4270 2066 4332 hoc

508 4375 829 4450 peccatum
858 4384 1082 4445 genere
1100 4382 1210 4425 suo
1236 4381 1365 4424 esse
1388 4364 1671 4439 mortale3
1687 4370 1779 4425 est
1804 4365 1871 4425 D.
1904 4363 2066 4424 Tho-

513 4482 652 4535 mae,
680 4462 1019 4541 quaestione
1052 4460 1155 4532 23,
1184 4464 1301 4518 art.
1328 4460 1391 4531 3,
1414 4463 1475 4517 et
1502 4457 1763 4519 aliorum
1788 4474 2068 4517 commu-

512 4560 627 4617 nis.
660 4556 855 4627 Patet,
879 4553 1026 4631 quia
1042 4552 1274 4611 directe
1298 4556 1606 4628 repugnat
1632 4548 1919 4610 amicitiae
1934 4550 2066 4623 Dei,

514 4649 680 4709 unde
699 4653 833 4727 post
852 4646 959 4706 Dei
980 4644 1193 4703 odium
1216 4642 1455 4703 obtinet
1478 4643 1817 4703 secundum
1834 4642 2064 4701 locum.

514 4744 685 4820 Saepe
708 4747 919 4799 tamen
943 4745 1033 4797 est
1066 4735 1328 4810 veniale,
1363 4735 1461 4795 vel
1499 4743 1747 4814 propter
1772 4733 2069 4795 indelibe-

512 4836 836 4902 rationem,
869 4831 966 4890 vel
996 4836 1157 4889 certe
1184 4829 1331 4907 quia
1351 4846 1478 4889 non
1507 4828 1790 4907 pervenit
1828 4828 1905 4887 ad
1931 4834 2068 4887 tan-

512 4935 640 4988 tam
670 4926 994 5000 malitiam,
1044 4930 1111 4983 ut
1151 4921 1425 4981 absolute
1467 4921 1668 5000 fugiat
1694 4920 1917 4981 affectu
1972 4923 2064 4981 in-

515 5020 722 5079 teriori
751 5018 1005 5078 omnino
1034 5013 1415 5094 spiritualem
1440 5014 2064 5073 communicationem

512 5128 655 5173 cum
684 5113 829 5186 Dec,
878 5110 982 5168 sed
1037 5109 1116 5167 sit
1168 5106 1303 5167 leve
1332 5106 1581 5166 taedium
1632 5105 1765 5165 sine
1794 5105 2064 5184 periculo

509 5200 1001 5281 transgrediendi
1026 5216 1212 5277 grave
1242 5204 1637 5277 praeceptum.
1671 5198 1825 5269 Quid
1858 5199 1912 5257 si
1952 5198 2068 5258 ali-

510 5297 649 5375 quis
676 5294 931 5354 haberet
956 5292 1355 5353 deliberatam
1396 5291 1697 5351 accidiam
1745 5308 1870 5381 non
1918 5292 2065 5351 sim-

510 5388 751 5466 pliciter
774 5384 1061 5445 beneficii
1091 5384 1217 5460 Dei,
1245 5392 1353 5443 aut
1381 5384 1531 5443 boni
1558 5382 1919 5462 spiritualis,
1957 5382 2060 5443 sed

513 5484 765 5538 tortasse
794 5479 869 5537 de
882 5483 1045 5536 statu
1070 5476 1483 5555 perfectionis,
1507 5478 1597 5535 ita
1624 5482 1835 5536 tamen
1860 5482 1928 5535 ut
1954 5494 2065 5555 pa·-

510 5578 681 5631 ratus
708 5578 867 5631 esset.
892 5568 1149 5648 implere
1180 5570 1345 5647 quod
1374 5570 1679 5647 promisit,
1716 5575 1779 5630 et
1820 5574 2064 5630 tautum

1248 441 1486 495 msPUT.
1520 443 1600 495 vi.
1640 442 1719 495 DE
1750 441 2046 495 PECCATIS
2077 441 2442 497 comanus
2475 444 2578 497 ms
2609 444 2975 501 PRAECEPTIS.

2143 541 2264 603 sibi
2288 542 2666 622 displiceret,
2719 563 2792 607 ac
2835 546 3069 609 doleret
3113 546 3326 609 fecisse
3353 540 3710 627 promissio·

2143 639 2339 697 nemi
2387 636 2812 715 Respondetur
2843 655 2860 699 ε
2897 657 3024 701 non
3063 646 3156 701 est
3187 648 3508 719 peccatum
3545 658 3708 701 mor-

2141 728 2262 789 tale
2285 747 2395 807 per
2417 748 2504 798 se.
2541 731 2688 809 quia
2727 750 2867 793 cum
2897 732 3004 793 illo
3031 739 3174 795 actu
3205 734 3388 793 durat
3416 732 3706 793 voluntas

2143 820 2424 881 absoluta
2449 821 2676 884 divinae
2721 824 3031 899 amicitioe,
3071 832 3138 886 et
3173 825 3463 887 servandi
3489 826 3708 887 omnia

2147 922 2488 993 praecepta3
2519 923 2609 976 est
2637 922 2846 979 tamen
2881 936 2960 981 ex
2981 918 3220 997 objecto
3249 924 3572 999 peccatum
3607 937 3711 979 ve-

2144 1008 2308 1069 niale
2337 1016 2399 1069 et
2451 1027 2662 1088 grave,
2701 1017 2764 1071 et
2815 1030 2980 1091 saepe
3009 1011 3232 1091 poterit
3257 1029 3392 1075 esse
3417 1010 3707 1083 mortale,

2143 1102 2382 1163 ratione
2417 1104 2696 1181 adjimcti
2733 1104 3016 1184 periculi.

2223 1196 2282 1255 5.
2329 1195 2543 1259 Tertia
2579 1197 2892 1261 conclusio.
2925 1230 3004 1243 --
3033 1198 3180 1259 Dico
3217 1198 3398 1261 tertio
3428 1214 3448 1258 ι
3485 1198 3714 1261 merito

2143 1286 2261 1349 hoc
2292 1288 2511 1349 vitium
2541 1289 2701 1351 inter
2731 1298 2965 1370 septem
2993 1291 3280 1371 capitalia
3313 1298 3710 1366 numeratur,

2143 1386 2234 1441 est
2269 1381 2440 1443 enim
2473 1381 2650 1443 radix
2679 1382 3015 1443 multorum
3046 1390 3476 1462 peccatorum3
3519 1386 3612 1445 ita
3641 1386 3712 1445 D.

2142 1474 2408 1535 Thomas
2457 1494 2665 1555 supra,
2719 1484 2836 1537 art.
2890 1479 2952 1549 4,
3003 1483 3066 1539 et
3115 1477 3224 1537 alii
3267 1479 3708 1539 communiter.

2141 1568 2312 1629 Dices
2339 1568 2512 1629 :imo
2545 1586 2669 1631 non
2711 1576 3060 1647 generatur,
3091 1570 3214 1631 nisi
3240 1577 3377 1651 post
3412 1587 3714 1649 magnam

2141 1663 2658 1726 consuetudinem
2695 1663 3016 1742 peccandi.
3045 1664 3471 1743 Respondetur
3513 1664 3574 1725 id
3611 1682 3712 1727 ve-

2142 1772 2282 1817 rum
2313 1774 2442 1819 esse
2469 1756 2544 1819 de
2584 1756 3267 1838 accidiacconsummata
3301 1767 3362 1819 et
3395 1756 3705 1836 perflat-,tn

2142 1854 2353 1909 tamen
2401 1850 2548 1911 levis
2595 1849 2878 1928 quoedam
2925 1851 3100 1928 quasi
3140 1848 3429 1911 inchoata
3472 1848 3714 1911 accidia

2143 1940 2436 2004 facillime
2461 1947 2832 2021 generatum
2857 1948 2920 2002 et
2947 1942 3064 2003 hoc
3088 1942 3236 2005 satis
3261 1948 3354 2003 est
3373 1942 3454 2003 ad
3485 1943 3714 2003 vitium

2145 2035 2428 2114 capitale,
2457 2043 2528 2096 ut
2559 2042 2727 2115 patet
2755 2036 2820 2095 in
2853 2050 3012 2096 vana
3041 2035 3260 2113 gloria.
3299 2034 3452 2096 Vide
3481 2035 3720 2113 Grego-

2145 2130 2332 2203 rium,
2373 2128 2482 2188 lib.
2513 2130 2586 2191 31
2619 2126 2860 2204 Moral.,
2891 2146 3025 2207 cap.
3055 2130 3153 2202 17,
3181 2127 3364 2207 paulo
3393 2135 3538 2208 post
3571 2146 3711 2189 me·

2143 2222 2338 2300 dium,
2365 2228 2428 2283 et
2456 2222 2752 2295 Cassian„
2776 2222 2886 2283 lib.
2923 2226 3000 2285 10
3027 2224 3296 2284 Institut.

2683 2459 2708 2477 ..
2755 2426 2974 2478 sEc'rto
3009 2428 3092 2479 lv.

2159 2594 2374 2659 Utrum
2412 2594 2668 2667 invidia,
2701 2596 3004 2661 :emulatio
3035 2604 3091 2661 et
3113 2599 3366 2663 mesi-5
3395 2600 3531 2663 sint
3563 2600 3718 2663 cisia

2448 2690 2758 2753 contraria
2785 2689 3092 2753 dilectioni
3112 2692 3406 2773 proximi.

2227 2878 2286 2937 1.
2325 2874 2580 2937 Primus
2642 2876 2849 2939 modus
2899 2874 3210 2950 malitiae,
3269 2876 3605 2941 aemulatio.
3639 2912 3720 2923 —

2145 2968 2419 3029 Tristitia
2455 2968 2530 3027 de
2567 2966 2732 3027 bono
2778 2968 3048 3046 proximi
3082 2969 3252 3029 varia
3289 2974 3350 3031 et
3385 2968 3721 3049 multiplex

2143 3067 2235 3122 est
2267 3077 2280 3120 :
2307 3060 2428 3121 0110
2463 3066 2600 3121 orta
2627 3079 2703 3121 ex
2741 3060 2906 3135 odio,
2938 3061 3061 3121 alia
3088 3078 3167 3123 ex
3202 3062 3480 3141 appetitu
3515 3063 3722 3123 vindi-

2145 3161 2280 3230 ctae,
2303 3155 2428 3217 alia
2447 3172 2525 3215 ex
2548 3172 2621 3215 eo
2645 3155 2806 3233 quod
2828 3154 2992 3218 bona
3013 3155 3282 3235 proximi
3305 3154 3403 3215 vel
3431 3156 3594 3217 mihi
3621 3156 3720 3217 vel

2146 3246 2282 3309 aliis
2313 3254 2542 3309 nocent
2551 3263 2572 3324 3
2603 3254 2666 3308 et
2693 3248 2770 3309 de
2800 3246 3026 3309 harum
3058 3247 3378 3309 honestate
3411 3254 3475 3309 et
3516 3250 3720 3328 turpi-

2149 3340 2366 3401 tudine
2389 3342 2538 3401 satis
2568 3346 2736 3418 patet
2755 3358 2834 3401 ex
2853 3340 3058 3401 dictis.
3091 3342 3315 3403 Praeter
3337 3340 3452 3401 hos
3471 3342 3718 3415 modos,

2147 3434 2464 3494 invenitur
2493 3434 2718 3513 triplex
2738 3433 2956 3495 modus
2985 3434 3250 3495 tristitias
3267 3434 3345 3495 de
3371 3433 3556 3495 honis
3577 3454 3722 3514 pro-

2145 3526 2322 3587 ximi.
2360 3525 2600 3587 Primus
2617 3532 2731 3600 est,
2756 3526 3004 3605 quando
3030 3527 3170 3606 quis
3191 3527 3470 3589 tristatur
3497 3528 3576 3588 de
3607 3528 3718 3589 bo-

2147 3637 2230 3682 no
2275 3620 2548 3694 alterius,
2601 3620 2748 3699 quia
2789 3618 2920 3699 ipse
2961 3626 3129 3681 caret
3173 3618 3304 3693 illo,
3343 3626 3408 3681 et
3442 3620 3584 3683 haee
3627 3626 3724 3681 est

2145 3711 2476 3786 aemulatio,
2503 3731 2581 3773 ex
2605 3711 2952 3787 Aristotele,
2973 3712 3242 3775 secundo
3262 3712 3550 3787 Rhetor„
3573 3730 3716 3792 cap.

2147 3807 2247 3867 11.
2275 3807 2354 3865 Et
2387 3806 2464 3868 de
2505 3806 2623 3867 hac
2663 3805 2998 3867 dicendum
3025 3812 3119 3867 cst
3145 3805 3369 3885 primo,
3405 3824 3540 3867 non
3585 3824 3723 3869 oese

2145 3899 2476 3961 intrinsece
2535 3898 2790 3971 malam,
2847 3899 2994 3978 quia
3041 3900 3204 3961 ratio
3249 3900 3385 3977 ejus
3439 3918 3576 3961 non
3627 3908 3726 3961 est

2145 3988 2348 4053 aliena
2383 3991 2808 4065 commoditate,
2851 3991 2960 4053 sed
2998 3997 3090 4053 est
3127 3991 3372 4071 proprie
3409 3993 3720 4053 carentia.

2147 4084 2361 4145 Solum
2393 4092 2486 4147 est
2522 4085 2970 4147 advertendum
2999 4085 3162 4147 hanc
3195 4086 3440 4164 proprie
3481 4085 3724 4147 habere

2144 4176 2352 4237 locum
2393 4178 2460 4239 in
2499 4178 2678 4239 bonis
2715 4179 3006 4253 externis,
3051 4194 3192 4257 quae
3239 4179 3616 4239 minuuntur
3650 4179 3720 4239 in

2145 4288 2295 4346 un0,
2319 4288 2463 4332 cum
2483 4279 2796 4349 augentur
2813 4274 2882 4333 in
2892 4272 3046 4347 alio;
3075 4278 3134 4335 et
3161 4271 3321 4348 ideo,
3345 4273 3508 4334 sicut
3527 4290 3722 4353 appe-

2145 4363 2298 4424 titus
2338 4364 2559 4425 horum
2599 4364 2905 4427 bonorum
2945 4382 3074 4427 non
3107 4371 3200 4427 est
3237 4383 3346 4443 per
3382 4384 3447 4427 se
3483 4366 3720 4440 malus,

2147 4456 2234 4516 ita
2266 4474 2464 4536 neque
2507 4458 2758 4519 tristitia
2795 4458 2872 4521 de
2919 4476 3136 4521 eorum
3171 4459 3479 4533 carentia3
3523 4466 3722 4539 atque

2147 4548 2302 4609 adeo
2325 4566 2524 4629 neque
2547 4550 2684 4611 11000
2702 4550 3038 4624 aemulatio,
3062 4552 3345 4630 quamvis
3367 4554 3502 4613 sine
3522 4552 3723 4613 dubio

2149 4642 2375 4703 malam
2412 4643 2636 4703 habeat
2665 4645 2956 4723 speciem.
2991 4645 3058 4703 In
3085 4644 3264 4704 bonis
3289 4650 3504 4705 autem
3535 4644 3724 4723 spiri·

2147 4735 2436 4811 tualibus,
2457 4754 2596 4815 quae
2611 4738 2900 4797 omnibus
2920 4743 3171 4817 possunt
3183 4754 3314 4797 esse
3326 4740 3717 4815 communia,

2147 4828 2254 4888 illa
2299 4829 2612 4891 aemulatio
2651 4836 2850 4909 potest
2877 4848 3010 4891 esse
3049 4830 3234 4903 bona,
3271 4831 3414 4908 quia
3439 4838 3534 4891 est
3559 4850 3719 4911 proe·

2147 4923 2328 5001 cipue
2383 4923 2459 4983 de
2515 4925 2764 5002 propria
2815 4923 3284 5004 imperfectione
3323 4924 3400 4985 ad
3438 4924 3724 4987 aliorum

2146 5016 2588 5094 perfectionem
2627 5024 2986 5097 comparata
3011 5039 3029 5093 3
3061 5036 3208 5079 nam
3249 5018 3324 5077 de
3353 5017 3486 5096 ipsa
3512 5019 3728 5097 perse·

2147 5110 2348 5169 ctione
2367 5127 2691 5187 nunquam
2710 5116 2912 5189 potest
2933 5128 3064 5172 esse
3087 5110 3252 5171 bona
3267 5110 3537 5172 tristitia.
3561 5112 3730 5175 Vide

2145 5200 2620 5280 Hieronymum,
2637 5202 2718 5263 ad
2736 5202 2932 5265 Galat.
2953 5204 2994 5265 5
3002 5219 3024 5281 ;
3041 5210 3106 5265 et
3123 5204 3510 5281 Caietanum‚
3527 5204 3730 5265 verbo

2147 5292 2524 5355 AE'mulatio.

2227 5389 2284 5448 2.
2337 5384 2654 5450 Secundus
2679 5390 2910 5464 modus,
2945 5391 3410 5453 namsia-D.
3451 5390 3732 5453 Thomas

2145 5484 2345 5559 myac-
2373 5512 2458 5526 —
2483 5481 2767 5543 Aliorum
2813 5484 3012 5561 opinio
3056 5484 3356 5560 affirmat.
3389 5516 3473 5531 —-
3493 5484 3732 5547 Prima

2145 5572 2309 5633 ratio
2333 5573 2518 5653 hujus
2544 5572 2860 5652 opinionis.
2884 5606 2967 5621 --
2985 5575 3734 5641 Secunda.—Judioim
