3900 6217
539 336 659 399 266

536 442 1052 506 absurdissimum
1091 461 1220 507 esse
1251 450 1314 507 et
1344 444 1742 523 impossibile,
1793 446 1940 526 quia
1969 444 2104 509 fieri

536 537 860 601 commode
888 556 1014 599 non
1039 544 1242 619 potest
1283 554 1354 599 ut
1383 558 1544 601 unus
1569 537 1758 601 homo
1787 558 1885 603 res
1913 542 2105 603 totius

539 632 707 694 orbis
729 638 924 695 curet.

620 726 716 789 10.
763 724 1182 789 Proeoluditur
1205 725 1408 807 primo
1435 726 1636 790 evasio
1667 727 1992 809 proediota.
2023 760 2105 775 -

537 818 954 883 Proecluditur
964 818 1216 883 secundo
1231 820 1618 900 retorquendo
1632 822 1872 901 majora
1885 820 1947 883 ἰπ
1954 838 2107 884 com-

537 912 733 977 moda.
763 944 846 959 -
877 910 1148 992 Quinque
1187 913 1573 976 incommoda.
1591 913 2109 994 -Respondetur

540 1005 766 1084 primo,
797 1003 946 1065 hinc
972 1009 1138 1067 recte
1165 1004 1470 1081 concludi,
1517 1023 1716 1067 unum
1753 1006 2104 1087 principem

537 1115 650 1180 per
681 1116 836 1173 sese,
888 1097 1118 1177 absque
1145 1098 1632 1179 peculiarissimo
1678 1100 1787 1161 Dei
1841 1100 2099 1175 auxilie,

537 1191 796 1255 minime
835 1208 1010 1271 posse
1034 1191 1473 1254 convenienter
1499 1192 1854 1254 universam
1887 1210 2104 1273 regere

537 1284 897 1359 Ecclesiam,
929 1284 1094 1364 quod
1123 1302 1251 1347 non
1279 1284 1479 1346 solum
1507 1284 1582 1345 de
1609 1285 1868 1365 singulis
1894 1285 2105 1348 homi-

538 1378 725 1441 nibus
740 1424 760 1455 ,
821 1377 930 1439 sed
971 1379 1158 1443 etiam
1201 1380 1279 1442 de
1329 1396 1718 1460 quacumque
1773 1380 2103 1442 hominum

538 1472 1015 1553 congregatione
1046 1472 1429 1536 verissimum
1454 1479 1568 1535 est.
1613 1474 1920 1550 Secunde,
1962 1470 2109 1537 cum'

533 1585 634 1627 res
656 1565 949 1629 humanae
978 1584 1104 1628 non
1133 1566 1368 1647 possint
1385 1566 1675 1629 omnibus
1697 1567 2104 1630 incommodis
2134 1618 2137 1621 .

536 1679 768 1737 carere,
791 1660 912 1723 illae
933 1678 1073 1741 quie
1099 1661 1340 1723 caeteris
1359 1662 1612 1743 paribus
1640 1662 1892 1725 minora
1908 1662 2105 1725 intro·

536 1754 796 1831 ducunt,
845 1754 1294 1816 commodiores
1315 1754 1670 1835 judicandae
1699 1760 1862 1818 sunt.
1912 1754 2107 1818 Multo

535 1852 744 1911 autem
769 1848 949 1929 plura
969 1848 1262 1911 visuntur
1283 1848 1680 1911 incommoda
1707 1850 1776 1910 in
1799 1849 2106 1929 regimine

533 1940 833 2021 plurium,
873 1958 1064 2021 quam
1123 1942 1346 2004 unius:
1400 1942 1701 2023 primum,
1764 1942 1912 2024 quia
1963 1960 2105 2005 cum

537 2033 724 2096 multi
769 2034 1146 2113 gubernant,
1201 2036 1308 2096 vix
1356 2036 1775 2097 consentiunt.
1831 2035 2003 2110 Quod
2052 2038 2107 2097 si

536 2126 813 2207 plurium
839 2126 1150 2206 suffragiis
1189 2145 1418 2189 munus
1443 2128 1630 2190 alicui
1669 2128 2103 2207 demandetur,

535 2222 644 2283 alii
697 2222 826 2284 fere
875 2240 1120 2303 semper
1165 2231 1659 2285 commoventur.
1725 2224 2099 2301 Secundum,

533 2316 682 2378 hinc
711 2316 984 2378 existunt
1001 2316 1434 2378 oemulationes
1453 2322 1518 2379 et
1545 2316 1908 2379 invidentiae
1939 2317 2105 2380 inter

532 2408 667 2487 ipsa
689 2409 894 2487 capita
909 2408 1292 2489 reipublicae,
1315 2415 1377 2471 et
1393 2410 1750 2471 animorum
1771 2410 2107 2471 divisiones

533 2517 676 2582 quoe
705 2502 1034 2563 interitum
1069 2503 1180 2563 toti
1205 2503 1450 2583 corpori
1477 2502 1770 2565 afferunt.
1797 2503 2103 2581 Tertium,

533 2598 588 2658 si
627 2596 737 2659 illa
782 2596 1114 2658 multitudo
1141 2605 1236 2659 est
1261 2597 1605 2678 popularis,
1630 2596 1875 2659 nullum
1903 2603 2107 2679 potest

533 2708 662 2754 esse
683 2690 886 2771 majus
905 2689 1166 2767 malum,
1195 2691 1343 2771 quia
1361 2692 1528 2752 inter
1549 2709 1652 2753 eos
1670 2690 1875 2771 plures
1898 2690 2104 2769 ignari

531 2803 606 2846 ac
635 2784 808 2846 stulti
834 2784 1024 2845 etiam
1071 2801 1262 2864 quam
1318 2784 1628 2865 sapientes
1669 2782 2097 2845 inveniuntur.

535 2877 713 2940 Unde
733 2877 870 2957 jam
891 2876 1239 2957 respublica
1263 2876 1343 2938 ab
1369 2876 1572 2937 stultis
1591 2883 1652 2939 et
1673 2876 1882 2956 pravis
1902 2875 2105 2937 admi-

535 2971 934 3047 nistrabitur,
981 2970 1290 3051 siquidem
1335 2970 1611 3051 plurium
1663 2970 1957 3050 suffragio
2006 2986 2104 3031 res

533 3071 718 3127 erunt
739 3063 1129 3127 definiendas.
1155 3064 1220 3126 Si
1250 3069 1460 3126 autem
1481 3062 1820 3125 multitudo
1845 3064 1927 3125 sit
1943 3062 2104 3144 opti-

529 3165 794 3234 matum,
850 3163 942 3219 tot
987 3158 1119 3220 fere
1161 3158 1470 3237 principes
1516 3162 1701 3219 erunt
1740 3157 2102 3237 reipublicae

531 3257 684 3332 quot
697 3252 1046 3331 optimates,
1067 3251 1118 3312 si
1136 3249 1344 3312 nullus
1359 3268 1577 3313 eorum
1597 3250 1981 3332 superiorem
2004 3268 2105 3312 co-

536 3350 796 3426 gnoscat
819 3350 1049 3425 praeter
1090 3350 1463 3407 conventum
1486 3344 1808 3421 omnium;
1842 3362 2107 3425 cumque

531 3438 959 3518 unusquisque
979 3456 1195 3501 eorum
1232 3438 1399 3519 quod
1429 3454 1618 3500 suum
1643 3444 1736 3499 est
1756 3456 1883 3500 non
1905 3438 2109 3499 minus

1737 342 1976 397 mspuT.
2012 341 2094 395 lx.
2132 343 2213 396 DE
2245 344 2559 401 EccmslA.

2182 448 2299 511 tim
2324 470 2450 513 non
2488 470 2620 514 esse
2648 469 2817 526 vera,
2839 451 3155 531 partimin
3182 450 3573 516 ecclesiastica
3597 475 3709 519 mo-

2183 545 2468 622 narchia,
2488 546 2591 608 vel
2616 565 2745 608 non
2764 545 3047 626 reperiri,
3078 546 3175 607 vel
3202 551 3362 609 certe
3388 564 3513 609 esse
3534 551 3707 615 multo

2181 637 2449 699 minora.
2473 638 2677 702 Prima
2691 657 2831 720 pars
2851 638 3069 719 liquet.
3092 639 3248 701 Nam
3280 639 3477 718 potius
3492 659 3705 705 monar-

2186 730 2327 792 chia
2348 738 2442 794 est
2457 730 2751 794 humanae
2772 731 3001 794 rationi
3020 732 3293 793 maxime
3304 740 3680 797 consentanea
3692 752 3709 815 ;

2187 824 2420 885 etenim
2450 824 2581 905 ipse
2609 825 2797 886 homo
2828 841 2961 886 una
2984 826 3227 886 ratione
3246 824 3381 903 regi
3408 824 3608 899 debet3
3652 829 3707 891 in

2186 916 2468 979 humano
2492 935 2746 999 corpore
2774 934 2973 979 unum
3001 923 3187 998 caput
3212 916 3401 990 habet
3438 919 3706 1001 principa·

2188 1016 2359 1085 tum3
2392 1009 2459 1072 in
2482 1028 2609 1071 una
2635 1008 2819 1071 domo
2848 1028 3013 1073 unus
3039 1009 3377 1089 requiritur
3396 1012 3709 1089 paterfami-

2183 1100 2321 1179 lias,
2344 1108 2415 1165 ut
2430 1102 2589 1165 bene
2608 1109 2861 1183 regatur
2878 1126 2896 1179 3
2921 1103 2987 1166 in
3009 1102 3287 1183 quolibet
3309 1101 3577 1165 humano
3595 1124 3708 1167 mu·

2183 1214 2355 1273 nere,
2385 1196 2486 1258 vel
2509 1196 2681 1268 artis,
2711 1195 2808 1258 vel
2836 1196 3130 1270 scientiae,
3176 1200 3251 1255 ut
3287 1195 3565 1260 ordinate
3596 1197 3709 1275 fiat,

2184 1310 2349 1353 uuus
2368 1290 2552 1352 debet
2571 1308 2897 1371 supremus
2923 1288 3196 1371 praefici;
3222 1290 3290 1351 in
3322 1296 3452 1352 toto
3480 1290 3711 1372 denique

2184 1383 2422 1445 mundo
2452 1383 2582 1445 fere
2616 1401 2833 1445 omnes
2869 1385 3378 1464 congregationes
3418 1385 3711 1450 hominum

2184 1476 2574 1538 monarchice
2613 1484 2958 1555 reguntur3
3002 1483 3066 1538 et
3106 1476 3589 1555 Chrysostomus,
3624 1478 3714 1540 ho-

2184 1568 2319 1631 mil.
2350 1570 2429 1631 34
2446 1570 2513 1630 in
2540 1572 2570 1630 1
2604 1570 2683 1631 ad
2706 1570 2965 1646 Corint„
2991 1570 3295 1650 ponderat
3306 1570 3497 1632 Deum
3516 1588 3714 1635 creasse

2185 1668 2430 1725 tantum
2456 1681 2657 1725 unum
2688 1664 2911 1740 Adam,
2941 1670 3005 1726 et
3025 1682 3103 1725 ex
3144 1662 3254 1725 illo
3298 1662 3471 1739 alios,
3504 1670 3569 1723 ut
3604 1682 3714 1725 mo·

2184 1754 2524 1817 narchiam·
2555 1757 3051 1834 commendaret3
3090 1761 3157 1817 et
3204 1755 3461 1831 sustin„
3504 1756 3567 1817 in
3606 1757 3714 1836 ipso

2184 1850 2491 1931 principio
2516 1870 2646 1913 suae
2692 1851 2990 1928 historias,
3037 1850 3230 1913 refert
3268 1850 3535 1932 primum
3580 1854 3715 1931 regi·

2185 1960 2333 2005 men
2360 1945 2427 2005 in
2452 1944 2601 2007 orbe
2627 1944 2811 2007 fuisse
2836 1943 3335 2019 monarchicum,
3366 1949 3429 2005 et
3452 1962 3557 2024 per
3582 1945 3717 2005 mul·
3807 1942 3808 1945 ’

2186 2042 2281 2099 ios
2314 2056 2509 2100 annos
2548 2040 2837 2112 durasse3
2884 2038 3280 2119 quodetiam
3311 2037 3713 2112 Tertullianus,

2184 2128 2345 2192 libro
2364 2132 2403 2192 3
2426 2131 2502 2194 de
2522 2132 2763 2211 Legib.,
2792 2152 2863 2194 ac
2888 2130 3139 2207 salust„
3160 2131 3229 2192 in
3252 2128 3537 2204 Catelin.,
3557 2129 3715 2191 tradi·

2184 2224 2416 2287 derunt
2459 2230 2507 2287 ¹.
2562 2225 2845 2287 Secunda
2888 2244 3133 2305 quoque
3182 2224 3551 2298 declaratur,
3592 2242 3713 2283 nam

2187 2318 2591 2381 ecclesiastica
2638 2318 3002 2381 monarchia
3039 2335 3167 2380 non
3216 2315 3495 2379 humana
3542 2316 3713 2377 solum

2183 2410 2414 2475 virtute
2434 2457 2454 2488 ,
2496 2410 2600 2473 sed
2650 2411 2862 2473 divina
2917 2410 3224 2491 proecipue
3280 2410 3533 2487 nititur-3
3578 2410 3717 2469 unde

2184 2505 2469 2584 quamvis
2497 2510 2707 2585 pastor
2744 2522 2873 2567 esse
2901 2504 3089 2585 possit
3110 2503 3477 2584 imprudens
3504 2508 3561 2564 et
3596 2520 3720 2583 pra-

2184 2615 2321 2673 vus,
2366 2598 2457 2659 ita
2508 2604 2744 2674 tamen,
2792 2604 2862 2661 ut
2913 2597 3333 2673 ostendimus,
3389 2596 3469 2658 ab
3516 2595 3717 2675 Spiritu

2187 2690 2411 2753 Sancto
2437 2692 2699 2772 regitur,
2741 2697 2813 2754 ut
2861 2692 2929 2754 in
2972 2690 3305 2777 praecipuis
3342 2688 3545 2761 rebus,
3581 2706 3715 2768 quae,

2181 2783 2491 2861 videlicet,
2540 2784 2621 2847 ad
2654 2784 2844 2847 fidem
2870 2791 2933 2848 et
2978 2782 3195 2847 mores‘
3216 2788 3497 2865 spectant
3526 2784 3575 2857 ²,
3612 2798 3715 2841 non

2182 2879 2578 2958 permittatur
2628 2896 2856 2941 errare.
2923 2877 3189 2953 Deinde,
3248 2884 3322 2938 ut
3370 2876 3489 2939 Leo
3538 2876 3712 2955 Papa,

2182 2972 2367 3051 epist.
2404 2974 2467 3048 4,
2522 2972 2725 3047 docet,
2774 2990 2902 3033 non
2920 2971 3121 3033 ·solus
3170 2968 3461 3033 Pontifex
3506 2968 3715 3029 univer-

2183 3083 2315 3126 sam
2346 3064 2677 3127 Ecclesiam
2700 3065 3029 3143 gubernat,
3062 3063 3168 3127 sed
3192 3066 3608 3143 cooperatores
3626 3059 3699 3121 ha-

2184 3157 2291 3220 bet
2316 3158 2667 3239 episcopos,
2699 3165 2763 3221 et
2783 3158 2853 3219 hi
2886 3156 3211 3238 parochos,
3256 3156 3482 3238 quibus
3524 3172 3637 3217 non
3658 3158 3713 3213 ut

2186 3252 2608 3328 mercenariis,
2636 3252 2739 3314 sed
2766 3262 2836 3313 ut
2868 3251 3136 3321 vicariis,
3166 3258 3231 3313 et
3260 3249 3523 3331 propriis
3548 3252 3716 3328 pasto·

2188 3346 2385 3418 ribuS,
2434 3364 2510 3407 ex
2568 3344 2771 3407 officio
2826 3343 3135 3406 incumbit
3175 3343 3503 3424 providere
3530 3340 3713 3420 gregi:

2189 3438 2503 3501 Pontificis
2555 3455 2702 3500 vero
2760 3437 3034 3518 supremi
3089 3444 3181 3499 est
3244 3453 3433 3516 super
3482 3439 3721 3515 pastores

532 3537 768 3611 quaerat
807 3547 998 3610 quam
1033 3532 1085 3591 si
1116 3538 1272 3592 esset
1299 3549 1462 3592 unus
1490 3536 1760 3607 tantum,
1787 3530 1910 3592 tale
1947 3531 2108 3611 regi-
2135 3522 2405 3593 *omnes
2440 3532 2723 3611 vigilare,
2765 3537 2952 3611 atque
2995 3529 3357 3591 universam
3398 3526 3719 3598 Ecclesiam,

532 3642 706 3699 men,
723 3630 786 3686 et
813 3624 880 3686 in
899 3625 1269 3687 seditionem
1297 3632 1360 3686 et
1389 3625 1458 3686 in
1487 3625 1714 3686 multas
1739 3624 2104 3704 tyrannides

533 3718 892 3798 degenerat.
921 3718 1251 3793 Quartum,
1273 3717 1326 3778 si
1353 3717 1534 3779 facile
1561 3724 1654 3779 est
1679 3734 1878 3778 unum
1903 3715 2107 3777 homi-

533 3830 682 3873 nem
704 3828 834 3873 esse
859 3830 1122 3891 pravum
1149 3817 1258 3873 aut
1295 3811 1580 3891 ineptum
1609 3810 1826 3887 etiam,
1856 3828 1987 3871 non
2014 3814 2107 3873 est

534 3904 783 3967 difficile
825 3922 1024 3965 unum
1066 3905 1232 3966 inter
1257 3903 1486 3965 multos
1535 3904 1800 3966 electum
1845 3903 2105 3983 reperiri

531 3998 808 4075 bonum3
837 3999 1090 4062 difficile
1115 4005 1326 4061 autem
1359 3999 1542 4061 estin
1573 3998 1791 4078 quavis
1820 3998 2106 4060 multitu-

532 4093 680 4155 dine
707 4110 835 4155 non
878 4092 1080 4154 solum
1127 4108 1367 4169 omnes,
1396 4091 1500 4153 sed
1536 4093 1726 4153 etiam
1767 4090 1974 4170 plures
2000 4089 2107 4150 bo·

531 4204 648 4248 nos
673 4204 826 4263 esse,
857 4186 1186 4267 sapientes,
1231 4191 1296 4247 et
1335 4185 1416 4246 ad
1441 4184 1788 4263 regendum
1827 4182 2100 4243 idoneos,

536 4280 862 4357 Quintum,
892 4298 1020 4342 non
1054 4284 1256 4360 potest
1289 4278 1554 4359 intelligi
1583 4277 1922 4339 multorum
1945 4278 2111 4355 regi-

537 4394 708 4453 men,
741 4377 896 4456 quin
923 4376 1139 4437 saltem
1169 4376 1250 4437 ad
1279 4382 1524 4455 tempus
1550 4393 1714 4435 unus
1735 4373 1834 4434 vel
1852 4374 1977 4434 duo
1998 4373 2109 4435 eli·

539 4474 794 4547 gantur,
821 4469 930 4547 qui
948 4468 1206 4548 praesint
1223 4468 1641 4543 multitudini,
1669 4465 1822 4527 alias
1849 4466 2108 4527 resulta-

538 4566 635 4623 ret
670 4578 900 4641 magna
945 4561 1249 4637 confusio,
1296 4580 1410 4622 nec
1433 4567 1704 4641 possent,
1739 4566 1810 4620 ut
1838 4565 2102 4636 oportet,

536 4654 869 4715 convenire
884 4654 964 4715 ad
985 4654 1323 4734 regendam
1346 4654 1822 4735 rempublicam3
1843 4668 2111 4733 quorum

537 4747 722 4808 debet
747 4747 885 4810 fieri
911 4748 1201 4827 frequens
1221 4749 1482 4809 mutatio
1505 4756 1567 4811 et
1585 4748 1912 4819 successio,
1939 4746 2113 4809 utvi·

536 4842 754 4905 demus
780 4842 1076 4905 accidisse
1105 4843 1255 4905 olim
1277 4846 1341 4904 in
1363 4844 1700 4924 Republica
1719 4844 2025 4917 Romana,
2050 4846 2114 4901 et

537 4936 884 5010 similibus3
911 4935 1029 4997 hoc
1059 4944 1272 4998 autem
1298 4935 1432 4999 fieri
1458 4954 1588 4998 non
1619 4942 1820 5015 potest
1847 4935 1983 4996 sine
2005 4933 2103 4995 in-

535 5028 864 5091 commodo
921 5029 1304 5110 reipublicae‚
1355 5048 1502 5092 nam
1533 5030 1706 5110 prius
1755 5028 1802 5089 ii
1847 5026 1959 5109 qui
2010 5045 2109 5103 re-

535 5128 718 5203 gunt,
745 5122 1050 5202 dignitate
1072 5123 1422 5203 privantur,
1453 5138 1647 5203 quam
1679 5121 2107 5202 experimento

540 5216 830 5277 noverint
859 5214 1226 5295 gubernare.
1401 5258 1407 5272 .

621 5311 721 5370 Η.
763 5309 1188 5373 Proeozwaitur
1213 5308 1390 5373 tortio
1411 5310 1770 5373 occurrendo
1789 5308 2109 5371 incommo-

541 5402 662 5465 dis.
696 5434 784 5488 ····.
803 5402 1014 5463 Tertio
1062 5402 1314 5479 dicitur,
1359 5402 1467 5463 illa
1515 5401 1932 5476 incommoda,
1971 5416 2109 5480 quae

551 5494 632 5565 ab
655 5493 958 5565 hereticis
995 5498 1064 5557 in
1105 5494 1466 5559 monarchia
1491 5494 1944 5576 excogitantur,
1970 5510 2109 5582 par·

2187 3626 2387 3705 quoad
2426 3642 2501 3687 ea
2540 3626 2853 3705 praecipue
2878 3642 3018 3704 quae
3044 3623 3123 3684 ad
3148 3638 3488 3683 commune
3512 3619 3719 3681 bonum

2184 3724 2485 3800 spectant.
2520 3720 2721 3799 Atque
2748 3719 2837 3779 ita
2880 3717 2953 3777 fit
2990 3720 3061 3777 ut
3095 3716 3289 3777 totius
3338 3712 3609 3775 Ecclesiae
3640 3726 3721 3770 re·

2184 3813 2405 3893 gendae
2433 3812 2677 3893 pondus
2714 3818 2777 3873 et
2802 3812 2867 3871 in
2896 3810 3103 3890 plures
3138 3808 3219 3871 sit
3246 3802 3722 3869 convenientissi-

2184 3924 2283 3969 me
2308 3907 2731 3982 distributum,
2764 3911 2825 3967 et
2852 3904 2965 3965 uni
2990 3902 3393 3965 commissum
3436 3896 3721 3981 sapientis·

2185 4000 2361 4063 sime.
2413 3999 2594 4076 Quia,
2658 3996 2941 4077 quamvis
2988 3994 3445 4057 contendamus
3508 4006 3721 4053 monar-

2184 4092 2391 4154 chiam
2419 4110 2550 4154 esse
2577 4091 2904 4171 optimam,
2936 4105 3065 4150 non
3090 4093 3309 4149 tamen
3334 4102 3620 4166 negamus
3642 4082 3722 4143 in-

2190 4194 2282 4249 ter
2320 4186 2629 4262 homines,
2673 4190 2925 4266 propter
2974 4200 3191 4245 eorum
3234 4180 3719 4247 imbecillitatem,

2187 4298 2430 4342 necesse
2463 4298 2595 4341 esse
2630 4294 2989 4358 supremum
3034 4274 3441 4338 monarcham
3476 4268 3724 4333 subordi-

2188 4374 2354 4435 natis
2390 4374 2507 4434 sibi
2568 4370 2970 4451 potestatibus
3010 4370 3321 4447 adjuvari,
3370 4374 3550 4446 atque
3592 4361 3722 4424 adeo

2188 4466 2614 4527 monarchiam
2662 4462 3119 4543 quodammodo
3156 4480 3269 4541 per
3312 4455 3719 4523 democratiam

2190 4560 2557 4640 temperari:
2602 4558 2759 4619 illud
2806 4556 3061 4617 tandem
3105 4552 3565 4617 incommodum
3610 4564 3723 4627 per·

2190 4659 2394 4735 peture
2425 4651 2827 4731 subjectionis
2860 4650 2929 4711 in
2970 4649 3088 4711 hoc
3128 4648 3436 4728 regimine
3458 4646 3579 4706 fere
3605 4638 3723 4701 nul-

2191 4746 2329 4807 lum
2364 4752 2479 4821 est,
2506 4751 2643 4807 tum
2664 4745 2813 4825 quia
2836 4742 3107 4804 Ecclesia
3132 4759 3261 4803 non
3286 4743 3398 4802 uni
3418 4737 3721 4800 hominum

2192 4858 2303 4921 per
2331 4858 2419 4916 se,
2440 4840 2545 4901 sed
2573 4844 2644 4900 ut
2669 4836 2915 4899 Vicario
2943 4835 3171 4898 Christi
3192 4834 3536 4915 subiicitur,
3568 4827 3721 4904 cuius

2185 4935 2414 5015 jugum
2436 4940 2529 4994 est
2547 4948 2759 5007 suave,
2790 4930 2889 4993 cui
2918 4930 3147 4991 servire
3164 4944 3427 5008 regnare
3454 4936 3579 5000 est3
3603 4928 3717 4981 tum

2188 5028 2377 5090 etiam
2394 5028 2545 5108 quia
2572 5042 2713 5087 cum
2762 5023 3069 5100 Pontifici,
3108 5042 3235 5085 non
3276 5018 3543 5084 naturali
3578 5011 3719 5091 regi-

2186 5120 2377 5193 mine,
2434 5120 2541 5182 sed
2594 5118 2895 5181 electione
2941 5117 3326 5192 succedatur,
3365 5108 3615 5194 quilibet
3654 5104 3721 5165 de

2186 5214 2487 5289 Ecclesia,
2516 5214 2568 5274 si
2590 5212 2821 5293 probus
2866 5211 2970 5287 sit,
3024 5214 3089 5272 et
3126 5208 3275 5289 eligi
3318 5210 3532 5288 potest,
3576 5194 3721 5281 quod

2271 5404 2288 5439 ⁸
2336 5400 2465 5463 Hae
2488 5399 2565 5461 de
2590 5416 2659 5459 re
2698 5396 2959 5477 Lipsius,
2992 5394 3034 5457 l.
3072 5396 3111 5457 Ξ
3140 5394 3349 5467 volit„
3379 5408 3432 5452 c.
3458 5390 3519 5451 2.

2268 5495 2295 5533 2
2334 5492 2663 5564 ostensum
2704 5505 2913 5577 supra,
2942 5486 3105 5575 disp.
3134 5490 3197 5571 5,
3228 5490 3370 5549 sect.
3403 5484 3463 5549 8.
