3900 6217
650 343 822 397 SECT.
858 345 898 396 1.
933 343 1146 397 UTRUM
1179 341 1552 397 SCANDALUM
1585 343 1684 396 su·
1719 341 2051 396 PECCATUM
2082 341 2162 394 Ex
2200 342 2315 394 SUO
2350 339 2594 394 GENERE
2626 338 2933 392 MORTALE.

3291 331 3404 394 721

177 459 356 503 vum.
408 442 692 504 Aetivum
745 448 838 502 est
880 440 1326 503 offendiculum
1383 441 1548 520 quod
1586 441 1768 512 fratri
1849 440 2155 516 Corinth„
2202 441 2309 500 ubi
2352 440 2513 500 inter
2562 439 2683 500 alia
2722 453 2738 498 ε
2783 439 2910 500 Est
2945 437 3153 518 quovis
3171 436 3416 500 vulnere

191 538 474 614 ponitur,
517 544 588 596 ut
626 536 1028 616 spiritualiter
1067 537 1281 612 cadat3
1308 536 1620 615 passivum
1675 540 1769 594 est
1849 535 2103 614 gravius
2124 532 2556 605 scandalizare,
2596 550 2699 594 seu
2740 534 3128 611 offensionem
3166 530 3409 608 afferre.

175 631 319 709 ipsa
362 632 545 691 ruina
574 631 859 710 proximi.
893 629 1066 703 Quod
1109 627 1286 688 facile
1331 647 1408 688 ex
1442 627 1772 707 corporali-

186 725 308 786 bus
357 727 646 805 explicari
681 731 878 804 potest
917 743 1058 784 eum
1101 724 1352 798 Davide,
1395 722 1555 784 Psal.
1609 723 1765 783 139:

191 821 408 900 Iniqui
439 819 850 902 coqitaccrnnt
885 819 1278 898 supplantare
1301 835 1548 899 yrcssus
1577 834 1733 878 meos
1749 839 1774 886 ,-

189 914 630 976 absconderunt
664 913 904 990 superbi
952 912 1226 992 laqueum
1270 911 1446 985 milli,
1495 914 1552 972 et
1600 911 1774 981 filnes

191 1007 584 1068 extenderunt
612 1007 677 1066 in
721 1007 1015 1085 laqueum,
1057 1005 1246 1082 juxta
1299 1005 1419 1065 iter
1455 1003 1776 1064 sandalum

189 1103 536 1177 posue-runt
563 1097 715 1159 mini
731 1123 756 1169 ,·
799 1103 861 1156 et
889 1096 1075 1156 simili
1096 1095 1399 1156 allusione
1428 1096 1555 1156 sive
1582 1101 1774 1154 meta-

195 1191 400 1270 phora
428 1210 576 1250 usus
598 1198 689 1250 est
719 1191 884 1264 lsai„
905 1209 957 1249 c.
981 1191 1043 1263 8,
1067 1195 1128 1248 et
1144 1197 1433 1266 repetunt
1462 1188 1683 1248 Paulus
1697 1188 1776 1247 ad

187 1285 460 1346 Roman.
489 1286 550 1358 9,
575 1291 634 1343 et
665 1285 878 1344 Petrus
913 1287 942 1344 1
984 1283 1157 1362 epist.
1169 1329 1188 1358 ,
1214 1301 1269 1343 c.
1305 1285 1367 1355 2,
1397 1282 1544 1340 dum
1577 1271 1777 1342 Chris-

187 1385 336 1437 tum
363 1376 632 1457 lapidem
659 1376 1012 1436 offensionis
1029 1381 1093 1436 et
1111 1383 1350 1454 petram
1377 1373 1648 1434 scandali
1677 1375 1772 1433 in-

190 1469 464 1530 credulis
491 1487 624 1529 esse
655 1469 1034 1547 pronuntiat.
1067 1469 1380 1528 Passivum
1414 1467 1774 1527 scandalum

194 1563 362 1623 nihil
385 1563 466 1622 ad
495 1581 606 1622 nos
634 1569 889 1641 spectat,
907 1562 1056 1641 quia
1084 1568 1153 1622 ut
1175 1567 1350 1622 notat
1389 1563 1458 1622 D.
1503 1562 1773 1621 Thomas

195 1659 262 1718 2.
297 1658 359 1730 2,
403 1662 626 1734 quaest.
655 1658 757 1730 43,
795 1663 912 1715 art.
957 1657 1018 1730 3,
1063 1673 1189 1716 non
1216 1661 1306 1714 est
1340 1653 1602 1732 speciale
1637 1671 1775 1731 pec·

197 1757 415 1808 catum
447 1747 684 1809 habens
717 1748 1036 1828 propriam
1063 1747 1364 1808 malitiam
1397 1752 1616 1806 contra
1637 1745 1776 1806 cha-

195 1844 474 1916 ritatem,
512 1843 616 1902 sed
645 1848 841 1922 potest
881 1841 1056 1924 fundi
1077 1857 1188 1920 per
1215 1841 1427 1901 omnia
1459 1841 1611 1900 vitia
1623 1861 1640 1914 3
1669 1839 1778 1898 ubi

197 1941 298 1994 est
327 1935 776 1994 advertendum
801 1935 1015 2012 ,vulgo
1053 1933 1247 1994 solere
1289 1932 1516 2012 putari,
1553 1938 1615 1992 et
1655 1931 1778 1991 dici

197 2027 323 2087 hoc
377 2027 734 2087 scandalum
791 2031 1128 2105 passivum,
1171 2044 1298 2086 non
1344 2031 1473 2085 tam
1532 2025 1782 2084 ruinam

197 2121 614 2199 spiritualem,
660 2137 798 2198 quae
844 2120 1120 2180 consistit
1156 2121 1221 2179 in
1280 2129 1554 2198 peccato,
1591 2135 1782 2196 quam

199 2214 398 2273 veluti
421 2214 917 2287 admirationem,
939 2219 1000 2272 et
1013 2229 1330 2274 rumorem
1354 2212 1461 2290 qui
1483 2212 1785 2270 excitatur

199 2309 270 2367 in
302 2307 596 2386 proximis
619 2324 696 2366 ex
734 2313 982 2385 peceato
1019 2305 1300 2378 alterius3
1331 2305 1436 2364 sed
1463 2321 1786 2382 nunquam

204 2399 362 2460 illud
411 2400 600 2460 habet
644 2399 955 2478 propriam
1001 2399 1310 2458 rationem
1337 2396 1633 2472 scandali,
1666 2395 1789 2456 nisi

213 2493 494 2571 aliquam
525 2493 826 2552 malitiam
849 2491 1148 2564 includat,
1177 2509 1318 2569 quae
1347 2491 1654 2568 originem
1677 2488 1785 2548 ali-

209 2605 338 2666 quo
372 2587 556 2646 modo
586 2587 768 2646 ducat
795 2585 874 2644 ab
909 2584 1015 2646 illo
1052 2585 1156 2663 qui
1187 2584 1360 2644 dedit
1405 2582 1784 2656 scandalum,

213 2686 286 2739 ut
301 2679 612 2756 colligitur
631 2697 708 2738 ex
727 2679 1132 2756 Hieronymo,
1150 2677 1418 2738 Matthaei
1445 2679 1543 2750 18,
1567 2682 1627 2736 et
1645 2677 1789 2734 divo

213 2773 452 2832 Thema
503 2774 561 2832 2.
598 2775 658 2844 2,
705 2777 917 2850 quaest.
949 2773 1052 2844 33,
1091 2778 1206 2830 art.
1261 2773 1316 2831 1.
1363 2771 1598 2830 Omisso
1640 2787 1786 2848 ergo

217 2867 510 2927 scandalo
550 2866 815 2944 passive,
847 2882 1050 2925 sermo
1095 2871 1186 2924 est
1227 2863 1304 2924 de
1351 2863 1575 2936 active,
1618 2864 1785 2940 quod

218 2959 436 3020 definit
463 2958 539 3019 D.
568 2958 859 3031 ThomaS,
891 2975 952 3035 q.
989 2959 1087 3032 43,
1121 2964 1236 3016 art.
1273 2957 1302 3016 1
1337 2973 1355 3016 2
1394 2953 1556 3035 Opas
1581 2957 1786 3018 minus

220 3056 444 3114 rectum
491 3052 760 3131 provocas
811 3051 1090 3132 proximo
1136 3048 1498 3112 occasionem
1541 3049 1736 3110 ruinoe
1753 3074 1782 3120 ,-

219 3161 410 3224 quam
437 3143 863 3206 definitionem
885 3143 1100 3222 etipse
1121 3141 1282 3203 bene
1309 3140 1598 3216 declarat,
1628 3147 1689 3200 et
1717 3143 1784 3201 in

213 3237 616 3318 sequentibus
667 3254 1048 3317 exponemus
1094 3235 1300 3296 latius.
1357 3235 1566 3295 Solum
1616 3254 1784 3295 nunc

215 3340 310 3394 est
348 3331 791 3392 consideranda
835 3330 944 3390 illa
973 3329 1276 3408 particula
1312 3329 1606 3408 proebcns,
1636 3346 1783 3389 nam

216 3426 534 3486 interdum
565 3423 788 3503 aliquis
813 3423 1001 3484 sumit
1038 3441 1116 3482 ex
1143 3439 1282 3483 meo
1309 3439 1492 3500 opere
1519 3423 1786 3482 occasio-

218 3537 370 3580 nem
408 3518 726 3598 peceandi‚
757 3535 945 3596 quam
989 3534 1105 3594 ego
1147 3533 1274 3575 non
1319 3515 1587 3595 praebeO,
1619 3515 1783 3594 quod

215 3610 576 3674 scandalum
621 3611 742 3672 dici
787 3611 939 3671 solet
983 3628 1137 3689 pure
1181 3612 1521 3689 passivum,
1572 3615 1783 3686 estque

218 3713 534 3784 peecatum
563 3710 810 3764 tautum
841 3705 904 3762 in
935 3708 1242 3777 sumente,
1274 3720 1402 3762 non
1433 3719 1578 3762 vero
1608 3703 1675 3761 in
1711 3720 1784 3762 eo

213 3816 254 3858 a
282 3815 410 3876 quo
453 3797 749 3871 sumitur3
783 3801 1024 3874 oportet
1052 3795 1244 3873 igitur
1273 3804 1343 3854 ut
1383 3796 1618 3854 occasio
1646 3813 1784 3873 pee-

213 3891 400 3952 candi
427 3890 506 3950 sit
531 3906 676 3949 vere
707 3896 771 3948 et
801 3887 1117 3948 moraliter
1141 3905 1180 3946 a
1206 3905 1305 3948 me
1337 3889 1498 3947 data.

299 3987 359 4045 2.
411 3982 634 4046 Prima
691 3981 994 4044 conclusio
1055 3981 1123 4042 dc
1189 3982 1325 4060 fide.
1359 4015 1437 4024 —
1502 3979 1784 4043 Secunda

217 4077 518 4140 conclusio
565 4075 894 4140 commanis
955 4075 1250 4154 probatur
1310 4073 1653 4154 dupliciter.
1707 4107 1784 4117 —-

217 4169 468 4232 Horum
487 4167 764 4228 nonnulli
791 4167 1139 4245 afferuntur
1179 4184 1218 4228 a
1251 4167 1561 4230 Benedict.
1587 4167 1787 4230 Justi·

213 4263 422 4336 niano,
473 4278 626 4325 cers.
671 4264 736 4320 11
782 4265 840 4322 ct
872 4263 967 4320 12.
999 4293 1081 4304 -
1107 4261 1250 4320 Dico
1304 4261 1502 4338 primo
1533 4261 1784 4320 scanda-

212 4356 352 4416 lum
381 4373 512 4416 esse
555 4361 897 4432 peccatum.
947 4354 1056 4413 Est
1080 4359 1246 4414 certa
1288 4353 1366 4413 de
1419 4352 1541 4414 fide
1577 4371 1592 4424 ;
1626 4371 1784 4432 saepe

214 4448 388 4509 enim
416 4448 484 4506 in
507 4447 824 4526 Scriptura
850 4446 1002 4506 illud
1031 4446 1528 4525 reprehenditur,
1563 4448 1778 4506 Manli.

215 4543 256 4602 8
287 4556 306 4600 ε
345 4540 460 4614 Qui
477 4537 978 4602 scandalizaverit
1011 4557 1198 4601 unam
1226 4540 1294 4600 dc
1323 4539 1602 4620 pusillis,
1636 4546 1780 4614 etc„

216 4634 454 4693 ibidem
484 4632 766 4710 copiose3
800 4640 862 4691 et
884 4632 1146 4692 Roman.
1177 4635 1275 4707 14,
1313 4631 1540 4693 malum
1565 4637 1657 4694 est
1683 4633 1782 4694 Ιιο·

214 4725 393 4798 mini,
425 4726 530 4806 qni
551 4741 660 4803 per
692 4725 1111 4805 offendiculum
1139 4726 1488 4799 manducat,
1519 4731 1579 4784 et
1606 4723 1780 4784 simi-

215 4819 304 4880 lia
331 4821 398 4879 in
425 4818 642 4879 eodem
689 4819 909 4897 capite,
940 4824 1002 4879 et
1048 4821 1078 4880 1
1129 4819 1265 4879 Cor.
1314 4820 1376 4893 8,
1409 4836 1516 4897 per
1555 4825 1776 4879 totum.

217 4913 400 4973 Ratio
428 4918 542 4986 est,
589 4913 736 4991 quia
775 4912 881 4990 qui
929 4912 1018 4970 sic
1059 4912 1429 4972 scandalizat
1469 4919 1560 4972 cst
1593 4931 1779 4972 causa

213 5006 554 5086 spiritualis
600 5005 750 5066 mali
807 5006 1095 5085 proximi.
1131 5007 1276 5066 Dico
1317 5007 1583 5066 secundo
1614 5021 1630 5065 ε
1663 5006 1780 5066 hoc

217 5105 535 5178 peccatum
581 5105 674 5158 est
709 5098 1034 5178 peculiaris
1060 5099 1281 5176 speciei
1324 5099 1555 5158 habens
1602 5099 1778 5158 mali-

217 5195 372 5253 tiam
399 5191 684 5252 charitati
711 5192 1104 5252 contrariam.
1133 5193 1234 5252 Est
1257 5198 1626 5269 communi5‚
1649 5195 1774 5272 pri-

221 5305 348 5361 me,
376 5287 526 5365 quia
548 5286 612 5345 in
649 5284 986 5364 Scriptura,
1017 5292 1086 5344 ut
1110 5287 1240 5364 jam
1269 5286 1554 5364 allegavi,
1585 5296 1645 5347 et
1668 5288 1782 5346 Pa-

221 5379 418 5440 tribus
446 5379 658 5454 etiam,
683 5379 848 5437 utin
887 5377 1136 5454 Basilio,
1166 5379 1380 5457 regula
1406 5380 1486 5439 64
1525 5398 1598 5439 ex
1643 5379 1782 5440 bre-

222 5470 498 5533 viorihus
516 5516 538 5547 ,
580 5470 1046 5550 chrysostome,
1098 5472 1313 5534 homil.
1361 5475 1432 5532 21
1501 5472 1570 5533 in
1626 5475 1650 5532 1
1706 5473 1785 5534 ad

545 5592 650 5638 111.

1853 635 1914 688 et
1941 627 2101 696 aliia
2127 627 2201 686 ad
2232 629 2412 706 capit.
2442 628 2480 686 8
2517 626 2728 702 primae
2764 625 2842 684 ad
2863 623 3138 684 Corinth.
3148 667 3165 698 ‚
3188 623 3411 682 vitium

1854 719 1970 780 hoc
1998 721 2488 800 reprehenditur,
2520 727 2589 778 ut
2621 718 2854 778 habens
2896 717 3207 796 propriam
3238 716 3411 776 mali-

1853 815 2027 874 tiam.
2089 815 2393 887 SecundO,
2453 813 2679 872 inferre
2732 812 3081 872 voluntarie
3134 812 3413 887 proximo

1853 906 2171 985 spirituale
2198 907 2498 966 damnum
2545 915 2635 966 est
2662 904 2947 964 charitati
2984 905 3365 964 contrarium
3395 925 3411 974 ;

1855 1001 1961 1062 sed
2000 999 2130 1060 haec
2158 1008 2249 1059 est
2274 998 2551 1078 specialis
2588 998 2839 1058 malitiae
2868 997 3059 1072 ratio;
3086 1014 3255 1074 ergo,
3294 998 3415 1056 Nec

1853 1112 2003 1156 vero
2031 1113 2105 1154 ea
2129 1101 2478 1168 excusatur,
2517 1111 2589 1154 eo
2626 1093 2789 1172 quod
2838 1093 3156 1172 proximus
3200 1092 3419 1152 volun-
3514 1126 3519 1130 -

1857 1189 2013 1248 tarie
2060 1187 2360 1248 damnum
2396 1187 2547 1246 illud
2582 1187 2873 1268 patiatur.
2924 1186 3077 1245 Nam
3122 1183 3264 1244 licet
3304 1184 3421 1243 hoc

1857 1282 2003 1340 satis
2024 1283 2103 1341 sit
2139 1281 2217 1342 ad
2242 1281 2577 1342 tollendam
2605 1280 2997 1358 injustitiam,
3028 1295 3154 1338 non
3206 1285 3418 1338 tamen

1859 1375 1937 1434 ad
1970 1376 2289 1434 vitandam
2335 1373 2647 1434 loesionem
2694 1373 3029 1433 eharitatis
3074 1373 3149 1432 Et
3198 1372 3419 1432 confir-

1856 1474 2085 1542 matur,
2119 1469 2265 1546 quia
2316 1485 2445 1527 non
2474 1467 2803 1527 subvenire
2841 1466 3124 1545 proximo
3154 1466 3220 1525 in
3244 1467 3420 1544 spiri-

1855 1561 2010 1621 tuali
2054 1562 2439 1635 necessitate,
2467 1567 2559 1621 est
2588 1565 2907 1638 peecatum
2925 1559 3187 1638 speciale
3207 1565 3422 1620 contra

1857 1655 2249 1729 charitatem,
2276 1661 2347 1713 ut
2376 1655 2532 1733 disp.
2566 1655 2605 1714 8
2629 1653 2863 1712 dietum
2892 1659 3017 1724 est;
3047 1670 3195 1728 ergo
3225 1653 3421 1713 multo

1860 1748 2063 1824 magis
2088 1749 2225 1821 erit,
2259 1745 2558 1806 inclinare
2579 1747 2756 1806 illum
2778 1748 3035 1826 positive
3064 1747 3140 1806 ad
3162 1765 3425 1825 peccan-

1859 1841 2035 1902 dum.
2073 1840 2489 1901 Confirmatur
2526 1841 2795 1900 secundo
2840 1858 2917 1900 ex
2971 1840 3421 1918 corporalibus;

1865 1951 2011 1994 nam
2052 1933 2103 1992 si
2127 1951 2319 1994 essem
2364 1934 2429 1992 in
2462 1951 2666 2009 causa,
2688 1940 2760 1993 ut
2792 1936 3006 1994 Petrus
3032 1935 3298 2012 seipsum
3324 1952 3424 1994 oc-

1863 2026 2120 2101 cideret,
2145 2028 2333 2088 etiam
2364 2026 2733 2101 voluntarie,
2762 2044 2948 2104 grave
2980 2033 3293 2105 peecatum
3330 2026 3424 2087 fo-

1862 2124 1958 2180 ret
2002 2125 2216 2180 contra
2263 2119 2625 2203 charitatem
2677 2124 2739 2180 et
2782 2119 3263 2182 misericordiam
3314 2138 3427 2200 per

1865 2213 2124 2272 modum
2158 2213 2643 2290 commissionis3
2675 2229 2822 2291 ergo
2864 2233 2900 2272 a
2932 2213 3169 2272 fortiori
3210 2213 3263 2272 si
3286 2231 3427 2274 cau·

1866 2324 1933 2366 sa
1960 2324 2155 2368 essem
2176 2306 2509 2385 spiritualis
2534 2307 2773 2381 morae,
2792 2307 2917 2366 sive
2948 2307 3203 2385 peccati,
3233 2325 3428 2386 quan-

1869 2399 2099 2459 tumvis
2128 2399 2244 2476 ipsi
2288 2399 2638 2459 voluntarii.
2680 2399 2934 2476 Propter
2961 2399 3123 2477 quod
3152 2399 3211 2458 Ι).
3270 2397 3429 2458 Tho-

1871 2509 2025 2566 mas,
2058 2493 2243 2551 citato
2271 2497 2386 2554 art.
2422 2495 2481 2566 3,
2516 2499 2679 2552 recte
2720 2491 2877 2551 dixit
2902 2491 3015 2552 hoc
3048 2508 3245 2569 genus
3290 2509 3430 2570 pec-

1869 2587 1989 2646 cat-i
2024 2603 2154 2646 csse
2198 2595 2410 2644 eontra
2456 2592 2833 2664 praeceptum
2860 2585 3253 2646 correctionis
3296 2587 3427 2646 fra-

1869 2684 2061 2740 ternoe
2104 2696 2213 2756 per
2240 2679 2495 2740 modum
2518 2680 2982 2740 commissionis.

1947 2774 2008 2832 3.
2058 2771 2353 2850 objicitur
2378 2775 2579 2850 primo
2618 2777 2829 2834 contra
2874 2772 3319 2834 conclusionem.
3349 2805 3431 2820 -·-

1864 2865 2300 2942 Respondclur.
2341 2898 2425 2910 —
2448 2866 2564 2925 Sed
2597 2873 2835 2942 contra,
2867 2867 3013 2944 quia
3054 2864 3295 2924 nullum
3336 2872 3428 2926 est

1865 2949 2125 3036 speciale
2180 2959 2402 3018 vitium
2459 2958 2795 3033 habitualc,
2848 2977 2886 3018 a
2950 2976 3075 3038 quo
3148 2958 3431 3019 eliciatur

1865 3059 2179 3130 peccatum
2222 3051 2493 3112 scandali
2516 3073 2534 3126 3
2578 3070 2725 3112 nam
2775 3071 2886 3131 per
2930 3045 3103 3114 a'ctus
3148 3055 3429 3112 omnium

1865 3145 2155 3204 vitiorum
2203 3162 2527 3222 possumus
2570 3144 2983 3206 scandalizare
3030 3147 3427 3224 proximum3

1867 3255 2016 3316 ergo
2041 3257 2165 3298 non
2190 3243 2280 3298 est
2299 3236 2537 3297 malitia
2554 3237 2851 3316 specialis.
2874 3239 2941 3296 D.
2966 3237 3255 3311 Thomas,
3283 3240 3347 3298 in
3365 3241 3427 3313 4,

1865 3333 1926 3392 d.
1972 3333 2071 3405 38,
2106 3348 2170 3410 q.
2212 3333 2274 3400 2,
2320 3336 2435 3391 art.
2486 3333 2546 3404 2,
2590 3330 2917 3410 respondet
2950 3332 3168 3392 vitium
3212 3331 3329 3392 hoc
3364 3335 3432 3392 in

1867 3426 2103 3484 ratione
2150 3423 2395 3484 habitus
2428 3440 2555 3482 non
2590 3441 2717 3484 esse
2746 3423 3029 3502 speciale,
3072 3425 3177 3484 sed
3208 3424 3431 3484 nihilo-

1865 3517 2074 3577 minus
2114 3535 2187 3576 ex
2226 3516 2567 3575 intentione
2622 3517 2927 3593 peccantis
2984 3534 3159 3596 posse
3208 3516 3431 3577 habere

1865 3615 2186 3689 peccatum
2210 3607 2537 3688 specialem
2566 3607 2904 3684 malitiam;
2932 3609 3036 3668 sed
3064 3609 3141 3667 de
3165 3608 3280 3668 hac
3299 3627 3432 3688 spe-

1864 3703 2005 3763 ciali
2060 3703 2430 3776 intentione,
2488 3718 2568 3761 an
2628 3702 2707 3760 sit
2768 3702 3130 3776 necessaria,
3196 3701 3432 3762 dicetur

1866 3797 2137 3856 sectione
2180 3795 2479 3874 sequenti.
2524 3794 2619 3854 Act
2660 3802 3099 3872 argumentum
3146 3813 3292 3855 vero
3338 3813 3435 3855 re-

1865 3887 2322 3966 spondendum,
2361 3887 2440 3948 ad
2488 3887 2747 3965 speciale
2792 3894 3111 3966 peccatum
3154 3889 3434 3967 imperti-

1865 3997 2022 4041 nens
2069 3999 2197 4040 esse
2254 3979 2421 4058 quod
2470 3987 2643 4039 actus
2690 3982 2987 4058 peccandi
3033 3981 3113 4040 ab
3160 3999 3286 4041 uno
3334 3981 3433 4042 vel

1866 4073 2079 4132 multis
2108 4072 2275 4133 vitiis
2303 4072 2585 4133 eliciatur
2601 4088 2622 4149 3
2654 4090 2801 4132 nam
2831 4091 3160 4134 commune
3187 4073 3315 4134 fere
3340 4081 3433 4134 est

1866 4166 2157 4227 omnibus
2204 4165 2488 4246 peccatis,
2521 4183 2659 4244 quae
2700 4173 2845 4226 sunt
2883 4166 3068 4226 unius
3112 4167 3334 4246 speciei
3366 4169 3433 4226 in

1865 4279 1997 4321 esse
2018 4260 2273 4338 peccati,
2294 4261 2533 4320 ratione
2556 4258 2968 4319 materialium
2989 4266 3241 4320 actuum
3256 4277 3432 4339 posse

1865 4354 2007 4414 elici
2037 4372 2075 4413 a
2113 4352 2367 4412 diversis
2394 4351 2729 4426 habitibus,
2762 4360 2823 4411 et
2856 4371 2891 4413 e
2928 4354 3236 4413 contrario
3268 4371 3433 4432 saepe

1865 4445 2175 4523 contingit
2219 4449 2291 4504 ut
2340 4451 2584 4524 peccata
2633 4443 3014 4504 diversarum
3060 4447 3429 4526 specierum,

1863 4539 2104 4599 ratione
2127 4544 2379 4598 actuum
2404 4536 2818 4597 materialium
2853 4538 3181 4598 eliciantur
3212 4540 3290 4599 ab
3307 4559 3433 4600 uno

1865 4632 2106 4692 habitu.
2126 4630 2491 4709 Exemplum
2514 4630 2700 4708 primi
2723 4631 2824 4706 sit,
2847 4649 2990 4692 cum
3008 4634 3147 4710 quis
3172 4635 3434 4694 honores

1863 4725 2110 4788 affectet
2160 4741 2230 4784 ac
2266 4724 2511 4782 divitias
2555 4742 2633 4783 ex
2672 4724 2907 4784 invidia
2942 4727 3207 4803 proximi
3220 4744 3239 4803 3
3286 4727 3441 4796 affe,

1863 4827 1999 4882 etus
2027 4819 2193 4878 enim
2229 4815 2320 4876 illi
2357 4835 2396 4876 a
2423 4817 2680 4877 diversis
2717 4816 3030 4878 habitibus
3070 4821 3428 4906 eliciuntur,

1858 4932 2003 4976 cum
2034 4918 2242 4972 tamen
2272 4928 2396 4969 uua
2420 4911 2618 4988 specie
2646 4909 2883 4970 malitia
2914 4920 3130 4975 contra
3159 4920 3430 4996 proximi

1857 5007 2225 5068 charitatem
2273 5003 2570 5062 vitientur
2586 5023 2606 5077 3
2652 5003 3006 5082 exemplum
3052 5011 3326 5087 secundi,
3370 5032 3438 5102 si

1856 5100 1995 5180 quis
2012 5099 2257 5158 divitias
2276 5101 2547 5174 appetat,
2572 5115 2740 5157 nunc
2760 5105 2829 5156 ut
2854 5099 3184 5162 vindictam
3206 5113 3411 5168 sumat

1859 5211 2030 5254 nunc
2055 5197 2123 5252 nt
2154 5191 2453 5250 feminam
2502 5190 2781 5269 pelliceat
2799 5206 2821 5267 3
2852 5191 2943 5251 illi
2981 5213 3251 5276 namque
3292 5167 3437 5262 atie1

1861 5294 1998 5347 etus
2044 5283 2123 5344 ab
2171 5283 2387 5343 eodem
2456 5283 2786 5344 eliciuntur
2832 5284 3075 5364 habitu,
3127 5298 3188 5350 et
3226 5300 3437 5354 tamen

1863 5377 2134 5440 malitias
2157 5376 2431 5436 induunt
2452 5375 2635 5456 longe
2659 5377 2951 5438 diversas.
2968 5379 3145 5442 Ratio
3164 5392 3275 5454 est,
3292 5389 3439 5466 quia

1865 5475 2019 5535 tales
2073 5480 2247 5533 actus
2288 5477 2546 5530 sumunt
2586 5489 2761 5532 suam
2799 5475 3062 5552 speciem
3112 5479 3438 5556 positivam

3044 5583 3121 5640 46
