<?xml version="1.0" encoding="UTF-8"?>
<!DOCTYPE html PUBLIC "-//W3C//DTD XHTML 1.0 Transitional//EN"
    "http://www.w3.org/TR/xhtml1/DTD/xhtml1-transitional.dtd">
<html xmlns="http://www.w3.org/1999/xhtml" xml:lang="en" lang="en">
 <head>
  <title>
</title>
<meta http-equiv="Content-Type" content="text/html;charset=utf-8" />
  <meta name='ocr-system' content='tesseract 3.04.00' />
  <meta name='ocr-capabilities' content='ocr_page ocr_carea ocr_par ocr_line ocrx_word'/>
</head>
<body>
  <div class='ocr_page' id='page_1' title='image "./rpfranciscisuar00duvagoog_0401.png"; bbox 0 0 3900 6217; ppageno 0'>
   <div class='ocr_carea' id='block_1_1' title="bbox 959 361 2623 429">
    <p class='ocr_par' dir='ltr' id='par_1_1' title="bbox 959 361 2623 429">
     <span class='ocr_line' id='line_1_1' title="bbox 959 361 2623 429; baseline -0.002 -3"><span class='ocrx_word' id='word_1_1' title='bbox 959 369 1130 426; x_wconf 71' lang='lat' dir='ltr'>SECT.</span> <span class='ocrx_word' id='word_1_2' title='bbox 1165 375 1206 426; x_wconf 83' lang='lat'><strong>1.</strong></span> <span class='ocrx_word' id='word_1_3' title='bbox 1239 373 1324 428; x_wconf 75' lang='lat' dir='ltr'><strong>AN</strong></span> <span class='ocrx_word' id='word_1_4' title='bbox 1355 373 1605 429; x_wconf 63' lang='lat' dir='ltr'><strong>meant.</strong></span> <span class='ocrx_word' id='word_1_5' title='bbox 1639 369 1824 424; x_wconf 72' lang='lat' dir='ltr'><strong>mum!</strong></span> <span class='ocrx_word' id='word_1_6' title='bbox 1857 370 1955 422; x_wconf 75' lang='lat' dir='ltr'><strong>SIT</strong></span> <span class='ocrx_word' id='word_1_7' title='bbox 1988 367 2353 422; x_wconf 72' lang='lat' dir='ltr'><strong>tmmssscn</strong></span> <span class='ocrx_word' id='word_1_8' title='bbox 2386 361 2623 422; x_wconf 60' lang='lat' dir='ltr'><strong>mamm.</strong></span> 
     </span>
    </p>
   </div>
   <div class='ocr_carea' id='block_1_2' title="bbox 183 469 1772 4096">
    <p class='ocr_par' dir='ltr' id='par_1_2' title="bbox 188 469 1750 1482">
     <span class='ocr_line' id='line_1_2' title="bbox 193 469 1742 553; baseline -0.002 -17"><span class='ocrx_word' id='word_1_9' title='bbox 193 474 361 552; x_wconf 81' lang='lat' dir='ltr'><strong>eujus</strong></span> <span class='ocrx_word' id='word_1_10' title='bbox 382 469 506 534; x_wconf 88' lang='lat' dir='ltr'><strong>fide</strong></span> <span class='ocrx_word' id='word_1_11' title='bbox 529 477 594 534; x_wconf 88' lang='lat' dir='ltr'><strong>et</strong></span> <span class='ocrx_word' id='word_1_12' title='bbox 609 471 871 534; x_wconf 81' lang='lat' dir='ltr'><strong>veritate</strong></span> <span class='ocrx_word' id='word_1_13' title='bbox 896 471 1316 553; x_wconf 80' lang='lat' dir='ltr'><strong>interrogatur</strong></span> <span class='ocrx_word' id='word_1_14' title='bbox 1340 475 1742 548; x_wconf 85' lang='lat' dir='ltr'><strong>Christianus,</strong></span> 
     </span>
     <span class='ocr_line' id='line_1_3' title="bbox 190 566 1744 649; baseline 0 -21"><span class='ocrx_word' id='word_1_15' title='bbox 190 567 464 645; x_wconf 83' lang='lat' dir='ltr'><strong>ideoque,</strong></span> <span class='ocrx_word' id='word_1_16' title='bbox 493 566 780 646; x_wconf 82' lang='lat' dir='ltr'><strong>quamvis</strong></span> <span class='ocrx_word' id='word_1_17' title='bbox 814 583 942 626; x_wconf 88' lang='lat' dir='ltr'><strong>non</strong></span> <span class='ocrx_word' id='word_1_18' title='bbox 965 567 1256 646; x_wconf 80' lang='lat' dir='ltr'><strong>juridice,</strong></span> <span class='ocrx_word' id='word_1_19' title='bbox 1281 569 1389 631; x_wconf 85' lang='lat' dir='ltr'><strong>sed</strong></span> <span class='ocrx_word' id='word_1_20' title='bbox 1419 568 1744 649; x_wconf 76' lang='lat' dir='ltr'><strong>tyrannice</strong></span> 
     </span>
     <span class='ocr_line' id='line_1_4' title="bbox 189 659 1744 742; baseline 0.001 -22"><span class='ocrx_word' id='word_1_21' title='bbox 189 662 620 738; x_wconf 76' lang='lat' dir='ltr'><strong>interrogetur,</strong></span> <span class='ocrx_word' id='word_1_22' title='bbox 657 659 788 720; x_wconf 80' lang='lat' dir='ltr'><strong>sive</strong></span> <span class='ocrx_word' id='word_1_23' title='bbox 811 677 848 720; x_wconf 89' lang='lat' dir='ltr'><strong>a</strong></span> <span class='ocrx_word' id='word_1_24' title='bbox 878 661 1132 741; x_wconf 86' lang='lat' dir='ltr'><strong>proprio</strong></span> <span class='ocrx_word' id='word_1_25' title='bbox 1162 681 1334 742; x_wconf 82' lang='lat' dir='ltr'><strong>rege,</strong></span> <span class='ocrx_word' id='word_1_26' title='bbox 1365 663 1496 724; x_wconf 83' lang='lat' dir='ltr'><strong>sive</strong></span> <span class='ocrx_word' id='word_1_27' title='bbox 1519 681 1560 724; x_wconf 84' lang='lat' dir='ltr'><strong>a</strong></span> <span class='ocrx_word' id='word_1_28' title='bbox 1592 679 1744 741; x_wconf 92' lang='lat' dir='ltr'><strong>quo-</strong></span> 
     </span>
     <span class='ocr_line' id='line_1_5' title="bbox 192 750 1741 836; baseline 0.001 -22"><span class='ocrx_word' id='word_1_29' title='bbox 192 767 446 830; x_wconf 87' lang='lat' dir='ltr'><strong>cumque</strong></span> <span class='ocrx_word' id='word_1_30' title='bbox 471 750 618 824; x_wconf 89' lang='lat' dir='ltr'><strong>alio,</strong></span> <span class='ocrx_word' id='word_1_31' title='bbox 653 757 904 812; x_wconf 81' lang='lat' dir='ltr'><strong>tenetur</strong></span> <span class='ocrx_word' id='word_1_32' title='bbox 918 752 1152 816; x_wconf 86' lang='lat' dir='ltr'><strong>sincere</strong></span> <span class='ocrx_word' id='word_1_33' title='bbox 1173 762 1239 816; x_wconf 87' lang='lat' dir='ltr'><strong>et</strong></span> <span class='ocrx_word' id='word_1_34' title='bbox 1279 757 1526 836; x_wconf 81' lang='lat' dir='ltr'>proprie</span> <span class='ocrx_word' id='word_1_35' title='bbox 1575 755 1741 815; x_wconf 83' lang='lat' dir='ltr'><strong>veri-</strong></span> 
     </span>
     <span class='ocr_line' id='line_1_6' title="bbox 193 845 1742 926; baseline 0.001 -20"><span class='ocrx_word' id='word_1_36' title='bbox 193 851 376 906; x_wconf 85' lang='lat' dir='ltr'><strong>tatem</strong></span> <span class='ocrx_word' id='word_1_37' title='bbox 419 845 632 919; x_wconf 81' lang='lat' dir='ltr'><strong>fateri,</strong></span> <span class='ocrx_word' id='word_1_38' title='bbox 657 851 720 908; x_wconf 88' lang='lat' dir='ltr'><strong>et</strong></span> <span class='ocrx_word' id='word_1_39' title='bbox 754 845 896 908; x_wconf 89' lang='lat' dir='ltr'><strong>ideo</strong></span> <span class='ocrx_word' id='word_1_40' title='bbox 943 862 1184 926; x_wconf 88' lang='lat' dir='ltr'><strong>semper</strong></span> <span class='ocrx_word' id='word_1_41' title='bbox 1211 854 1304 908; x_wconf 88' lang='lat' dir='ltr'><strong>est</strong></span> <span class='ocrx_word' id='word_1_42' title='bbox 1349 847 1742 910; x_wconf 69' lang='lat' dir='ltr'><strong>mendacium</strong></span> 
     </span>
     <span class='ocr_line' id='line_1_7' title="bbox 192 936 1748 1018; baseline 0.001 -19"><span class='ocrx_word' id='word_1_43' title='bbox 192 940 250 1000; x_wconf 87' lang='lat' dir='ltr'><strong>in</strong></span> <span class='ocrx_word' id='word_1_44' title='bbox 285 937 400 998; x_wconf 90' lang='lat' dir='ltr'><strong>illo</strong></span> <span class='ocrx_word' id='word_1_45' title='bbox 431 937 695 998; x_wconf 84' lang='lat' dir='ltr'><strong>articulo</strong></span> <span class='ocrx_word' id='word_1_46' title='bbox 734 936 920 1000; x_wconf 79' lang='lat' dir='ltr'><strong>fidem</strong></span> <span class='ocrx_word' id='word_1_47' title='bbox 949 957 1180 1018; x_wconf 80' lang='lat' dir='ltr'><strong>negare</strong></span> <span class='ocrx_word' id='word_1_48' title='bbox 1211 957 1229 1000; x_wconf 74' lang='lat' dir='ltr'><em>z</em></span> <span class='ocrx_word' id='word_1_49' title='bbox 1255 940 1423 1002; x_wconf 88' lang='lat' dir='ltr'><strong>unde</strong></span> <span class='ocrx_word' id='word_1_50' title='bbox 1461 943 1646 1002; x_wconf 88' lang='lat' dir='ltr'><strong>ctiam</strong></span> <span class='ocrx_word' id='word_1_51' title='bbox 1673 938 1748 1000; x_wconf 83' lang='lat' dir='ltr'><strong>fit</strong></span> 
     </span>
     <span class='ocr_line' id='line_1_8' title="bbox 191 1031 1746 1113; baseline 0.001 -21"><span class='ocrx_word' id='word_1_52' title='bbox 191 1039 254 1092; x_wconf 89' lang='lat' dir='ltr'><strong>ut</strong></span> <span class='ocrx_word' id='word_1_53' title='bbox 289 1031 370 1090; x_wconf 88' lang='lat' dir='ltr'><strong>sit</strong></span> <span class='ocrx_word' id='word_1_54' title='bbox 431 1031 827 1095; x_wconf 79' lang='lat' dir='ltr'><strong>mendacium</strong></span> <span class='ocrx_word' id='word_1_55' title='bbox 889 1031 1070 1094; x_wconf 82' lang='lat' dir='ltr'><strong>valde</strong></span> <span class='ocrx_word' id='word_1_56' title='bbox 1124 1034 1558 1113; x_wconf 85' lang='lat' dir='ltr'><strong>perniciosum,</strong></span> <span class='ocrx_word' id='word_1_57' title='bbox 1609 1040 1746 1094; x_wconf 89' lang='lat' dir='ltr'><strong>tum</strong></span> 
     </span>
     <span class='ocr_line' id='line_1_9' title="bbox 189 1122 1747 1205; baseline 0.001 -19"><span class='ocrx_word' id='word_1_58' title='bbox 189 1125 327 1205; x_wconf 88' lang='lat' dir='ltr'><strong>quia</strong></span> <span class='ocrx_word' id='word_1_59' title='bbox 349 1129 448 1186; x_wconf 86' lang='lat' dir='ltr'><strong>est</strong></span> <span class='ocrx_word' id='word_1_60' title='bbox 471 1128 686 1184; x_wconf 83' lang='lat' dir='ltr'><strong>contra</strong></span> <span class='ocrx_word' id='word_1_61' title='bbox 711 1122 916 1204; x_wconf 85' lang='lat' dir='ltr'><strong>ipsum</strong></span> <span class='ocrx_word' id='word_1_62' title='bbox 941 1125 1227 1187; x_wconf 77' lang='lat' dir='ltr'><strong>divinum</strong></span> <span class='ocrx_word' id='word_1_63' title='bbox 1253 1126 1580 1203; x_wconf 84' lang='lat' dir='ltr'><strong>honorem,</strong></span> <span class='ocrx_word' id='word_1_64' title='bbox 1608 1132 1747 1188; x_wconf 89' lang='lat' dir='ltr'><strong>tum</strong></span> 
     </span>
     <span class='ocr_line' id='line_1_10' title="bbox 192 1217 1749 1296; baseline -0.001 -16"><span class='ocrx_word' id='word_1_65' title='bbox 192 1218 372 1280; x_wconf 87' lang='lat' dir='ltr'><strong>etiam</strong></span> <span class='ocrx_word' id='word_1_66' title='bbox 403 1217 558 1296; x_wconf 85' lang='lat' dir='ltr'><strong>quia</strong></span> <span class='ocrx_word' id='word_1_67' title='bbox 595 1222 689 1278; x_wconf 90' lang='lat' dir='ltr'><strong>est</strong></span> <span class='ocrx_word' id='word_1_68' title='bbox 711 1218 1226 1280; x_wconf 85' lang='lat' dir='ltr'><strong>contumeliosum</strong></span> <span class='ocrx_word' id='word_1_69' title='bbox 1268 1219 1624 1282; x_wconf 77' lang='lat' dir='ltr'><strong>christianae</strong></span> <span class='ocrx_word' id='word_1_70' title='bbox 1653 1237 1749 1278; x_wconf 88' lang='lat' dir='ltr'><strong>re·</strong></span> 
     </span>
     <span class='ocr_line' id='line_1_11' title="bbox 188 1307 1750 1388; baseline 0.002 -17"><span class='ocrx_word' id='word_1_71' title='bbox 188 1309 397 1388; x_wconf 83' lang='lat' dir='ltr'><strong>ligioni</strong></span> <span class='ocrx_word' id='word_1_72' title='bbox 431 1313 495 1370; x_wconf 87' lang='lat' dir='ltr'><strong>et</strong></span> <span class='ocrx_word' id='word_1_73' title='bbox 538 1307 826 1370; x_wconf 78' lang='lat' dir='ltr'><strong>Ecclesiae</strong></span> <span class='ocrx_word' id='word_1_74' title='bbox 872 1309 1118 1387; x_wconf 80' lang='lat' dir='ltr'><strong>Christi,</strong></span> <span class='ocrx_word' id='word_1_75' title='bbox 1145 1318 1206 1373; x_wconf 90' lang='lat' dir='ltr'><strong>et</strong></span> <span class='ocrx_word' id='word_1_76' title='bbox 1244 1313 1384 1374; x_wconf 89' lang='lat' dir='ltr'><strong>ideo</strong></span> <span class='ocrx_word' id='word_1_77' title='bbox 1410 1311 1534 1374; x_wconf 88' lang='lat' dir='ltr'><strong>tale</strong></span> <span class='ocrx_word' id='word_1_78' title='bbox 1577 1329 1750 1374; x_wconf 88' lang='lat' dir='ltr'><strong>men-</strong></span> 
     </span>
     <span class='ocr_line' id='line_1_12' title="bbox 189 1401 1398 1482; baseline 0.004 -20"><span class='ocrx_word' id='word_1_79' title='bbox 189 1401 428 1462; x_wconf 82' lang='lat' dir='ltr'><strong>dacium</strong></span> <span class='ocrx_word' id='word_1_80' title='bbox 461 1401 902 1480; x_wconf 77' lang='lat' dir='ltr'><strong>gravissimum</strong></span> <span class='ocrx_word' id='word_1_81' title='bbox 939 1411 1256 1482; x_wconf 84' lang='lat' dir='ltr'><strong>peccatum</strong></span> <span class='ocrx_word' id='word_1_82' title='bbox 1286 1411 1398 1468; x_wconf 87' lang='lat' dir='ltr'><strong>est.</strong></span> 
     </span>
    </p>

    <p class='ocr_par' dir='ltr' id='par_1_3' title="bbox 183 1494 1772 4096">
     <span class='ocr_line' id='line_1_13' title="bbox 260 1494 1755 1580; baseline 0.004 -24"><span class='ocrx_word' id='word_1_83' title='bbox 260 1499 314 1556; x_wconf 83' lang='grc'><strong>7.</strong></span> <span class='ocrx_word' id='word_1_84' title='bbox 369 1494 566 1568; x_wconf 66' lang='lat' dir='ltr'><strong>Quale</strong></span> <span class='ocrx_word' id='word_1_85' title='bbox 589 1501 900 1575; x_wconf 74' lang='lat' dir='ltr'><strong>peccatum</strong></span> <span class='ocrx_word' id='word_1_86' title='bbox 925 1497 1014 1559; x_wconf 71' lang='lat' dir='ltr'><strong>sit</strong></span> <span class='ocrx_word' id='word_1_87' title='bbox 1059 1516 1273 1580; x_wconf 64' lang='lat' dir='ltr'><strong>negare</strong></span> <span class='ocrx_word' id='word_1_88' title='bbox 1311 1499 1494 1575; x_wconf 75' lang='lat' dir='ltr'><strong>fidem</strong></span> <span class='ocrx_word' id='word_1_89' title='bbox 1519 1499 1588 1560; x_wconf 71' lang='lat' dir='ltr'><strong>in</strong></span> <span class='ocrx_word' id='word_1_90' title='bbox 1613 1503 1755 1562; x_wconf 75' lang='lat' dir='ltr'><strong>actu</strong></span> 
     </span>
     <span class='ocr_line' id='line_1_14' title="bbox 189 1587 1754 1670; baseline 0.001 -18"><span class='ocrx_word' id='word_1_91' title='bbox 189 1592 456 1652; x_wconf 66' lang='lat' dir='ltr'><strong>externo.</strong></span> <span class='ocrx_word' id='word_1_92' title='bbox 477 1587 692 1651; x_wconf 79' lang='lat' dir='ltr'><strong>—Sed</strong></span> <span class='ocrx_word' id='word_1_93' title='bbox 731 1594 966 1668; x_wconf 78' lang='lat' dir='ltr'><strong>quaeret</strong></span> <span class='ocrx_word' id='word_1_94' title='bbox 990 1587 1248 1652; x_wconf 86' lang='lat' dir='ltr'><strong>ulterius</strong></span> <span class='ocrx_word' id='word_1_95' title='bbox 1287 1591 1512 1670; x_wconf 86' lang='lat' dir='ltr'><strong>aliquis</strong></span> <span class='ocrx_word' id='word_1_96' title='bbox 1539 1599 1754 1654; x_wconf 89' lang='lat' dir='ltr'><strong>contra</strong></span> 
     </span>
     <span class='ocr_line' id='line_1_15' title="bbox 187 1680 1755 1763; baseline 0.004 -23"><span class='ocrx_word' id='word_1_97' title='bbox 187 1697 362 1760; x_wconf 86' lang='lat' dir='ltr'><strong>quam</strong></span> <span class='ocrx_word' id='word_1_98' title='bbox 421 1680 726 1746; x_wconf 77' lang='lat' dir='ltr'><strong>virtutem</strong></span> <span class='ocrx_word' id='word_1_99' title='bbox 783 1681 865 1742; x_wconf 87' lang='lat' dir='ltr'><strong>sit</strong></span> <span class='ocrx_word' id='word_1_100' title='bbox 917 1681 1036 1744; x_wconf 88' lang='lat' dir='ltr'><strong>hoc</strong></span> <span class='ocrx_word' id='word_1_101' title='bbox 1083 1689 1440 1763; x_wconf 85' lang='lat' dir='ltr'><strong>peccatum3</strong></span> <span class='ocrx_word' id='word_1_102' title='bbox 1507 1685 1755 1746; x_wconf 80' lang='lat' dir='ltr'><strong>videtur</strong></span> 
     </span>
     <span class='ocr_line' id='line_1_16' title="bbox 188 1773 1754 1856; baseline 0.003 -22"><span class='ocrx_word' id='word_1_103' title='bbox 188 1773 344 1834; x_wconf 88' lang='lat' dir='ltr'><strong>enim</strong></span> <span class='ocrx_word' id='word_1_104' title='bbox 399 1791 543 1836; x_wconf 76' lang='lat' dir='ltr'><strong>esse</strong></span> <span class='ocrx_word' id='word_1_105' title='bbox 591 1780 807 1838; x_wconf 84' lang='lat' dir='ltr'><strong>contra</strong></span> <span class='ocrx_word' id='word_1_106' title='bbox 843 1773 1212 1854; x_wconf 80' lang='lat' dir='ltr'><strong>religionem</strong></span> <span class='ocrx_word' id='word_1_107' title='bbox 1233 1821 1256 1852; x_wconf 95' lang='lat'><strong>,</strong></span> <span class='ocrx_word' id='word_1_108' title='bbox 1305 1783 1610 1856; x_wconf 87' lang='lat' dir='ltr'><strong>quatenus</strong></span> <span class='ocrx_word' id='word_1_109' title='bbox 1660 1784 1754 1840; x_wconf 86' lang='lat' dir='ltr'><strong>est</strong></span> 
     </span>
     <span class='ocr_line' id='line_1_17' title="bbox 188 1867 1752 1947; baseline 0.003 -19"><span class='ocrx_word' id='word_1_110' title='bbox 188 1873 395 1928; x_wconf 78' lang='lat' dir='ltr'><strong>centra</strong></span> <span class='ocrx_word' id='word_1_111' title='bbox 435 1867 742 1930; x_wconf 86' lang='lat' dir='ltr'><strong>honorem</strong></span> <span class='ocrx_word' id='word_1_112' title='bbox 790 1867 920 1944; x_wconf 85' lang='lat' dir='ltr'><strong>Dei,</strong></span> <span class='ocrx_word' id='word_1_113' title='bbox 965 1869 1064 1930; x_wconf 86' lang='lat' dir='ltr'><strong>vel</strong></span> <span class='ocrx_word' id='word_1_114' title='bbox 1109 1881 1328 1932; x_wconf 85' lang='lat' dir='ltr'><strong>contra</strong></span> <span class='ocrx_word' id='word_1_115' title='bbox 1361 1869 1752 1947; x_wconf 86' lang='lat' dir='ltr'><strong>charitatem,</strong></span> 
     </span>
     <span class='ocr_line' id='line_1_18' title="bbox 189 1959 1752 2041; baseline 0.003 -21"><span class='ocrx_word' id='word_1_116' title='bbox 189 1959 276 2022; x_wconf 78' lang='lat' dir='ltr'><strong>vel</strong></span> <span class='ocrx_word' id='word_1_117' title='bbox 327 1967 559 2022; x_wconf 84' lang='lat' dir='ltr'><strong>contra</strong></span> <span class='ocrx_word' id='word_1_118' title='bbox 587 1961 894 2038; x_wconf 86' lang='lat' dir='ltr'><strong>justitiam</strong></span> <span class='ocrx_word' id='word_1_119' title='bbox 939 1960 1204 2041; x_wconf 80' lang='lat' dir='ltr'><strong>legalem</strong></span> <span class='ocrx_word' id='word_1_120' title='bbox 1251 1963 1534 2026; x_wconf 76' lang='lat' dir='ltr'><strong>Ecclesiae</strong></span> <span class='ocrx_word' id='word_1_121' title='bbox 1581 1965 1752 2026; x_wconf 83' lang='lat' dir='ltr'><strong>debi-</strong></span> 
     </span>
     <span class='ocr_line' id='line_1_19' title="bbox 185 2054 1750 2136; baseline 0.003 -22"><span class='ocrx_word' id='word_1_122' title='bbox 185 2061 328 2128; x_wconf 87' lang='lat' dir='ltr'><strong>tam,</strong></span> <span class='ocrx_word' id='word_1_123' title='bbox 371 2069 691 2134; x_wconf 82' lang='lat' dir='ltr'><strong>quatenus</strong></span> <span class='ocrx_word' id='word_1_124' title='bbox 729 2060 822 2115; x_wconf 81' lang='lat' dir='ltr'><strong>est</strong></span> <span class='ocrx_word' id='word_1_125' title='bbox 860 2054 980 2136; x_wconf 85' lang='lat' dir='ltr'><strong>ipsi</strong></span> <span class='ocrx_word' id='word_1_126' title='bbox 1029 2056 1310 2118; x_wconf 81' lang='lat' dir='ltr'><strong>Ecclesioe</strong></span> <span class='ocrx_word' id='word_1_127' title='bbox 1353 2057 1750 2136; x_wconf 71' lang='lat' dir='ltr'><strong>iniuriosum,</strong></span> 
     </span>
     <span class='ocr_line' id='line_1_20' title="bbox 187 2147 1758 2231; baseline 0.003 -23"><span class='ocrx_word' id='word_1_128' title='bbox 187 2147 277 2210; x_wconf 73' lang='lat' dir='ltr'><strong>vel</strong></span> <span class='ocrx_word' id='word_1_129' title='bbox 301 2155 531 2210; x_wconf 78' lang='lat' dir='ltr'><strong>contra</strong></span> <span class='ocrx_word' id='word_1_130' title='bbox 561 2147 1010 2223; x_wconf 81' lang='lat' dir='ltr'><strong>fortitudinem,</strong></span> <span class='ocrx_word' id='word_1_131' title='bbox 1038 2157 1344 2229; x_wconf 66' lang='lat' dir='ltr'><strong>qtiatenus</strong></span> <span class='ocrx_word' id='word_1_132' title='bbox 1368 2158 1620 2231; x_wconf 84' lang='lat' dir='ltr'><strong>propter</strong></span> <span class='ocrx_word' id='word_1_133' title='bbox 1641 2151 1758 2212; x_wconf 88' lang='lat' dir='ltr'><strong>hu·</strong></span> 
     </span>
     <span class='ocr_line' id='line_1_21' title="bbox 186 2241 1754 2323; baseline 0.001 -19"><span class='ocrx_word' id='word_1_134' title='bbox 186 2259 452 2304; x_wconf 84' lang='lat' dir='ltr'><strong>manum</strong></span> <span class='ocrx_word' id='word_1_135' title='bbox 496 2242 785 2304; x_wconf 88' lang='lat' dir='ltr'><strong>timorem</strong></span> <span class='ocrx_word' id='word_1_136' title='bbox 838 2241 1128 2304; x_wconf 82' lang='lat' dir='ltr'><strong>honestas</strong></span> <span class='ocrx_word' id='word_1_137' title='bbox 1167 2243 1580 2323; x_wconf 73' lang='lat' dir='ltr'><strong>mlinquitur5</strong></span> <span class='ocrx_word' id='word_1_138' title='bbox 1628 2263 1754 2305; x_wconf 89' lang='lat' dir='ltr'><strong>non</strong></span> 
     </span>
     <span class='ocr_line' id='line_1_22' title="bbox 187 2334 1758 2417; baseline 0.003 -23"><span class='ocrx_word' id='word_1_139' title='bbox 187 2342 392 2395; x_wconf 85' lang='lat' dir='ltr'><strong>autem</strong></span> <span class='ocrx_word' id='word_1_140' title='bbox 440 2334 688 2396; x_wconf 81' lang='lat' dir='ltr'><strong>videtur</strong></span> <span class='ocrx_word' id='word_1_141' title='bbox 733 2353 866 2396; x_wconf 89' lang='lat' dir='ltr'><strong>esse</strong></span> <span class='ocrx_word' id='word_1_142' title='bbox 919 2340 1134 2396; x_wconf 88' lang='lat' dir='ltr'><strong>contra</strong></span> <span class='ocrx_word' id='word_1_143' title='bbox 1159 2334 1373 2407; x_wconf 86' lang='lat' dir='ltr'><strong>fidem,</strong></span> <span class='ocrx_word' id='word_1_144' title='bbox 1423 2355 1566 2398; x_wconf 89' lang='lat' dir='ltr'><strong>cum</strong></span> <span class='ocrx_word' id='word_1_145' title='bbox 1621 2337 1758 2417; x_wconf 88' lang='lat' dir='ltr'><strong>ipsa</strong></span> 
     </span>
     <span class='ocr_line' id='line_1_23' title="bbox 185 2427 1757 2510; baseline 0.001 -20"><span class='ocrx_word' id='word_1_146' title='bbox 185 2447 440 2506; x_wconf 83' lang='lat' dir='ltr'><strong>semper</strong></span> <span class='ocrx_word' id='word_1_147' title='bbox 464 2429 810 2490; x_wconf 75' lang='lat' dir='ltr'><strong>retineatur</strong></span> <span class='ocrx_word' id='word_1_148' title='bbox 853 2427 1056 2498; x_wconf 87' lang='lat' dir='ltr'><strong>corde,</strong></span> <span class='ocrx_word' id='word_1_149' title='bbox 1088 2435 1158 2489; x_wconf 88' lang='lat' dir='ltr'><strong>ut</strong></span> <span class='ocrx_word' id='word_1_150' title='bbox 1197 2430 1643 2510; x_wconf 80' lang='lat' dir='ltr'><strong>supponimus3</strong></span> <span class='ocrx_word' id='word_1_151' title='bbox 1687 2433 1757 2491; x_wconf 89' lang='lat' dir='ltr'><strong>in</strong></span> 
     </span>
     <span class='ocr_line' id='line_1_24' title="bbox 185 2521 1756 2602; baseline 0 -18"><span class='ocrx_word' id='word_1_152' title='bbox 185 2522 576 2584; x_wconf 79' lang='lat' dir='ltr'><strong>contrarium</strong></span> <span class='ocrx_word' id='word_1_153' title='bbox 605 2539 752 2584; x_wconf 77' lang='lat' dir='ltr'><strong>vero</strong></span> <span class='ocrx_word' id='word_1_154' title='bbox 779 2527 896 2596; x_wconf 87' lang='lat' dir='ltr'><strong>est,</strong></span> <span class='ocrx_word' id='word_1_155' title='bbox 917 2521 1066 2600; x_wconf 89' lang='lat' dir='ltr'><strong>quia</strong></span> <span class='ocrx_word' id='word_1_156' title='bbox 1091 2521 1212 2584; x_wconf 88' lang='lat' dir='ltr'><strong>hoc</strong></span> <span class='ocrx_word' id='word_1_157' title='bbox 1238 2529 1640 2602; x_wconf 72' lang='lat' dir='ltr'><strong>praeceptum,</strong></span> <span class='ocrx_word' id='word_1_158' title='bbox 1677 2523 1756 2584; x_wconf 89' lang='lat' dir='ltr'><strong>de</strong></span> 
     </span>
     <span class='ocr_line' id='line_1_25' title="bbox 185 2615 1752 2695; baseline 0.004 -23"><span class='ocrx_word' id='word_1_159' title='bbox 185 2631 301 2694; x_wconf 85' lang='lat' dir='ltr'><strong>quo</strong></span> <span class='ocrx_word' id='word_1_160' title='bbox 337 2619 714 2690; x_wconf 82' lang='lat' dir='ltr'><strong>tractamus,</strong></span> <span class='ocrx_word' id='word_1_161' title='bbox 766 2621 858 2675; x_wconf 86' lang='lat' dir='ltr'><strong>est</strong></span> <span class='ocrx_word' id='word_1_162' title='bbox 901 2615 1224 2694; x_wconf 82' lang='lat' dir='ltr'><strong>proprium</strong></span> <span class='ocrx_word' id='word_1_163' title='bbox 1271 2615 1522 2676; x_wconf 85' lang='lat' dir='ltr'><strong>virtutis</strong></span> <span class='ocrx_word' id='word_1_164' title='bbox 1563 2615 1752 2695; x_wconf 85' lang='lat' dir='ltr'><strong>fidei3</strong></span> 
     </span>
     <span class='ocr_line' id='line_1_26' title="bbox 185 2706 1759 2786; baseline 0.003 -18"><span class='ocrx_word' id='word_1_165' title='bbox 185 2725 330 2784; x_wconf 82' lang='lat' dir='ltr'><strong>ergo</strong></span> <span class='ocrx_word' id='word_1_166' title='bbox 359 2706 630 2768; x_wconf 77' lang='lat' dir='ltr'><strong>violatio</strong></span> <span class='ocrx_word' id='word_1_167' title='bbox 667 2708 800 2786; x_wconf 85' lang='lat' dir='ltr'><strong>ejus</strong></span> <span class='ocrx_word' id='word_1_168' title='bbox 844 2707 960 2767; x_wconf 87' lang='lat' dir='ltr'><strong>erit</strong></span> <span class='ocrx_word' id='word_1_169' title='bbox 989 2708 1302 2770; x_wconf 86' lang='lat' dir='ltr'><strong>contraria</strong></span> <span class='ocrx_word' id='word_1_170' title='bbox 1327 2707 1510 2783; x_wconf 85' lang='lat' dir='ltr'><strong>fidei,</strong></span> <span class='ocrx_word' id='word_1_171' title='bbox 1541 2716 1604 2772; x_wconf 89' lang='lat' dir='ltr'><strong>et</strong></span> <span class='ocrx_word' id='word_1_172' title='bbox 1629 2727 1759 2772; x_wconf 88' lang='lat' dir='ltr'><strong>non</strong></span> 
     </span>
     <span class='ocr_line' id='line_1_27' title="bbox 185 2799 1761 2879; baseline 0.003 -19"><span class='ocrx_word' id='word_1_173' title='bbox 185 2799 316 2861; x_wconf 86' lang='lat' dir='ltr'><strong>aliis</strong></span> <span class='ocrx_word' id='word_1_174' title='bbox 357 2799 732 2862; x_wconf 78' lang='lat' dir='ltr'><strong>virtutibus.</strong></span> <span class='ocrx_word' id='word_1_175' title='bbox 765 2799 1128 2879; x_wconf 85' lang='lat' dir='ltr'><strong>Respondeo</strong></span> <span class='ocrx_word' id='word_1_176' title='bbox 1155 2800 1236 2863; x_wconf 88' lang='lat' dir='ltr'><strong>ad</strong></span> <span class='ocrx_word' id='word_1_177' title='bbox 1277 2801 1574 2864; x_wconf 85' lang='lat' dir='ltr'><strong>virtutem</strong></span> <span class='ocrx_word' id='word_1_178' title='bbox 1615 2802 1761 2865; x_wconf 89' lang='lat' dir='ltr'><strong>fidei</strong></span> 
     </span>
     <span class='ocr_line' id='line_1_28' title="bbox 183 2893 1765 2973; baseline 0.001 -19"><span class='ocrx_word' id='word_1_179' title='bbox 183 2893 302 2954; x_wconf 85' lang='lat' dir='ltr'><strong>duo</strong></span> <span class='ocrx_word' id='word_1_180' title='bbox 335 2893 554 2956; x_wconf 83' lang='lat' dir='ltr'><strong>officia</strong></span> <span class='ocrx_word' id='word_1_181' title='bbox 581 2893 912 2973; x_wconf 83' lang='lat' dir='ltr'><strong>pertinere,</strong></span> <span class='ocrx_word' id='word_1_182' title='bbox 957 2893 1187 2954; x_wconf 85' lang='lat' dir='ltr'><strong>scilicet</strong></span> <span class='ocrx_word' id='word_1_183' title='bbox 1211 2893 1484 2968; x_wconf 79' lang='lat' dir='ltr'><strong>credere,</strong></span> <span class='ocrx_word' id='word_1_184' title='bbox 1527 2901 1590 2956; x_wconf 90' lang='lat' dir='ltr'><strong>et</strong></span> <span class='ocrx_word' id='word_1_185' title='bbox 1620 2914 1765 2956; x_wconf 89' lang='lat' dir='ltr'><strong>con-</strong></span> 
     </span>
     <span class='ocr_line' id='line_1_29' title="bbox 183 2985 1764 3068; baseline 0 -18"><span class='ocrx_word' id='word_1_186' title='bbox 183 2987 346 3050; x_wconf 85' lang='lat' dir='ltr'><strong>fiteri</strong></span> <span class='ocrx_word' id='word_1_187' title='bbox 369 2986 598 3061; x_wconf 85' lang='lat' dir='ltr'><strong>fidem,</strong></span> <span class='ocrx_word' id='word_1_188' title='bbox 647 2993 710 3048; x_wconf 85' lang='lat' dir='ltr'><strong>et</strong></span> <span class='ocrx_word' id='word_1_189' title='bbox 746 2987 811 3046; x_wconf 91' lang='lat' dir='ltr'><strong>in</strong></span> <span class='ocrx_word' id='word_1_190' title='bbox 838 2993 1104 3066; x_wconf 87' lang='lat' dir='ltr'><strong>utroque</strong></span> <span class='ocrx_word' id='word_1_191' title='bbox 1134 2985 1402 3048; x_wconf 81' lang='lat' dir='ltr'><strong>inveniri</strong></span> <span class='ocrx_word' id='word_1_192' title='bbox 1447 2989 1764 3068; x_wconf 88' lang='lat' dir='ltr'><strong>propriam</strong></span> 
     </span>
     <span class='ocr_line' id='line_1_30' title="bbox 184 3079 1765 3159; baseline 0.001 -17"><span class='ocrx_word' id='word_1_193' title='bbox 184 3081 590 3144; x_wconf 65' lang='lat' dir='ltr'><strong>honestatem</strong></span> <span class='ocrx_word' id='word_1_194' title='bbox 619 3080 1031 3159; x_wconf 84' lang='lat' dir='ltr'><strong>pertinentem</strong></span> <span class='ocrx_word' id='word_1_195' title='bbox 1059 3079 1138 3142; x_wconf 87' lang='lat' dir='ltr'><strong>ad</strong></span> <span class='ocrx_word' id='word_1_196' title='bbox 1165 3080 1460 3145; x_wconf 83' lang='lat' dir='ltr'><strong>virtutem</strong></span> <span class='ocrx_word' id='word_1_197' title='bbox 1483 3081 1654 3158; x_wconf 87' lang='lat' dir='ltr'><strong>fidei,</strong></span> <span class='ocrx_word' id='word_1_198' title='bbox 1685 3101 1765 3144; x_wconf 81' lang='lat' dir='ltr'><strong>ex</strong></span> 
     </span>
     <span class='ocr_line' id='line_1_31' title="bbox 189 3173 1766 3254; baseline 0 -18"><span class='ocrx_word' id='word_1_199' title='bbox 189 3193 260 3236; x_wconf 85' lang='lat' dir='ltr'><strong>ea</strong></span> <span class='ocrx_word' id='word_1_200' title='bbox 287 3181 511 3254; x_wconf 74' lang='lat' dir='ltr'><strong>parte,</strong></span> <span class='ocrx_word' id='word_1_201' title='bbox 537 3192 660 3254; x_wconf 88' lang='lat' dir='ltr'><strong>qua</strong></span> <span class='ocrx_word' id='word_1_202' title='bbox 685 3178 925 3254; x_wconf 84' lang='lat' dir='ltr'><strong>spectat</strong></span> <span class='ocrx_word' id='word_1_203' title='bbox 962 3173 1042 3234; x_wconf 88' lang='lat' dir='ltr'><strong>ad</strong></span> <span class='ocrx_word' id='word_1_204' title='bbox 1086 3174 1258 3252; x_wconf 88' lang='lat' dir='ltr'><strong>piam</strong></span> <span class='ocrx_word' id='word_1_205' title='bbox 1293 3174 1630 3237; x_wconf 80' lang='lat' dir='ltr'><strong>voluntatis</strong></span> <span class='ocrx_word' id='word_1_206' title='bbox 1669 3175 1766 3236; x_wconf 83' lang='lat' dir='ltr'><strong>af-</strong></span> 
     </span>
     <span class='ocr_line' id='line_1_32' title="bbox 185 3266 1768 3346; baseline 0.003 -19"><span class='ocrx_word' id='word_1_207' title='bbox 185 3267 570 3344; x_wconf 76' lang='lat' dir='ltr'><strong>fectionem3</strong></span> <span class='ocrx_word' id='word_1_208' title='bbox 626 3266 792 3346; x_wconf 84' lang='lat' dir='ltr'><strong>quod</strong></span> <span class='ocrx_word' id='word_1_209' title='bbox 832 3266 910 3328; x_wconf 87' lang='lat' dir='ltr'><strong>de</strong></span> <span class='ocrx_word' id='word_1_210' title='bbox 957 3273 1102 3328; x_wconf 85' lang='lat' dir='ltr'><strong>actu</strong></span> <span class='ocrx_word' id='word_1_211' title='bbox 1136 3267 1427 3333; x_wconf 85' lang='lat' dir='ltr'><strong>credendi</strong></span> <span class='ocrx_word' id='word_1_212' title='bbox 1475 3268 1768 3332; x_wconf 85' lang='lat' dir='ltr'><strong>manifes-</strong></span> 
     </span>
     <span class='ocr_line' id='line_1_33' title="bbox 187 3360 1766 3440; baseline 0.002 -21"><span class='ocrx_word' id='word_1_213' title='bbox 187 3369 322 3420; x_wconf 84' lang='lat' dir='ltr'><strong>tum</strong></span> <span class='ocrx_word' id='word_1_214' title='bbox 353 3366 482 3436; x_wconf 79' lang='lat' dir='ltr'><strong>est,</strong></span> <span class='ocrx_word' id='word_1_215' title='bbox 517 3366 583 3421; x_wconf 90' lang='lat' dir='ltr'><strong>et</strong></span> <span class='ocrx_word' id='word_1_216' title='bbox 608 3360 689 3421; x_wconf 87' lang='lat' dir='ltr'><strong>ad</strong></span> <span class='ocrx_word' id='word_1_217' title='bbox 721 3377 992 3440; x_wconf 82' lang='lat' dir='ltr'><strong>proesens</strong></span> <span class='ocrx_word' id='word_1_218' title='bbox 1017 3377 1146 3421; x_wconf 88' lang='lat' dir='ltr'><strong>non</strong></span> <span class='ocrx_word' id='word_1_219' title='bbox 1193 3366 1453 3440; x_wconf 82' lang='lat' dir='ltr'><strong>spectat.</strong></span> <span class='ocrx_word' id='word_1_220' title='bbox 1498 3361 1581 3422; x_wconf 87' lang='lat' dir='ltr'><strong>De</strong></span> <span class='ocrx_word' id='word_1_221' title='bbox 1616 3367 1766 3424; x_wconf 86' lang='lat' dir='ltr'><strong>actu</strong></span> 
     </span>
     <span class='ocr_line' id='line_1_34' title="bbox 187 3451 1766 3532; baseline 0 -18"><span class='ocrx_word' id='word_1_222' title='bbox 187 3470 334 3514; x_wconf 81' lang='lat' dir='ltr'><strong>vero</strong></span> <span class='ocrx_word' id='word_1_223' title='bbox 377 3451 728 3516; x_wconf 84' lang='lat' dir='ltr'><strong>confitendi</strong></span> <span class='ocrx_word' id='word_1_224' title='bbox 771 3451 960 3514; x_wconf 86' lang='lat' dir='ltr'><strong>fidem</strong></span> <span class='ocrx_word' id='word_1_225' title='bbox 1001 3451 1323 3532; x_wconf 80' lang='lat' dir='ltr'><strong>probatur,</strong></span> <span class='ocrx_word' id='word_1_226' title='bbox 1375 3453 1524 3532; x_wconf 89' lang='lat' dir='ltr'><strong>quia</strong></span> <span class='ocrx_word' id='word_1_227' title='bbox 1569 3453 1766 3519; x_wconf 82' lang='lat' dir='ltr'><strong>excel·</strong></span> 
     </span>
     <span class='ocr_line' id='line_1_35' title="bbox 188 3544 1767 3628; baseline 0.003 -22"><span class='ocrx_word' id='word_1_228' title='bbox 188 3545 387 3606; x_wconf 87' lang='lat' dir='ltr'><strong>lentia</strong></span> <span class='ocrx_word' id='word_1_229' title='bbox 418 3544 653 3608; x_wconf 66' lang='lat' dir='ltr'><strong>divinas</strong></span> <span class='ocrx_word' id='word_1_230' title='bbox 684 3547 961 3608; x_wconf 86' lang='lat' dir='ltr'><strong>veritatis</strong></span> <span class='ocrx_word' id='word_1_231' title='bbox 989 3564 1120 3607; x_wconf 89' lang='lat' dir='ltr'><strong>non</strong></span> <span class='ocrx_word' id='word_1_232' title='bbox 1141 3546 1343 3608; x_wconf 86' lang='lat' dir='ltr'><strong>solum</strong></span> <span class='ocrx_word' id='word_1_233' title='bbox 1367 3565 1406 3608; x_wconf 87' lang='lat' dir='ltr'><strong>a</strong></span> <span class='ocrx_word' id='word_1_234' title='bbox 1425 3547 1604 3611; x_wconf 86' lang='lat' dir='ltr'><strong>nobis</strong></span> <span class='ocrx_word' id='word_1_235' title='bbox 1627 3566 1767 3628; x_wconf 84' lang='lat' dir='ltr'><strong>pos-</strong></span> 
     </span>
     <span class='ocr_line' id='line_1_36' title="bbox 189 3639 1767 3716; baseline 0.001 -16"><span class='ocrx_word' id='word_1_236' title='bbox 189 3639 348 3702; x_wconf 83' lang='lat' dir='ltr'><strong>tulat</strong></span> <span class='ocrx_word' id='word_1_237' title='bbox 397 3647 482 3700; x_wconf 88' lang='lat' dir='ltr'><strong>ut</strong></span> <span class='ocrx_word' id='word_1_238' title='bbox 516 3640 608 3702; x_wconf 86' lang='lat' dir='ltr'><strong>ita</strong></span> <span class='ocrx_word' id='word_1_239' title='bbox 655 3640 1015 3716; x_wconf 84' lang='lat' dir='ltr'><strong>sentiamus,</strong></span> <span class='ocrx_word' id='word_1_240' title='bbox 1061 3639 1223 3702; x_wconf 86' lang='lat' dir='ltr'><strong>sicut</strong></span> <span class='ocrx_word' id='word_1_241' title='bbox 1267 3639 1374 3702; x_wconf 92' lang='lat' dir='ltr'><strong>ille</strong></span> <span class='ocrx_word' id='word_1_242' title='bbox 1415 3639 1606 3714; x_wconf 84' lang='lat' dir='ltr'><strong>dixit,</strong></span> <span class='ocrx_word' id='word_1_243' title='bbox 1657 3641 1767 3704; x_wconf 84' lang='lat' dir='ltr'><strong>sed</strong></span> 
     </span>
     <span class='ocr_line' id='line_1_37' title="bbox 191 3732 1764 3813; baseline 0.003 -21"><span class='ocrx_word' id='word_1_244' title='bbox 191 3734 382 3794; x_wconf 85' lang='lat' dir='ltr'><strong>etiam</strong></span> <span class='ocrx_word' id='word_1_245' title='bbox 423 3739 498 3794; x_wconf 88' lang='lat' dir='ltr'><strong>ut</strong></span> <span class='ocrx_word' id='word_1_246' title='bbox 537 3733 628 3794; x_wconf 89' lang='lat' dir='ltr'><strong>ita</strong></span> <span class='ocrx_word' id='word_1_247' title='bbox 671 3732 1022 3813; x_wconf 75' lang='lat' dir='ltr'><strong>loquamur,</strong></span> <span class='ocrx_word' id='word_1_248' title='bbox 1077 3734 1258 3811; x_wconf 82' lang='lat' dir='ltr'><strong>juxta</strong></span> <span class='ocrx_word' id='word_1_249' title='bbox 1304 3733 1460 3794; x_wconf 87' lang='lat' dir='ltr'><strong>illud</strong></span> <span class='ocrx_word' id='word_1_250' title='bbox 1513 3733 1764 3810; x_wconf 77' lang='lat' dir='ltr'><strong>Psalmi,</strong></span> 
     </span>
     <span class='ocr_line' id='line_1_38' title="bbox 193 3825 1771 3909; baseline 0.001 -21"><span class='ocrx_word' id='word_1_251' title='bbox 193 3827 526 3888; x_wconf 76' lang='lat' dir='ltr'><strong>centesimi</strong></span> <span class='ocrx_word' id='word_1_252' title='bbox 581 3826 886 3906; x_wconf 83' lang='lat' dir='ltr'><strong>trigesimi</strong></span> <span class='ocrx_word' id='word_1_253' title='bbox 923 3826 1130 3908; x_wconf 83' lang='lat' dir='ltr'><strong>quinti</strong></span> <span class='ocrx_word' id='word_1_254' title='bbox 1171 3845 1185 3886; x_wconf 75' lang='grc' dir='ltr'><strong>ε</strong></span> <span class='ocrx_word' id='word_1_255' title='bbox 1231 3825 1496 3904; x_wconf 75' lang='lat' dir='ltr'><strong>Credidi,</strong></span> <span class='ocrx_word' id='word_1_256' title='bbox 1521 3833 1771 3909; x_wconf 75' lang='lat' dir='ltr'><strong>propter</strong></span> 
     </span>
     <span class='ocr_line' id='line_1_39' title="bbox 195 3917 1772 4000; baseline 0.001 -17"><span class='ocrx_word' id='word_1_257' title='bbox 195 3921 352 4000; x_wconf 69' lang='lat' dir='ltr'><strong>quod</strong></span> <span class='ocrx_word' id='word_1_258' title='bbox 393 3919 644 3982; x_wconf 70' lang='lat' dir='ltr'><strong>locutus</strong></span> <span class='ocrx_word' id='word_1_259' title='bbox 683 3937 817 3983; x_wconf 75' lang='lat' dir='ltr'><strong>eum</strong></span> <span class='ocrx_word' id='word_1_260' title='bbox 845 3965 866 3996; x_wconf 94' lang='lat'><strong>,</strong></span> <span class='ocrx_word' id='word_1_261' title='bbox 921 3925 984 3982; x_wconf 89' lang='lat' dir='ltr'><strong>et</strong></span> <span class='ocrx_word' id='word_1_262' title='bbox 1043 3918 1258 3999; x_wconf 81' lang='lat' dir='ltr'><strong>primoe</strong></span> <span class='ocrx_word' id='word_1_263' title='bbox 1297 3917 1377 3981; x_wconf 90' lang='lat' dir='ltr'><strong>ad</strong></span> <span class='ocrx_word' id='word_1_264' title='bbox 1425 3919 1772 3984; x_wconf 81' lang='lat' dir='ltr'><strong>Corinthios</strong></span> 
     </span>
     <span class='ocr_line' id='line_1_40' title="bbox 197 4011 1766 4096; baseline 0.001 -23"><span class='ocrx_word' id='word_1_265' title='bbox 197 4019 423 4090; x_wconf 85' lang='lat' dir='ltr'><strong>quarto</strong></span> <span class='ocrx_word' id='word_1_266' title='bbox 455 4031 474 4073; x_wconf 71' lang='grc' dir='ltr'><strong>ε</strong></span> <span class='ocrx_word' id='word_1_267' title='bbox 512 4011 851 4088; x_wconf 72' lang='lat' dir='ltr'><strong>Credimus,</strong></span> <span class='ocrx_word' id='word_1_268' title='bbox 891 4018 1142 4096; x_wconf 74' lang='lat' dir='ltr'><strong>propter</strong></span> <span class='ocrx_word' id='word_1_269' title='bbox 1169 4013 1329 4094; x_wconf 76' lang='lat' dir='ltr'><strong>quod</strong></span> <span class='ocrx_word' id='word_1_270' title='bbox 1357 4017 1414 4076; x_wconf 71' lang='lat' dir='ltr'><strong>ot</strong></span> <span class='ocrx_word' id='word_1_271' title='bbox 1441 4012 1766 4094; x_wconf 66' lang='lat' dir='ltr'><strong>loquimur.</strong></span> 
     </span>
    </p>
   </div>
   <div class='ocr_carea' id='block_1_3' title="bbox 71 4104 1774 4186">
    <p class='ocr_par' dir='ltr' id='par_1_4' title="bbox 71 4104 1774 4186">
     <span class='ocr_line' id='line_1_41' title="bbox 71 4104 1774 4186; baseline 0.002 -22"><span class='ocrx_word' id='word_1_272' title='bbox 71 4149 78 4154; x_wconf 88' lang='lat'>.</span> <span class='ocrx_word' id='word_1_273' title='bbox 197 4105 268 4164; x_wconf 85' lang='lat' dir='ltr'><strong>Et</strong></span> <span class='ocrx_word' id='word_1_274' title='bbox 290 4108 388 4168; x_wconf 82' lang='lat' dir='ltr'><strong>ita</strong></span> <span class='ocrx_word' id='word_1_275' title='bbox 414 4105 724 4168; x_wconf 79' lang='lat' dir='ltr'><strong>confessio</strong></span> <span class='ocrx_word' id='word_1_276' title='bbox 751 4104 918 4180; x_wconf 87' lang='lat' dir='ltr'><strong>fidei,</strong></span> <span class='ocrx_word' id='word_1_277' title='bbox 946 4105 1122 4186; x_wconf 77' lang='lat' dir='ltr'><strong>quasi</strong></span> <span class='ocrx_word' id='word_1_278' title='bbox 1149 4104 1516 4168; x_wconf 83' lang='lat' dir='ltr'><strong>secundario</strong></span> <span class='ocrx_word' id='word_1_279' title='bbox 1537 4112 1599 4166; x_wconf 88' lang='lat' dir='ltr'><strong>et</strong></span> <span class='ocrx_word' id='word_1_280' title='bbox 1628 4123 1774 4168; x_wconf 89' lang='lat' dir='ltr'><strong>con·</strong></span> 
     </span>
    </p>
   </div>
   <div class='ocr_carea' id='block_1_4' title="bbox 199 4198 1784 5300">
    <p class='ocr_par' dir='ltr' id='par_1_5' title="bbox 199 4198 1784 5300">
     <span class='ocr_line' id='line_1_42' title="bbox 199 4198 1770 4278; baseline 0.003 -20"><span class='ocrx_word' id='word_1_281' title='bbox 199 4206 539 4278; x_wconf 79' lang='lat' dir='ltr'><strong>sequenter</strong></span> <span class='ocrx_word' id='word_1_282' title='bbox 593 4200 816 4260; x_wconf 86' lang='lat' dir='ltr'><strong>nititur</strong></span> <span class='ocrx_word' id='word_1_283' title='bbox 853 4200 922 4260; x_wconf 89' lang='lat' dir='ltr'><strong>in</strong></span> <span class='ocrx_word' id='word_1_284' title='bbox 967 4199 1182 4261; x_wconf 86' lang='lat' dir='ltr'><strong>eadem</strong></span> <span class='ocrx_word' id='word_1_285' title='bbox 1231 4198 1445 4260; x_wconf 82' lang='lat' dir='ltr'><strong>divina</strong></span> <span class='ocrx_word' id='word_1_286' title='bbox 1489 4199 1770 4275; x_wconf 82' lang='lat' dir='ltr'><strong>veritate,</strong></span> 
     </span>
     <span class='ocr_line' id='line_1_43' title="bbox 201 4291 1775 4372; baseline 0 -20"><span class='ocrx_word' id='word_1_287' title='bbox 201 4293 346 4370; x_wconf 85' lang='lat' dir='ltr'><strong>quia</strong></span> <span class='ocrx_word' id='word_1_288' title='bbox 389 4302 485 4372; x_wconf 72' lang='lat' dir='ltr'><strong>est</strong></span> <span class='ocrx_word' id='word_1_289' title='bbox 523 4291 938 4372; x_wconf 80' lang='lat' dir='ltr'><strong>significativa</strong></span> <span class='ocrx_word' id='word_1_290' title='bbox 979 4292 1259 4354; x_wconf 80' lang='lat' dir='ltr'><strong>veritatis</strong></span> <span class='ocrx_word' id='word_1_291' title='bbox 1304 4312 1342 4354; x_wconf 88' lang='lat' dir='ltr'><strong>a</strong></span> <span class='ocrx_word' id='word_1_292' title='bbox 1387 4293 1511 4354; x_wconf 90' lang='lat' dir='ltr'><strong>Deo</strong></span> <span class='ocrx_word' id='word_1_293' title='bbox 1541 4292 1775 4354; x_wconf 77' lang='lat' dir='ltr'><strong>revela-</strong></span> 
     </span>
     <span class='ocr_line' id='line_1_44' title="bbox 201 4385 1778 4466; baseline 0.001 -20"><span class='ocrx_word' id='word_1_294' title='bbox 201 4393 282 4446; x_wconf 76' lang='lat' dir='ltr'><strong>tae</strong></span> <span class='ocrx_word' id='word_1_295' title='bbox 301 4409 322 4460; x_wconf 83' lang='lat'>3</span> <span class='ocrx_word' id='word_1_296' title='bbox 343 4393 414 4448; x_wconf 80' lang='lat' dir='ltr'><strong>et</strong></span> <span class='ocrx_word' id='word_1_297' title='bbox 443 4385 586 4447; x_wconf 74' lang='lat' dir='ltr'><strong>ideo</strong></span> <span class='ocrx_word' id='word_1_298' title='bbox 613 4385 754 4446; x_wconf 84' lang='lat' dir='ltr'><strong>talis</strong></span> <span class='ocrx_word' id='word_1_299' title='bbox 787 4391 964 4448; x_wconf 87' lang='lat' dir='ltr'><strong>actus</strong></span> <span class='ocrx_word' id='word_1_300' title='bbox 997 4385 1314 4465; x_wconf 82' lang='lat' dir='ltr'><strong>propriam</strong></span> <span class='ocrx_word' id='word_1_301' title='bbox 1343 4392 1408 4446; x_wconf 88' lang='lat' dir='ltr'><strong>et</strong></span> <span class='ocrx_word' id='word_1_302' title='bbox 1445 4385 1778 4466; x_wconf 78' lang='lat' dir='ltr'><strong>specialem</strong></span> 
     </span>
     <span class='ocr_line' id='line_1_45' title="bbox 203 4475 1778 4540; baseline 0 -1"><span class='ocrx_word' id='word_1_303' title='bbox 203 4475 399 4540; x_wconf 78' lang='lat' dir='ltr'><strong>habet</strong></span> <span class='ocrx_word' id='word_1_304' title='bbox 453 4477 850 4540; x_wconf 81' lang='lat' dir='ltr'><strong>honestatem</strong></span> <span class='ocrx_word' id='word_1_305' title='bbox 915 4479 1268 4540; x_wconf 80' lang='lat' dir='ltr'><strong>distinctam</strong></span> <span class='ocrx_word' id='word_1_306' title='bbox 1325 4477 1408 4540; x_wconf 87' lang='lat' dir='ltr'><strong>ab</strong></span> <span class='ocrx_word' id='word_1_307' title='bbox 1453 4478 1778 4540; x_wconf 86' lang='lat' dir='ltr'><strong>honestate</strong></span> 
     </span>
     <span class='ocr_line' id='line_1_46' title="bbox 201 4569 1778 4650; baseline 0 -18"><span class='ocrx_word' id='word_1_308' title='bbox 201 4571 560 4650; x_wconf 77' lang='lat' dir='ltr'><strong>religionis,</strong></span> <span class='ocrx_word' id='word_1_309' title='bbox 599 4570 914 4633; x_wconf 85' lang='lat' dir='ltr'><strong>charitatis</strong></span> <span class='ocrx_word' id='word_1_310' title='bbox 959 4577 1070 4632; x_wconf 84' lang='lat' dir='ltr'><strong>aut</strong></span> <span class='ocrx_word' id='word_1_311' title='bbox 1103 4569 1510 4648; x_wconf 82' lang='lat' dir='ltr'><strong>fortitudinis,</strong></span> <span class='ocrx_word' id='word_1_312' title='bbox 1560 4588 1778 4650; x_wconf 83' lang='lat' dir='ltr'><strong>quam·</strong></span> 
     </span>
     <span class='ocr_line' id='line_1_47' title="bbox 205 4663 1779 4745; baseline -0.001 -19"><span class='ocrx_word' id='word_1_313' title='bbox 205 4667 300 4726; x_wconf 76' lang='lat' dir='ltr'><strong>vis</strong></span> <span class='ocrx_word' id='word_1_314' title='bbox 321 4665 471 4726; x_wconf 84' lang='lat' dir='ltr'><strong>talis</strong></span> <span class='ocrx_word' id='word_1_315' title='bbox 499 4671 678 4726; x_wconf 87' lang='lat' dir='ltr'><strong>actus</strong></span> <span class='ocrx_word' id='word_1_316' title='bbox 713 4667 899 4745; x_wconf 79' lang='lat' dir='ltr'><strong>possit</strong></span> <span class='ocrx_word' id='word_1_317' title='bbox 926 4665 1116 4728; x_wconf 87' lang='lat' dir='ltr'><strong>etiam</strong></span> <span class='ocrx_word' id='word_1_318' title='bbox 1149 4664 1286 4727; x_wconf 86' lang='lat' dir='ltr'><strong>fieri</strong></span> <span class='ocrx_word' id='word_1_319' title='bbox 1323 4683 1404 4726; x_wconf 84' lang='lat' dir='ltr'><strong>ex</strong></span> <span class='ocrx_word' id='word_1_320' title='bbox 1431 4665 1678 4726; x_wconf 86' lang='lat' dir='ltr'><strong>motivis</strong></span> <span class='ocrx_word' id='word_1_321' title='bbox 1705 4663 1779 4724; x_wconf 89' lang='lat' dir='ltr'><strong>il·</strong></span> 
     </span>
     <span class='ocr_line' id='line_1_48' title="bbox 201 4755 1776 4838; baseline 0 -20"><span class='ocrx_word' id='word_1_322' title='bbox 201 4757 420 4818; x_wconf 85' lang='lat' dir='ltr'><strong>larum</strong></span> <span class='ocrx_word' id='word_1_323' title='bbox 461 4758 796 4820; x_wconf 80' lang='lat' dir='ltr'><strong>virtutum.</strong></span> <span class='ocrx_word' id='word_1_324' title='bbox 857 4759 958 4820; x_wconf 90' lang='lat' dir='ltr'><strong>Sic</strong></span> <span class='ocrx_word' id='word_1_325' title='bbox 1007 4775 1156 4838; x_wconf 83' lang='lat' dir='ltr'><strong>ergo</strong></span> <span class='ocrx_word' id='word_1_326' title='bbox 1208 4762 1586 4837; x_wconf 70' lang='lat' dir='ltr'><strong>praeceptum</strong></span> <span class='ocrx_word' id='word_1_327' title='bbox 1635 4755 1776 4830; x_wconf 80' lang='lat' dir='ltr'><strong>hoc,</strong></span> 
     </span>
     <span class='ocr_line' id='line_1_49' title="bbox 205 4849 1782 4929; baseline -0.001 -18"><span class='ocrx_word' id='word_1_328' title='bbox 205 4855 524 4929; x_wconf 82' lang='lat' dir='ltr'><strong>quatenus</strong></span> <span class='ocrx_word' id='word_1_329' title='bbox 571 4859 666 4914; x_wconf 87' lang='lat' dir='ltr'><strong>est</strong></span> <span class='ocrx_word' id='word_1_330' title='bbox 713 4852 792 4914; x_wconf 87' lang='lat' dir='ltr'><strong>de</strong></span> <span class='ocrx_word' id='word_1_331' title='bbox 845 4852 1224 4914; x_wconf 84' lang='lat' dir='ltr'><strong>confessione</strong></span> <span class='ocrx_word' id='word_1_332' title='bbox 1275 4849 1446 4924; x_wconf 84' lang='lat' dir='ltr'><strong>fidei,</strong></span> <span class='ocrx_word' id='word_1_333' title='bbox 1493 4854 1586 4910; x_wconf 85' lang='lat' dir='ltr'><strong>est</strong></span> <span class='ocrx_word' id='word_1_334' title='bbox 1643 4866 1782 4928; x_wconf 86' lang='lat' dir='ltr'><strong>pro·-</strong></span> 
     </span>
     <span class='ocr_line' id='line_1_50' title="bbox 208 4942 1776 5025; baseline -0.001 -21"><span class='ocrx_word' id='word_1_335' title='bbox 208 4944 424 5022; x_wconf 85' lang='lat' dir='ltr'><strong>prium</strong></span> <span class='ocrx_word' id='word_1_336' title='bbox 437 4945 630 5025; x_wconf 85' lang='lat' dir='ltr'><strong>hujus</strong></span> <span class='ocrx_word' id='word_1_337' title='bbox 652 4945 921 5019; x_wconf 77' lang='lat' dir='ltr'><strong>virtutis,</strong></span> <span class='ocrx_word' id='word_1_338' title='bbox 939 4951 1005 5006; x_wconf 81' lang='lat' dir='ltr'><strong>et</strong></span> <span class='ocrx_word' id='word_1_339' title='bbox 1029 4949 1476 5024; x_wconf 85' lang='lat' dir='ltr'><strong>consequenter</strong></span> <span class='ocrx_word' id='word_1_340' title='bbox 1499 4942 1776 5022; x_wconf 81' lang='lat' dir='ltr'><strong>negatio,</strong></span> 
     </span>
     <span class='ocr_line' id='line_1_51' title="bbox 209 5037 1780 5118; baseline 0 -22"><span class='ocrx_word' id='word_1_341' title='bbox 209 5037 304 5097; x_wconf 89' lang='lat' dir='ltr'><strong>illi</strong></span> <span class='ocrx_word' id='word_1_342' title='bbox 333 5039 678 5112; x_wconf 82' lang='lat' dir='ltr'><strong>contraria,</strong></span> <span class='ocrx_word' id='word_1_343' title='bbox 705 5045 800 5100; x_wconf 87' lang='lat' dir='ltr'><strong>est</strong></span> <span class='ocrx_word' id='word_1_344' title='bbox 821 5039 1012 5100; x_wconf 88' lang='lat' dir='ltr'><strong>etiam</strong></span> <span class='ocrx_word' id='word_1_345' title='bbox 1038 5055 1150 5118; x_wconf 91' lang='lat' dir='ltr'><strong>per</strong></span> <span class='ocrx_word' id='word_1_346' title='bbox 1165 5056 1235 5100; x_wconf 89' lang='lat' dir='ltr'><strong>se</strong></span> <span class='ocrx_word' id='word_1_347' title='bbox 1259 5043 1322 5099; x_wconf 86' lang='lat' dir='ltr'><strong>et</strong></span> <span class='ocrx_word' id='word_1_348' title='bbox 1349 5037 1598 5117; x_wconf 84' lang='lat' dir='ltr'><strong>proprie</strong></span> <span class='ocrx_word' id='word_1_349' title='bbox 1633 5053 1780 5097; x_wconf 87' lang='lat' dir='ltr'><strong>cou-</strong></span> 
     </span>
     <span class='ocr_line' id='line_1_52' title="bbox 209 5128 1784 5210; baseline -0.001 -19"><span class='ocrx_word' id='word_1_350' title='bbox 209 5136 310 5191; x_wconf 80' lang='lat' dir='ltr'><strong>tra</strong></span> <span class='ocrx_word' id='word_1_351' title='bbox 337 5131 641 5192; x_wconf 63' lang='lat' dir='ltr'><strong>virtutem</strong></span> <span class='ocrx_word' id='word_1_352' title='bbox 671 5131 840 5207; x_wconf 87' lang='lat' dir='ltr'><strong>fidei,</strong></span> <span class='ocrx_word' id='word_1_353' title='bbox 885 5131 1088 5210; x_wconf 86' lang='lat' dir='ltr'><strong>quoad</strong></span> <span class='ocrx_word' id='word_1_354' title='bbox 1116 5136 1322 5192; x_wconf 88' lang='lat' dir='ltr'><strong>actum</strong></span> <span class='ocrx_word' id='word_1_355' title='bbox 1345 5128 1784 5190; x_wconf 86' lang='lat' dir='ltr'><strong>secundarium</strong></span> 
     </span>
     <span class='ocr_line' id='line_1_53' title="bbox 209 5223 1784 5300; baseline -0.001 -18"><span class='ocrx_word' id='word_1_356' title='bbox 209 5223 382 5300; x_wconf 79' lang='lat' dir='ltr'><strong>ejus,</strong></span> <span class='ocrx_word' id='word_1_357' title='bbox 415 5231 482 5284; x_wconf 89' lang='lat' dir='ltr'><strong>ut</strong></span> <span class='ocrx_word' id='word_1_358' title='bbox 516 5223 608 5284; x_wconf 88' lang='lat' dir='ltr'><strong>sic</strong></span> <span class='ocrx_word' id='word_1_359' title='bbox 648 5223 877 5298; x_wconf 85' lang='lat' dir='ltr'><strong>dicam,</strong></span> <span class='ocrx_word' id='word_1_360' title='bbox 919 5229 981 5286; x_wconf 89' lang='lat' dir='ltr'><strong>et</strong></span> <span class='ocrx_word' id='word_1_361' title='bbox 1007 5223 1147 5284; x_wconf 89' lang='lat' dir='ltr'><strong>ideo</strong></span> <span class='ocrx_word' id='word_1_362' title='bbox 1170 5240 1300 5283; x_wconf 86' lang='lat' dir='ltr'><strong>non</strong></span> <span class='ocrx_word' id='word_1_363' title='bbox 1325 5227 1417 5284; x_wconf 90' lang='lat' dir='ltr'><strong>est</strong></span> <span class='ocrx_word' id='word_1_364' title='bbox 1449 5239 1690 5284; x_wconf 86' lang='lat' dir='ltr'><strong>necesse</strong></span> <span class='ocrx_word' id='word_1_365' title='bbox 1711 5225 1784 5280; x_wconf 92' lang='lat' dir='ltr'><strong>ut</strong></span> 
     </span>
    </p>
   </div>
   <div class='ocr_carea' id='block_1_5' title="bbox 3259 355 3379 422">
    <p class='ocr_par' dir='ltr' id='par_1_6' title="bbox 3259 355 3379 422">
     <span class='ocr_line' id='line_1_54' title="bbox 3259 355 3379 422; baseline 0.008 -1"><span class='ocrx_word' id='word_1_366' title='bbox 3259 355 3379 422; x_wconf 72' lang='lat'><strong>388</strong></span> 
     </span>
    </p>
   </div>
   <div class='ocr_carea' id='block_1_6' title="bbox 1823 465 3427 5295">
    <p class='ocr_par' dir='ltr' id='par_1_7' title="bbox 1823 465 3387 904">
     <span class='ocr_line' id='line_1_55' title="bbox 1825 465 3383 550; baseline -0.002 -19"><span class='ocrx_word' id='word_1_367' title='bbox 1825 477 2000 531; x_wconf 86' lang='lat' dir='ltr'><strong>actus</strong></span> <span class='ocrx_word' id='word_1_368' title='bbox 2027 468 2215 532; x_wconf 86' lang='lat' dir='ltr'><strong>habet</strong></span> <span class='ocrx_word' id='word_1_369' title='bbox 2235 469 2443 550; x_wconf 86' lang='lat' dir='ltr'><strong>plures</strong></span> <span class='ocrx_word' id='word_1_370' title='bbox 2472 468 2740 530; x_wconf 89' lang='lat' dir='ltr'><strong>malitias</strong></span> <span class='ocrx_word' id='word_1_371' title='bbox 2766 467 2949 547; x_wconf 83' lang='lat' dir='ltr'><strong>juxta</strong></span> <span class='ocrx_word' id='word_1_372' title='bbox 2968 465 3243 528; x_wconf 81' lang='lat' dir='ltr'><strong>diversas</strong></span> <span class='ocrx_word' id='word_1_373' title='bbox 3262 467 3383 528; x_wconf 87' lang='lat' dir='ltr'><strong>cir·-</strong></span> 
     </span>
     <span class='ocr_line' id='line_1_56' title="bbox 1823 559 3379 639; baseline -0.003 -15"><span class='ocrx_word' id='word_1_374' title='bbox 1823 562 2227 624; x_wconf 83' lang='lat' dir='ltr'><strong>cumstantias</strong></span> <span class='ocrx_word' id='word_1_375' title='bbox 2255 585 2271 623; x_wconf 88' lang='lat'>:</span> <span class='ocrx_word' id='word_1_376' title='bbox 2311 581 2437 624; x_wconf 90' lang='lat' dir='ltr'><strong>una</strong></span> <span class='ocrx_word' id='word_1_377' title='bbox 2460 567 2669 624; x_wconf 87' lang='lat' dir='ltr'><strong>autem</strong></span> <span class='ocrx_word' id='word_1_378' title='bbox 2708 560 2864 623; x_wconf 88' lang='lat' dir='ltr'><strong>solet</strong></span> <span class='ocrx_word' id='word_1_379' title='bbox 2892 577 3021 622; x_wconf 84' lang='lat' dir='ltr'><strong>esse</strong></span> <span class='ocrx_word' id='word_1_380' title='bbox 3058 559 3379 639; x_wconf 86' lang='lat' dir='ltr'><strong>primaria,</strong></span> 
     </span>
     <span class='ocr_line' id='line_1_57' title="bbox 1823 652 3382 737; baseline -0.002 -21"><span class='ocrx_word' id='word_1_381' title='bbox 1823 675 1964 737; x_wconf 82' lang='lat' dir='ltr'><strong>quse</strong></span> <span class='ocrx_word' id='word_1_382' title='bbox 1989 661 2297 735; x_wconf 84' lang='lat' dir='ltr'><strong>repugnat</strong></span> <span class='ocrx_word' id='word_1_383' title='bbox 2329 656 2569 735; x_wconf 89' lang='lat' dir='ltr'><strong>objecto</strong></span> <span class='ocrx_word' id='word_1_384' title='bbox 2612 655 2811 734; x_wconf 79' lang='lat' dir='ltr'><strong>magis</strong></span> <span class='ocrx_word' id='word_1_385' title='bbox 2833 652 3077 733; x_wconf 78' lang='lat' dir='ltr'><strong>proprie</strong></span> <span class='ocrx_word' id='word_1_386' title='bbox 3106 653 3382 729; x_wconf 83' lang='lat' dir='ltr'><strong>virtutis,</strong></span> 
     </span>
     <span class='ocr_line' id='line_1_58' title="bbox 1823 746 3387 829; baseline -0.003 -17"><span class='ocrx_word' id='word_1_387' title='bbox 1823 757 1886 812; x_wconf 85' lang='lat' dir='ltr'><strong>et</strong></span> <span class='ocrx_word' id='word_1_388' title='bbox 1907 749 2049 812; x_wconf 88' lang='lat' dir='ltr'><strong>talis</strong></span> <span class='ocrx_word' id='word_1_389' title='bbox 2072 751 2251 812; x_wconf 86' lang='lat' dir='ltr'><strong>estin</strong></span> <span class='ocrx_word' id='word_1_390' title='bbox 2276 749 2565 829; x_wconf 81' lang='lat' dir='ltr'><strong>praesenti</strong></span> <span class='ocrx_word' id='word_1_391' title='bbox 2594 754 2735 810; x_wconf 89' lang='lat' dir='ltr'><strong>actu</strong></span> <span class='ocrx_word' id='word_1_392' title='bbox 2760 747 3001 808; x_wconf 86' lang='lat' dir='ltr'><strong>malitia</strong></span> <span class='ocrx_word' id='word_1_393' title='bbox 3014 746 3387 810; x_wconf 75' lang='lat' dir='ltr'><strong>confessioni</strong></span> 
     </span>
     <span class='ocr_line' id='line_1_59' title="bbox 1823 843 2158 904; baseline -0.006 0"><span class='ocrx_word' id='word_1_394' title='bbox 1823 843 2158 904; x_wconf 86' lang='lat' dir='ltr'><strong>contraria.</strong></span> 
     </span>
    </p>

    <p class='ocr_par' dir='ltr' id='par_1_8' title="bbox 1826 931 3403 2878">
     <span class='ocr_line' id='line_1_60' title="bbox 1906 931 3388 1018; baseline -0.001 -20"><span class='ocrx_word' id='word_1_395' title='bbox 1906 938 1970 998; x_wconf 85' lang='lat'><strong>8.</strong></span> <span class='ocrx_word' id='word_1_396' title='bbox 2010 936 2277 1018; x_wconf 70' lang='lat' dir='ltr'><strong>Neqatz&#39;o</strong></span> <span class='ocrx_word' id='word_1_397' title='bbox 2311 936 2455 1016; x_wconf 70' lang='lat' dir='ltr'><strong>fidei</strong></span> <span class='ocrx_word' id='word_1_398' title='bbox 2510 934 2796 1016; x_wconf 67' lang='lat' dir='ltr'><strong>explicita</strong></span> <span class='ocrx_word' id='word_1_399' title='bbox 2824 937 2939 1008; x_wconf 74' lang='lat' dir='ltr'><strong>est,</strong></span> <span class='ocrx_word' id='word_1_400' title='bbox 2980 933 3074 997; x_wconf 73' lang='lat' dir='ltr'><strong>vel</strong></span> <span class='ocrx_word' id='word_1_401' title='bbox 3120 931 3388 1012; x_wconf 74' lang='lat' dir='ltr'><strong>implici-</strong></span> 
     </span>
     <span class='ocr_line' id='line_1_61' title="bbox 1828 1025 3389 1111; baseline -0.003 -19"><span class='ocrx_word' id='word_1_402' title='bbox 1828 1035 1916 1092; x_wconf 74' lang='lat' dir='ltr'><strong>ta.</strong></span> <span class='ocrx_word' id='word_1_403' title='bbox 1974 1064 2056 1076; x_wconf 92' lang='lat'>—</span> <span class='ocrx_word' id='word_1_404' title='bbox 2107 1028 2433 1111; x_wconf 67' lang='lat' dir='ltr'><strong>Explicita</strong></span> <span class='ocrx_word' id='word_1_405' title='bbox 2474 1027 2711 1109; x_wconf 68' lang='lat' dir='ltr'><strong>neyatio</strong></span> <span class='ocrx_word' id='word_1_406' title='bbox 2751 1044 2863 1109; x_wconf 76' lang='lat' dir='ltr'><strong>per</strong></span> <span class='ocrx_word' id='word_1_407' title='bbox 2908 1028 3085 1089; x_wconf 75' lang='lat' dir='ltr'><strong>verba</strong></span> <span class='ocrx_word' id='word_1_408' title='bbox 3129 1027 3207 1102; x_wconf 75' lang='lat' dir='ltr'><strong>fit</strong></span> <span class='ocrx_word' id='word_1_409' title='bbox 3228 1071 3245 1098; x_wconf 87' lang='lat'>‚</span> <span class='ocrx_word' id='word_1_410' title='bbox 3294 1025 3389 1089; x_wconf 76' lang='lat' dir='ltr'><strong>vel</strong></span> 
     </span>
     <span class='ocr_line' id='line_1_62' title="bbox 1826 1119 3391 1202; baseline -0.004 -16"><span class='ocrx_word' id='word_1_411' title='bbox 1826 1123 2007 1186; x_wconf 72' lang='lat' dir='ltr'><strong>etiam</strong></span> <span class='ocrx_word' id='word_1_412' title='bbox 2042 1141 2154 1202; x_wconf 77' lang='lat' dir='ltr'><strong>per</strong></span> <span class='ocrx_word' id='word_1_413' title='bbox 2196 1127 2382 1200; x_wconf 80' lang='lat' dir='ltr'><strong>facta.</strong></span> <span class='ocrx_word' id='word_1_414' title='bbox 2408 1155 2491 1170; x_wconf 93' lang='lat'><strong>-—</strong></span> <span class='ocrx_word' id='word_1_415' title='bbox 2508 1122 2741 1196; x_wconf 83' lang='lat' dir='ltr'><strong>Tertio,</strong></span> <span class='ocrx_word' id='word_1_416' title='bbox 2775 1119 3147 1197; x_wconf 80' lang='lat' dir='ltr'><strong>interrogari</strong></span> <span class='ocrx_word' id='word_1_417' title='bbox 3192 1124 3391 1200; x_wconf 82' lang='lat' dir='ltr'><strong>potest</strong></span> 
     </span>
     <span class='ocr_line' id='line_1_63' title="bbox 1829 1213 3393 1296; baseline -0.003 -20"><span class='ocrx_word' id='word_1_418' title='bbox 1829 1216 2055 1296; x_wconf 86' lang='lat' dir='ltr'><strong>quihus</strong></span> <span class='ocrx_word' id='word_1_419' title='bbox 2092 1215 2293 1276; x_wconf 88' lang='lat' dir='ltr'><strong>modis</strong></span> <span class='ocrx_word' id='word_1_420' title='bbox 2324 1215 2455 1276; x_wconf 80' lang='lat' dir='ltr'><strong>haec</strong></span> <span class='ocrx_word' id='word_1_421' title='bbox 2500 1215 2749 1293; x_wconf 79' lang='lat' dir='ltr'><strong>negatio</strong></span> <span class='ocrx_word' id='word_1_422' title='bbox 2790 1213 3133 1291; x_wconf 77' lang='lat' dir='ltr'><strong>contingat,</strong></span> <span class='ocrx_word' id='word_1_423' title='bbox 3178 1213 3267 1276; x_wconf 82' lang='lat' dir='ltr'><strong>ita</strong></span> <span class='ocrx_word' id='word_1_424' title='bbox 3318 1218 3393 1272; x_wconf 89' lang='lat' dir='ltr'><strong>ut</strong></span> 
     </span>
     <span class='ocr_line' id='line_1_64' title="bbox 1831 1307 3391 1389; baseline -0.003 -19"><span class='ocrx_word' id='word_1_425' title='bbox 1831 1309 1912 1370; x_wconf 89' lang='lat' dir='ltr'><strong>sit</strong></span> <span class='ocrx_word' id='word_1_426' title='bbox 1933 1309 2081 1370; x_wconf 89' lang='lat' dir='ltr'><strong>fidei</strong></span> <span class='ocrx_word' id='word_1_427' title='bbox 2107 1309 2438 1370; x_wconf 87' lang='lat' dir='ltr'><strong>contraria.</strong></span> <span class='ocrx_word' id='word_1_428' title='bbox 2467 1307 2831 1389; x_wconf 79' lang='lat' dir='ltr'><strong>Respondeo</strong></span> <span class='ocrx_word' id='word_1_429' title='bbox 2865 1309 3073 1370; x_wconf 69' lang='lat' dir='ltr'><strong>varios</strong></span> <span class='ocrx_word' id='word_1_430' title='bbox 3102 1323 3231 1366; x_wconf 84' lang='lat' dir='ltr'><strong>esse</strong></span> <span class='ocrx_word' id='word_1_431' title='bbox 3258 1323 3391 1368; x_wconf 85' lang='lat' dir='ltr'><strong>mo·</strong></span> 
     </span>
     <span class='ocr_line' id='line_1_65' title="bbox 1832 1398 3387 1481; baseline -0.003 -18"><span class='ocrx_word' id='word_1_432' title='bbox 1832 1402 1964 1477; x_wconf 87' lang='lat' dir='ltr'><strong>dos,</strong></span> <span class='ocrx_word' id='word_1_433' title='bbox 2022 1401 2129 1481; x_wconf 90' lang='lat' dir='ltr'><strong>qui</strong></span> <span class='ocrx_word' id='word_1_434' title='bbox 2182 1400 2351 1472; x_wconf 77' lang='lat' dir='ltr'><strong>varie</strong></span> <span class='ocrx_word' id='word_1_435' title='bbox 2406 1400 2597 1462; x_wconf 84' lang='lat' dir='ltr'><strong>etiam</strong></span> <span class='ocrx_word' id='word_1_436' title='bbox 2649 1398 3063 1478; x_wconf 78' lang='lat' dir='ltr'><strong>subdistingui</strong></span> <span class='ocrx_word' id='word_1_437' title='bbox 3112 1403 3387 1477; x_wconf 80' lang='lat' dir='ltr'><strong>possunt.</strong></span> 
     </span>
     <span class='ocr_line' id='line_1_66' title="bbox 1834 1491 3394 1572; baseline -0.001 -18"><span class='ocrx_word' id='word_1_438' title='bbox 1834 1493 2041 1555; x_wconf 88' lang='lat' dir='ltr'><strong>Primo</strong></span> <span class='ocrx_word' id='word_1_439' title='bbox 2078 1493 2249 1554; x_wconf 86' lang='lat' dir='ltr'><strong>enim</strong></span> <span class='ocrx_word' id='word_1_440' title='bbox 2290 1492 2574 1572; x_wconf 65' lang='lat' dir='ltr'><strong>quasdam</strong></span> <span class='ocrx_word' id='word_1_441' title='bbox 2614 1509 2744 1554; x_wconf 88' lang='lat' dir='ltr'><strong>esse</strong></span> <span class='ocrx_word' id='word_1_442' title='bbox 2777 1498 2973 1572; x_wconf 87' lang='lat' dir='ltr'><strong>potest</strong></span> <span class='ocrx_word' id='word_1_443' title='bbox 3016 1491 3262 1570; x_wconf 79' lang='lat' dir='ltr'><strong>negatio</strong></span> <span class='ocrx_word' id='word_1_444' title='bbox 3291 1509 3394 1553; x_wconf 82' lang='lat' dir='ltr'><strong>ex·</strong></span> 
     </span>
     <span class='ocr_line' id='line_1_67' title="bbox 1832 1582 3393 1665; baseline -0.001 -18"><span class='ocrx_word' id='word_1_445' title='bbox 1832 1585 2067 1665; x_wconf 77' lang='lat' dir='ltr'><strong>plicita,</strong></span> <span class='ocrx_word' id='word_1_446' title='bbox 2093 1586 2169 1648; x_wconf 86' lang='lat' dir='ltr'><strong>de</strong></span> <span class='ocrx_word' id='word_1_447' title='bbox 2212 1603 2335 1664; x_wconf 83' lang='lat' dir='ltr'><strong>qua</strong></span> <span class='ocrx_word' id='word_1_448' title='bbox 2365 1604 2532 1645; x_wconf 89' lang='lat' dir='ltr'><strong>nunc</strong></span> <span class='ocrx_word' id='word_1_449' title='bbox 2562 1593 2937 1660; x_wconf 84' lang='lat' dir='ltr'><strong>tractamus3</strong></span> <span class='ocrx_word' id='word_1_450' title='bbox 2972 1582 3095 1645; x_wconf 88' lang='lat' dir='ltr'><strong>alia</strong></span> <span class='ocrx_word' id='word_1_451' title='bbox 3144 1592 3234 1645; x_wconf 88' lang='lat' dir='ltr'><strong>est</strong></span> <span class='ocrx_word' id='word_1_452' title='bbox 3276 1585 3393 1645; x_wconf 87' lang='lat' dir='ltr'><strong>im·</strong></span> 
     </span>
     <span class='ocr_line' id='line_1_68' title="bbox 1834 1677 3396 1758; baseline 0.001 -21"><span class='ocrx_word' id='word_1_453' title='bbox 1834 1678 2047 1756; x_wconf 83' lang='lat' dir='ltr'><strong>plicita</strong></span> <span class='ocrx_word' id='word_1_454' title='bbox 2088 1685 2151 1740; x_wconf 88' lang='lat' dir='ltr'><strong>et</strong></span> <span class='ocrx_word' id='word_1_455' title='bbox 2185 1679 2364 1758; x_wconf 83' lang='lat' dir='ltr'><strong>quasi.</strong></span> <span class='ocrx_word' id='word_1_456' title='bbox 2387 1677 2707 1752; x_wconf 85' lang='lat' dir='ltr'><strong>indirecta,</strong></span> <span class='ocrx_word' id='word_1_457' title='bbox 2738 1696 2876 1757; x_wconf 63' lang='lat' dir='ltr'><strong>quae</strong></span> <span class='ocrx_word' id='word_1_458' title='bbox 2902 1677 3101 1756; x_wconf 77' lang='lat' dir='ltr'><strong>magis</strong></span> <span class='ocrx_word' id='word_1_459' title='bbox 3127 1678 3396 1757; x_wconf 82' lang='lat' dir='ltr'><strong>pertinet</strong></span> 
     </span>
     <span class='ocr_line' id='line_1_69' title="bbox 1835 1770 3397 1849; baseline -0.001 -16"><span class='ocrx_word' id='word_1_460' title='bbox 1835 1773 1914 1834; x_wconf 87' lang='lat' dir='ltr'><strong>ad</strong></span> <span class='ocrx_word' id='word_1_461' title='bbox 1945 1772 2225 1834; x_wconf 86' lang='lat' dir='ltr'><strong>illicitam</strong></span> <span class='ocrx_word' id='word_1_462' title='bbox 2250 1771 2725 1836; x_wconf 84' lang='lat' dir='ltr'><strong>occultationem</strong></span> <span class='ocrx_word' id='word_1_463' title='bbox 2757 1770 2929 1846; x_wconf 85' lang='lat' dir='ltr'><strong>fidei,</strong></span> <span class='ocrx_word' id='word_1_464' title='bbox 2969 1770 3047 1832; x_wconf 87' lang='lat' dir='ltr'><strong>de</strong></span> <span class='ocrx_word' id='word_1_465' title='bbox 3080 1787 3203 1849; x_wconf 87' lang='lat' dir='ltr'><strong>qua</strong></span> <span class='ocrx_word' id='word_1_466' title='bbox 3232 1771 3397 1831; x_wconf 84' lang='lat' dir='ltr'><strong>infra</strong></span> 
     </span>
     <span class='ocr_line' id='line_1_70' title="bbox 1831 1862 3398 1945; baseline 0 -21"><span class='ocrx_word' id='word_1_467' title='bbox 1831 1865 2061 1928; x_wconf 85' lang='lat' dir='ltr'><strong>dicturi</strong></span> <span class='ocrx_word' id='word_1_468' title='bbox 2086 1883 2326 1928; x_wconf 87' lang='lat' dir='ltr'><strong>sumus.</strong></span> <span class='ocrx_word' id='word_1_469' title='bbox 2352 1865 2661 1940; x_wconf 88' lang='lat' dir='ltr'><strong>Secundo,</strong></span> <span class='ocrx_word' id='word_1_470' title='bbox 2691 1863 2827 1925; x_wconf 83' lang='lat' dir='ltr'><strong>haec</strong></span> <span class='ocrx_word' id='word_1_471' title='bbox 2852 1864 3099 1943; x_wconf 77' lang='lat' dir='ltr'><strong>negatio</strong></span> <span class='ocrx_word' id='word_1_472' title='bbox 3126 1862 3265 1926; x_wconf 86' lang='lat' dir='ltr'><strong>fieri</strong></span> <span class='ocrx_word' id='word_1_473' title='bbox 3286 1881 3398 1945; x_wconf 89' lang='lat' dir='ltr'><strong>po·</strong></span> 
     </span>
     <span class='ocr_line' id='line_1_71' title="bbox 1835 1957 3393 2037; baseline 0 -17"><span class='ocrx_word' id='word_1_474' title='bbox 1835 1965 1955 2020; x_wconf 84' lang='lat' dir='ltr'><strong>test</strong></span> <span class='ocrx_word' id='word_1_475' title='bbox 1984 1957 2083 2020; x_wconf 82' lang='lat' dir='ltr'><strong>vel</strong></span> <span class='ocrx_word' id='word_1_476' title='bbox 2109 1977 2218 2037; x_wconf 88' lang='lat' dir='ltr'><strong>per</strong></span> <span class='ocrx_word' id='word_1_477' title='bbox 2252 1957 2469 2034; x_wconf 81' lang='lat' dir='ltr'><strong>verba,</strong></span> <span class='ocrx_word' id='word_1_478' title='bbox 2510 1965 2573 2020; x_wconf 89' lang='lat' dir='ltr'><strong>et</strong></span> <span class='ocrx_word' id='word_1_479' title='bbox 2598 1964 2749 2022; x_wconf 90' lang='lat' dir='ltr'><strong>tunc</strong></span> <span class='ocrx_word' id='word_1_480' title='bbox 2782 1964 2875 2019; x_wconf 82' lang='lat' dir='ltr'><strong>est</strong></span> <span class='ocrx_word' id='word_1_481' title='bbox 2903 1958 3171 2020; x_wconf 78' lang='lat' dir='ltr'><strong>maxime</strong></span> <span class='ocrx_word' id='word_1_482' title='bbox 3206 1957 3393 2034; x_wconf 86' lang='lat' dir='ltr'><strong>clara,</strong></span> 
     </span>
     <span class='ocr_line' id='line_1_72' title="bbox 1837 2051 3399 2133; baseline -0.001 -19"><span class='ocrx_word' id='word_1_483' title='bbox 1837 2060 1902 2114; x_wconf 87' lang='lat' dir='ltr'><strong>et</strong></span> <span class='ocrx_word' id='word_1_484' title='bbox 1949 2051 2185 2116; x_wconf 85' lang='lat' dir='ltr'><strong>directa</strong></span> <span class='ocrx_word' id='word_1_485' title='bbox 2206 2101 2221 2116; x_wconf 84' lang='lat'>.</span> <span class='ocrx_word' id='word_1_486' title='bbox 2270 2070 2461 2132; x_wconf 89' lang='lat' dir='ltr'><strong>quam</strong></span> <span class='ocrx_word' id='word_1_487' title='bbox 2516 2070 2687 2113; x_wconf 89' lang='lat' dir='ltr'><strong>nunc</strong></span> <span class='ocrx_word' id='word_1_488' title='bbox 2742 2053 3145 2133; x_wconf 75' lang='lat' dir='ltr'><strong>exponimu33</strong></span> <span class='ocrx_word' id='word_1_489' title='bbox 3198 2058 3399 2132; x_wconf 88' lang='lat' dir='ltr'><strong>potest</strong></span> 
     </span>
     <span class='ocr_line' id='line_1_73' title="bbox 1837 2144 3399 2224; baseline 0.001 -18"><span class='ocrx_word' id='word_1_490' title='bbox 1837 2145 2027 2207; x_wconf 87' lang='lat' dir='ltr'><strong>etiam</strong></span> <span class='ocrx_word' id='word_1_491' title='bbox 2056 2144 2191 2206; x_wconf 85' lang='lat' dir='ltr'><strong>fieri</strong></span> <span class='ocrx_word' id='word_1_492' title='bbox 2234 2151 2299 2206; x_wconf 89' lang='lat' dir='ltr'><strong>et</strong></span> <span class='ocrx_word' id='word_1_493' title='bbox 2326 2144 2513 2206; x_wconf 82' lang='lat' dir='ltr'><strong>rebus</strong></span> <span class='ocrx_word' id='word_1_494' title='bbox 2538 2151 2603 2206; x_wconf 85' lang='lat' dir='ltr'><strong>et</strong></span> <span class='ocrx_word' id='word_1_495' title='bbox 2626 2144 2831 2222; x_wconf 84' lang='lat' dir='ltr'><strong>factis,</strong></span> <span class='ocrx_word' id='word_1_496' title='bbox 2862 2151 3169 2224; x_wconf 85' lang='lat' dir='ltr'><strong>quatenus</strong></span> <span class='ocrx_word' id='word_1_497' title='bbox 3206 2147 3399 2208; x_wconf 87' lang='lat' dir='ltr'><strong>etiam</strong></span> 
     </span>
     <span class='ocr_line' id='line_1_74' title="bbox 1836 2237 3399 2318; baseline 0.003 -21"><span class='ocrx_word' id='word_1_498' title='bbox 1836 2239 2051 2318; x_wconf 80' lang='lat' dir='ltr'><strong>signis,</strong></span> <span class='ocrx_word' id='word_1_499' title='bbox 2078 2238 2145 2298; x_wconf 91' lang='lat' dir='ltr'><strong>in</strong></span> <span class='ocrx_word' id='word_1_500' title='bbox 2172 2237 2357 2300; x_wconf 87' lang='lat' dir='ltr'><strong>rebus</strong></span> <span class='ocrx_word' id='word_1_501' title='bbox 2380 2237 2481 2300; x_wconf 86' lang='lat' dir='ltr'><strong>vel</strong></span> <span class='ocrx_word' id='word_1_502' title='bbox 2506 2238 2683 2298; x_wconf 80' lang='lat' dir='ltr'><strong>sactis</strong></span> <span class='ocrx_word' id='word_1_503' title='bbox 2719 2237 3217 2314; x_wconf 79' lang='lat' dir='ltr'><strong>consistentibus,</strong></span> <span class='ocrx_word' id='word_1_504' title='bbox 3246 2239 3399 2302; x_wconf 85' lang='lat' dir='ltr'><strong>sole·</strong></span> 
     </span>
     <span class='ocr_line' id='line_1_75' title="bbox 1837 2331 3399 2411; baseline 0.001 -19"><span class='ocrx_word' id='word_1_505' title='bbox 1837 2349 1977 2392; x_wconf 85' lang='lat' dir='ltr'><strong>mus</strong></span> <span class='ocrx_word' id='word_1_506' title='bbox 2006 2335 2280 2392; x_wconf 82' lang='lat' dir='ltr'><strong>mentem</strong></span> <span class='ocrx_word' id='word_1_507' title='bbox 2306 2336 2581 2392; x_wconf 87' lang='lat' dir='ltr'><strong>nostram</strong></span> <span class='ocrx_word' id='word_1_508' title='bbox 2612 2331 2961 2410; x_wconf 78' lang='lat' dir='ltr'><strong>explicare3</strong></span> <span class='ocrx_word' id='word_1_509' title='bbox 2996 2331 3099 2392; x_wconf 89' lang='lat' dir='ltr'><strong>sed</strong></span> <span class='ocrx_word' id='word_1_510' title='bbox 3128 2333 3275 2411; x_wconf 83' lang='lat' dir='ltr'><strong>quia</strong></span> <span class='ocrx_word' id='word_1_511' title='bbox 3298 2349 3399 2394; x_wconf 85' lang='lat' dir='ltr'><strong>res</strong></span> 
     </span>
     <span class='ocr_line' id='line_1_76' title="bbox 1837 2422 3401 2505; baseline 0 -20"><span class='ocrx_word' id='word_1_512' title='bbox 1837 2430 1900 2485; x_wconf 88' lang='lat' dir='ltr'><strong>et</strong></span> <span class='ocrx_word' id='word_1_513' title='bbox 1921 2423 2091 2486; x_wconf 85' lang='lat' dir='ltr'><strong>facta</strong></span> <span class='ocrx_word' id='word_1_514' title='bbox 2118 2441 2245 2486; x_wconf 88' lang='lat' dir='ltr'><strong>non</strong></span> <span class='ocrx_word' id='word_1_515' title='bbox 2274 2429 2420 2486; x_wconf 86' lang='lat' dir='ltr'><strong>sunt</strong></span> <span class='ocrx_word' id='word_1_516' title='bbox 2451 2422 2629 2503; x_wconf 77' lang='lat' dir='ltr'><strong>signa</strong></span> <span class='ocrx_word' id='word_1_517' title='bbox 2660 2431 2793 2486; x_wconf 88' lang='lat' dir='ltr'><strong>tam</strong></span> <span class='ocrx_word' id='word_1_518' title='bbox 2818 2442 3127 2505; x_wconf 71' lang='lat' dir='ltr'><strong>expressa,</strong></span> <span class='ocrx_word' id='word_1_519' title='bbox 3154 2441 3269 2487; x_wconf 87' lang='lat' dir='ltr'><strong>nec</strong></span> <span class='ocrx_word' id='word_1_520' title='bbox 3312 2426 3401 2486; x_wconf 86' lang='lat' dir='ltr'><strong>ita</strong></span> 
     </span>
     <span class='ocr_line' id='line_1_77' title="bbox 1837 2516 3401 2597; baseline -0.002 -17"><span class='ocrx_word' id='word_1_521' title='bbox 1837 2535 1916 2580; x_wconf 87' lang='lat' dir='ltr'><strong>ex</strong></span> <span class='ocrx_word' id='word_1_522' title='bbox 1950 2517 2234 2578; x_wconf 87' lang='lat' dir='ltr'><strong>instituto</strong></span> <span class='ocrx_word' id='word_1_523' title='bbox 2270 2516 2347 2578; x_wconf 86' lang='lat' dir='ltr'><strong>ad</strong></span> <span class='ocrx_word' id='word_1_524' title='bbox 2396 2516 2593 2579; x_wconf 88' lang='lat' dir='ltr'><strong>solum</strong></span> <span class='ocrx_word' id='word_1_525' title='bbox 2642 2517 3119 2597; x_wconf 76' lang='lat' dir='ltr'><strong>significandum</strong></span> <span class='ocrx_word' id='word_1_526' title='bbox 3148 2517 3401 2597; x_wconf 85' lang='lat' dir='ltr'><strong>imposi-</strong></span> 
     </span>
     <span class='ocr_line' id='line_1_78' title="bbox 1837 2610 3399 2690; baseline -0.001 -16"><span class='ocrx_word' id='word_1_527' title='bbox 1837 2617 1922 2688; x_wconf 82' lang='lat' dir='ltr'><strong>ta,</strong></span> <span class='ocrx_word' id='word_1_528' title='bbox 1949 2611 2107 2672; x_wconf 88' lang='lat' dir='ltr'><strong>sicut</strong></span> <span class='ocrx_word' id='word_1_529' title='bbox 2132 2610 2343 2684; x_wconf 84' lang='lat' dir='ltr'><strong>verba,</strong></span> <span class='ocrx_word' id='word_1_530' title='bbox 2374 2611 2513 2674; x_wconf 84' lang='lat' dir='ltr'><strong>ideo</strong></span> <span class='ocrx_word' id='word_1_531' title='bbox 2534 2611 2641 2672; x_wconf 85' lang='lat' dir='ltr'><strong>illa</strong></span> <span class='ocrx_word' id='word_1_532' title='bbox 2662 2613 2911 2690; x_wconf 81' lang='lat' dir='ltr'><strong>negatio</strong></span> <span class='ocrx_word' id='word_1_533' title='bbox 2947 2611 3262 2674; x_wconf 84' lang='lat' dir='ltr'><strong>ohscurior</strong></span> <span class='ocrx_word' id='word_1_534' title='bbox 3282 2617 3399 2688; x_wconf 84' lang='lat' dir='ltr'><strong>est,</strong></span> 
     </span>
     <span class='ocr_line' id='line_1_79' title="bbox 1839 2703 3403 2784; baseline 0.001 -20"><span class='ocrx_word' id='word_1_535' title='bbox 1839 2713 1902 2764; x_wconf 87' lang='lat' dir='ltr'><strong>et</strong></span> <span class='ocrx_word' id='word_1_536' title='bbox 1926 2703 2302 2784; x_wconf 66' lang='lat' dir='ltr'><strong>peculia-rem</strong></span> <span class='ocrx_word' id='word_1_537' title='bbox 2338 2703 2529 2766; x_wconf 86' lang='lat' dir='ltr'><strong>habet</strong></span> <span class='ocrx_word' id='word_1_538' title='bbox 2569 2703 3023 2779; x_wconf 85' lang='lat' dir='ltr'><strong>difficultatem,</strong></span> <span class='ocrx_word' id='word_1_539' title='bbox 3070 2711 3134 2764; x_wconf 89' lang='lat' dir='ltr'><strong>et</strong></span> <span class='ocrx_word' id='word_1_540' title='bbox 3158 2704 3297 2766; x_wconf 83' lang='lat' dir='ltr'><strong>ideo</strong></span> <span class='ocrx_word' id='word_1_541' title='bbox 3326 2705 3403 2766; x_wconf 85' lang='lat' dir='ltr'><strong>de</strong></span> 
     </span>
     <span class='ocr_line' id='line_1_80' title="bbox 1841 2796 3035 2878; baseline 0.002 -20"><span class='ocrx_word' id='word_1_542' title='bbox 1841 2796 1950 2858; x_wconf 81' lang='lat' dir='ltr'><strong>illa</strong></span> <span class='ocrx_word' id='word_1_543' title='bbox 1974 2797 2255 2878; x_wconf 78' lang='lat' dir='ltr'><strong>proprias</strong></span> <span class='ocrx_word' id='word_1_544' title='bbox 2284 2797 2583 2859; x_wconf 85' lang='lat' dir='ltr'><strong>sectiones</strong></span> <span class='ocrx_word' id='word_1_545' title='bbox 2622 2797 3035 2861; x_wconf 83' lang='lat' dir='ltr'><strong>instituemus.</strong></span> 
     </span>
    </p>

    <p class='ocr_par' dir='ltr' id='par_1_9' title="bbox 1843 2889 3427 5295">
     <span class='ocr_line' id='line_1_81' title="bbox 1922 2889 3404 2973; baseline 0.002 -19"><span class='ocrx_word' id='word_1_546' title='bbox 1922 2893 1985 2954; x_wconf 78' lang='lat'><strong>9.</strong></span> <span class='ocrx_word' id='word_1_547' title='bbox 2031 2889 2295 2973; x_wconf 67' lang='lat' dir='ltr'><strong>Namatio</strong></span> <span class='ocrx_word' id='word_1_548' title='bbox 2334 2890 2479 2968; x_wconf 77' lang='lat' dir='ltr'><strong>fidei</strong></span> <span class='ocrx_word' id='word_1_549' title='bbox 2511 2909 2625 2972; x_wconf 75' lang='lat' dir='ltr'><strong>per</strong></span> <span class='ocrx_word' id='word_1_550' title='bbox 2650 2893 2833 2956; x_wconf 77' lang='lat' dir='ltr'><strong>verba</strong></span> <span class='ocrx_word' id='word_1_551' title='bbox 2858 2892 3165 2956; x_wconf 66' lang='lat' dir='ltr'><strong>interdum</strong></span> <span class='ocrx_word' id='word_1_552' title='bbox 3188 2893 3404 2970; x_wconf 57' lang='lat' dir='ltr'><strong>fitne·-</strong></span> 
     </span>
     <span class='ocr_line' id='line_1_82' title="bbox 1843 2983 3405 3069; baseline 0.001 -21"><span class='ocrx_word' id='word_1_553' title='bbox 1843 2985 2074 3062; x_wconf 71' lang='lat' dir='ltr'><strong>9atim‘s</strong></span> <span class='ocrx_word' id='word_1_554' title='bbox 2100 2983 2608 3066; x_wconf 53' lang='lat' dir='ltr'><strong>modia-Negra</strong></span> <span class='ocrx_word' id='word_1_555' title='bbox 2637 2986 2819 3064; x_wconf 70' lang='lat' dir='ltr'><strong>fidem</strong></span> <span class='ocrx_word' id='word_1_556' title='bbox 2858 2983 2964 3066; x_wconf 75' lang='lat' dir='ltr'><strong>qui</strong></span> <span class='ocrx_word' id='word_1_557' title='bbox 2986 2993 3162 3069; x_wconf 68' lang='lat' dir='ltr'><strong>nequi</strong></span> <span class='ocrx_word' id='word_1_558' title='bbox 3188 3005 3253 3050; x_wconf 75' lang='lat' dir='ltr'><strong>se</strong></span> <span class='ocrx_word' id='word_1_559' title='bbox 3281 3005 3405 3050; x_wconf 74' lang='lat' dir='ltr'><strong>esse</strong></span> 
     </span>
     <span class='ocr_line' id='line_1_83' title="bbox 1849 3075 3407 3157; baseline 0 -17"><span class='ocrx_word' id='word_1_560' title='bbox 1849 3075 2290 3142; x_wconf 68' lang='lat' dir='ltr'><strong>Christianum.</strong></span> <span class='ocrx_word' id='word_1_561' title='bbox 2330 3107 2409 3122; x_wconf 90' lang='lat'><strong>--</strong></span> <span class='ocrx_word' id='word_1_562' title='bbox 2432 3077 2661 3150; x_wconf 83' lang='lat' dir='ltr'><strong>Tertio,</strong></span> <span class='ocrx_word' id='word_1_563' title='bbox 2696 3083 2898 3157; x_wconf 84' lang='lat' dir='ltr'><strong>potest</strong></span> <span class='ocrx_word' id='word_1_564' title='bbox 2948 3079 3141 3140; x_wconf 74' lang='lat' dir='ltr'><strong>dividi</strong></span> <span class='ocrx_word' id='word_1_565' title='bbox 3188 3079 3407 3142; x_wconf 85' lang='lat' dir='ltr'><strong>modus</strong></span> 
     </span>
     <span class='ocr_line' id='line_1_84' title="bbox 1847 3168 3409 3248; baseline 0.001 -18"><span class='ocrx_word' id='word_1_566' title='bbox 1847 3168 2121 3248; x_wconf 85' lang='lat' dir='ltr'><strong>negandi</strong></span> <span class='ocrx_word' id='word_1_567' title='bbox 2148 3169 2344 3232; x_wconf 83' lang='lat' dir='ltr'><strong>fidem</strong></span> <span class='ocrx_word' id='word_1_568' title='bbox 2366 3168 2571 3232; x_wconf 82' lang='lat' dir='ltr'><strong>verbis</strong></span> <span class='ocrx_word' id='word_1_569' title='bbox 2619 3171 2685 3230; x_wconf 89' lang='lat' dir='ltr'><strong>in</strong></span> <span class='ocrx_word' id='word_1_570' title='bbox 2737 3188 2905 3232; x_wconf 82' lang='lat' dir='ltr'><strong>mere</strong></span> <span class='ocrx_word' id='word_1_571' title='bbox 2934 3172 3293 3245; x_wconf 81' lang='lat' dir='ltr'><strong>negativum</strong></span> <span class='ocrx_word' id='word_1_572' title='bbox 3344 3177 3409 3233; x_wconf 88' lang='lat' dir='ltr'><strong>et</strong></span> 
     </span>
     <span class='ocr_line' id='line_1_85' title="bbox 1847 3261 3409 3328; baseline 0.003 -6"><span class='ocrx_word' id='word_1_573' title='bbox 1847 3261 2315 3327; x_wconf 84' lang='lat' dir='ltr'><strong>affirmativum.</strong></span> <span class='ocrx_word' id='word_1_574' title='bbox 2380 3262 2551 3324; x_wconf 87' lang='lat' dir='ltr'><strong>Prior</strong></span> <span class='ocrx_word' id='word_1_575' title='bbox 2618 3263 3025 3327; x_wconf 82' lang='lat' dir='ltr'><strong>committitur</strong></span> <span class='ocrx_word' id='word_1_576' title='bbox 3078 3265 3291 3328; x_wconf 83' lang='lat' dir='ltr'><strong>multis</strong></span> <span class='ocrx_word' id='word_1_577' title='bbox 3346 3271 3409 3326; x_wconf 88' lang='lat' dir='ltr'><strong>et</strong></span> 
     </span>
     <span class='ocr_line' id='line_1_86' title="bbox 1845 3354 3408 3442; baseline 0.001 -28"><span class='ocrx_word' id='word_1_578' title='bbox 1845 3355 2035 3424; x_wconf 81' lang='lat' dir='ltr'><strong>variis</strong></span> <span class='ocrx_word' id='word_1_579' title='bbox 2078 3355 2277 3417; x_wconf 88' lang='lat' dir='ltr'><strong>modis</strong></span> <span class='ocrx_word' id='word_1_580' title='bbox 2313 3376 2328 3415; x_wconf 90' lang='lat'>:</span> <span class='ocrx_word' id='word_1_581' title='bbox 2368 3354 2592 3442; x_wconf 74' lang='lat' dir='ltr'><strong>primo,</strong></span> <span class='ocrx_word' id='word_1_582' title='bbox 2636 3354 2924 3434; x_wconf 74' lang='lat' dir='ltr'><strong>negando</strong></span> <span class='ocrx_word' id='word_1_583' title='bbox 2962 3355 3271 3418; x_wconf 86' lang='lat' dir='ltr'><strong>Christum</strong></span> <span class='ocrx_word' id='word_1_584' title='bbox 3306 3357 3408 3417; x_wconf 79' lang='lat' dir='ltr'><strong>vel</strong></span> 
     </span>
     <span class='ocr_line' id='line_1_87' title="bbox 1845 3447 3407 3526; baseline 0 -16"><span class='ocrx_word' id='word_1_585' title='bbox 1845 3465 1975 3512; x_wconf 86' lang='lat' dir='ltr'><strong>esse</strong></span> <span class='ocrx_word' id='word_1_586' title='bbox 2006 3447 2313 3526; x_wconf 56' lang='lat' dir='ltr'><strong>Messiam,</strong></span> <span class='ocrx_word' id='word_1_587' title='bbox 2346 3447 2447 3518; x_wconf 80' lang='lat' dir='ltr'><strong>vel</strong></span> <span class='ocrx_word' id='word_1_588' title='bbox 2472 3465 2601 3518; x_wconf 81' lang='lat' dir='ltr'><strong>esse</strong></span> <span class='ocrx_word' id='word_1_589' title='bbox 2623 3448 2842 3524; x_wconf 79' lang='lat' dir='ltr'><strong>Deum,</strong></span> <span class='ocrx_word' id='word_1_590' title='bbox 2868 3447 2967 3510; x_wconf 81' lang='lat' dir='ltr'><strong>vel</strong></span> <span class='ocrx_word' id='word_1_591' title='bbox 3002 3447 3173 3511; x_wconf 81' lang='lat' dir='ltr'><strong>aliud</strong></span> <span class='ocrx_word' id='word_1_592' title='bbox 3204 3449 3407 3511; x_wconf 65' lang='lat' dir='ltr'><strong>simile</strong></span> 
     </span>
     <span class='ocr_line' id='line_1_88' title="bbox 1849 3540 3407 3621; baseline 0 -17"><span class='ocrx_word' id='word_1_593' title='bbox 1849 3541 2214 3621; x_wconf 77' lang='lat' dir='ltr'><strong>mysterium</strong></span> <span class='ocrx_word' id='word_1_594' title='bbox 2247 3541 2377 3604; x_wconf 83' lang='lat' dir='ltr'><strong>sive</strong></span> <span class='ocrx_word' id='word_1_595' title='bbox 2418 3540 2499 3608; x_wconf 86' lang='lat' dir='ltr'><strong>ad</strong></span> <span class='ocrx_word' id='word_1_596' title='bbox 2530 3542 2748 3616; x_wconf 80' lang='lat' dir='ltr'><strong>Deum,</strong></span> <span class='ocrx_word' id='word_1_597' title='bbox 2798 3541 2929 3606; x_wconf 79' lang='lat' dir='ltr'><strong>sive</strong></span> <span class='ocrx_word' id='word_1_598' title='bbox 2964 3541 3055 3604; x_wconf 81' lang='lat' dir='ltr'><strong>ad</strong></span> <span class='ocrx_word' id='word_1_599' title='bbox 3092 3541 3407 3604; x_wconf 82' lang='lat' dir='ltr'><strong>Christum</strong></span> 
     </span>
     <span class='ocr_line' id='line_1_89' title="bbox 1847 3633 3408 3714; baseline 0 -18"><span class='ocrx_word' id='word_1_600' title='bbox 1847 3635 2187 3714; x_wconf 71' lang='lat' dir='ltr'><strong>pertinens,</strong></span> <span class='ocrx_word' id='word_1_601' title='bbox 2216 3639 2280 3694; x_wconf 90' lang='lat' dir='ltr'><strong>et</strong></span> <span class='ocrx_word' id='word_1_602' title='bbox 2308 3633 2439 3702; x_wconf 63' lang='lat' dir='ltr'><strong>sive</strong></span> <span class='ocrx_word' id='word_1_603' title='bbox 2460 3633 2529 3699; x_wconf 87' lang='lat' dir='ltr'><strong>in</strong></span> <span class='ocrx_word' id='word_1_604' title='bbox 2560 3633 2941 3712; x_wconf 74' lang='lat' dir='ltr'><strong>particulari,</strong></span> <span class='ocrx_word' id='word_1_605' title='bbox 2966 3634 3193 3698; x_wconf 79' lang='lat' dir='ltr'><strong>sivein</strong></span> <span class='ocrx_word' id='word_1_606' title='bbox 3217 3653 3408 3714; x_wconf 73' lang='lat' dir='ltr'><strong>gene·</strong></span> 
     </span>
     <span class='ocr_line' id='line_1_90' title="bbox 1848 3723 3409 3805; baseline 0 -17"><span class='ocrx_word' id='word_1_607' title='bbox 1848 3727 1965 3791; x_wconf 79' lang='lat' dir='ltr'><strong>rau</strong></span> <span class='ocrx_word' id='word_1_608' title='bbox 1994 3725 2281 3805; x_wconf 82' lang='lat' dir='ltr'><strong>negando</strong></span> <span class='ocrx_word' id='word_1_609' title='bbox 2312 3727 2635 3791; x_wconf 78' lang='lat' dir='ltr'><strong>veritatem</strong></span> <span class='ocrx_word' id='word_1_610' title='bbox 2660 3723 2805 3788; x_wconf 86' lang='lat' dir='ltr'><strong>fidei</strong></span> <span class='ocrx_word' id='word_1_611' title='bbox 2832 3725 3229 3800; x_wconf 74' lang='lat' dir='ltr'><strong>Christianoe;</strong></span> <span class='ocrx_word' id='word_1_612' title='bbox 3258 3743 3409 3788; x_wconf 83' lang='lat' dir='ltr'><strong>nam</strong></span> 
     </span>
     <span class='ocr_line' id='line_1_91' title="bbox 1847 3818 3410 3884; baseline 0 -3"><span class='ocrx_word' id='word_1_613' title='bbox 1847 3820 1983 3882; x_wconf 82' lang='lat' dir='ltr'><strong>haec</strong></span> <span class='ocrx_word' id='word_1_614' title='bbox 2008 3819 2223 3882; x_wconf 83' lang='lat' dir='ltr'><strong>omnia</strong></span> <span class='ocrx_word' id='word_1_615' title='bbox 2270 3825 2414 3884; x_wconf 83' lang='lat' dir='ltr'><strong>sunt</strong></span> <span class='ocrx_word' id='word_1_616' title='bbox 2467 3818 2794 3882; x_wconf 81' lang='lat' dir='ltr'><strong>manifeste</strong></span> <span class='ocrx_word' id='word_1_617' title='bbox 2832 3819 3145 3882; x_wconf 84' lang='lat' dir='ltr'><strong>contraria</strong></span> <span class='ocrx_word' id='word_1_618' title='bbox 3176 3819 3410 3882; x_wconf 83' lang='lat' dir='ltr'><strong>confes-</strong></span> 
     </span>
     <span class='ocr_line' id='line_1_92' title="bbox 1851 3911 3411 3977; baseline 0.001 -4"><span class='ocrx_word' id='word_1_619' title='bbox 1851 3913 2010 3977; x_wconf 84' lang='lat' dir='ltr'><strong>sioni</strong></span> <span class='ocrx_word' id='word_1_620' title='bbox 2054 3911 2219 3977; x_wconf 81' lang='lat' dir='ltr'><strong>fidei,</strong></span> <span class='ocrx_word' id='word_1_621' title='bbox 2270 3911 2553 3976; x_wconf 76' lang='lat' dir='ltr'><strong>Secundo</strong></span> <span class='ocrx_word' id='word_1_622' title='bbox 2602 3911 2791 3975; x_wconf 84' lang='lat' dir='ltr'><strong>etiam</strong></span> <span class='ocrx_word' id='word_1_623' title='bbox 2842 3913 3252 3974; x_wconf 81' lang='lat' dir='ltr'><strong>committitur</strong></span> <span class='ocrx_word' id='word_1_624' title='bbox 3293 3919 3411 3974; x_wconf 77' lang='lat' dir='ltr'><strong>noe</strong></span> 
     </span>
     <span class='ocr_line' id='line_1_93' title="bbox 1851 4003 3411 4085; baseline 0.001 -18"><span class='ocrx_word' id='word_1_625' title='bbox 1851 4005 2111 4079; x_wconf 87' lang='lat' dir='ltr'><strong>crimen,</strong></span> <span class='ocrx_word' id='word_1_626' title='bbox 2142 4005 2425 4084; x_wconf 82' lang='lat' dir='ltr'><strong>negando</strong></span> <span class='ocrx_word' id='word_1_627' title='bbox 2452 4005 2884 4070; x_wconf 76' lang='lat' dir='ltr'><strong>certitudinem</strong></span> <span class='ocrx_word' id='word_1_628' title='bbox 2919 4003 3067 4068; x_wconf 81' lang='lat' dir='ltr'><strong>fidei</strong></span> <span class='ocrx_word' id='word_1_629' title='bbox 3092 4004 3301 4085; x_wconf 74' lang='lat' dir='ltr'><strong>aliquo</strong></span> <span class='ocrx_word' id='word_1_630' title='bbox 3332 4023 3411 4068; x_wconf 81' lang='lat' dir='ltr'><strong>ex</strong></span> 
     </span>
     <span class='ocr_line' id='line_1_94' title="bbox 1852 4095 3413 4173; baseline 0.002 -16"><span class='ocrx_word' id='word_1_631' title='bbox 1852 4098 2033 4160; x_wconf 88' lang='lat' dir='ltr'><strong>dictis</strong></span> <span class='ocrx_word' id='word_1_632' title='bbox 2074 4097 2272 4160; x_wconf 86' lang='lat' dir='ltr'><strong>modis</strong></span> <span class='ocrx_word' id='word_1_633' title='bbox 2294 4142 2317 4173; x_wconf 88' lang='lat'><em>‚</em></span> <span class='ocrx_word' id='word_1_634' title='bbox 2374 4095 2473 4158; x_wconf 83' lang='lat' dir='ltr'><strong>vel</strong></span> <span class='ocrx_word' id='word_1_635' title='bbox 2530 4096 2912 4162; x_wconf 82' lang='lat' dir='ltr'><strong>ostendendo</strong></span> <span class='ocrx_word' id='word_1_636' title='bbox 2960 4096 3413 4170; x_wconf 69' lang='lat' dir='ltr'><strong>dubitationem</strong></span> 
     </span>
     <span class='ocr_line' id='line_1_95' title="bbox 1855 4191 3415 4272; baseline 0.002 -18"><span class='ocrx_word' id='word_1_637' title='bbox 1855 4195 2013 4256; x_wconf 82' lang='lat' dir='ltr'><strong>circa</strong></span> <span class='ocrx_word' id='word_1_638' title='bbox 2043 4193 2243 4256; x_wconf 83' lang='lat' dir='ltr'><strong>illam.</strong></span> <span class='ocrx_word' id='word_1_639' title='bbox 2273 4193 2453 4254; x_wconf 84' lang='lat' dir='ltr'><strong>Ratio</strong></span> <span class='ocrx_word' id='word_1_640' title='bbox 2472 4198 2566 4254; x_wconf 88' lang='lat' dir='ltr'><strong>est</strong></span> <span class='ocrx_word' id='word_1_641' title='bbox 2592 4211 2781 4272; x_wconf 80' lang='lat' dir='ltr'><strong>supra</strong></span> <span class='ocrx_word' id='word_1_642' title='bbox 2796 4191 2984 4268; x_wconf 85' lang='lat' dir='ltr'><strong>facta,</strong></span> <span class='ocrx_word' id='word_1_643' title='bbox 3004 4192 3173 4272; x_wconf 79' lang='lat' dir='ltr'><strong>quia,</strong></span> <span class='ocrx_word' id='word_1_644' title='bbox 3206 4192 3415 4262; x_wconf 75' lang='lat' dir='ltr'><strong>ablata</strong></span> 
     </span>
     <span class='ocr_line' id='line_1_96' title="bbox 1855 4284 3414 4360; baseline -0.001 -12"><span class='ocrx_word' id='word_1_645' title='bbox 1855 4287 2247 4360; x_wconf 83' lang='lat' dir='ltr'><strong>certitudine,</strong></span> <span class='ocrx_word' id='word_1_646' title='bbox 2280 4286 2561 4350; x_wconf 78' lang='lat' dir='ltr'><strong>aufertur</strong></span> <span class='ocrx_word' id='word_1_647' title='bbox 2586 4303 2733 4348; x_wconf 86' lang='lat' dir='ltr'><strong>vera</strong></span> <span class='ocrx_word' id='word_1_648' title='bbox 2756 4285 2917 4349; x_wconf 83' lang='lat' dir='ltr'><strong>ratio</strong></span> <span class='ocrx_word' id='word_1_649' title='bbox 2950 4285 3093 4348; x_wconf 82' lang='lat' dir='ltr'><strong>fidei</strong></span> <span class='ocrx_word' id='word_1_650' title='bbox 3122 4284 3414 4355; x_wconf 77' lang='lat' dir='ltr'><strong>Christia-</strong></span> 
     </span>
     <span class='ocr_line' id='line_1_97' title="bbox 1857 4377 3416 4458; baseline 0 -18"><span class='ocrx_word' id='word_1_651' title='bbox 1857 4397 1955 4442; x_wconf 82' lang='lat' dir='ltr'><strong>noe</strong></span> <span class='ocrx_word' id='word_1_652' title='bbox 1984 4427 1999 4453; x_wconf 85' lang='lat'><strong>,</strong></span> <span class='ocrx_word' id='word_1_653' title='bbox 2057 4379 2221 4441; x_wconf 86' lang='lat' dir='ltr'><strong>unde</strong></span> <span class='ocrx_word' id='word_1_654' title='bbox 2276 4379 2411 4458; x_wconf 83' lang='lat' dir='ltr'><strong>ejus</strong></span> <span class='ocrx_word' id='word_1_655' title='bbox 2456 4377 2757 4441; x_wconf 80' lang='lat' dir='ltr'><strong>confessio</strong></span> <span class='ocrx_word' id='word_1_656' title='bbox 2798 4397 2835 4438; x_wconf 87' lang='lat' dir='ltr'><strong>a</strong></span> <span class='ocrx_word' id='word_1_657' title='bbox 2888 4377 3068 4440; x_wconf 87' lang='lat' dir='ltr'><strong>nobis</strong></span> <span class='ocrx_word' id='word_1_658' title='bbox 3098 4379 3293 4456; x_wconf 75' lang='lat' dir='ltr'><strong>exigit</strong></span> <span class='ocrx_word' id='word_1_659' title='bbox 3342 4383 3416 4440; x_wconf 89' lang='lat' dir='ltr'><strong>ut</strong></span> 
     </span>
     <span class='ocr_line' id='line_1_98' title="bbox 1855 4470 3416 4536; baseline 0 -2"><span class='ocrx_word' id='word_1_660' title='bbox 1855 4491 2107 4536; x_wconf 88' lang='lat' dir='ltr'><strong>omnem</strong></span> <span class='ocrx_word' id='word_1_661' title='bbox 2136 4472 2497 4536; x_wconf 83' lang='lat' dir='ltr'><strong>firmitatem</strong></span> <span class='ocrx_word' id='word_1_662' title='bbox 2525 4471 2595 4534; x_wconf 90' lang='lat' dir='ltr'><strong>in</strong></span> <span class='ocrx_word' id='word_1_663' title='bbox 2620 4471 2791 4534; x_wconf 88' lang='lat' dir='ltr'><strong>illius</strong></span> <span class='ocrx_word' id='word_1_664' title='bbox 2834 4488 3085 4536; x_wconf 76' lang='lat' dir='ltr'><strong>assensu</strong></span> <span class='ocrx_word' id='word_1_665' title='bbox 3130 4470 3416 4534; x_wconf 86' lang='lat' dir='ltr'><strong>ostenda·</strong></span> 
     </span>
     <span class='ocr_line' id='line_1_99' title="bbox 1858 4563 3411 4645; baseline -0.001 -17"><span class='ocrx_word' id='word_1_666' title='bbox 1858 4585 2021 4628; x_wconf 87' lang='lat' dir='ltr'><strong>mus.</strong></span> <span class='ocrx_word' id='word_1_667' title='bbox 2076 4566 2351 4645; x_wconf 86' lang='lat' dir='ltr'><strong>Denique</strong></span> <span class='ocrx_word' id='word_1_668' title='bbox 2410 4564 2629 4631; x_wconf 85' lang='lat' dir='ltr'><strong>eodem</strong></span> <span class='ocrx_word' id='word_1_669' title='bbox 2686 4564 2869 4626; x_wconf 84' lang='lat' dir='ltr'><strong>modo</strong></span> <span class='ocrx_word' id='word_1_670' title='bbox 2917 4570 3185 4641; x_wconf 79' lang='lat' dir='ltr'><strong>negatur</strong></span> <span class='ocrx_word' id='word_1_671' title='bbox 3232 4563 3411 4641; x_wconf 78' lang='lat' dir='ltr'><strong>fides,</strong></span> 
     </span>
     <span class='ocr_line' id='line_1_100' title="bbox 1859 4657 3417 4739; baseline -0.003 -17"><span class='ocrx_word' id='word_1_672' title='bbox 1859 4659 2109 4739; x_wconf 85' lang='lat' dir='ltr'><strong>quando</strong></span> <span class='ocrx_word' id='word_1_673' title='bbox 2135 4659 2325 4723; x_wconf 84' lang='lat' dir='ltr'><strong>homo</strong></span> <span class='ocrx_word' id='word_1_674' title='bbox 2358 4666 2547 4736; x_wconf 79' lang='lat' dir='ltr'><strong>negat</strong></span> <span class='ocrx_word' id='word_1_675' title='bbox 2577 4676 2663 4718; x_wconf 82' lang='lat' dir='ltr'><strong>se.</strong></span> <span class='ocrx_word' id='word_1_676' title='bbox 2687 4673 2817 4723; x_wconf 84' lang='lat' dir='ltr'><strong>esse</strong></span> <span class='ocrx_word' id='word_1_677' title='bbox 2855 4657 3294 4733; x_wconf 79' lang='lat' dir='ltr'><strong>Christianum,</strong></span> <span class='ocrx_word' id='word_1_678' title='bbox 3344 4664 3417 4720; x_wconf 86' lang='lat' dir='ltr'><strong>ut</strong></span> 
     </span>
     <span class='ocr_line' id='line_1_101' title="bbox 1861 4750 3417 4833; baseline -0.001 -19"><span class='ocrx_word' id='word_1_679' title='bbox 1861 4771 2049 4833; x_wconf 82' lang='lat' dir='ltr'><strong>supra</strong></span> <span class='ocrx_word' id='word_1_680' title='bbox 2076 4769 2221 4815; x_wconf 88' lang='lat' dir='ltr'><strong>cum</strong></span> <span class='ocrx_word' id='word_1_681' title='bbox 2251 4751 2620 4830; x_wconf 60' lang='lat' dir='ltr'><strong>Augu-«itinn,</strong></span> <span class='ocrx_word' id='word_1_682' title='bbox 2659 4755 2841 4815; x_wconf 81' lang='lat' dir='ltr'><strong>tract.</strong></span> <span class='ocrx_word' id='word_1_683' title='bbox 2874 4751 2994 4812; x_wconf 76' lang='lat'><strong>113</strong></span> <span class='ocrx_word' id='word_1_684' title='bbox 3024 4751 3091 4810; x_wconf 90' lang='lat' dir='ltr'><strong>in</strong></span> <span class='ocrx_word' id='word_1_685' title='bbox 3110 4750 3291 4814; x_wconf 85' lang='lat' dir='ltr'><strong>Joau.</strong></span> <span class='ocrx_word' id='word_1_686' title='bbox 3326 4751 3417 4813; x_wconf 87' lang='lat' dir='ltr'><strong>di-</strong></span> 
     </span>
     <span class='ocr_line' id='line_1_102' title="bbox 1863 4843 3421 4924; baseline -0.003 -16"><span class='ocrx_word' id='word_1_687' title='bbox 1863 4864 2001 4908; x_wconf 87' lang='lat' dir='ltr'><strong>cere</strong></span> <span class='ocrx_word' id='word_1_688' title='bbox 2024 4845 2180 4924; x_wconf 89' lang='lat' dir='ltr'><strong>coepi</strong></span> <span class='ocrx_word' id='word_1_689' title='bbox 2205 4860 2222 4905; x_wconf 87' lang='lat'><strong>:</strong></span> <span class='ocrx_word' id='word_1_690' title='bbox 2246 4844 2563 4914; x_wconf 68' lang='lat' dir='ltr'><strong>Debemus,</strong></span> <span class='ocrx_word' id='word_1_691' title='bbox 2592 4843 2825 4922; x_wconf 82' lang='lat' dir='ltr'><strong>inquit,</strong></span> <span class='ocrx_word' id='word_1_692' title='bbox 2858 4843 3165 4906; x_wconf 72' lang='lat' dir='ltr'><strong>advertere</strong></span> <span class='ocrx_word' id='word_1_693' title='bbox 3189 4860 3309 4908; x_wconf 65' lang='lat' dir='ltr'><strong>non</strong></span> <span class='ocrx_word' id='word_1_694' title='bbox 3328 4859 3421 4904; x_wconf 76' lang='lat' dir='ltr'><strong>so-</strong></span> 
     </span>
     <span class='ocr_line' id='line_1_103' title="bbox 1859 4934 3423 5020; baseline -0.001 -19"><span class='ocrx_word' id='word_1_695' title='bbox 1859 4939 1987 5003; x_wconf 74' lang='lat' dir='ltr'><strong>lm</strong></span> <span class='ocrx_word' id='word_1_696' title='bbox 2030 4939 2102 5001; x_wconf 79' lang='lat' dir='ltr'><strong>ab</strong></span> <span class='ocrx_word' id='word_1_697' title='bbox 2162 4955 2225 5000; x_wconf 82' lang='lat' dir='ltr'><strong>eo</strong></span> <span class='ocrx_word' id='word_1_698' title='bbox 2278 4935 2491 5020; x_wconf 62' lang='lat' dir='ltr'><strong>macri</strong></span> <span class='ocrx_word' id='word_1_699' title='bbox 2532 4935 2842 5000; x_wconf 66' lang='lat' dir='ltr'><strong>Christum</strong></span> <span class='ocrx_word' id='word_1_700' title='bbox 2864 4981 2881 5010; x_wconf 91' lang='lat'>‚</span> <span class='ocrx_word' id='word_1_701' title='bbox 2936 4936 3045 5016; x_wconf 72' lang='lat' dir='ltr'><strong>qm·</strong></span> <span class='ocrx_word' id='word_1_702' title='bbox 3077 4934 3236 5000; x_wconf 68' lang='lat' dir='ltr'><strong>dixit</strong></span> <span class='ocrx_word' id='word_1_703' title='bbox 3288 4953 3423 5000; x_wconf 73' lang='lat' dir='ltr'><strong>mn</strong></span> 
     </span>
     <span class='ocr_line' id='line_1_104' title="bbox 1859 5027 3425 5108; baseline -0.001 -14"><span class='ocrx_word' id='word_1_704' title='bbox 1859 5049 1979 5094; x_wconf 73' lang='lat' dir='ltr'><strong>non</strong></span> <span class='ocrx_word' id='word_1_705' title='bbox 2012 5047 2137 5094; x_wconf 71' lang='lat' dir='ltr'><strong>esso</strong></span> <span class='ocrx_word' id='word_1_706' title='bbox 2181 5027 2514 5101; x_wconf 60' lang='lat' dir='ltr'><strong>Clio-istum,</strong></span> <span class='ocrx_word' id='word_1_707' title='bbox 2554 5029 2659 5092; x_wconf 74' lang='lat' dir='ltr'><strong>sed</strong></span> <span class='ocrx_word' id='word_1_708' title='bbox 2688 5028 2764 5091; x_wconf 77' lang='lat' dir='ltr'><strong>ab</strong></span> <span class='ocrx_word' id='word_1_709' title='bbox 2795 5045 2863 5091; x_wconf 71' lang='lat' dir='ltr'><strong>eo</strong></span> <span class='ocrx_word' id='word_1_710' title='bbox 2899 5028 3089 5092; x_wconf 73' lang='lat' dir='ltr'><strong>etiam</strong></span> <span class='ocrx_word' id='word_1_711' title='bbox 3108 5029 3243 5108; x_wconf 74' lang='lat' dir='ltr'><strong>qui,</strong></span> <span class='ocrx_word' id='word_1_712' title='bbox 3284 5047 3425 5092; x_wconf 74' lang='lat' dir='ltr'><strong>om</strong></span> 
     </span>
     <span class='ocr_line' id='line_1_105' title="bbox 1861 5120 3424 5204; baseline -0.004 -17"><span class='ocrx_word' id='word_1_713' title='bbox 1861 5125 1972 5198; x_wconf 73' lang='lat' dir='ltr'><strong>eit,</strong></span> <span class='ocrx_word' id='word_1_714' title='bbox 2011 5128 2189 5204; x_wconf 59' lang='lat' dir='ltr'><strong>navat</strong></span> <span class='ocrx_word' id='word_1_715' title='bbox 2215 5141 2275 5186; x_wconf 74' lang='lat' dir='ltr'><strong>so</strong></span> <span class='ocrx_word' id='word_1_716' title='bbox 2302 5140 2429 5188; x_wconf 72' lang='lat' dir='ltr'><strong>ouo</strong></span> <span class='ocrx_word' id='word_1_717' title='bbox 2472 5120 2907 5186; x_wconf 70' lang='lat' dir='ltr'><strong>Christianmn.</strong></span> <span class='ocrx_word' id='word_1_718' title='bbox 2930 5122 3010 5182; x_wconf 88' lang='lat' dir='ltr'><strong>Et</strong></span> <span class='ocrx_word' id='word_1_719' title='bbox 3032 5120 3207 5185; x_wconf 83' lang='lat' dir='ltr'><strong>idem</strong></span> <span class='ocrx_word' id='word_1_720' title='bbox 3236 5121 3424 5185; x_wconf 84' lang='lat' dir='ltr'><strong>tradit</strong></span> 
     </span>
     <span class='ocr_line' id='line_1_106' title="bbox 1863 5212 3427 5295; baseline -0.004 -15"><span class='ocrx_word' id='word_1_721' title='bbox 1863 5218 2283 5295; x_wconf 80' lang='lat' dir='ltr'><strong>Hieronymus</strong></span> <span class='ocrx_word' id='word_1_722' title='bbox 2310 5233 2495 5295; x_wconf 84' lang='lat' dir='ltr'><strong>super</strong></span> <span class='ocrx_word' id='word_1_723' title='bbox 2520 5231 2655 5294; x_wconf 82' lang='lat' dir='ltr'><strong>cap.</strong></span> <span class='ocrx_word' id='word_1_724' title='bbox 2696 5216 2729 5274; x_wconf 81' lang='lat'><strong>1</strong></span> <span class='ocrx_word' id='word_1_725' title='bbox 2774 5213 2855 5274; x_wconf 87' lang='lat' dir='ltr'><strong>ad</strong></span> <span class='ocrx_word' id='word_1_726' title='bbox 2888 5214 3135 5288; x_wconf 84' lang='lat' dir='ltr'><strong>Titum,</strong></span> <span class='ocrx_word' id='word_1_727' title='bbox 3168 5213 3329 5278; x_wconf 83' lang='lat' dir='ltr'><strong>circa</strong></span> <span class='ocrx_word' id='word_1_728' title='bbox 3354 5212 3427 5274; x_wconf 86' lang='lat' dir='ltr'><strong>fi-</strong></span> 
     </span>
    </p>
   </div>
   <div class='ocr_carea' id='block_1_7' title="bbox 209 5305 3422 5492">
    <p class='ocr_par' dir='ltr' id='par_1_10' title="bbox 209 5305 3422 5492">
     <span class='ocr_line' id='line_1_107' title="bbox 209 5305 3422 5397; baseline -0.004 -18"><span class='ocrx_word' id='word_1_729' title='bbox 209 5333 332 5395; x_wconf 82' lang='lat' dir='ltr'><strong>per</strong></span> <span class='ocrx_word' id='word_1_730' title='bbox 379 5316 570 5378; x_wconf 85' lang='lat' dir='ltr'><strong>talem</strong></span> <span class='ocrx_word' id='word_1_731' title='bbox 597 5324 806 5378; x_wconf 84' lang='lat' dir='ltr'><strong>actum</strong></span> <span class='ocrx_word' id='word_1_732' title='bbox 843 5317 1136 5397; x_wconf 84' lang='lat' dir='ltr'><strong>perdatur</strong></span> <span class='ocrx_word' id='word_1_733' title='bbox 1167 5317 1416 5378; x_wconf 85' lang='lat' dir='ltr'><strong>interna</strong></span> <span class='ocrx_word' id='word_1_734' title='bbox 1459 5314 1612 5376; x_wconf 84' lang='lat' dir='ltr'><strong>fides</strong></span> <span class='ocrx_word' id='word_1_735' title='bbox 1626 5328 1650 5392; x_wconf 88' lang='lat'>;</span> <span class='ocrx_word' id='word_1_736' title='bbox 1677 5331 1787 5375; x_wconf 87' lang='lat' dir='ltr'><strong>ne-</strong></span> <span class='ocrx_word' id='word_1_737' title='bbox 1866 5328 2037 5386; x_wconf 86' lang='lat' dir='ltr'><strong>nem,</strong></span> <span class='ocrx_word' id='word_1_738' title='bbox 2062 5316 2125 5371; x_wconf 87' lang='lat' dir='ltr'><strong>et</strong></span> <span class='ocrx_word' id='word_1_739' title='bbox 2144 5309 2414 5372; x_wconf 84' lang='lat' dir='ltr'><strong>refertur</strong></span> <span class='ocrx_word' id='word_1_740' title='bbox 2438 5308 2508 5372; x_wconf 89' lang='lat' dir='ltr'><strong>in</strong></span> <span class='ocrx_word' id='word_1_741' title='bbox 2536 5325 2673 5386; x_wconf 86' lang='lat' dir='ltr'><strong>cap.</strong></span> <span class='ocrx_word' id='word_1_742' title='bbox 2690 5305 3181 5380; x_wconf 53' lang='lat' dir='ltr'><strong>Emistimatdl,</strong></span> <span class='ocrx_word' id='word_1_743' title='bbox 3206 5312 3422 5385; x_wconf 79' lang='lat' dir='ltr'><strong>quaest.</strong></span> 
     </span>
     <span class='ocr_line' id='line_1_108' title="bbox 209 5398 3419 5492; baseline -0.004 -22"><span class='ocrx_word' id='word_1_744' title='bbox 209 5427 344 5487; x_wconf 84' lang='lat' dir='ltr'><strong>que</strong></span> <span class='ocrx_word' id='word_1_745' title='bbox 375 5411 562 5471; x_wconf 81' lang='lat' dir='ltr'><strong>etiam</strong></span> <span class='ocrx_word' id='word_1_746' title='bbox 589 5417 898 5492; x_wconf 81' lang='lat' dir='ltr'><strong>repugnat</strong></span> <span class='ocrx_word' id='word_1_747' title='bbox 921 5410 1090 5491; x_wconf 89' lang='lat' dir='ltr'><strong>quod</strong></span> <span class='ocrx_word' id='word_1_748' title='bbox 1124 5410 1250 5472; x_wconf 85' lang='lat' dir='ltr'><strong>tale</strong></span> <span class='ocrx_word' id='word_1_749' title='bbox 1288 5415 1608 5488; x_wconf 85' lang='lat' dir='ltr'><strong>peccatum</strong></span> <span class='ocrx_word' id='word_1_750' title='bbox 1651 5425 1787 5486; x_wconf 86' lang='lat' dir='ltr'><strong>pos-</strong></span> <span class='ocrx_word' id='word_1_751' title='bbox 1868 5407 1926 5466; x_wconf 85' lang='lat'><strong>3.</strong></span> <span class='ocrx_word' id='word_1_752' title='bbox 1964 5403 2137 5466; x_wconf 86' lang='lat' dir='ltr'><strong>Idem</strong></span> <span class='ocrx_word' id='word_1_753' title='bbox 2174 5401 2365 5464; x_wconf 84' lang='lat' dir='ltr'><strong>habet</strong></span> <span class='ocrx_word' id='word_1_754' title='bbox 2401 5399 2757 5474; x_wconf 81' lang='lat' dir='ltr'><strong>Abulensis,</strong></span> <span class='ocrx_word' id='word_1_755' title='bbox 2797 5398 3017 5461; x_wconf 69' lang='lat' dir='ltr'><strong>Manli.</strong></span> <span class='ocrx_word' id='word_1_756' title='bbox 3072 5399 3172 5473; x_wconf 81' lang='lat'><strong>10,</strong></span> <span class='ocrx_word' id='word_1_757' title='bbox 3202 5403 3419 5477; x_wconf 75' lang='lat' dir='ltr'><strong>quaest.</strong></span> 
     </span>
    </p>
   </div>
   <div class='ocr_carea' id='block_1_8' title="bbox 211 5499 1784 5582">
    <p class='ocr_par' dir='ltr' id='par_1_11' title="bbox 211 5499 1784 5582">
     <span class='ocr_line' id='line_1_109' title="bbox 211 5499 1784 5582; baseline -0.002 -18"><span class='ocrx_word' id='word_1_758' title='bbox 211 5504 295 5564; x_wconf 76' lang='lat' dir='ltr'><strong>sit</strong></span> <span class='ocrx_word' id='word_1_759' title='bbox 335 5521 468 5565; x_wconf 82' lang='lat' dir='ltr'><strong>esse</strong></span> <span class='ocrx_word' id='word_1_760' title='bbox 500 5510 712 5566; x_wconf 87' lang='lat' dir='ltr'><strong>contra</strong></span> <span class='ocrx_word' id='word_1_761' title='bbox 737 5503 892 5565; x_wconf 85' lang='lat' dir='ltr'><strong>alias</strong></span> <span class='ocrx_word' id='word_1_762' title='bbox 920 5505 1214 5582; x_wconf 68' lang='lat' dir='ltr'><strong>virtutes3</strong></span> <span class='ocrx_word' id='word_1_763' title='bbox 1245 5521 1392 5564; x_wconf 87' lang='lat' dir='ltr'><strong>nam</strong></span> <span class='ocrx_word' id='word_1_764' title='bbox 1429 5519 1592 5576; x_wconf 77' lang='lat' dir='ltr'><strong>soepe</strong></span> <span class='ocrx_word' id='word_1_765' title='bbox 1619 5499 1784 5562; x_wconf 86' lang='lat' dir='ltr'><strong>idem</strong></span> 
     </span>
    </p>
   </div>
   <div class='ocr_carea' id='block_1_9' title="bbox 1873 5493 3427 5576">
    <p class='ocr_par' dir='ltr' id='par_1_12' title="bbox 1873 5493 3427 5576">
     <span class='ocr_line' id='line_1_110' title="bbox 1873 5493 3427 5576; baseline -0.005 -15"><span class='ocrx_word' id='word_1_766' title='bbox 1873 5499 2009 5560; x_wconf 75' lang='lat'>¹30.</span> <span class='ocrx_word' id='word_1_767' title='bbox 2046 5498 2269 5576; x_wconf 84' lang='lat' dir='ltr'><strong>Estque</strong></span> <span class='ocrx_word' id='word_1_768' title='bbox 2298 5497 2457 5558; x_wconf 85' lang='lat' dir='ltr'><strong>ratio</strong></span> <span class='ocrx_word' id='word_1_769' title='bbox 2482 5495 2669 5568; x_wconf 76' lang='lat' dir='ltr'><strong>clara,</strong></span> <span class='ocrx_word' id='word_1_770' title='bbox 2698 5493 2847 5570; x_wconf 79' lang='lat' dir='ltr'><strong>quia</strong></span> <span class='ocrx_word' id='word_1_771' title='bbox 2869 5493 2979 5571; x_wconf 85' lang='lat' dir='ltr'><strong>qui</strong></span> <span class='ocrx_word' id='word_1_772' title='bbox 3008 5499 3198 5572; x_wconf 78' lang='lat' dir='ltr'><strong>negat</strong></span> <span class='ocrx_word' id='word_1_773' title='bbox 3212 5511 3275 5556; x_wconf 89' lang='lat' dir='ltr'><strong>se</strong></span> <span class='ocrx_word' id='word_1_774' title='bbox 3296 5510 3427 5554; x_wconf 85' lang='lat' dir='ltr'><strong>esse</strong></span> 
     </span>
    </p>
   </div>
  </div>
 </body>
</html>
