3900 6217
619 456 788 508 SECT.
825 456 908 508 111.
944 456 1028 507 AN
1061 454 1323 507 emeno
1355 454 1809 508 HAERETICORUM
1841 454 1926 506 An
1959 454 2373 507 DEPONENDAM
2404 456 2712 519 HAERESffl,
2744 458 2879 509 mc.

178 558 406 637 gatione
457 554 687 635 aliquid
731 554 1019 617 faciendi.
1065 556 1270 615 Prima
1299 572 1444 634 ergo
1499 570 1704 615 neees-

177 652 306 711 sitas
331 653 629 727 repugnat
655 646 801 709 fidei
849 666 928 709 ex
953 650 1017 708 vi
1057 647 1356 709 libertatis
1402 648 1480 707 ad
1527 646 1700 707 illam

172 742 476 820 requisitae.
512 742 592 801 At
633 759 780 802 vero
831 740 966 801 haec
1007 741 1266 819 paenalis
1322 740 1551 801 coactio
1575 758 1704 800 non

172 834 390 895 inducit
439 833 602 894 hanc
639 835 1086 907 necessitatem,
1132 841 1203 896 ut
1253 852 1365 912 per
1394 850 1458 893 se
1486 840 1702 893 notum

171 936 271 1003 est,
303 933 362 988 et
403 928 540 987 ideo
580 946 707 987 uon
755 933 1063 1005 repugnat
1087 926 1360 987 libertati
1402 925 1478 985 ad
1519 924 1706 985 fidem

171 1021 456 1099 requisitae
475 1036 494 1095 ;
529 1022 656 1080 imo
698 1020 776 1080 ad
804 1019 976 1081 illam
1002 1020 1178 1099 juvat
1212 1019 1561 1079 inducendo
1593 1018 1707 1077 ho-

169 1115 381 1173 minem
411 1119 482 1171 ut
517 1112 708 1174 libere
754 1113 1000 1189 credat;
1034 1119 1094 1173 et
1134 1113 1414 1191 quamvis
1441 1112 1504 1170 iu
1537 1112 1706 1189 prin-

169 1207 310 1285 cipio
335 1206 470 1265 talis
509 1206 742 1265 coactio
791 1204 1002 1284 aliquo
1049 1206 1234 1265 modo
1271 1204 1556 1264 videatur
1587 1202 1703 1261 mi-

174 1318 344 1359 nuere
393 1298 876 1359 indifferentiam
927 1297 1253 1371 libertatis,
1301 1294 1704 1356 nihilominus

168 1391 437 1469 relinquit
465 1398 672 1452 actum
713 1390 1072 1468 simpliciter
1094 1390 1383 1463 liberum,
1415 1395 1476 1448 et
1497 1389 1704 1447 minus

169 1484 382 1545 malum
410 1490 502 1543 est
537 1484 622 1543 sic
650 1483 920 1556 credere,
966 1500 1156 1561 quam
1191 1482 1552 1561 simpliciter
1577 1498 1704 1540 non

173 1576 417 1637 credere.
460 1576 541 1637 Et
566 1576 788 1637 deinde
815 1576 946 1654 ipsa
973 1575 1220 1635 vexatio
1247 1575 1400 1634 solet
1427 1573 1574 1634 dare
1601 1574 1704 1633 in-

169 1668 482 1743 tellectum,
500 1675 572 1728 ut
591 1670 720 1748 jam
748 1667 936 1729 homo
959 1686 1102 1728 cum
1128 1668 1394 1748 perfecta
1421 1666 1704 1726 libertate

169 1762 371 1823 eredat.
394 1762 568 1833 Quod
589 1762 638 1821 si
661 1761 978 1823 interdum
1001 1762 1372 1839 contingunt
1399 1758 1704 1819 simulatas

175 1856 601 1927 conversioneS,
632 1852 790 1914 illud
835 1862 930 1915 est
965 1853 1471 1927 accidentarium,
1513 1857 1574 1911 et
1628 1867 1704 1909 ex

171 1947 384 2008 malitia
419 1946 771 2023 hominum,
805 1954 867 2007 et
893 1954 1146 2026 propter
1173 1946 1426 2006 vitanda
1467 1944 1706 2022 majora

169 2040 310 2100 mala
351 2040 754 2117 permittitur.
789 2040 869 2101 At
912 2058 1060 2100 vero
1097 2040 1368 2099 secundo
1406 2037 1590 2097 modo
1617 2036 1706 2095 lo-

168 2132 388 2213 quendo
415 2133 493 2194 dc
537 2133 848 2209 libertate,
883 2132 970 2193 sic
1009 2132 1162 2192 fides
1191 2150 1317 2191 non
1364 2137 1458 2192 est
1485 2130 1700 2205 libera,

172 2228 486 2307 praesertim
509 2227 578 2286 in
607 2226 953 2305 baptizem,
971 2226 1134 2305 quod
1159 2225 1296 2285 dico
1323 2223 1472 2303 quia
1494 2224 1559 2284 in
1589 2222 1706 2282 hoc

169 2320 436 2379 differunt
456 2338 494 2379 a
525 2338 654 2379 non
675 2318 1012 2398 baptizatis,
1040 2335 1185 2378 nam
1214 2318 1346 2378 istis
1365 2317 1555 2377 etiam
1577 2332 1704 2376 non

173 2418 249 2473 est
281 2412 534 2472 omnino
578 2411 772 2472 libera
827 2410 1002 2486 fides,
1035 2411 1182 2491 quia
1223 2405 1580 2488 obligantur
1624 2426 1706 2469 ex

175 2510 452 2583 praecepto
488 2504 708 2565 divino
755 2504 835 2565 ad
883 2504 1054 2565 illam
1105 2503 1588 2583 suscipiendam3
1613 2508 1703 2561 ta-

171 2616 292 2658 men
315 2598 418 2658 illa
452 2596 755 2677 obligatio
783 2595 982 2657 solum
1011 2603 1102 2657 est
1130 2600 1414 2676 respectu
1439 2594 1570 2655 Dei.
1625 2594 1703 2653 At

171 2706 294 2749 vero
329 2690 622 2769 baptizati
649 2688 1008 2767 obligantur
1035 2695 1096 2751 et
1143 2689 1264 2749 Deo
1308 2692 1372 2749 et
1416 2686 1699 2749 Ecclesiae

169 2782 382 2843 ratione
407 2782 728 2863 baptismi,
772 2790 834 2844 et
871 2782 1010 2843 ideo
1055 2781 1404 2861 specialiter
1447 2787 1704 2859 possunt

169 2872 236 2931 ab
273 2872 542 2935 Ecclesia
597 2874 760 2953 cogi,
807 2874 909 2934 vel
957 2874 1034 2935 ad
1077 2872 1597 2953 perseverandum
1636 2874 1704 2934 in

168 2964 277 3041 illa,
301 2966 390 3026 vel
416 2967 492 3027 ad
525 2966 919 3027 redeundum
948 2966 1027 3028 ad
1045 2967 1238 3029 illam.
1273 2968 1480 3045 Neque
1503 2965 1705 3027 obstat

169 3058 306 3136 quod
333 3058 480 3120 fides
508 3061 596 3120 sit
618 3060 851 3120 donum
879 3060 1010 3134 Dei,
1041 3056 1186 3139 quia
1213 3060 1416 3137 gratia
1437 3060 1548 3119 Dei
1575 3074 1706 3119 om·

169 3150 328 3211 nibus
357 3159 578 3231 parata
606 3158 723 3228 est,
749 3158 822 3212 ut
847 3152 1082 3232 possint
1113 3159 1176 3212 et
1199 3152 1394 3213 velint
1421 3152 1699 3229 credere3

173 3245 434 3305 correctio
461 3250 679 3306 autem
725 3244 964 3305 inducit
987 3245 1304 3305 hominem
1331 3249 1402 3304 ut
1421 3260 1704 3323 coopere-

167 3340 254 3395 tur
273 3338 477 3415 gratiae
501 3338 643 3413 Dei,
675 3344 738 3399 et
767 3338 855 3397 sic
883 3337 1110 3398 dicitur
1137 3335 1428 3398 Proverb.
1450 3338 1552 3411 29,
1583 3336 1706 3397 vio·-

170 3446 286 3509 yam
301 3436 356 3493 et
391 3434 814 3495 correctionem
833 3432 1094 3493 tribuere
1117 3431 1501 3511 sapientiam.

239 3525 326 3585 18.
375 3524 643 3598 Qum-vm
670 3525 758 3588 eit
781 3542 984 3607 ooyere
1008 3541 1080 3587 ac
1109 3523 1330 3605 punire
1369 3524 1700 3585 Jeoeretioos.

173 3648 239 3661 —
286 3616 497 3680 Prima
560 3618 866 3681 sententia
940 3616 1224 3681 hmo-etim
1291 3615 1590 3696 rejicitur.
1621 3646 1706 3661 —

89 3745 99 3755 ·
175 3708 504 3789 Priusquam
561 3710 646 3769 ad
691 3710 816 3772 duo
841 3708 964 3771 alia
995 3718 1366 3789 argumenta
1408 3708 1477 3768 in
1523 3726 1699 3770 num.

173 3803 204 3859 1
227 3808 280 3860 et
311 3804 346 3863 5
367 3802 570 3881 posita
595 3802 1028 3882 respondeam,
1055 3803 1213 3863 sicut
1241 3802 1305 3862 in
1341 3801 1466 3863 fine
1492 3802 1704 3862 sectio-

172 3894 252 3952 nis
269 3894 564 3971 indicab0,
589 3894 855 3957 dubium
885 3913 1093 3975 grave,
1115 3902 1180 3957 et
1201 3895 1298 3956 his
1325 3894 1704 3973 temporibus

171 3988 571 4063 necessarium,
621 3988 1072 4069 expediendum
1121 3996 1250 4065 est3
1291 3986 1590 4048 nimirum
1635 3988 1702 4047 in

174 4078 366 4155 quibus
389 4080 671 4160 personis
700 4082 779 4141 sit
831 4080 966 4141 haec
989 4086 1262 4161 potestas
1287 4081 1549 4159 cogendi
1579 4079 1700 4139 hae·

60 4212 63 4229 ,
175 4172 380 4235 reticos,
413 4174 572 4235 Sunt
599 4174 772 4235 enim
814 4174 883 4234 in
921 4174 1188 4235 Eoelesia
1230 4180 1292 4234 et
1333 4172 1706 4252 temporales

177 4263 446 4346 principes
473 4272 538 4328 et
565 4265 963 4327 ecclesiastici
984 4252 1256 4371 praelatij
1294 4264 1566 4326 dubitari
1605 4283 1706 4323 er·-

177 4372 240 4430 go
267 4364 446 4435 potest
473 4376 558 4419 an
609 4358 743 4419 haec
787 4365 1056 4438 potestas
1101 4362 1182 4419 sit
1218 4358 1285 4419 in
1325 4356 1701 4438 principibus

175 4447 334 4508 velin
359 4450 648 4529 praelatis.
697 4452 767 4512 In
801 4470 924 4531 quo
951 4457 1184 4532 puncto
1213 4452 1416 4531 prima
1455 4458 1701 4511 seuten-

173 4540 246 4601 tia
269 4560 384 4604 esse
409 4552 633 4623 potest,
655 4550 852 4605 totam
889 4544 1052 4606 hanc
1081 4550 1472 4625 potestatem,
1496 4543 1694 4647 quoad

177 4638 474 4715 utrumque
503 4638 864 4699 coactionis
872 4639 1150 4713 modum,
1185 4654 1314 4697 esse
1357 4636 1425 4697 in
1472 4635 1698 4713 princi-

177 4726 326 4802 pibus
364 4732 830 4811 temporalibus.
891 4732 1068 4793 Hanc
1121 4748 1268 4793 vero
1327 4730 1698 4791 sententiam

180 4824 388 4881 tautum
424 4823 519 4883 1111
571 4823 845 4887 haeretici
899 4830 1246 4905 sequuntur
1266 4869 1285 4898 ,
1337 4823 1447 4902 qui
1488 4822 1702 4883 dicunt

177 4916 342 4972 totam
363 4914 852 4991 jurisdictionem
887 4917 1192 4992 Ecclesiae,
1245 4922 1376 4976 tam
1416 4915 1483 4975 in
1524 4914 1702 4993 spiri-

179 5004 628 5086 tualibus‘quam
672 5010 740 5069 in
777 5010 1248 5090 temporalibuS,
1274 5024 1404 5069 esse
1457 5008 1524 5067 in
1553 5006 1699 5067 solis

180 5096 417 5174 regibus,
447 5108 509 5161 et
557 5102 952 5181 imperatore,
982 5102 1241 5181 aliisque
1289 5099 1696 5180 principibu³‚

181 5186 236 5247 in
258 5208 368 5268 quo
391 5208 601 5255 errore
623 5194 721 5255 his
763 5194 1143 5273 temporibus
1187 5193 1527 5273 praesertim
1575 5190 1698 5251 Au·

184 5279 288 5357 glia
307 5290 572 5348 versatur
587 5308 606 5362 3
641 5308 770 5350 non
816 5294 910 5349 est
939 5295 1151 5348 tamen
1179 5287 1296 5347 hoc
1333 5285 1468 5346 loco
1496 5286 1695 5365 impu-

186 5376 472 5454 gnandus3
503 5386 598 5440 est
641 5382 809 5442 enim
847 5387 912 5442 et
943 5379 1279 5460 disputatio
1311 5376 1697 5456 longissima,

186 5472 290 5527 eta
311 5475 584 5549 praesenti
613 5476 891 5536 instituto
919 5476 1147 5548 aliena,
1190 5480 1254 5533 et
1281 5478 1495 5533 contra
1525 5472 1702 5531 illum

189 5576 422 5624 errorem
466 5566 661 5627 multa
698 5568 794 5629 his
835 5567 1214 5649 temporibus
1255 5566 1486 5645 scripta
1534 5570 1697 5640 sunt,

3226 457 3344 515 515

1783 554 2122 633 praesertim
2150 572 2186 614 a
2211 555 2526 630 Bellarm.,
2542 561 2695 616 tom.
2721 559 2750 617 1
2773 576 2789 628 ;
2816 563 2878 618 et
2905 574 3021 635 ego
3045 560 3346 622 nonnulla

1782 647 1962 724 attigi
1990 648 2057 706 iu
2096 647 2207 707 lib.
2238 650 2275 707 3
2314 648 2700 710 Defensiouis
2726 649 2871 711 fidei
2894 668 2933 710 a
2959 668 3093 729 cap.
3132 654 3191 714 7.

1866 742 1965 801 19.
2016 738 2296 803 Secunda
2364 742 2664 804 sententia
2725 742 2906 804 etiam
2975 760 3239 807 manea.
3264 779 3346 793 —

1785 832 2023 893 Omissa
2046 850 2195 909 ergo
2212 831 2328 893 hac
2354 832 2597 909 haeresi,
2618 840 2708 895 est
2730 834 2853 895 alia
2882 838 3188 897 sententia
3208 856 3343 917 quoe

1785 925 2113 1002 distinguit
2140 926 2303 985 inter
2353 925 2459 985 illa
2494 927 2617 985 cluo
2648 944 2876 1005 genera
2928 930 3344 1008 coactiouum‚

1785 1023 1848 1077 ct
1894 1017 2279 1095 spiritualem
2318 1016 2537 1077 tribuit
2586 1018 2851 1098 praelatis
2902 1022 3224 1097 Ecclesiae,
3283 1031 3345 1085 et

1785 1110 2125 1189 praesertim
2148 1110 2406 1170 Summo
2430 1110 2733 1186 Pontifici,
2766 1115 3169 1193 temporalem
3195 1132 3341 1176 vero

1783 1209 1842 1262 et
1868 1202 2250 1281 corporalem
2284 1202 2661 1281 priucipibus
2690 1205 3133 1284 temporalibus
3153 1223 3176 1284 ς
3208 1209 3339 1269 haec

1781 1296 1902 1355 suit
1929 1296 2236 1356 sententia
2288 1295 2543 1355 Marsilii
2589 1297 2889 1373 Patavini,
2921 1316 3103 1379 quam
3133 1308 3344 1378 postea

1783 1388 2059 1448 defendit
2102 1387 2350 1449 Guillel.
2400 1388 2743 1467 Barclaius3
2771 1396 2834 1450 et
2886 1391 3219 1453 novissime
3264 1395 3343 1457 de

1782 1482 1899 1542 hac
1929 1500 1997 1542 re
2040 1481 2281 1561 scripsit
2305 1482 2371 1543 in
2419 1482 2693 1544 favorem
2727 1485 3077 1564 prinprum
3110 1492 3346 1567 tempo·

1781 1575 2007 1635 ralium
2035 1575 2290 1655 quidam
2320 1576 2618 1636 ementito
2640 1578 2895 1637 nomine
2924 1578 3199 1657 Rogerus
3218 1582 3346 1642 An-

1784 1668 1943 1745 glus,
1974 1667 2083 1747 qni
2132 1684 2197 1727 se
2232 1667 2618 1728 Catholicum
2654 1670 2993 1747 profitetur,
3026 1678 3088 1732 et
3118 1672 3346 1734 nihilo-

1785 1760 1995 1819 minus
2041 1758 2214 1835 dicit,
2245 1760 2311 1819 in
2336 1760 2601 1839 praelatis
2646 1762 2926 1823 Ecclesiae
2959 1781 3037 1823 ex
3085 1766 3150 1823 vi
3176 1766 3344 1843 ‘juris

1784 1852 1982 1911 divini
2024 1850 2222 1912 solum
2264 1870 2392 1913 esse
2423 1859 2787 1933 potestatem
2840 1856 2919 1915 ad
2956 1857 3342 1935 spiritualem

1785 1945 2228 2009 correctionem
2243 1958 2264 2020 3
2322 1944 2400 2005 ad
2470 1947 2878 2026 temporalem
2942 1966 3090 2009 vero
3144 1950 3344 2012 solum

1785 2044 2090 2115 quatenus
2116 2038 2205 2097 eis
2233 2056 2271 2097 a
2296 2036 2546 2115 regibus
2572 2039 2671 2100 vel
2698 2040 3077 2119 principibus
3102 2048 3344 2123 tempo·

1784 2126 2021 2189 ralibus
2074 2130 2457 2209 permittitur
2520 2148 2591 2192 ac
2639 2133 2995 2193 conceditur
3011 2149 3031 2209 ;
3080 2150 3208 2194 non
3254 2143 3347 2197 est

1785 2223 1955 2282 enim
1986 2240 2173 2283 ausus
2202 2221 2482 2285 absolute
2512 2240 2739 2303 negare
2764 2225 3113 2305 pastoribus
3144 2228 3344 2290 Eccle-

1783 2316 1888 2376 siae
1917 2316 2078 2376 hanc
2120 2322 2503 2395 potestatem,
2536 2336 2617 2379 ne
2644 2318 3051 2381 universalem
3082 2326 3146 2380 et
3184 2323 3347 2382 anti-

1786 2427 1975 2488 quam
2033 2410 2545 2471 consuetudinem
2586 2411 2867 2473 Ecclesioe
2909 2411 3257 2489 damnaret,
3282 2424 3346 2475 et

1782 2503 2175 2581 tyrannicam
2204 2520 2335 2565 esse
2364 2504 2545 2564 fateri
2574 2510 2920 2583 cogeretur.
2942 2506 3109 2566 Dixit
3135 2515 3345 2569 autem

1782 2594 2141 2674 hujusmodi
2168 2602 2537 2675 potestatem
2567 2614 2847 2657 manasse
2888 2615 2926 2657 a
2964 2598 3347 2678 principibus

1781 2688 2224 2767 temporalibus
2278 2690 2357 2749 ad
2406 2689 2756 2768 spirituales
2797 2690 3102 2768 praelatos,
3146 2698 3217 2751 ut
3258 2694 3349 2753 ita

1783 2778 2145 2840 defenderet
2168 2780 2349 2860 (quod
2374 2782 2682 2863 praecipue
2702 2781 2993 2859 intendit)
3014 2801 3141 2843 non
3170 2802 3345 2863 posse

1783 2872 2111 2932 Summum
2143 2873 2502 2933 Pontificem
2558 2891 2735 2952 reges
2780 2876 2847 2935 in
2901 2878 3345 2956 temporalibus

1781 2981 2124 3042 supremoS,
2148 2966 2337 3026 etiam
2370 2966 2687 3027 haereticos
2728 2966 3091 3045 pertinaces,
3113 2975 3233 3032 tem
3239 2990 3347 3051 po-

1783 3056 1997 3117 raliter
2022 3056 2261 3134 punire.
2864 3090 2869 3097 ·
3348 3130 3357 3139 ,

1863 3150 1967 3211 20.
2010 3149 2179 3229 Ejus
2209 3154 2627 3233 arqumentum
2669 3154 2940 3234 primum
2986 3170 3061 3217 ece
3109 3156 3341 3219 Mutela.

1785 3242 1981 3303 18.-
2004 3242 2447 3325 Armenium
2470 3247 2790 3308 seeundum
2818 3264 2891 3309 eoe
2909 3249 2948 3307 2
2980 3246 3117 3310 Gor.
3150 3250 3249 3309 10.
3266 3280 3347 3297 --

1785 3333 2220 3417 Arywmentum
2245 3340 2491 3401 tertium
2519 3354 2592 3400 ex
2620 3340 2851 3403 Mami.
2880 3344 2984 3418 26,
3016 3340 3342 3404 etta—Ar-

1783 3434 2129 3508 yumentum
2172 3437 2457 3510 quartum
2480 3448 2553 3494 eze
2594 3432 2997 3496 Patribus.-—
3012 3432 3345 3514 Aryumen-

1785 3526 1914 3583 tum
1956 3522 2233 3603 quintum
2276 3540 2351 3585 ese
2388 3542 2527 3587 usu.
2543 3557 2626 3571 —
2644 3524 3084 3606 Arqumentum
3110 3525 3346 3589 sea-tum

1785 3632 1858 3676 ex
1892 3616 2149 3677 ratione.
2167 3648 2250 3663 --
2272 3615 2547 3677 Fundat-i
2586 3624 2787 3697 potest
2814 3620 3017 3698 primo
3045 3620 3147 3679 hic
3173 3637 3348 3680 error

1784 3708 1852 3768 in
1907 3708 2112 3768 verbis
2170 3708 2413 3777 Christi.
2442 3710 2661 3771 Matth.
2718 3712 2796 3771 18
2822 3726 2839 3771 ε
2886 3711 2967 3775 Si
2999 3710 3345 3776 Ecclesiam

1773 3812 1902 3863 non
1930 3800 2217 3875 audiem't,
2246 3800 2331 3864 sit
2359 3802 2469 3865 tibi
2512 3808 2801 3885 tanquam
2840 3805 3115 3867 ethnicus
3138 3814 3193 3867 et
3229 3822 3349 3885 pu-

1783 3892 2054 3956 blicanus
2070 3918 2099 3967 ;
2122 3910 2266 3954 nam
2293 3894 2362 3954 in
2392 3895 2479 3956 eis
2502 3896 2921 3974 significatum
2940 3897 3210 3974 videtur,
3240 3918 3349 3979 po·

1781 3992 2068 4047 testatem
2132 3986 2415 4048 Ecclesiae
2491 3990 2560 4048 in
2613 4006 2876 4050 censura
2941 3989 3349 4052 ecelesiastica

1784 4080 2130 4155 terminari,
2162 4086 2224 4141 et
2250 4080 2473 4141 deinde
2524 4097 2650 4142 non
2684 4083 2881 4161 magis
2912 4100 3084 4163 posse
3130 4102 3347 4163 cogere

1783 4172 2105 4233 hominem
2148 4174 2235 4234 sic
2271 4173 2587 4249 rebellem,
2618 4192 2807 4254 quam
2848 4175 3165 4238 infidelem
3214 4194 3346 4238 om-

1787 4267 1940 4326 nino
1986 4273 2165 4327 extra
2221 4267 2555 4329 Ecclesiam
2602 4263 2997 4331 existentem.
3039 4270 3345 4346 Secundo,

1787 4358 2096 4420 inducunt
2122 4358 2311 4421 verba
2347 4359 2453 4421 illa
2488 4360 2689 4435 Pauli,
2719 4364 2759 4422 2
2799 4363 2877 4422 ad
2918 4362 3193 4423 Corinth.
3232 4364 3344 4424 10.

1783 4452 1981 4514 Arma
2008 4452 2253 4516 militia
2291 4458 2517 4515 nostroe
2555 4468 2675 4515 uon
2724 4454 3002 4517 earnalia
3044 4460 3208 4531 mut,
3242 4458 3350 4519 sed

1773 4544 2047 4650 putealia
2068 4546 2213 4621 Deo,
2242 4551 2362 4605 etc.
2407 4546 2482 4605 Et
2506 4547 2594 4605 ita
2618 4547 2858 4625 quoties
2882 4548 3049 4609 idem
3085 4550 3343 4627 Aposto-

1779 4637 1921 4697 lus'
1904 4655 1971 4697 m
1998 4637 2126 4697 suis
2152 4636 2425 4717 epistolis
2454 4645 2671 4700 contra
2697 4639 3021 4701 haereticos
3044 4642 3197 4719 agit,
3219 4644 3342 4701 uti-

1782 4737 1884 4789 tur
1923 4729 2231 4808 spirituali
2262 4748 2544 4805 censura,
2583 4732 2704 4806 vel,
2732 4739 2803 4792 ut
2828 4734 2958 4812 ipse
3002 4734 3113 4809 ait,
3138 4735 3342 4816 pladio

1781 4821 2066 4903 spiritus,
2092 4824 2251 4903 quod
2273 4828 2362 4885 est
2385 4824 2626 4886 verbum
2664 4825 2779 4887 Dei
2798 4849 2823 4897 ;
2848 4832 2910 4886 et
2950 4844 2985 4886 e
3006 4830 3338 4904 contrari0,

1781 4915 1862 4976 ad
1889 4916 2153 4976 Roman.
2201 4917 2279 4977 13
2317 4916 2395 4977 de
2425 4916 2555 4977 solo
2598 4920 2965 4995 magistratu
3017 4923 3343 4999 temporali

1781 5009 1935 5070 dicit
1969 5028 1982 5072 :
2034 5009 2181 5073 Non
2247 5012 2378 5071 sine
2423 5028 2609 5073 eausa
2664 5010 2935 5091 gladiwm
2976 5018 3221 5093 porta&
3264 5034 3341 5076 ex

1781 5120 1904 5181 quo
1950 5102 2085 5163 loco
2136 5102 2326 5163 etiam
2352 5102 2646 5163 Catholici
2676 5104 2979 5183 colligunt
3012 5106 3341 5168 Ecclesiam

1781 5213 1893 5274 per
1918 5194 2225 5274 principes
2258 5195 2625 5274 temporales
2670 5211 2846 5275 posse
2898 5198 3103 5275 gladio
3148 5206 3345 5261 mate·

1781 5286 1923 5347 riali
1970 5293 2185 5347 contra
2220 5286 2539 5347 haereticos
2587 5289 2705 5365 uti,
2755 5294 2827 5348 ut
2881 5289 3091 5351 videre
3134 5299 3227 5351 est
3274 5294 3343 5353 in

1782 5379 2098 5452 Bellarm„
2130 5378 2271 5438 libr.
2310 5380 2349 5438 3
2376 5379 2453 5440 de
2480 5380 2699 5456 LaiciS,
2728 5399 2861 5462 cap.
2888 5386 2953 5443 21
2985 5405 3000 5455 3
3033 5390 3095 5444 et
3118 5385 3338 5461 Castr.,

1782 5472 1890 5533 lib.
1935 5472 1980 5532 2<
2012 5472 2088 5532 de
2131 5472 2305 5531 Justa
2348 5472 2541 5535 heret.
2580 5476 2806 5554 punit„
2839 5496 2976 5556 cap.
3012 5478 3073 5537 3.
3108 5478 3339 5552 Tertio,

1783 5564 1903 5626 hoc
1925 5646 1930 5649 Ι
1950 5562 2327 5626 confirmant
2370 5582 2449 5627 ex
2490 5567 2694 5629 verbis
2722 5569 2948 5631 Christi
2996 5568 3238 5631 Domini
3263 5568 3341 5630 ad
