3900 6217
549 349 720 404 SECT.
757 353 836 405 lv,
873 351 1012 414 Quls
1046 352 1141 404 sn·
1173 353 1396 408 JUSTUS
1433 354 1697 406 TlTULUS
1729 353 1924 416 BELLl,
1962 352 2203 406 STANDO
2238 353 2299 404 m
2334 351 2604 404 RATIONE
2638 351 2970 403 NATURALI-

115 469 362 512 eorum
391 460 504 529 est,
531 453 676 533 quia
709 453 908 514 solum
941 453 1004 512 in
1041 454 1183 531 jure
1209 455 1514 534 excipitur
1539 473 1713 515 casus

113 547 408 625 propriae
437 545 832 621 defensionis„
869 547 936 606 in
984 546 1367 608 Clementina
1410 548 1488 612 Si
1513 549 1713 626 surio·

115 657 276 714 sus,
316 640 392 702 de
441 640 809 702 Homicidio.
857 641 934 702 Et
981 639 1406 717 confirmatur,
1455 659 1602 702 nam
1645 642 1711 702 in

116 733 342 810 capite
389 732 495 794 illo
539 733 794 808 Petitio,
823 733 898 793 de
946 733 1310 806 Homicidio‚
1342 735 1406 794 in
1443 733 1710 813 quodam

117 823 308 885 bello
332 826 504 903 justo
531 825 903 888 defensionis
931 827 1164 906 proprii
1191 827 1423 906 oppidi,
1458 844 1710 904 respon-

115 917 245 978 det
289 919 571 981 Pontifex
607 919 948 982 consultius
990 938 1118 980 esse
1160 926 1230 980 ut
1272 919 1478 982 clerici
1507 921 1572 981 in
1603 921 1710 982 illo

115 1008 306 1072 bello
337 1031 402 1073 se
425 1012 778 1074 abstineant
803 1013 882 1076 ab
909 1012 1117 1074 altaris
1145 1013 1509 1082 ministerio.
1537 1020 1598 1076 et
1624 1015 1712 1076 ita

115 1105 505 1184 simpliciter
546 1105 717 1168 hunc
761 1112 1002 1168 textum
1048 1106 1297 1167 adducit
1330 1108 1400 1169 D.
1448 1107 1714 1169 Thomas

115 1198 196 1256 2.
233 1201 296 1273 2,
325 1206 542 1278 quaest.
573 1200 673 1274 64,
705 1198 948 1286 articul.
981 1202 1044 1274 7,
1075 1199 1151 1258 ad
1182 1203 1241 1262 3.
1273 1201 1506 1262 Verum
1531 1207 1622 1261 est
1648 1201 1710 1262 id

119 1291 504 1370 responderi
551 1294 843 1372 potuisse,
888 1292 1033 1371 quia
1070 1293 1322 1354 fortasse
1367 1293 1458 1353 illi
1506 1293 1709 1354 clerici

121 1392 536 1446 excesserant
559 1385 791 1449 limites
819 1387 1084 1466 propriae
1110 1387 1504 1448 defensioniS.
1537 1387 1712 1448 Unde

119 1477 252 1539 alii
285 1486 558 1555 censent,
586 1499 699 1542 nec
727 1479 1236 1561 improbabiliter,
1265 1498 1711 1562 quemcumque

119 1569 310 1632 licite
367 1579 746 1652 pugnantem
796 1593 922 1634 non
975 1590 1224 1634 manere
1280 1574 1708 1653 irregularem,

127 1666 390 1726 etiamsi
421 1666 680 1729 clericus
704 1669 784 1728 sit
812 1675 874 1728 et
899 1667 1150 1730 occidat.
1180 1666 1302 1729 Alii
1325 1667 1390 1728 id
1414 1668 1708 1744 limitant,

125 1762 394 1840 quando
439 1761 511 1822 fit
553 1763 620 1823 in
666 1762 1084 1824 defensionem
1137 1762 1284 1824 boni
1328 1765 1707 1837 communis,

127 1854 312 1933 quod
343 1873 470 1916 non
511 1857 710 1916 solum
753 1856 1192 1937 aequiparatur,
1236 1855 1342 1918 sed
1385 1857 1712 1936 praefertur

126 1947 336 2010 etiam
366 1950 628 2028 propriae
661 1952 830 2024 vitoe,
855 1969 926 2011 ac
953 1950 1180 2030 poterit
1215 1950 1528 2011 interdum
1559 1950 1711 2012 obli-

129 2059 295 2120 gare
319 2042 398 2103 ad
421 2062 722 2123 pugnam.
744 2047 919 2105 Tunc
937 2062 1121 2124 porro
1144 2044 1293 2104 mihi
1320 2043 1447 2104 fere
1473 2051 1709 2104 certum

127 2145 233 2196 est
276 2153 405 2196 non
447 2137 726 2198 contrahi
772 2137 1290 2217 irregularitatem
1320 2141 1363 2212 ¹,
1393 2144 1580 2216 atquc
1624 2137 1713 2198 ita

129 2229 332 2290 sentit
367 2229 700 2308 Sylvester‚
743 2231 932 2291 verbo
972 2231 1238 2303 Bellum,
1271 2233 1329 2304 3,
1380 2237 1598 2309 quaest.
1645 2233 1706 2306 2,

129 2328 278 2382 tum
309 2323 456 2402 quia
485 2342 610 2384 non
637 2331 730 2384 est
751 2324 978 2385 rationi
1005 2328 1509 2397 cousentaneum,
1537 2323 1710 2384 dam-

131 2433 300 2475 num
337 2418 634 2496 reportari
664 2435 740 2478 ex
773 2419 1034 2490 actione,
1071 2417 1150 2478 ad
1182 2436 1367 2497 quam
1407 2437 1482 2478 ex
1513 2417 1710 2478 chari-

133 2514 268 2568 tate
317 2509 667 2588 obligamur
707 2511 1101 2590 simpliciter3
1147 2515 1283 2570 tum
1329 2511 1518 2572 etiam
1563 2513 1711 2590 quia

131 2601 258 2662 hac
301 2601 540 2664 ratione
579 2603 738 2664 dixit
783 2605 1104 2683 CaJetanus
1143 2605 1204 2664 2.
1245 2607 1306 2678 2,
1351 2611 1570 2683 quaest.
1607 2608 1707 2680 33,

133 2700 260 2755 art.
294 2697 355 2770 7,
400 2714 530 2756 non
567 2696 701 2757 fieri
743 2697 1177 2775 irregularem,
1209 2697 1318 2775 qui
1358 2705 1603 2759 accusat
1643 2699 1711 2760 in

135 2806 289 2848 casu
327 2787 661 2862 criminali,
695 2808 839 2850 cum
877 2795 1147 2850 tenetur.
1179 2791 1244 2850 Si
1286 2809 1430 2852 vero
1477 2791 1710 2852 bellum

135 2881 224 2942 sit
269 2880 538 2960 licitum,
583 2900 708 2943 non
747 2890 958 2944 tamen
992 2882 1108 2944 suh
1148 2883 1564 2962 obligatione,
1611 2904 1710 2946 res

133 2981 234 3034 est
265 2976 440 3037 valde
465 2976 678 3050 dubia,
709 2995 782 3037 eo
807 2977 972 3057 quod
999 2982 1148 3038 tunc
1175 2996 1299 3037 non
1333 2985 1550 3056 urgeat
1576 2979 1708 3039 ine-

133 3067 413 3128 vitabilis
451 3071 776 3130 necessitas
788 3087 807 3148 3
837 3071 1110 3132 securius
1154 3088 1302 3148 ergo
1343 3076 1434 3131 est
1467 3071 1710 3150 dispen-

134 3162 448 3223 sationem
493 3163 771 3225 obtinere
815 3165 880 3225 in
920 3181 994 3224 eo
1033 3181 1198 3225 casu.
1245 3163 1708 3225 Advertcndum

131 3261 233 3318 est
257 3261 490 3330 autem,
532 3257 583 3316 si
610 3257 922 3318 interdum
953 3256 1135 3318 liceat
1178 3256 1400 3318 clerico
1429 3276 1708 3336 pugnare

130 3349 406 3428 propriis
447 3351 734 3412 manibus
780 3369 855 3410 ex
887 3350 1341 3430 dispensatione
1371 3351 1704 3428 Pontificis,

132 3442 320 3504 illum
367 3461 494 3504 non
547 3443 907 3505 contrahere
958 3443 1500 3521 irregularitatem.
1553 3446 1707 3506 Nam

131 3538 248 3616 qui
279 3537 590 3617 dispensat
619 3539 688 3598 in
716 3537 1066 3618 principali,
1108 3538 1461 3618 dispensare
1501 3556 1708 3600 cense-

132 3637 243 3692 tur
275 3632 340 3691 in
368 3632 842 3694 concomitante.

222 3727 284 3784 7.
331 3723 589 3804 objectio
629 3722 1060 3806 cleopha-Ad
1082 3725 1452 3804 objectiones,
1483 3727 1550 3788 de
1577 3727 1706 3804 qui-

133 3819 248 3880 bus
285 3820 352 3882 in
381 3824 522 3881 tom.
554 3819 664 3882 illo
701 3821 768 3881 de
811 3818 1087 3893 Consum,
1121 3820 1277 3899 disp.
1315 3823 1410 3894 47,
1449 3826 1590 3882 sect.
1641 3821 1702 3893 6,

133 3929 307 3972 num.
331 3910 592 3972 8.--Sed
621 3919 837 3972 contra
859 3933 874 3972 ε
899 3929 1045 3972 nam
1075 3913 1353 3991 sequitur
1373 3931 1497 3973 non
1522 3913 1706 3973 licere

135 4004 378 4064 clericis
412 4006 703 4068 interesse
737 4003 918 4078 benc,
961 4011 1025 4064 et
1050 4005 1328 4066 animare
1373 4006 1598 4067 milites
1626 4007 1705 4068 ad

135 4114 442 4176 pugnam,
473 4097 572 4158 vel
600 4099 653 4158 si
693 4097 754 4157 id
785 4098 1035 4168 faciant,
1074 4097 1436 4160 contrahere
1466 4099 1700 4178 irregu-

132 4190 484 4268 laritatem3
523 4191 812 4272 idemque
860 4192 1103 4252 videtur
1143 4192 1316 4272 sequi
1361 4191 1437 4253 de
1472 4192 1706 4253 clericis

137 4284 433 4345 dantibus
461 4287 787 4346 consilium
831 4287 986 4360 aliia,
1021 4293 1092 4346 ut
1131 4291 1278 4347 eant
1319 4286 1399 4346 ad
1447 4285 1701 4348 bellum.

135 4379 568 4455 Respondetur
595 4379 712 4442 hoc
736 4381 1038 4460 posterius
1063 4379 1302 4440 nullam
1337 4380 1565 4442 habere
1591 4381 1708 4440 dif-

137 4471 506 4548 ficultatem,
549 4473 696 4553 quia
739 4491 854 4534 nec
899 4491 1008 4552 per
1051 4491 1116 4534 se
1167 4473 1401 4534 malum
1452 4480 1564 4548 est,
1596 4492 1711 4535 nec

135 4564 552 4643 prohibitum,
602 4566 729 4628 imo
779 4571 1139 4628 consuetum
1186 4566 1254 4626 in
1305 4564 1595 4641 Ecclesia,
1641 4573 1712 4626 ut

138 4662 336 4737 patet,
366 4660 466 4730 23,
503 4679 564 4739 q.
599 4663 681 4735 2;
718 4679 846 4720 non
885 4661 1054 4722 enim
1096 4659 1438 4720 consulitur
1460 4658 1714 4718 homici-

142 4752 344 4824 dium,
377 4751 480 4812 sed
530 4759 701 4813 actus
745 4753 1125 4814 fortitudinis
1148 4760 1210 4811 et
1229 4752 1522 4830 justitiae3
1553 4754 1716 4812 sicut

145 4845 474 4906 consilium
514 4846 705 4924 judici
733 4853 892 4906 recte
922 4846 1142 4906 damus
1169 4852 1237 4904 ut
1258 4845 1423 4923 juste
1448 4845 1702 4922 judicet.

141 4938 331 5000 Aliud
373 4945 584 5000 autem
628 4940 798 5018 prius
841 4939 1166 5018 sylvester,
1209 4937 1397 4998 verbo
1439 4937 1706 5013 Bellum,

146 5038 210 5109 3,
239 5040 454 5112 quaest.
481 5036 543 5108 2,
567 5033 755 5094 sentit
783 5033 962 5093 licere
993 5030 1193 5092 solum
1222 5031 1289 5090 in
1313 5030 1474 5092 bello
1505 5031 1711 5092 defen-

147 5129 305 5202 sivo,
337 5133 402 5187 et
431 5127 634 5188 adhuc
666 5129 730 5188 in
763 5126 866 5188 illo
895 5125 1410 5204 irregularitatem
1452 5125 1704 5198 incurri,

147 5221 201 5280 si
229 5221 295 5280 iu
339 5220 567 5281 actuali
607 5219 894 5280 conflictu
923 5217 1182 5278 clericus
1208 5217 1432 5278 excitet
1462 5215 1709 5291 militet-³,

151 5331 292 5374 cum
327 5315 659 5390 Hostiens„
692 5331 824 5392 cap.
859 5310 1008 5375 Cum
1031 5313 1100 5373 in
1128 5311 1352 5386 dubiis,
1385 5310 1460 5371 de
1483 5311 1708 5371 Poenis.

239 5507 254 5540 ¹
302 5500 459 5560 Vide
485 5499 550 5560 iu
575 5505 726 5560 tom.
754 5498 830 5560 de
857 5498 1136 5573 Censur„
1165 5497 1322 5576 disp.
1347 5496 1444 5568 46,
1475 5501 1622 5558 sect.
1651 5499 1710 5558 3.

3240 351 3355 408 743

1797 453 1908 516 Sed
1961 453 2265 534 imprimis
2316 453 2645 513 dicendum
2695 470 2894 532 neque
2939 453 3091 513 illud
3136 471 3245 532 per
3292 475 3357 518 se

1795 546 2029 607 malum
2060 566 2209 621 esse,
2239 565 2439 626 neque
2470 547 2695 625 injure
2726 546 3059 626 prohiberi,
3096 566 3353 610 consue·

1793 640 2198 720 tudinemquc
2242 640 2459 700 docere
2504 640 2906 700 contrarium.
2940 640 3237 702 Convenit
3264 649 3357 703 ta-

1791 753 1936 794 men
1979 735 2037 795 id
2085 754 2209 794 non
2251 739 2538 814 praestare
2576 734 2711 793 sine
2760 733 3011 794 licentia
3052 736 3351 816 Episcopi,

1792 828 1890 888 vel
1918 828 2267 908 superioris.
2304 827 2471 901 Quod
2504 827 2812 887 indicatur
2843 827 2906 886 in
2935 845 3068 906 cap.
3103 827 3184 891 Si
3212 831 3350 909 quis

1790 923 2163 1002 Episcopus,
2195 929 2256 982 et
2282 922 2465 1002 capit.
2527 919 2655 996 Quo
2698 939 2874 994 ausu,
2904 921 3005 993 23,
3039 928 3255 1000 quaest.
3290 925 3351 984 8.

1793 1016 2090 1078 Similiter
2112 1017 2291 1078 credo
2318 1013 2523 1077 verius
2551 1013 2638 1074 ibi
2663 1033 2788 1074 non
2811 1015 3089 1075 contrahi
3115 1001 3351 1094 irregu-

1791 1109 2127 1185 laritatem,
2173 1109 2292 1170 nisi
2336 1108 2562 1169 directe
2606 1107 2889 1168 intendat
2922 1114 2983 1168 et
3014 1108 3237 1168 excitet
3275 1109 3352 1169 ad

1793 1201 2201 1264 homicidium
2242 1201 2518 1265 clericus,
2554 1199 2727 1274 Quod
2762 1201 2813 1260 si
2854 1207 3097 1261 tantum
3137 1201 3356 1262 exhor-

1792 1302 1961 1358 tetur
1988 1297 2066 1356 ad
2100 1296 2342 1358 fortiter
2370 1295 2705 1374 agendum,
2732 1293 2903 1354 nulla
2942 1299 3035 1354 est
3060 1294 3359 1372 irregula-

1793 1390 1964 1464 ritaS,
2009 1390 2153 1468 quia
2192 1408 2394 1468 neque
2436 1389 2502 1448 in
2539 1387 2680 1467 jure
2728 1387 3115 1466 exprimitur,
3153 1405 3355 1466 neque

1791 1485 1920 1564 ipse
1951 1490 2313 1564 cooperatur
2350 1482 2666 1544 moraliter
2696 1480 3050 1552 homicidi0,
3084 1499 3155 1541 ac
3182 1481 3354 1542 deni-

1791 1594 1911 1654 que
1941 1576 2087 1656 quia
2115 1575 2329 1636 eadem
2372 1576 2529 1636 ratio
2578 1580 2669 1635 est
2717 1573 2793 1634 de
2838 1573 3233 1634 consulendo,
3268 1575 3355 1635 lta

1791 1670 2043 1745 Navar.,
2069 1688 2203 1749 cap.
2236 1671 2338 1745 27,
2370 1687 2541 1728 num.
2573 1669 2723 1738 216;
2753 1671 2815 1726 et
2840 1667 3115 1733 Covarr..
3144 1685 3351 1746 supra.

1791 1765 2067 1824 Tandem
2097 1763 2289 1842 quaeri
2316 1767 2516 1841 posset
2552 1762 2835 1839 quisnam
2872 1759 3221 1840 dispensare
3251 1780 3355 1821 va·

1791 1857 1916 1917 leat
1956 1858 2023 1916 in
2068 1856 2185 1916 hac
2223 1855 2701 1933 irregularitate,
2751 1853 2827 1914 de
2874 1872 2997 1932 quo
3034 1853 3175 1914 vide
3223 1853 3357 1932 Syl-

1790 1955 1976 2010 vestr.
1998 1995 2018 2024 ,
2050 1967 2271 2028 supra,
2302 1939 2364 2009 et
2403 1949 2788 2028 cajetanum,
2821 1947 3007 2008 verbo
3042 1948 3357 2026 Irrcqula-

1792 2044 1975 2108 ritas.
2020 2044 2164 2103 Dico
2196 2041 2465 2102 breviter
2488 2041 2687 2102 solum
2736 2041 3061 2102 Summum
3104 2040 3357 2101 Pontifi-

1793 2155 1928 2197 cem
1973 2135 2325 2216 dispensare
2360 2153 2557 2216 posse,
2601 2135 2718 2195 nisi
2758 2152 2853 2194 res
2892 2139 3046 2194 esset
3092 2134 3353 2210 occulta,

1792 2248 1930 2309 quae
1960 2248 2238 2309 expresse
2270 2228 2627 2306 indulgetur
2654 2227 2964 2307 Episcopis
3008 2227 3069 2286 in
3097 2225 3351 2286 Triden-

1769 2324 1945 2402 tino,
1976 2342 2120 2384 sess,
2148 2327 2251 2398 24,
2298 2343 2430 2402 cap.
2464 2325 2501 2384 5
2541 2322 2807 2383 Reform.
2861 2321 2974 2396 Qui
3018 2327 3225 2382 tamen
3258 2338 3355 2380 ca-

1790 2439 1892 2480 sus
1921 2437 2063 2480 raro
2097 2418 2318 2479 accidit
2346 2420 2411 2480 in
2442 2418 2701 2478 materia
2734 2415 2903 2490 belli,
2934 2416 3011 2476 de
3048 2433 3171 2494 qua
3198 2420 3356 2474 trac-

1790 2520 1993 2574 tamus
2020 2515 2137 2590 (De
2169 2512 2285 2572 hac
2313 2510 2765 2591 dispensatione
2794 2510 2859 2570 in
2887 2515 3057 2570 tomo
3085 2508 3161 2568 de
3206 2506 3356 2568 Cen·

1791 2625 1944 2682 sur„
1976 2607 2135 2686 disp.
2163 2608 2265 2682 41,
2290 2611 2435 2666 sect.
2468 2606 2555 2684 2).

2406 2805 2618 2858 SECTlO
2652 2807 2733 2860 IV.

1795 2981 1946 3056 Quis
1971 2981 2059 3044 sit
2082 2980 2297 3061 justus
2340 2980 2559 3043 titulus
2588 2979 2746 3135 bgzm’
2778 2967 2995 3040 stando
3020 2977 3089 3037 in
3114 2975 3353 3038 rationo

2420 3077 2607 3136 natur
2642 3073 2716 3132 -i.

1869 3263 2013 3324 Fuit
2049 3279 2221 3322 error
2260 3258 2623 3334 Gentilium,
2654 3258 2767 3336 qui
2808 3261 3103 3337 putarunt
3132 3273 3351 3334 regno-

1787 3375 1928 3418 rum
1956 3357 2105 3434 jura
2130 3373 2257 3415 esse
2293 3355 2489 3433 posita
2515 3353 2583 3412 in
2610 3352 2823 3416 armis.
2851 3351 3159 3429 licei-eque
3188 3348 3349 3410 bella

1788 3449 2062 3510 indicere
2104 3447 2303 3508 solum
2332 3447 2411 3508 ad
2452 3463 2681 3506 nomen
2720 3463 2791 3506 ac
2818 3444 3065 3504 divitias
3104 3460 3350 3522 compa·

1788 3543 2016 3604 randas
2030 3559 2051 3620 3
2098 3541 2261 3619 quod
2314 3542 2502 3602 etiam
2544 3540 2610 3599 in
2654 3539 2893 3600 ratione
2938 3536 3206 3598 naturali
3259 3542 3353 3597 est

1787 3635 2299 3696 absurdissimum
2350 3635 2469 3710 (De
2522 3633 2638 3694 hac
2684 3633 3021 3711 quaestioue
3072 3630 3355 3708 sequenti

1786 3727 1910 3788 late
1939 3729 2193 3802 Molina,
2219 3727 2295 3788 de
2314 3728 2470 3788 Just.
2478 3772 2499 3803 ,
2528 3726 2823 3806 disputat.
2856 3725 2995 3800 102,
3032 3725 3171 3798 104,
3206 3725 3345 3796 105,

1790 3823 1962 3899 106),

1871 3921 1929 3974 l.
1976 3913 2197 3977 Prima
2222 3915 2540 3977 conclusio.
2563 3943 2643 3958 —
2663 3913 2885 3974 Prima
2910 3912 3091 3974 ratio.
3106 3943 3185 3958 -
3204 3912 3353 3972 Dico

1786 4007 2211 4085 ergo-primo:
2256 4007 2499 4068 nullum
2540 4012 2739 4084 potest
2770 4023 2898 4066 esse
2936 4006 3177 4084 justum
3223 4004 3349 4064 bel-

1784 4099 1940 4174 lum,
1990 4099 2105 4159 nisi
2152 4100 2345 4161 subsit
2368 4117 2549 4159 causa
2591 4099 2868 4176 legitima
2901 4103 2963 4158 et
2992 4098 3350 4159 necessaria.

1787 4195 1892 4255 Est
1921 4195 2233 4254 conclusio
2263 4200 2429 4254 certa
2470 4198 2533 4254 et
2566 4193 2837 4254 evidens,
2890 4194 3137 4264 Rursus,
3169 4210 3351 4251 causa

1788 4286 1924 4348 haec
1951 4287 2120 4366 justa
2154 4292 2216 4347 et
2244 4285 2570 4358 sufficiam,
2609 4293 2699 4345 est
2728 4286 2933 4363 gravis
2962 4286 3190 4362 injuria
3220 4284 3353 4344 illa·

1787 4387 1875 4455 ta,
1907 4399 2045 4459 quse
2075 4379 2196 4440 alia
2222 4382 2461 4440 ratione
2486 4379 2790 4440 vindicari
2817 4385 2924 4438 aut
2946 4378 3215 4458 reparari
3246 4397 3353 4440 ne-

1790 4475 1946 4553 quit.
1981 4475 2071 4534 Ita
2108 4474 2327 4533 docent
2364 4472 2660 4550 Theologi
2696 4489 2934 4546 omnes,
2964 4473 3351 4551 sumiturque

1794 4585 1870 4626 ex
1913 4567 2097 4645 capit.
2144 4568 2462 4639 Dominus,
2510 4568 2613 4639 23,
2664 4571 2878 4643 quaest.
2926 4569 2985 4639 2,
3038 4565 3355 4644 multaque

1796 4660 2077 4738 congerit
2106 4659 2351 4719 Covarr.
2380 4677 2585 4738 supra.
2618 4657 2795 4718 Ratio
2836 4663 2927 4716 est
2956 4658 3177 4736 prima,
3210 4660 3357 4736 quia

1793 4754 1933 4813 ideo
1964 4752 2194 4812 bellum
2234 4752 2399 4826 licet,
2430 4759 2499 4810 ut
2541 4750 2880 4830 respublica
2926 4752 3113 4830 possit
3152 4771 3216 4810 se
3260 4756 3356 4810 in-

1793 4847 2081 4906 demnem
2128 4845 2326 4921 tueri,
2370 4844 2521 4904 alias
2569 4849 2783 4903 contra
2828 4843 3060 4903 bonum
3113 4845 3355 4922 generis

1791 4938 2053 4999 humani
2082 4939 2305 5016 vergit,
2336 4945 2582 5018 propter
2624 4937 2838 5012 caech,
2870 4955 2940 4996 ac
2972 4938 3201 4996 damna
3231 4937 3355 4997 for·

1791 5039 2114 5105 tunarum,
2140 5043 2283 5106 etc.;
2310 5051 2458 5110 ergo
2482 5033 2533 5090 si
2558 5049 2631 5092 ea
2658 5049 2839 5092 causa
2866 5037 3077 5104 cesset,
3102 5031 3357 5092 cessabit

1793 5144 2039 5204 quoque
2069 5124 2215 5185 belli
2258 5125 2521 5204 justitia.
2564 5124 2845 5186 Secundo
2876 5146 2890 5183 ε
2924 5126 2989 5184 in
3028 5123 3188 5184 bello
3218 5143 3355 5203 spo-

1793 5218 2028 5278 liantur
2069 5217 2355 5278 homines
2403 5217 2667 5297 propriis
2718 5217 2918 5291 bonis,
2966 5217 3249 5278 libertate
3298 5225 3360 5278 et

1795 5313 1957 5388 vita3
1983 5317 2048 5372 at
2069 5311 2200 5372 hoec
2225 5310 2426 5372 iacere
2451 5311 2584 5371 sine
2601 5310 2769 5390 justa
2795 5329 2979 5372 causa
3002 5317 3091 5372 est
3115 5329 3360 5390 prorsus

1794 5403 2109 5482 iniquum,
2136 5403 2413 5482 alioquin
2442 5408 2686 5482 possent
2712 5403 2995 5464 homines
3020 5405 3151 5465 sine
3178 5421 3361 5463 causa

1798 5515 1862 5557 se
1899 5502 2115 5556 mutuo
2144 5493 2511 5556 interficere.
2552 5496 2783 5572 Tertio,
2831 5495 3088 5571 bellum,
3134 5495 3209 5556 de
3238 5512 3360 5573 quo
