3900 6217
694 402 853 455 ssstrr.
891 404 975 455 tx.
1010 402 1095 453 AN
1126 400 1247 453 NON
1286 398 1475 452 visunt
1508 398 1629 450 VEL
1660 397 1785 449 NON
1816 396 2040 449 SClTUM
2073 396 2170 449 Sl'r
2203 399 2506 461 connum,
2531 398 2664 450 ETG.

196 524 335 589 certo,
358 512 501 574 etita
538 506 826 570 existimat
870 502 1291 564 necessarium
1322 519 1449 561 non
1494 516 1632 559 esse

196 620 241 673 nt
261 604 593 689 philosophus
615 600 800 659 factus
828 596 1232 667 ChristianuS,
1262 594 1387 655 fide
1426 594 1633 654 infusa

194 702 347 765 credat
368 700 534 758 Deum
562 710 709 755 esse.
747 688 869 751 Sed
908 690 1027 750 hoc
1067 689 1394 768 reprobavi
1426 687 1486 746 in
1530 706 1635 746 su-

192 792 482 877 periorihuS‚
521 786 657 865 quia
702 782 1023 843 manifeste
1076 788 1197 841 est.
1229 786 1444 841 contra
1484 797 1636 839 con-

192 894 363 949 textum
402 880 575 951 Pauli;
608 875 851 957 quando
894 875 1061 937 enim
1098 874 1249 934 dixit
1283 891 1296 932 ε
1337 872 1485 936 Sine
1516 872 1637 947 fide

192 974 465 1059 impossibile
500 976 581 1035 est
610 972 835 1049 placere
866 970 1011 1040 Deo,
1055 968 1188 1027 sine
1233 966 1361 1026 ulla
1391 965 1636 1026 dubita-

194 1075 311 1133 tione
338 1069 397 1129 de
437 1064 545 1126 fide
573 1064 767 1124 infusa
807 1060 1203 1141 loquebatur,
1238 1066 1300 1120 et
1328 1066 1540 1119 tamen
1572 1058 1635 1117 in

191 1162 467 1244 probatione
512 1154 865 1235 subjungit:
914 1154 1085 1218 Nam
1138 1155 1503 1217 accedentem
1561 1152 1646 1214 ad

188 1260 342 1328 Deum,
374 1254 575 1335 oportet
601 1252 831 1314 credere
852 1250 998 1330 quia
1028 1254 1153 1320 Μ,-
1182 1266 1331 1327 ergo
1364 1245 1641 1325 loquitur

187 1350 242 1410 de
264 1346 561 1407 credulitate
596 1342 739 1404 fidei
768 1342 1008 1414 infuere,
1056 1346 1118 1402 et
1155 1341 1238 1401 ita
1293 1338 1641 1400 communi-

186 1450 253 1502 ter
286 1445 551 1518 exponunt
604 1437 849 1512 Patres3
894 1436 1021 1494 imo
1063 1432 1251 1493 etiam
1297 1431 1638 1493 Concilium

186 1533 539 1601 Tridentinum,
582 1548 733 1602 sess.
776 1532 838 1601 6,
880 1546 1017 1607 cap.
1054 1527 1116 1587 6.
1148 1526 1225 1586 Et
1254 1524 1393 1585 idco
1432 1526 1636 1597 Canu,

192 1628 263 1687 lib.
295 1627 325 1685 2
361 1623 427 1684 de
450 1622 631 1695 Locis,
661 1640 717 1684 c.
753 1624 816 1694 4,
868 1619 1199 1699 reprobata
1253 1618 1639 1697 expositione

194 1718 405 1797 fflictani,
426 1715 743 1795 :espondet
766 1716 899 1794 ipse
926 1711 1368 1793 distinguendo
1388 1710 1465 1771 de
1484 1711 1636 1781 Deo,

196 1818 237 1873 ut
269 1810 511 1890 principio
546 1816 604 1870 et
642 1808 773 1869 fine
813 1812 1073 1879 naturae,
1130 1807 1229 1867 vel
1270 1810 1341 1866 ut
1374 1804 1501 1865 fine
1542 1822 1643 1863 su-

187 1903 517 1983 pet-naturati3
562 1901 835 1979 dicitque
890 1918 1015 1960 non
1064 1905 1353 1977 oportere
1414 1904 1484 1957 ut
1534 1897 1641 1957 ille

184 1996 499 2075 Philosophus
524 2013 633 2074 per
666 1993 865 2055 fldem
900 1992 1173 2053 infusam
1203 1991 1415 2052 credat
1440 1990 1642 2050 Deum

182 2103 227 2151 ut
245 2092 391 2150 linem
418 2095 637 2149 naturae
687 2104 853 2160 esse,
884 2086 999 2147 sed
1042 2090 1287 2147 tantum
1336 2090 1405 2143 ut
1450 2082 1645 2143 finem

178 2186 353 2262 gratiae,
372 2182 502 2242 etin
525 2182 639 2241 hoc
663 2198 859 2241 sensu
884 2180 1163 2241 locutum
1194 2194 1331 2239 esse
1354 2176 1637 2237 Paulum.

178 2276 399 2337 Existimo
428 2281 622 2335 tamen
650 2273 867 2353 (quod
916 2274 1107 2336 etiam
1144 2272 1303 2333 bene
1350 2267 1645 2349 expendit

178 2368 361 2443 Notius,
388 2373 408 2427 t
440 2374 581 2446 part.
606 2415 623 2441 ,
656 2367 823 2445 disp.
866 2370 938 2444 1)
984 2374 1047 2428 et
1088 2363 1463 2440 sententiam
1503 2379 1642 2423 esse

180 2462 373 2534 salsam,
421 2468 474 2522 et
526 2462 983 2540 expositionem
1040 2478 1054 2519 ε
1116 2460 1384 2538 primum
1446 2462 1639 2536 patet,

184 2562 273 2614 tum
300 2555 419 2633 quia
446 2554 844 2632 philosophus
873 2554 975 2613 ille
1020 2570 1149 2613 non
1192 2549 1418 2612 minori
1462 2550 1647 2610 certi·

182 2648 333 2708 tudine
356 2646 523 2708 credit
544 2649 749 2708 Deum
778 2665 939 2715 esse,
976 2662 1165 2725 quam
1192 2644 1415 2723 reliqui
1439 2643 1649 2705 Chris-

178 2741 453 2813 tiani;tum
498 2740 682 2801 etiam
746 2740 895 2819 quia
922 2740 1090 2801 Deus
1124 2736 1359 2799 utfinis
1396 2742 1649 2799 -naturae

181 2834 477 2911 supponitur,
506 2841 566 2895 et
593 2835 687 2910 (ut
719 2834 809 2894 sic
834 2833 1061 2909 dicam)
1088 2839 1183 2893 est
1206 2832 1383 2912 quasi
1423 2829 1649 2890 funda-

186 2934 391 2986 mentum
418 2928 649 2988 alterius
696 2925 1083 2988 habitudinis
1112 2922 1641 3005 supernaturalis3

194 3038 301 3097 crgo
336 3020 665 3099 impossibile
714 3019 965 3081 videtur
1004 3019 1225 3098 majori
1280 3017 1647 3080 certitudine

191 3112 373 3172 credere
391 3113 871 3192 supernaturalia
914 3114 991 3173 de
1036 3112 1190 3184 Dee,
1244 3130 1432 3190 quam
1468 3117 1651 3170 natu-

183 3202 307 3275 ralia,
332 3210 403 3277 ut,
436 3206 595 3267 verbi
637 3207 869 3282 gratia,
902 3205 1131 3267 certius
1162 3204 1419 3265 credere
1455 3204 1649 3266 Deum

178 3312 267 3356 me
292 3297 497 3371 trinum,
534 3317 729 3378 qnam
763 3299 957 3361 Deum
992 3316 1137 3372 csso,
1185 3314 1330 3357 cum
1360 3298 1481 3357 hoe
1510 3312 1649 3375 pos-

178 3390 317 3449 terius
364 3388 421 3450 in
461 3390 558 3451 illo
606 3391 808 3470 priori
858 3391 1214 3452 necessario
1268 3390 1640 3451 includatur.

179 3483 289 3541 Tum
308 3482 541 3563 denique
558 3485 713 3565 quia
743 3503 933 3563 snpra
959 3484 1083 3545 dixi
1103 3484 1225 3545 hoc
1248 3484 1644 3563 principium,

178 3573 313 3635 Dum
334 3594 441 3639 em
468 3595 773 3651 anacam,
810 3583 877 3638 ut
926 3578 1247 3656 cognitum
1298 3594 1413 3655 per
1450 3576 1649 3635 solam

179 3666 467 3729 en‘dentiam
500 3668 880 3743 naturalem,
913 3687 1043 3729 non
1072 3669 1361 3730 sufficere
1402 3668 1483 3728 ad
1510 3666 1653 3728 fun-

174 3756 378 3820 dandam
414 3760 595 3823 fidem
640 3769 708 3825 et
753 3762 1188 3824 certitudinem
1229 3762 1365 3839 ejus
1409 3762 1473 3820 in
1516 3759 1653 3821 aliis

172 3868 271 3927 quae
299 3854 639 3917 creduntur:
679 3874 995 3935 ponamus
1028 3872 1183 3935 ergo
1210 3854 1653 3933 philosophum

170 3942 297 4007 illum
314 3964 421 4009 non
442 3955 683 4011 tantum
712 3949 1034 4011 evidenter
1054 3966 1433 4029 cognoscere
1454 3950 1657 4007 Deum

174 4056 289 4113 esse,
316 4042 411 4103 sed
436 4044 618 4105 etiam
642 4062 941 4105 veracem
966 4060 1127 4117 esse,
1162 4048 1225 4104 et
1254 4042 1535 4103 habitum
1562 4059 1659 4101 re·

174 4130 317 4193 tinere
346 4137 657 4218 utriusque
694 4138 1008 4209 veritatis3
1040 4143 1192 4197 tunc
1221 4153 1371 4216 ergo
1425 4142 1493 4197 ut
1553 4134 1657 4196 ille

178 4218 361 4302 incipiat
392 4229 665 4304 credere,
699 4236 965 4309 opertet,
1012 4236 1080 4291 ut
1120 4248 1235 4308 per
1278 4228 1471 4289 fidem
1496 4226 1661 4290 infn-

180 4330 268 4377 sam
288 4320 473 4383 credat
508 4324 713 4385 Deum
752 4340 881 4383 non
908 4340 1091 4402 posse
1127 4322 1370 4397 fallere,
1402 4329 1463 4383 et
1500 4322 1659 4381 nihi-

174 4406 376 4473 lominus
402 4415 615 4478 retinet
656 4415 979 4495 integrum
1025 4415 1309 4476 habitum
1344 4415 1655 4487 scientiae3

172 4514 281 4578 ergo
300 4502 367 4567 de
392 4508 605 4571 eadem
644 4509 911 4570 veritate
952 4508 1219 4569 naturali
1260 4508 1425 4569 circa
1458 4510 1660 4569 Deum

170 4598 259 4652 stat
290 4606 441 4661 actus
484 4600 629 4664 fidei
682 4620 829 4663 cum
874 4602 1091 4663 habitu
1142 4602 1441 4663 scientiae.
1474 4599 1661 4661 Aliud

173 4702 279 4746 ‘ero
307 4694 637 4755 membrum
672 4696 995 4775 demente
1035 4696 1207 4757 Pauli
1247 4700 1491 4757 constat
1533 4694 1661 4774 pri-

170 4792 245 4833 mo
266 4798 329 4841 ex
361 4786 648 4849 absolutis
676 4788 885 4849 verbis
926 4789 1083 4869 ejuS‚
1115 4806 1263 4849 nam
1294 4788 1489 4851 Deum
1508 4804 1655 4862 esse,

172 4884 263 4927 non
282 4872 557 4953 significat
582 4882 949 4961 simpliciter
973 4881 1535 4962 supernaturaliter
1560 4898 1661 4941 es-

170 4978 235 5031 se,
268 4974 359 5027 aut
380 4971 567 5034 Deum
617 4975 855 5037 habere
906 4976 1114 5055 aliqua
1158 4973 1659 5055 supernaturalia

172 5056 405 5123 attributa
428 5108 443 5136 ,
496 5067 607 5127 sed
662 5068 1024 5148 simpliciter
1078 5068 1489 5129 substantiam
1548 5066 1659 5126 Dei

172 5148 411 5227 existere3
463 5164 527 5219 et
574 5160 661 5221 ita
706 5162 1061 5241 intelligunt
1106 5161 1191 5222 ibi
1249 5159 1665 5222 communiter

172 5235 357 5317 Patres,
380 5246 839 5328 chrysostomus
882 5255 1049 5315 hom.
1081 5254 1200 5327 253
1230 5251 1663 5315 Theodoretus

172 5336 329 5395 etalii
366 5338 591 5415 (ἱππεὶς
640 5352 707 5407 et
746 5346 1163 5419 Athanasius,
1193 5345 1303 5407 lib.
1360 5346 1439 5407 de
1498 5345 1657 5424 Spir.

175 5421 361 5505 Sanct„
399 5433 473 5494 ad
498 5436 936 5518 Serapionem3
990 5444 1055 5500 et
1102 5438 1329 5501 deinde
1359 5437 1661 5511 secundo,

175 5521 285 5593 quia
346 5528 499 5602 quod
553 5538 835 5610 oporteat
888 5532 1123 5613 aliquid
1186 5531 1663 5612 supernaturale

436 5644 536 5694 111.

3195 398 3269 458 81

1716 497 1997 567 credere,
2028 498 2230 573 magis
2260 498 2554 578 explicuit
2591 498 2840 574 Paulus,
2876 501 3150 563 addens:
3182 502 3278 567 Et

1714 592 2160 673 inquirentibus
2201 608 2262 654 se
2309 598 2722 657 remunerator
2766 594 2852 655 sit
2869 620 2896 668 ,·
2939 614 3090 657 nam
3139 598 3276 659 haec

1716 684 2138 745 remuneratio
2175 688 2667 764 supernaturalis
2707 692 2821 761 est,
2853 689 3018 750 etde
3050 690 3153 751 illa
3183 692 3278 751 lo-

1717 778 1927 857 quitur
1975 796 2137 857 saepe
2171 780 2231 839 in
2276 778 2379 841 illo
2417 782 2615 860 capite
2644 828 2658 854 ,
2703 802 2844 843 cum
2878 783 3028 845 dixit
3060 786 3274 847 Patres

1718 872 2008 950 antiquos
2037 890 2149 951 per
2185 873 2373 933 fidem
2419 874 2723 957 aspexisse
2750 877 2817 937 in
2851 880 3278 942 remuneratio-

1716 984 1871 1036 mm,
1914 971 1975 1025 et
2021 966 2099 1025 ita
2134 966 2323 1025 etiam
2353 967 2704 1047 intelligunt
2734 970 2816 1029 ihi
2857 970 3189 1031 Anselmus
3216 978 3278 1033 et

1719 1060 1789 1118 D.
1825 1060 2116 1119 Thomas.
2156 1058 2349 1145 Aliter
2379 1078 2526 1140 ergo
2577 1063 2913 1140 respondet
2943 1065 3136 1144 vega,
3165 1065 3272 1125 lib.

1720 1152 1759 1211 6
1782 1150 1845 1211 in
1868 1152 2173 1227 Trident„
2211 1172 2266 1212 c.
2299 1155 2399 1225 21,
2433 1154 2494 1213 in
2528 1155 2874 1215 Christiano
2905 1157 3276 1237 philosopho

1723 1262 1859 1306 esse
1914 1244 2108 1307 fidem
2161 1246 2326 1307 illius
2377 1247 2674 1317 veritatis,
2735 1268 2863 1309 non
2922 1252 3131 1330 quoad
3177 1272 3282 1314 ac-

1720 1345 1856 1400 tum
1906 1339 2288 1411 intellectu8‚
2329 1340 2440 1400 sed
2499 1342 2709 1420 quoad
2765 1346 3280 1423 praeparationem

1724 1434 1910 1493 animi
1955 1440 2016 1493 et
2070 1435 2236 1512 piam
2295 1433 2688 1495 affectionem
2755 1436 3112 1512 voluntatis,
3179 1440 3280 1500 cui

1723 1532 1889 1586 certe
1908 1544 2034 1584 non
2051 1544 2272 1602 parum
2298 1525 2462 1587 favet
2490 1528 2560 1586 D.
2585 1528 2858 1588 Thomas
2883 1532 2942 1590 2.
2975 1532 3036 1601 2,
3061 1538 3278 1611 quaest.

1721 1620 1781 1691 2,
1812 1624 1927 1679 art.
1957 1622 2054 1687 lo,
2081 1619 2161 1679 ad
2191 1622 2258 1697 {3
2292 1620 2400 1679 sed
2433 1621 2565 1681 sine
2586 1621 2777 1682 dubio
2805 1640 2931 1683 non
2963 1624 3280 1699 satisfacit,

1721 1712 1869 1789 quia
1927 1712 2154 1772 Paulus
2215 1711 2488 1791 loquitur
2557 1714 2634 1774 de
2711 1716 3078 1779 necessitate
3135 1718 3282 1781 fidei

1722 1805 1933 1883 quoad
1977 1806 2381 1879 intellectum,
2416 1814 2478 1868 et
2515 1807 2679 1869 hanc
2709 1813 3148 1873 necessitatem
3174 1812 3285 1873 im·

1722 1900 1939 1980 primis
1965 1900 2140 1979 ponit
2165 1902 2230 1960 in
2260 1899 2363 1960 illo
2406 1907 2549 1962 actu
2593 1910 2654 1962 et
2684 1902 2953 1982 objectu,
2983 1906 3154 1966 etita
3185 1924 3288 1967 ex·

1723 2012 1939 2074 presse
1977 1992 2314 2053 declaravit
2343 1995 2681 2055 Concilium
2712 1998 3144 2060 Tridentinum
3183 2020 3288 2060 su-

1725 2106 1859 2166 pra.
1918 2086 2152 2147 Deinde
2204 2087 2475 2148 rationes
2526 2086 2704 2149 faetae
2756 2097 2969 2169 aperte
3021 2094 3288 2172 probant

1725 2180 2163 2240 necessitatem
2221 2180 2284 2239 in
2345 2180 2479 2259 ipsa
2511 2182 2888 2245 certitudine
2936 2184 3290 2249 intellectus

1724 2273 1889 2333 circa
1918 2272 2035 2333 has
2067 2272 2360 2333 veritates
2393 2276 2712 2336 naturales
2742 2277 2877 2355 Dei,
2920 2280 3062 2358 quia
3103 2279 3292 2341 debet

1726 2384 1865 2426 esse
1894 2366 2097 2445 major
2123 2384 2310 2445 quam
2341 2367 2662 2441 naturam,
2695 2389 2769 2430 ac
2800 2370 3062 2432 subinde
3097 2391 3176 2432 ex
3216 2370 3294 2433 fi-

1726 2459 1805 2519 de
1832 2457 2074 2529 infusa3
2110 2476 2258 2539 ergo
2289 2460 2392 2538 illa
2419 2462 2519 2540 pia
2549 2462 2816 2535 aflectiO,
2849 2468 2914 2523 ut
2941 2464 3158 2525 efficax
3188 2464 3286 2537 sit,

1727 2557 1973 2630 oportet
2002 2557 2072 2612 ut
2099 2558 2350 2614 moveat
2379 2554 2759 2615 intellectum
2808 2556 2889 2616 ad
2922 2556 3161 2618 firmius
3197 2576 3292 2618 as-

1729 2644 2150 2719 sentiendum,
2185 2651 2246 2707 et
2271 2664 2490 2707 revera
2525 2647 2646 2708 hoc
2675 2654 2765 2709 est
2795 2650 3077 2727 credere,
3107 2656 3294 2730 prout

1729 2737 2006 2818 loquitur
2033 2739 2283 2800 PauluS.
2309 2740 2486 2801 Ratio
2516 2740 2786 2821 denique
2809 2743 3169 2805 assertionis
3199 2750 3293 2805 est

1730 2850 1921 2911 supra
1949 2837 2138 2903 tacta,
2183 2833 2328 2911 quia
2387 2833 2633 2895 babitus
2663 2836 2999 2914 acquisitus
3030 2855 3154 2897 non
3183 2856 3295 2918 op-

1730 2926 1986 3004 ponitur
2012 2924 2360 2987 formaliter
2396 2928 2565 2987 actui
2592 2926 2822 2989 infuso,
2857 2928 3034 2999 Item,
3067 2930 3214 3010 quia
3243 2929 3295 2990 si

1732 3018 1984 3079 habitus
2029 3018 2302 3079 scientim
2329 3026 2472 3081 actu
2519 3038 2644 3080 non
2678 3026 2994 3101 operatur,
3036 3041 3162 3083 non
3202 3022 3294 3083 fa-

1730 3113 1811 3173 cit
1841 3129 1972 3171 rem
2000 3118 2394 3190 praesentem,
2430 3117 2537 3173 ant
2559 3115 2796 3186 visam3
2829 3134 2978 3195 ergo
3007 3112 3138 3176 non
3181 3116 3294 3176 ha-

1729 3205 1836 3266 bet
1864 3205 2030 3265 unde
2071 3204 2368 3284 impediat
2409 3225 2626 3267 verum
2659 3214 2866 3269 actum
2915 3207 3101 3284 fidei;
3143 3228 3292 3269 nam

1729 3315 1970 3368 revera,
2001 3298 2209 3375 quoad
2234 3299 2544 3359 actualem
2569 3291 3000 3379 operationem
3031 3300 3290 3379 perinde

1730 3408 1798 3451 se
1839 3390 2029 3452 habet
2059 3390 2301 3452 habens
2329 3392 2634 3467 habitum,
2679 3398 2741 3454 et
2779 3396 2921 3453 actu
2945 3412 3073 3455 non
3111 3400 3294 3455 utens

1732 3484 1861 3557 illo,
1913 3502 1988 3545 ac
2035 3484 2086 3544 si
2133 3484 2307 3544 illum
2335 3502 2463 3545 non
2488 3484 2770 3560 haberet,
2817 3493 2879 3549 et
2915 3488 3058 3549 huic
3101 3504 3296 3551 asser-

1730 3577 2034 3638 tioninon
2075 3576 2528 3654 contradicunt,
2573 3585 2643 3640 ut
2671 3580 2982 3654 existimo,
3013 3588 3298 3644 auctores

1732 3671 1948 3750 primae
1980 3670 2311 3749 opinionis,

1814 3764 1875 3823 6.
1923 3763 2137 3827 Tertia
2163 3766 2420 3827 assertio
2445 3768 2884 3829 communis.-
2901 3768 3050 3829 Dico
3071 3768 3292 3829 tertio:

1738 3856 1986 3917 habitus
2020 3856 2303 3923 scientiae.
2345 3863 2407 3917 et
2440 3857 2585 3920 fidei
2647 3866 2811 3921 recte
2867 3866 3128 3940 possunt
3157 3880 3296 3922 esse

1740 3948 1945 4010 simul.
2001 3948 2073 4009 In
2123 3950 2242 4011 hoc
2290 3950 2477 4010 etiam
2517 3953 2900 4014 conveniunt
2946 3972 3189 4027 omneS,
3237 3961 3298 4015 et

1740 4042 2022 4121 sequitur
2051 4042 2236 4121 plane
2263 4060 2340 4101 ex
2369 4043 2570 4115 dictis,
2599 4054 2661 4105 et
2707 4044 2851 4106 idco
2907 4046 2972 4105 in
3021 4048 3141 4108 hoc
3170 4065 3300 4107 non

1740 4136 2059 4195 immoror.
2087 4135 2428 4196 Difficultas
2467 4154 2617 4215 ergo
2661 4142 2791 4199 tota
2821 4144 2914 4199 est
2953 4158 3032 4198 an
3063 4140 3303 4218 possint

1740 4228 1838 4287 isti
1864 4226 2112 4288 habitus
2133 4230 2376 4306 operari
2400 4228 2605 4299 simul,
2639 4229 2804 4290 circa
2835 4248 3022 4309 quam
3056 4238 3148 4293 est
3190 4226 3306 4291 adss

1739 4322 2108 4382 vertendum
2170 4340 2294 4382 non
2346 4320 2645 4401 disputari
2693 4324 3056 4402 generalem
3102 4342 3303 4403 quaes-

1740 4415 1998 4487 tionem,
2032 4432 2112 4475 an
2153 4414 2503 4475 intellectus
2535 4416 2732 4493 possit
2761 4415 2946 4475 simul
2975 4417 3156 4496 plura
3195 4435 3301 4477 co-

1744 4508 1979 4586 gitare;
2015 4524 2161 4567 nam
2203 4508 2320 4567 hoc
2369 4506 2522 4567 nihil
2578 4508 2847 4585 pertinet
2876 4508 2958 4569 ad
2990 4508 3305 4588 explican-
3343 4537 3345 4540 v
3384 4528 3391 4542 ·

1742 4599 1887 4659 dam
1916 4600 2234 4679 propriam
2261 4600 2566 4661 rationem
2597 4600 2826 4679 ohJ'ecti
2859 4602 3026 4662 fidei.
3060 4603 3306 4683 Suppo-

1744 4693 1956 4752 nimus
2001 4709 2152 4770 ergo
2197 4693 2517 4753 hominem
2564 4700 2706 4754 actu
2751 4694 3306 4756 considerare'me-

1744 4786 1919 4847 dium
1952 4786 2532 4859 demonstrativum,
2563 4788 2734 4866 quod
2778 4790 2946 4849 Deus
3000 4790 3077 4851 sit
3113 4808 3299 4863 nnuS,

1744 4878 1915 4939 verbi
1943 4879 2163 4958 gratia,
2188 4883 2250 4939 et
2279 4879 2463 4939 simul
2489 4880 2804 4941 recordari
2835 4884 3036 4943 Deum
3069 4882 3185 4943 hoc
3207 4902 3304 4944 re-

1741 4972 2006 5045 velasse,
2037 4977 2098 5032 et
2125 4977 2274 5033 tunc
2301 4972 2672 5052 inquirimus
2701 4992 2782 5035 an
2811 4976 3006 5055 possit
3026 4975 3305 5038 intellec-

1744 5071 1843 5125 tus
1867 5082 1980 5145 per
2001 5066 2110 5126 illa
2140 5064 2263 5126 duo
2283 5068 2488 5127 media
2511 5068 2691 5127 simul
2709 5066 2944 5131 habere
2975 5088 3306 5133 assensum

1745 5158 2099 5219 evidentem
2127 5166 2188 5219 et
2216 5176 2544 5220 assensum
2563 5160 2733 5221 fidoi.

1745 5302 2098 5367 Resolvitur
2141 5306 2408 5385 qua-stio-
2439 5307 2673 5387 quando
2731 5308 3016 5387 utrinque
3063 5305 3310 5371 tentant

2023 5404 2196 5462 actm
2225 5400 2512 5475 salumin
2542 5397 3064 5481 com-parationem.

1828 5533 1885 5590 7.
1924 5529 2159 5605 Quarta
2205 5533 2504 5595 assertio:
2537 5538 2710 5595 actae
2739 5531 2882 5612 fidel
2921 5537 3088 5595 stare
3107 5537 3305 5614 potest

2991 5637 3030 5701 6
