<?xml version="1.0" encoding="UTF-8"?>
<!DOCTYPE html PUBLIC "-//W3C//DTD XHTML 1.0 Transitional//EN"
    "http://www.w3.org/TR/xhtml1/DTD/xhtml1-transitional.dtd">
<html xmlns="http://www.w3.org/1999/xhtml" xml:lang="en" lang="en">
 <head>
  <title>
</title>
<meta http-equiv="Content-Type" content="text/html;charset=utf-8" />
  <meta name='ocr-system' content='tesseract 3.04.00' />
  <meta name='ocr-capabilities' content='ocr_page ocr_carea ocr_par ocr_line ocrx_word'/>
</head>
<body>
  <div class='ocr_page' id='page_1' title='image "./rpfranciscisuar00duvagoog_0143.png"; bbox 0 0 3900 6217; ppageno 0'>
   <div class='ocr_carea' id='block_1_1' title="bbox 769 405 3399 475">
    <p class='ocr_par' dir='ltr' id='par_1_1' title="bbox 769 405 3399 475">
     <span class='ocr_line' id='line_1_1' title="bbox 769 405 3399 475; baseline 0.003 -13"><span class='ocrx_word' id='word_1_1' title='bbox 769 405 939 463; x_wconf 80' lang='lat' dir='ltr'><strong>SECT.</strong></span> <span class='ocrx_word' id='word_1_2' title='bbox 974 409 1059 465; x_wconf 72' lang='lat' dir='ltr'><strong>lv.</strong></span> <span class='ocrx_word' id='word_1_3' title='bbox 1094 414 1177 467; x_wconf 78' lang='lat' dir='ltr'><strong>m:</strong></span> <span class='ocrx_word' id='word_1_4' title='bbox 1208 406 1685 467; x_wconf 62' lang='lat' dir='ltr'><strong>communem:</strong></span> <span class='ocrx_word' id='word_1_5' title='bbox 1716 412 1880 467; x_wconf 72' lang='lat' dir='ltr'><strong>rrum</strong></span> <span class='ocrx_word' id='word_1_6' title='bbox 1912 409 2304 467; x_wconf 66' lang='lat' dir='ltr'><strong>cnmsuANAE</strong></span> <span class='ocrx_word' id='word_1_7' title='bbox 2335 410 2418 467; x_wconf 75' lang='lat' dir='ltr'><strong>An</strong></span> <span class='ocrx_word' id='word_1_8' title='bbox 2449 408 2650 475; x_wconf 66' lang='lat' dir='ltr'><strong>ALMS,</strong></span> <span class='ocrx_word' id='word_1_9' title='bbox 2685 408 2822 465; x_wconf 76' lang='lat' dir='ltr'><strong>E&#39;rc.</strong></span> <span class='ocrx_word' id='word_1_10' title='bbox 3282 407 3399 469; x_wconf 63' lang='lat'><strong>¹25</strong></span> 
     </span>
    </p>
   </div>
   <div class='ocr_carea' id='block_1_2' title="bbox 162 500 1775 5645">
    <p class='ocr_par' dir='ltr' id='par_1_2' title="bbox 166 500 1753 592">
     <span class='ocr_line' id='line_1_2' title="bbox 166 500 1753 592; baseline 0.01 -32"><span class='ocrx_word' id='word_1_11' title='bbox 166 500 455 582; x_wconf 79' lang='lat' dir='ltr'><strong>auxilio,</strong></span> <span class='ocrx_word' id='word_1_12' title='bbox 488 506 668 571; x_wconf 87' lang='lat' dir='ltr'><strong>nulla</strong></span> <span class='ocrx_word' id='word_1_13' title='bbox 700 510 899 572; x_wconf 85' lang='lat' dir='ltr'><strong>virtus</strong></span> <span class='ocrx_word' id='word_1_14' title='bbox 933 512 1211 577; x_wconf 86' lang='lat' dir='ltr'><strong>humana</strong></span> <span class='ocrx_word' id='word_1_15' title='bbox 1249 515 1491 578; x_wconf 80' lang='lat' dir='ltr'><strong>efficere</strong></span> <span class='ocrx_word' id='word_1_16' title='bbox 1524 514 1753 592; x_wconf 86' lang='lat' dir='ltr'><strong>potuis-</strong></span> 
     </span>
    </p>

    <p class='ocr_par' dir='ltr' id='par_1_3' title="bbox 164 598 1755 877">
     <span class='ocr_line' id='line_1_3' title="bbox 168 598 1753 689; baseline 0.009 -34"><span class='ocrx_word' id='word_1_17' title='bbox 168 603 279 657; x_wconf 85' lang='lat' dir='ltr'><strong>set.</strong></span> <span class='ocrx_word' id='word_1_18' title='bbox 302 598 524 679; x_wconf 80' lang='lat' dir='ltr'><strong>Atque</strong></span> <span class='ocrx_word' id='word_1_19' title='bbox 555 601 647 663; x_wconf 88' lang='lat' dir='ltr'><strong>ita</strong></span> <span class='ocrx_word' id='word_1_20' title='bbox 672 606 1093 685; x_wconf 84' lang='lat' dir='ltr'><strong>experimento</strong></span> <span class='ocrx_word' id='word_1_21' title='bbox 1129 609 1411 673; x_wconf 82' lang='lat' dir='ltr'><strong>videmus</strong></span> <span class='ocrx_word' id='word_1_22' title='bbox 1430 607 1753 689; x_wconf 73' lang='lat' dir='ltr'><strong>impletam</strong></span> 
     </span>
     <span class='ocr_line' id='line_1_4' title="bbox 166 688 1755 782; baseline 0.007 -30"><span class='ocrx_word' id='word_1_23' title='bbox 166 688 401 752; x_wconf 79' lang='lat' dir='ltr'>Christi</span> <span class='ocrx_word' id='word_1_24' title='bbox 448 697 909 777; x_wconf 79' lang='lat' dir='ltr'><strong>prophetiam.</strong></span> <span class='ocrx_word' id='word_1_25' title='bbox 946 700 1157 767; x_wconf 65' lang='lat' dir='ltr'><strong>Porta·</strong></span> <span class='ocrx_word' id='word_1_26' title='bbox 1202 704 1397 781; x_wconf 72' lang='lat' dir='ltr'><strong>inferi</strong></span> <span class='ocrx_word' id='word_1_27' title='bbox 1438 720 1555 767; x_wconf 75' lang='lat' dir='ltr'><strong>non</strong></span> <span class='ocrx_word' id='word_1_28' title='bbox 1587 720 1755 782; x_wconf 76' lang='lat' dir='ltr'><strong>prce-</strong></span> 
     </span>
     <span class='ocr_line' id='line_1_5' title="bbox 164 784 1751 877; baseline 0.007 -32"><span class='ocrx_word' id='word_1_29' title='bbox 164 784 453 849; x_wconf 69' lang='lat' dir='ltr'><strong>calebunt</strong></span> <span class='ocrx_word' id='word_1_30' title='bbox 476 790 771 855; x_wconf 75' lang='lat' dir='ltr'><strong>adversus</strong></span> <span class='ocrx_word' id='word_1_31' title='bbox 802 811 972 867; x_wconf 54' lang='lat' dir='ltr'><strong>eanu-</strong></span> <span class='ocrx_word' id='word_1_32' title='bbox 1005 802 1069 857; x_wconf 91' lang='lat' dir='ltr'><strong>et</strong></span> <span class='ocrx_word' id='word_1_33' title='bbox 1094 795 1377 876; x_wconf 84' lang='lat' dir='ltr'><strong>ejusdem</strong></span> <span class='ocrx_word' id='word_1_34' title='bbox 1400 795 1751 877; x_wconf 85' lang='lat' dir='ltr'><strong>promissio-</strong></span> 
     </span>
    </p>

    <p class='ocr_par' dir='ltr' id='par_1_4' title="bbox 166 882 1754 1065">
     <span class='ocr_line' id='line_1_6' title="bbox 166 882 1754 971; baseline 0.009 -33"><span class='ocrx_word' id='word_1_35' title='bbox 166 896 359 941; x_wconf 86' lang='lat' dir='ltr'><strong>nem:</strong></span> <span class='ocrx_word' id='word_1_36' title='bbox 388 882 561 947; x_wconf 79' lang='lat' dir='ltr'><strong>Ecce</strong></span> <span class='ocrx_word' id='word_1_37' title='bbox 600 903 706 965; x_wconf 64' lang='lat' dir='ltr'><strong>eqo</strong></span> <span class='ocrx_word' id='word_1_38' title='bbox 746 888 1043 951; x_wconf 77' lang='lat' dir='ltr'><strong>vobiscum</strong></span> <span class='ocrx_word' id='word_1_39' title='bbox 1088 909 1223 955; x_wconf 71' lang='lat' dir='ltr'><strong>sum</strong></span> <span class='ocrx_word' id='word_1_40' title='bbox 1264 907 1450 971; x_wconf 72' lang='lat' dir='ltr'><strong>usque</strong></span> <span class='ocrx_word' id='word_1_41' title='bbox 1492 891 1577 953; x_wconf 79' lang='lat' dir='ltr'><strong>ad</strong></span> <span class='ocrx_word' id='word_1_42' title='bbox 1612 908 1754 953; x_wconf 67' lang='lat' dir='ltr'><strong>con-</strong></span> 
     </span>
     <span class='ocr_line' id='line_1_7' title="bbox 166 977 1755 1065; baseline 0.01 -32"><span class='ocrx_word' id='word_1_43' title='bbox 166 977 641 1040; x_wconf 63' lang='lat' dir='ltr'><strong>annuntiassem</strong></span> <span class='ocrx_word' id='word_1_44' title='bbox 662 979 889 1044; x_wconf 71' lang='lat' dir='ltr'><strong>soeeuli.</strong></span> <span class='ocrx_word' id='word_1_45' title='bbox 922 984 1125 1065; x_wconf 77' lang='lat' dir='ltr'><strong>Atque</strong></span> <span class='ocrx_word' id='word_1_46' title='bbox 1157 983 1279 1047; x_wconf 89' lang='lat' dir='ltr'><strong>hoc</strong></span> <span class='ocrx_word' id='word_1_47' title='bbox 1316 985 1525 1065; x_wconf 90' lang='lat' dir='ltr'><strong>ipsum</strong></span> <span class='ocrx_word' id='word_1_48' title='bbox 1549 984 1755 1049; x_wconf 86' lang='lat' dir='ltr'><strong>inten-</strong></span> 
     </span>
    </p>

    <p class='ocr_par' dir='ltr' id='par_1_5' title="bbox 162 1064 1762 2271">
     <span class='ocr_line' id='line_1_8' title="bbox 168 1064 1755 1159; baseline 0.009 -35"><span class='ocrx_word' id='word_1_49' title='bbox 168 1064 259 1125; x_wconf 81' lang='lat' dir='ltr'><strong>dit</strong></span> <span class='ocrx_word' id='word_1_50' title='bbox 318 1066 722 1147; x_wconf 82' lang='lat' dir='ltr'><strong>Augustinus</strong></span> <span class='ocrx_word' id='word_1_51' title='bbox 772 1073 839 1135; x_wconf 91' lang='lat' dir='ltr'><strong>in</strong></span> <span class='ocrx_word' id='word_1_52' title='bbox 887 1094 1001 1139; x_wconf 85' lang='lat' dir='ltr'><strong>sno</strong></span> <span class='ocrx_word' id='word_1_53' title='bbox 1035 1078 1217 1139; x_wconf 86' lang='lat' dir='ltr'><strong>tertio</strong></span> <span class='ocrx_word' id='word_1_54' title='bbox 1256 1077 1539 1147; x_wconf 83' lang='lat' dir='ltr'><strong>motivo,</strong></span> <span class='ocrx_word' id='word_1_55' title='bbox 1584 1076 1755 1159; x_wconf 85' lang='lat' dir='ltr'><strong>quod</strong></span> 
     </span>
     <span class='ocr_line' id='line_1_9' title="bbox 170 1160 1755 1239; baseline 0.01 -22"><span class='ocrx_word' id='word_1_56' title='bbox 170 1160 444 1239; x_wconf 81' lang='lat' dir='ltr'><strong>sumpsit</strong></span> <span class='ocrx_word' id='word_1_57' title='bbox 471 1182 553 1225; x_wconf 86' lang='lat' dir='ltr'><strong>cx</strong></span> <span class='ocrx_word' id='word_1_58' title='bbox 593 1166 895 1229; x_wconf 81' lang='lat' dir='ltr'><strong>continua</strong></span> <span class='ocrx_word' id='word_1_59' title='bbox 932 1170 1315 1233; x_wconf 80' lang='lat' dir='ltr'><strong>successione</strong></span> <span class='ocrx_word' id='word_1_60' title='bbox 1350 1170 1755 1233; x_wconf 87' lang='lat' dir='ltr'><strong>Summorum</strong></span> 
     </span>
     <span class='ocr_line' id='line_1_10' title="bbox 170 1250 1755 1343; baseline 0.01 -33"><span class='ocrx_word' id='word_1_61' title='bbox 170 1250 555 1317; x_wconf 82' lang='lat' dir='ltr'><strong>Pontificum</strong></span> <span class='ocrx_word' id='word_1_62' title='bbox 600 1257 669 1319; x_wconf 88' lang='lat' dir='ltr'><strong>in</strong></span> <span class='ocrx_word' id='word_1_63' title='bbox 710 1258 853 1323; x_wconf 89' lang='lat' dir='ltr'><strong>sede</strong></span> <span class='ocrx_word' id='word_1_64' title='bbox 901 1263 1097 1341; x_wconf 80' lang='lat' dir='ltr'><strong>Petri3</strong></span> <span class='ocrx_word' id='word_1_65' title='bbox 1136 1280 1285 1325; x_wconf 84' lang='lat' dir='ltr'><strong>nam</strong></span> <span class='ocrx_word' id='word_1_66' title='bbox 1322 1262 1473 1343; x_wconf 81' lang='lat' dir='ltr'><strong>quia</strong></span> <span class='ocrx_word' id='word_1_67' title='bbox 1503 1261 1615 1325; x_wconf 84' lang='lat' dir='ltr'><strong>illa</strong></span> <span class='ocrx_word' id='word_1_68' title='bbox 1662 1269 1755 1327; x_wconf 79' lang='lat' dir='ltr'><strong>est</strong></span> 
     </span>
     <span class='ocr_line' id='line_1_11' title="bbox 168 1344 1757 1433; baseline 0.009 -28"><span class='ocrx_word' id='word_1_69' title='bbox 168 1344 349 1407; x_wconf 85' lang='lat' dir='ltr'><strong>Petra</strong></span> <span class='ocrx_word' id='word_1_70' title='bbox 396 1366 601 1431; x_wconf 86' lang='lat' dir='ltr'><strong>supra</strong></span> <span class='ocrx_word' id='word_1_71' title='bbox 647 1370 839 1433; x_wconf 86' lang='lat' dir='ltr'><strong>quam</strong></span> <span class='ocrx_word' id='word_1_72' title='bbox 889 1354 1165 1419; x_wconf 85' lang='lat' dir='ltr'><strong>Christus</strong></span> <span class='ocrx_word' id='word_1_73' title='bbox 1209 1355 1501 1419; x_wconf 80' lang='lat' dir='ltr'><strong>fundavit</strong></span> <span class='ocrx_word' id='word_1_74' title='bbox 1546 1355 1757 1419; x_wconf 87' lang='lat' dir='ltr'><strong>Eccle-</strong></span> 
     </span>
     <span class='ocr_line' id='line_1_12' title="bbox 164 1437 1753 1529; baseline 0.009 -31"><span class='ocrx_word' id='word_1_75' title='bbox 164 1437 363 1516; x_wconf 85' lang='lat' dir='ltr'><strong>siam,</strong></span> <span class='ocrx_word' id='word_1_76' title='bbox 425 1440 657 1505; x_wconf 86' lang='lat' dir='ltr'><strong>eadem</strong></span> <span class='ocrx_word' id='word_1_77' title='bbox 708 1447 939 1511; x_wconf 83' lang='lat' dir='ltr'><strong>virtute</strong></span> <span class='ocrx_word' id='word_1_78' title='bbox 982 1448 1321 1511; x_wconf 87' lang='lat' dir='ltr'><strong>immobilis</strong></span> <span class='ocrx_word' id='word_1_79' title='bbox 1378 1455 1753 1529; x_wconf 81' lang='lat' dir='ltr'><strong>perseverat,</strong></span> 
     </span>
     <span class='ocr_line' id='line_1_13' title="bbox 164 1534 1761 1623; baseline 0.008 -31"><span class='ocrx_word' id='word_1_80' title='bbox 164 1550 289 1611; x_wconf 86' lang='lat' dir='ltr'><strong>qua</strong></span> <span class='ocrx_word' id='word_1_81' title='bbox 318 1534 467 1613; x_wconf 85' lang='lat' dir='ltr'><strong>ipsa</strong></span> <span class='ocrx_word' id='word_1_82' title='bbox 506 1536 784 1601; x_wconf 81' lang='lat' dir='ltr'><strong>Ecclesia</strong></span> <span class='ocrx_word' id='word_1_83' title='bbox 813 1546 877 1603; x_wconf 91' lang='lat' dir='ltr'><strong>et</strong></span> <span class='ocrx_word' id='word_1_84' title='bbox 904 1541 1039 1619; x_wconf 85' lang='lat' dir='ltr'><strong>ejus</strong></span> <span class='ocrx_word' id='word_1_85' title='bbox 1077 1541 1263 1621; x_wconf 85' lang='lat' dir='ltr'><strong>fides;</strong></span> <span class='ocrx_word' id='word_1_86' title='bbox 1292 1542 1459 1623; x_wconf 80' lang='lat' dir='ltr'><strong>quod</strong></span> <span class='ocrx_word' id='word_1_87' title='bbox 1496 1542 1551 1603; x_wconf 84' lang='lat' dir='ltr'><strong>si</strong></span> <span class='ocrx_word' id='word_1_88' title='bbox 1578 1542 1761 1605; x_wconf 87' lang='lat' dir='ltr'><strong>illum</strong></span> 
     </span>
     <span class='ocr_line' id='line_1_14' title="bbox 162 1624 1762 1717; baseline 0.01 -33"><span class='ocrx_word' id='word_1_89' title='bbox 162 1624 491 1690; x_wconf 84' lang='lat' dir='ltr'><strong>motivum</strong></span> <span class='ocrx_word' id='word_1_90' title='bbox 534 1637 633 1692; x_wconf 86' lang='lat' dir='ltr'><strong>est</strong></span> <span class='ocrx_word' id='word_1_91' title='bbox 672 1632 1023 1714; x_wconf 78' lang='lat' dir='ltr'><strong>Augustino</strong></span> <span class='ocrx_word' id='word_1_92' title='bbox 1074 1635 1383 1699; x_wconf 82' lang='lat' dir='ltr'><strong>sufficiens</strong></span> <span class='ocrx_word' id='word_1_93' title='bbox 1422 1642 1559 1717; x_wconf 84' lang='lat' dir='ltr'><strong>post</strong></span> <span class='ocrx_word' id='word_1_94' title='bbox 1604 1654 1762 1716; x_wconf 79' lang='lat' dir='ltr'><strong>qua-</strong></span> 
     </span>
     <span class='ocr_line' id='line_1_15' title="bbox 166 1717 1761 1809; baseline 0.008 -31"><span class='ocrx_word' id='word_1_95' title='bbox 166 1717 535 1799; x_wconf 82' lang='lat' dir='ltr'><strong>dringintos</strong></span> <span class='ocrx_word' id='word_1_96' title='bbox 587 1744 786 1787; x_wconf 84' lang='lat' dir='ltr'><strong>annos</strong></span> <span class='ocrx_word' id='word_1_97' title='bbox 830 1745 869 1789; x_wconf 90' lang='lat' dir='ltr'><strong>a</strong></span> <span class='ocrx_word' id='word_1_98' title='bbox 913 1727 1137 1791; x_wconf 85' lang='lat' dir='ltr'><strong>Christi</strong></span> <span class='ocrx_word' id='word_1_99' title='bbox 1184 1729 1481 1806; x_wconf 80' lang='lat' dir='ltr'><strong>adventu,</strong></span> <span class='ocrx_word' id='word_1_100' title='bbox 1520 1734 1583 1791; x_wconf 90' lang='lat' dir='ltr'><strong>et</strong></span> <span class='ocrx_word' id='word_1_101' title='bbox 1621 1734 1761 1809; x_wconf 86' lang='lat' dir='ltr'><strong>post</strong></span> 
     </span>
     <span class='ocr_line' id='line_1_16' title="bbox 170 1814 1759 1905; baseline 0.008 -33"><span class='ocrx_word' id='word_1_102' title='bbox 170 1814 609 1895; x_wconf 85' lang='lat' dir='ltr'><strong>quadraginta</strong></span> <span class='ocrx_word' id='word_1_103' title='bbox 634 1820 1047 1890; x_wconf 75' lang='lat' dir='ltr'><strong>successiones</strong></span> <span class='ocrx_word' id='word_1_104' title='bbox 1062 1823 1507 1905; x_wconf 83' lang='lat' dir='ltr'><strong>Episcoporum</strong></span> <span class='ocrx_word' id='word_1_105' title='bbox 1536 1822 1759 1887; x_wconf 86' lang='lat' dir='ltr'><strong>Roma-</strong></span> 
     </span>
     <span class='ocr_line' id='line_1_17' title="bbox 170 1911 1759 1997; baseline 0.008 -30"><span class='ocrx_word' id='word_1_106' title='bbox 170 1924 425 1984; x_wconf 85' lang='lat' dir='ltr'><strong>nomm,</strong></span> <span class='ocrx_word' id='word_1_107' title='bbox 460 1911 743 1991; x_wconf 84' lang='lat' dir='ltr'><strong>profecto</strong></span> <span class='ocrx_word' id='word_1_108' title='bbox 768 1913 957 1997; x_wconf 88' lang='lat' dir='ltr'><strong>longe</strong></span> <span class='ocrx_word' id='word_1_109' title='bbox 988 1916 1333 1979; x_wconf 87' lang='lat' dir='ltr'><strong>mirabilior</strong></span> <span class='ocrx_word' id='word_1_110' title='bbox 1374 1922 1489 1993; x_wconf 89' lang='grc' dir='ltr'><strong>εει,</strong></span> <span class='ocrx_word' id='word_1_111' title='bbox 1530 1918 1759 1996; x_wconf 85' lang='lat' dir='ltr'><strong>magis·</strong></span> 
     </span>
     <span class='ocr_line' id='line_1_18' title="bbox 170 2002 1760 2090; baseline 0.008 -29"><span class='ocrx_word' id='word_1_112' title='bbox 170 2019 285 2080; x_wconf 88' lang='lat' dir='ltr'><strong>que</strong></span> <span class='ocrx_word' id='word_1_113' title='bbox 314 2002 621 2066; x_wconf 74' lang='lat' dir='ltr'><strong>divinam</strong></span> <span class='ocrx_word' id='word_1_114' title='bbox 652 2007 953 2071; x_wconf 78' lang='lat' dir='ltr'><strong>virtutem</strong></span> <span class='ocrx_word' id='word_1_115' title='bbox 978 2010 1271 2089; x_wconf 74' lang='lat' dir='ltr'><strong>ostendit,</strong></span> <span class='ocrx_word' id='word_1_116' title='bbox 1296 2009 1576 2090; x_wconf 78' lang='lat' dir='ltr'><strong>eiusdem</strong></span> <span class='ocrx_word' id='word_1_117' title='bbox 1598 2010 1760 2073; x_wconf 87' lang='lat' dir='ltr'><strong>sedis</strong></span> 
     </span>
     <span class='ocr_line' id='line_1_19' title="bbox 171 2095 1757 2183; baseline 0.008 -30"><span class='ocrx_word' id='word_1_118' title='bbox 171 2112 365 2175; x_wconf 79' lang='lat' dir='ltr'><strong>usque</strong></span> <span class='ocrx_word' id='word_1_119' title='bbox 395 2095 481 2158; x_wconf 79' lang='lat' dir='ltr'><strong>ad</strong></span> <span class='ocrx_word' id='word_1_120' title='bbox 528 2106 751 2161; x_wconf 83' lang='lat' dir='ltr'><strong>nostra</strong></span> <span class='ocrx_word' id='word_1_121' title='bbox 781 2108 1063 2183; x_wconf 87' lang='lat' dir='ltr'><strong>tempora</strong></span> <span class='ocrx_word' id='word_1_122' title='bbox 1094 2103 1391 2167; x_wconf 88' lang='lat' dir='ltr'><strong>continua</strong></span> <span class='ocrx_word' id='word_1_123' title='bbox 1432 2102 1757 2178; x_wconf 82' lang='lat' dir='ltr'><strong>successio,</strong></span> 
     </span>
     <span class='ocr_line' id='line_1_20' title="bbox 172 2188 1289 2271; baseline 0.013 -25"><span class='ocrx_word' id='word_1_124' title='bbox 172 2192 241 2247; x_wconf 87' lang='lat' dir='ltr'><strong>ut</strong></span> <span class='ocrx_word' id='word_1_125' title='bbox 264 2188 437 2271; x_wconf 84' lang='lat' dir='ltr'><strong>disp.</strong></span> <span class='ocrx_word' id='word_1_126' title='bbox 472 2194 585 2268; x_wconf 79' lang='lat'><strong>10,</strong></span> <span class='ocrx_word' id='word_1_127' title='bbox 615 2203 765 2256; x_wconf 88' lang='lat' dir='ltr'><strong>sect.</strong></span> <span class='ocrx_word' id='word_1_128' title='bbox 798 2196 862 2271; x_wconf 76' lang='lat'><strong>2,</strong></span> <span class='ocrx_word' id='word_1_129' title='bbox 895 2194 1289 2260; x_wconf 77' lang='lat' dir='ltr'><strong>tractabitur.</strong></span> 
     </span>
    </p>

    <p class='ocr_par' dir='ltr' id='par_1_6' title="bbox 176 2284 1775 5180">
     <span class='ocr_line' id='line_1_21' title="bbox 256 2284 1763 2375; baseline 0.009 -33"><span class='ocrx_word' id='word_1_130' title='bbox 256 2284 355 2343; x_wconf 76' lang='lat'><strong>12.</strong></span> <span class='ocrx_word' id='word_1_131' title='bbox 386 2284 685 2351; x_wconf 73' lang='lat' dir='ltr'><strong>Assertio</strong></span> <span class='ocrx_word' id='word_1_132' title='bbox 720 2290 929 2367; x_wconf 73' lang='lat' dir='ltr'><strong>posita</strong></span> <span class='ocrx_word' id='word_1_133' title='bbox 966 2309 1211 2355; x_wconf 73' lang='lat' dir='ltr'><strong>numero</strong></span> <span class='ocrx_word' id='word_1_134' title='bbox 1254 2294 1483 2373; x_wconf 74' lang='lat' dir='ltr'><strong>primo,</strong></span> <span class='ocrx_word' id='word_1_135' title='bbox 1526 2293 1763 2375; x_wconf 61' lang='lat' dir='ltr'><strong>conplo-</strong></span> 
     </span>
     <span class='ocr_line' id='line_1_22' title="bbox 176 2376 1762 2465; baseline 0.008 -28"><span class='ocrx_word' id='word_1_136' title='bbox 176 2376 307 2438; x_wconf 71' lang='grc' dir='ltr'><strong>ὄαιι</strong></span> <span class='ocrx_word' id='word_1_137' title='bbox 330 2396 409 2440; x_wconf 75' lang='lat' dir='ltr'><strong>esc</strong></span> <span class='ocrx_word' id='word_1_138' title='bbox 438 2378 637 2443; x_wconf 77' lang='lat' dir='ltr'><strong>dictis</strong></span> <span class='ocrx_word' id='word_1_139' title='bbox 660 2388 1033 2462; x_wconf 58' lang='lat' dir='ltr'><strong>argumento,</strong></span> <span class='ocrx_word' id='word_1_140' title='bbox 1076 2385 1400 2465; x_wconf 69' lang='lat' dir='ltr'><strong>probatur.</strong></span> <span class='ocrx_word' id='word_1_141' title='bbox 1431 2418 1515 2433; x_wconf 91' lang='lat'><strong>-—</strong></span> <span class='ocrx_word' id='word_1_142' title='bbox 1542 2388 1635 2449; x_wconf 87' lang='lat' dir='ltr'><strong>Ex</strong></span> <span class='ocrx_word' id='word_1_143' title='bbox 1662 2386 1762 2449; x_wconf 87' lang='lat' dir='ltr'><strong>his</strong></span> 
     </span>
     <span class='ocr_line' id='line_1_23' title="bbox 176 2470 1761 2561; baseline 0.009 -32"><span class='ocrx_word' id='word_1_144' title='bbox 176 2470 473 2531; x_wconf 87' lang='lat' dir='ltr'><strong>omnibus</strong></span> <span class='ocrx_word' id='word_1_145' title='bbox 506 2473 927 2553; x_wconf 84' lang='lat' dir='ltr'><strong>conglobatur</strong></span> <span class='ocrx_word' id='word_1_146' title='bbox 958 2478 1425 2558; x_wconf 80' lang='lat' dir='ltr'><strong>demonstratio,</strong></span> <span class='ocrx_word' id='word_1_147' title='bbox 1468 2497 1591 2561; x_wconf 85' lang='lat' dir='ltr'><strong>qua</strong></span> <span class='ocrx_word' id='word_1_148' title='bbox 1633 2498 1761 2543; x_wconf 86' lang='lat' dir='ltr'><strong>cre·</strong></span> 
     </span>
     <span class='ocr_line' id='line_1_24' title="bbox 178 2562 1761 2637; baseline 0.008 -15"><span class='ocrx_word' id='word_1_149' title='bbox 178 2562 459 2625; x_wconf 82' lang='lat' dir='ltr'><strong>dibilitas</strong></span> <span class='ocrx_word' id='word_1_150' title='bbox 486 2570 727 2629; x_wconf 78' lang='lat' dir='ltr'><strong>nostroe</strong></span> <span class='ocrx_word' id='word_1_151' title='bbox 770 2568 917 2631; x_wconf 85' lang='lat' dir='ltr'><strong>fidei</strong></span> <span class='ocrx_word' id='word_1_152' title='bbox 962 2570 1283 2635; x_wconf 83' lang='lat' dir='ltr'><strong>evidenter</strong></span> <span class='ocrx_word' id='word_1_153' title='bbox 1326 2574 1671 2637; x_wconf 83' lang='lat' dir='ltr'><strong>ostenditur</strong></span> <span class='ocrx_word' id='word_1_154' title='bbox 1692 2573 1761 2635; x_wconf 90' lang='lat' dir='ltr'><strong>in</strong></span> 
     </span>
     <span class='ocr_line' id='line_1_25' title="bbox 178 2654 1761 2749; baseline 0.01 -33"><span class='ocrx_word' id='word_1_155' title='bbox 178 2654 341 2718; x_wconf 87' lang='lat' dir='ltr'><strong>hunc</strong></span> <span class='ocrx_word' id='word_1_156' title='bbox 374 2658 676 2722; x_wconf 88' lang='lat' dir='ltr'><strong>modum.</strong></span> <span class='ocrx_word' id='word_1_157' title='bbox 712 2662 1025 2741; x_wconf 81' lang='lat' dir='ltr'><strong>Doctrina,</strong></span> <span class='ocrx_word' id='word_1_158' title='bbox 1064 2683 1203 2746; x_wconf 80' lang='lat' dir='ltr'><strong>quae</strong></span> <span class='ocrx_word' id='word_1_159' title='bbox 1232 2684 1343 2749; x_wconf 87' lang='lat' dir='ltr'><strong>per</strong></span> <span class='ocrx_word' id='word_1_160' title='bbox 1370 2685 1435 2731; x_wconf 89' lang='lat' dir='ltr'><strong>se</strong></span> <span class='ocrx_word' id='word_1_161' title='bbox 1464 2674 1556 2729; x_wconf 87' lang='grc' dir='ltr'><strong>εει</strong></span> <span class='ocrx_word' id='word_1_162' title='bbox 1580 2666 1761 2731; x_wconf 79' lang='lat' dir='ltr'><strong>valde</strong></span> 
     </span>
     <span class='ocr_line' id='line_1_26' title="bbox 184 2756 1759 2839; baseline 0.008 -27"><span class='ocrx_word' id='word_1_163' title='bbox 184 2759 605 2815; x_wconf 82' lang='lat' dir='ltr'><strong>consentanea</strong></span> <span class='ocrx_word' id='word_1_164' title='bbox 648 2756 901 2835; x_wconf 86' lang='lat' dir='ltr'><strong>rationi,</strong></span> <span class='ocrx_word' id='word_1_165' title='bbox 934 2759 1241 2839; x_wconf 60' lang='lat' dir='ltr'><strong>maiestati</strong></span> <span class='ocrx_word' id='word_1_166' title='bbox 1266 2780 1341 2823; x_wconf 90' lang='lat' dir='ltr'><strong>ac</strong></span> <span class='ocrx_word' id='word_1_167' title='bbox 1376 2761 1759 2825; x_wconf 76' lang='lat' dir='ltr'><strong>excellentiae</strong></span> 
     </span>
     <span class='ocr_line' id='line_1_27' title="bbox 188 2844 1761 2961; baseline 0.009 -57"><span class='ocrx_word' id='word_1_168' title='bbox 188 2844 429 2916; x_wconf 66' lang='lat' dir='ltr'><strong>divum.</strong></span> <span class='ocrx_word' id='word_1_169' title='bbox 459 2845 781 2929; x_wconf 68' lang='lat' dir='ltr'><strong>bonisqoe</strong></span> <span class='ocrx_word' id='word_1_170' title='bbox 808 2851 1112 2930; x_wconf 88' lang='lat' dir='ltr'><strong>moribus,</strong></span> <span class='ocrx_word' id='word_1_171' title='bbox 1156 2854 1761 2961; x_wconf 75' lang='lat' dir='ltr'><strong>innumerabilesque</strong></span> 
     </span>
     <span class='ocr_line' id='line_1_28' title="bbox 196 2936 1761 3029; baseline 0.01 -32"><span class='ocrx_word' id='word_1_172' title='bbox 196 2936 368 2999; x_wconf 79' lang='lat' dir='ltr'><strong>babet</strong></span> <span class='ocrx_word' id='word_1_173' title='bbox 390 2945 597 3003; x_wconf 86' lang='lat' dir='ltr'><strong>testes</strong></span> <span class='ocrx_word' id='word_1_174' title='bbox 623 2940 751 3005; x_wconf 88' lang='lat' dir='ltr'><strong>fide</strong></span> <span class='ocrx_word' id='word_1_175' title='bbox 795 2942 1209 3025; x_wconf 87' lang='lat' dir='ltr'><strong>dignissimos,</strong></span> <span class='ocrx_word' id='word_1_176' title='bbox 1256 2948 1367 3029; x_wconf 90' lang='lat' dir='ltr'><strong>qui</strong></span> <span class='ocrx_word' id='word_1_177' title='bbox 1402 2967 1532 3011; x_wconf 89' lang='lat' dir='ltr'><strong>non</strong></span> <span class='ocrx_word' id='word_1_178' title='bbox 1558 2948 1761 3012; x_wconf 87' lang='lat' dir='ltr'><strong>solum</strong></span> 
     </span>
     <span class='ocr_line' id='line_1_29' title="bbox 206 3028 1765 3123; baseline 0.009 -32"><span class='ocrx_word' id='word_1_179' title='bbox 206 3028 479 3111; x_wconf 76' lang='lat' dir='ltr'><strong>humana,</strong></span> <span class='ocrx_word' id='word_1_180' title='bbox 516 3035 638 3097; x_wconf 89' lang='lat' dir='ltr'><strong>sed</strong></span> <span class='ocrx_word' id='word_1_181' title='bbox 674 3035 863 3099; x_wconf 85' lang='lat' dir='ltr'><strong>etiam</strong></span> <span class='ocrx_word' id='word_1_182' title='bbox 898 3038 1113 3101; x_wconf 84' lang='lat' dir='ltr'><strong>divina</strong></span> <span class='ocrx_word' id='word_1_183' title='bbox 1158 3042 1387 3105; x_wconf 82' lang='lat' dir='ltr'><strong>virtute</strong></span> <span class='ocrx_word' id='word_1_184' title='bbox 1430 3060 1543 3122; x_wconf 87' lang='lat' dir='ltr'><strong>per</strong></span> <span class='ocrx_word' id='word_1_185' title='bbox 1585 3040 1765 3123; x_wconf 84' lang='lat' dir='ltr'><strong>signa</strong></span> 
     </span>
     <span class='ocr_line' id='line_1_30' title="bbox 207 3124 1764 3210; baseline 0.009 -25"><span class='ocrx_word' id='word_1_186' title='bbox 207 3124 495 3189; x_wconf 78' lang='lat' dir='ltr'><strong>mirabilia</strong></span> <span class='ocrx_word' id='word_1_187' title='bbox 548 3128 731 3191; x_wconf 84' lang='lat' dir='ltr'><strong>illam</strong></span> <span class='ocrx_word' id='word_1_188' title='bbox 778 3132 1249 3210; x_wconf 85' lang='lat' dir='ltr'><strong>confirmarunt,</strong></span> <span class='ocrx_word' id='word_1_189' title='bbox 1302 3140 1366 3197; x_wconf 92' lang='lat' dir='ltr'><strong>et</strong></span> <span class='ocrx_word' id='word_1_190' title='bbox 1412 3137 1502 3199; x_wconf 87' lang='lat' dir='ltr'><strong>ita</strong></span> <span class='ocrx_word' id='word_1_191' title='bbox 1550 3134 1764 3199; x_wconf 85' lang='lat' dir='ltr'><strong>firma-</strong></span> 
     </span>
     <span class='ocr_line' id='line_1_31' title="bbox 194 3224 1765 3302; baseline 0.008 -24"><span class='ocrx_word' id='word_1_192' title='bbox 194 3225 351 3293; x_wconf 83' lang='lat' dir='ltr'><strong>runt,</strong></span> <span class='ocrx_word' id='word_1_193' title='bbox 380 3226 456 3281; x_wconf 88' lang='lat' dir='ltr'><strong>nt</strong></span> <span class='ocrx_word' id='word_1_194' title='bbox 484 3224 776 3302; x_wconf 83' lang='lat' dir='ltr'><strong>potentia</strong></span> <span class='ocrx_word' id='word_1_195' title='bbox 818 3226 1041 3287; x_wconf 89' lang='lat' dir='ltr'><strong>mundi</strong></span> <span class='ocrx_word' id='word_1_196' title='bbox 1070 3232 1135 3288; x_wconf 88' lang='lat' dir='ltr'><strong>et</strong></span> <span class='ocrx_word' id='word_1_197' title='bbox 1158 3228 1515 3291; x_wconf 77' lang='lat' dir='ltr'><strong>daemonum</strong></span> <span class='ocrx_word' id='word_1_198' title='bbox 1548 3236 1765 3291; x_wconf 87' lang='lat' dir='ltr'><strong>contra</strong></span> 
     </span>
     <span class='ocr_line' id='line_1_32' title="bbox 192 3312 1757 3401; baseline 0.01 -31"><span class='ocrx_word' id='word_1_199' title='bbox 192 3312 354 3373; x_wconf 82' lang='lat' dir='ltr'><strong>illam</strong></span> <span class='ocrx_word' id='word_1_200' title='bbox 382 3314 735 3393; x_wconf 75' lang='lat' dir='ltr'><strong>proevaierc</strong></span> <span class='ocrx_word' id='word_1_201' title='bbox 779 3335 905 3379; x_wconf 89' lang='lat' dir='ltr'><strong>non</strong></span> <span class='ocrx_word' id='word_1_202' title='bbox 941 3320 1235 3399; x_wconf 87' lang='lat' dir='ltr'><strong>potuerit,</strong></span> <span class='ocrx_word' id='word_1_203' title='bbox 1280 3321 1593 3385; x_wconf 87' lang='lat' dir='ltr'><strong>credibilis</strong></span> <span class='ocrx_word' id='word_1_204' title='bbox 1628 3328 1757 3385; x_wconf 61' lang='lat' dir='ltr'><strong>est·</strong></span> <span class='ocrx_word' id='word_1_205' title='bbox 1740 3366 1757 3401; x_wconf 88' lang='lat'><strong>,</strong></span> 
     </span>
     <span class='ocr_line' id='line_1_33' title="bbox 191 3404 1769 3497; baseline 0.009 -32"><span class='ocrx_word' id='word_1_206' title='bbox 191 3404 289 3465; x_wconf 86' lang='lat' dir='ltr'><strong>sed</strong></span> <span class='ocrx_word' id='word_1_207' title='bbox 316 3404 465 3467; x_wconf 83' lang='lat' dir='ltr'><strong>talis</strong></span> <span class='ocrx_word' id='word_1_208' title='bbox 490 3416 595 3470; x_wconf 88' lang='lat' dir='ltr'><strong>est</strong></span> <span class='ocrx_word' id='word_1_209' title='bbox 615 3408 895 3473; x_wconf 88' lang='lat' dir='ltr'><strong>doctrina</strong></span> <span class='ocrx_word' id='word_1_210' title='bbox 920 3411 1068 3474; x_wconf 88' lang='lat' dir='ltr'><strong>fidei</strong></span> <span class='ocrx_word' id='word_1_211' title='bbox 1087 3413 1480 3492; x_wconf 58' lang='lat' dir='ltr'><strong>Christ-ianm</strong></span> <span class='ocrx_word' id='word_1_212' title='bbox 1500 3434 1649 3497; x_wconf 85' lang='lat' dir='ltr'><strong>ergo</strong></span> <span class='ocrx_word' id='word_1_213' title='bbox 1674 3422 1769 3479; x_wconf 89' lang='grc' dir='ltr'><strong>εει</strong></span> 
     </span>
     <span class='ocr_line' id='line_1_34' title="bbox 190 3499 1769 3589; baseline 0.009 -30"><span class='ocrx_word' id='word_1_214' title='bbox 190 3499 529 3561; x_wconf 80' lang='lat' dir='ltr'><strong>credibilis.</strong></span> <span class='ocrx_word' id='word_1_215' title='bbox 552 3501 1007 3585; x_wconf 77' lang='lat' dir='ltr'><strong>Consequentia</strong></span> <span class='ocrx_word' id='word_1_216' title='bbox 1032 3513 1125 3569; x_wconf 85' lang='lat' dir='ltr'><strong>est</strong></span> <span class='ocrx_word' id='word_1_217' title='bbox 1150 3508 1429 3586; x_wconf 84' lang='lat' dir='ltr'><strong>evidens,</strong></span> <span class='ocrx_word' id='word_1_218' title='bbox 1466 3514 1539 3570; x_wconf 85' lang='lat' dir='ltr'><strong>ut</strong></span> <span class='ocrx_word' id='word_1_219' title='bbox 1564 3527 1675 3589; x_wconf 86' lang='lat' dir='ltr'><strong>per</strong></span> <span class='ocrx_word' id='word_1_220' title='bbox 1702 3528 1769 3573; x_wconf 86' lang='lat' dir='ltr'><strong>se</strong></span> 
     </span>
     <span class='ocr_line' id='line_1_35' title="bbox 188 3595 1769 3682; baseline 0.008 -28"><span class='ocrx_word' id='word_1_221' title='bbox 188 3598 389 3671; x_wconf 86' lang='lat' dir='ltr'><strong>patet·</strong></span> <span class='ocrx_word' id='word_1_222' title='bbox 370 3641 391 3668; x_wconf 93' lang='lat'><strong>,</strong></span> <span class='ocrx_word' id='word_1_223' title='bbox 414 3595 758 3675; x_wconf 83' lang='lat' dir='ltr'><strong>praemissae</strong></span> <span class='ocrx_word' id='word_1_224' title='bbox 776 3598 965 3661; x_wconf 86' lang='lat' dir='ltr'><strong>etiam</strong></span> <span class='ocrx_word' id='word_1_225' title='bbox 982 3607 1129 3663; x_wconf 88' lang='lat' dir='ltr'><strong>sunt</strong></span> <span class='ocrx_word' id='word_1_226' title='bbox 1154 3601 1509 3665; x_wconf 83' lang='lat' dir='ltr'><strong>evidentes·</strong></span> <span class='ocrx_word' id='word_1_227' title='bbox 1492 3647 1510 3678; x_wconf 89' lang='lat'><strong>,</strong></span> <span class='ocrx_word' id='word_1_228' title='bbox 1536 3620 1685 3682; x_wconf 86' lang='lat' dir='ltr'><strong>ergo</strong></span> <span class='ocrx_word' id='word_1_229' title='bbox 1704 3609 1769 3665; x_wconf 88' lang='lat' dir='ltr'><strong>et</strong></span> 
     </span>
     <span class='ocr_line' id='line_1_36' title="bbox 188 3686 1767 3775; baseline 0.008 -30"><span class='ocrx_word' id='word_1_230' title='bbox 188 3686 511 3749; x_wconf 77' lang='lat' dir='ltr'><strong>conclusio</strong></span> <span class='ocrx_word' id='word_1_231' title='bbox 553 3689 807 3753; x_wconf 75' lang='lat' dir='ltr'><strong>evidens</strong></span> <span class='ocrx_word' id='word_1_232' title='bbox 840 3700 955 3755; x_wconf 88' lang='grc' dir='ltr'><strong>εει.</strong></span> <span class='ocrx_word' id='word_1_233' title='bbox 998 3694 1077 3755; x_wconf 82' lang='grc' dir='ltr'><strong>Ει</strong></span> <span class='ocrx_word' id='word_1_234' title='bbox 1118 3694 1373 3775; x_wconf 85' lang='lat' dir='ltr'><strong>quidem</strong></span> <span class='ocrx_word' id='word_1_235' title='bbox 1410 3694 1491 3758; x_wconf 89' lang='lat' dir='ltr'><strong>de</strong></span> <span class='ocrx_word' id='word_1_236' title='bbox 1538 3696 1767 3759; x_wconf 89' lang='lat' dir='ltr'><strong>minori</strong></span> 
     </span>
     <span class='ocr_line' id='line_1_37' title="bbox 188 3781 1768 3868; baseline 0.008 -29"><span class='ocrx_word' id='word_1_237' title='bbox 188 3781 353 3861; x_wconf 86' lang='lat' dir='ltr'><strong>quod</strong></span> <span class='ocrx_word' id='word_1_238' title='bbox 384 3782 471 3841; x_wconf 86' lang='lat' dir='ltr'><strong>sit</strong></span> <span class='ocrx_word' id='word_1_239' title='bbox 492 3782 773 3861; x_wconf 84' lang='lat' dir='ltr'><strong>evidens,</strong></span> <span class='ocrx_word' id='word_1_240' title='bbox 802 3804 877 3847; x_wconf 84' lang='lat' dir='ltr'><strong>ex</strong></span> <span class='ocrx_word' id='word_1_241' title='bbox 906 3786 1039 3867; x_wconf 85' lang='lat' dir='ltr'><strong>ipso</strong></span> <span class='ocrx_word' id='word_1_242' title='bbox 1062 3787 1222 3851; x_wconf 79' lang='lat' dir='ltr'><strong>facto</strong></span> <span class='ocrx_word' id='word_1_243' title='bbox 1248 3795 1313 3851; x_wconf 88' lang='grc' dir='ltr'><strong>ει</strong></span> <span class='ocrx_word' id='word_1_244' title='bbox 1344 3790 1768 3868; x_wconf 83' lang='lat' dir='ltr'><strong>experimento</strong></span> 
     </span>
     <span class='ocr_line' id='line_1_38' title="bbox 190 3878 1766 3963; baseline 0.008 -31"><span class='ocrx_word' id='word_1_245' title='bbox 190 3878 475 3949; x_wconf 83' lang='lat' dir='ltr'><strong>constat;</strong></span> <span class='ocrx_word' id='word_1_246' title='bbox 520 3894 725 3956; x_wconf 89' lang='lat' dir='ltr'><strong>neque</strong></span> <span class='ocrx_word' id='word_1_247' title='bbox 769 3878 1033 3941; x_wconf 78' lang='lat' dir='ltr'><strong>obstabit</strong></span> <span class='ocrx_word' id='word_1_248' title='bbox 1080 3881 1247 3963; x_wconf 85' lang='lat' dir='ltr'><strong>quod</strong></span> <span class='ocrx_word' id='word_1_249' title='bbox 1294 3882 1495 3945; x_wconf 73' lang='lat' dir='ltr'><strong>multa</strong></span> <span class='ocrx_word' id='word_1_250' title='bbox 1538 3901 1617 3947; x_wconf 86' lang='lat' dir='ltr'><strong>ex</strong></span> <span class='ocrx_word' id='word_1_251' title='bbox 1666 3882 1766 3945; x_wconf 76' lang='lat' dir='ltr'><strong>liis</strong></span> 
     </span>
     <span class='ocr_line' id='line_1_39' title="bbox 192 3968 1769 4057; baseline 0.007 -30"><span class='ocrx_word' id='word_1_252' title='bbox 192 3984 327 4046; x_wconf 77' lang='lat' dir='ltr'><strong>quae</strong></span> <span class='ocrx_word' id='word_1_253' title='bbox 362 3968 647 4031; x_wconf 82' lang='lat' dir='ltr'><strong>diximus</strong></span> <span class='ocrx_word' id='word_1_254' title='bbox 692 3970 773 4032; x_wconf 87' lang='lat' dir='ltr'><strong>ad</strong></span> <span class='ocrx_word' id='word_1_255' title='bbox 816 3990 931 4035; x_wconf 84' lang='lat' dir='ltr'><strong>nos</strong></span> <span class='ocrx_word' id='word_1_256' title='bbox 978 3975 1379 4054; x_wconf 80' lang='lat' dir='ltr'><strong>pervenerint</strong></span> <span class='ocrx_word' id='word_1_257' title='bbox 1418 3994 1531 4057; x_wconf 87' lang='lat' dir='ltr'><strong>per</strong></span> <span class='ocrx_word' id='word_1_258' title='bbox 1576 3975 1769 4039; x_wconf 87' lang='lat' dir='ltr'><strong>histo·</strong></span> 
     </span>
     <span class='ocr_line' id='line_1_40' title="bbox 192 4060 1769 4147; baseline 0.008 -27"><span class='ocrx_word' id='word_1_259' title='bbox 192 4060 351 4121; x_wconf 85' lang='lat' dir='ltr'><strong>riam</strong></span> <span class='ocrx_word' id='word_1_260' title='bbox 382 4068 453 4123; x_wconf 83' lang='lat' dir='ltr'><strong>et</strong></span> <span class='ocrx_word' id='word_1_261' title='bbox 496 4060 895 4128; x_wconf 79' lang='lat' dir='ltr'><strong>traditionem</strong></span> <span class='ocrx_word' id='word_1_262' title='bbox 940 4064 1323 4147; x_wconf 83' lang='lat' dir='ltr'><strong>bumanam3</strong></span> <span class='ocrx_word' id='word_1_263' title='bbox 1358 4086 1511 4131; x_wconf 82' lang='lat' dir='ltr'><strong>nam</strong></span> <span class='ocrx_word' id='word_1_264' title='bbox 1534 4068 1643 4133; x_wconf 85' lang='lat' dir='ltr'><strong>illa</strong></span> <span class='ocrx_word' id='word_1_265' title='bbox 1674 4074 1769 4133; x_wconf 86' lang='lat' dir='ltr'><strong>est</strong></span> 
     </span>
     <span class='ocr_line' id='line_1_41' title="bbox 194 4159 1771 4242; baseline 0.008 -28"><span class='ocrx_word' id='word_1_266' title='bbox 194 4159 323 4215; x_wconf 86' lang='lat' dir='ltr'><strong>tam</strong></span> <span class='ocrx_word' id='word_1_267' title='bbox 350 4162 677 4234; x_wconf 72' lang='lat' dir='ltr'><strong>constans,</strong></span> <span class='ocrx_word' id='word_1_268' title='bbox 712 4164 963 4239; x_wconf 83' lang='lat' dir='ltr'><strong>tamque</strong></span> <span class='ocrx_word' id='word_1_269' title='bbox 1001 4160 1363 4223; x_wconf 82' lang='lat' dir='ltr'><strong>universalis</strong></span> <span class='ocrx_word' id='word_1_270' title='bbox 1404 4170 1467 4224; x_wconf 87' lang='lat' dir='ltr'><strong>et</strong></span> <span class='ocrx_word' id='word_1_271' title='bbox 1494 4169 1667 4242; x_wconf 89' lang='lat' dir='ltr'><strong>nota,</strong></span> <span class='ocrx_word' id='word_1_272' title='bbox 1698 4168 1771 4225; x_wconf 88' lang='lat' dir='ltr'><strong>ut</strong></span> 
     </span>
     <span class='ocr_line' id='line_1_42' title="bbox 196 4248 1770 4321; baseline 0.008 -12"><span class='ocrx_word' id='word_1_273' title='bbox 196 4248 471 4313; x_wconf 84' lang='lat' dir='ltr'><strong>sufficiat</strong></span> <span class='ocrx_word' id='word_1_274' title='bbox 511 4250 593 4313; x_wconf 88' lang='lat' dir='ltr'><strong>ad</strong></span> <span class='ocrx_word' id='word_1_275' title='bbox 621 4252 997 4317; x_wconf 78' lang='lat' dir='ltr'><strong>evidentiam</strong></span> <span class='ocrx_word' id='word_1_276' title='bbox 1037 4254 1385 4319; x_wconf 86' lang='lat' dir='ltr'><strong>humanam</strong></span> <span class='ocrx_word' id='word_1_277' title='bbox 1438 4257 1508 4321; x_wconf 93' lang='lat' dir='ltr'><strong>in</strong></span> <span class='ocrx_word' id='word_1_278' title='bbox 1551 4258 1770 4321; x_wconf 85' lang='lat' dir='ltr'><strong>testifi-</strong></span> 
     </span>
     <span class='ocr_line' id='line_1_43' title="bbox 198 4342 1769 4433; baseline 0.007 -30"><span class='ocrx_word' id='word_1_279' title='bbox 198 4348 383 4405; x_wconf 80' lang='lat' dir='ltr'><strong>cante</strong></span> <span class='ocrx_word' id='word_1_280' title='bbox 410 4342 786 4422; x_wconf 79' lang='lat' dir='ltr'><strong>faciendam,</strong></span> <span class='ocrx_word' id='word_1_281' title='bbox 826 4346 1026 4429; x_wconf 88' lang='lat' dir='ltr'><strong>qualis</strong></span> <span class='ocrx_word' id='word_1_282' title='bbox 1072 4353 1165 4411; x_wconf 92' lang='lat' dir='ltr'><strong>est</strong></span> <span class='ocrx_word' id='word_1_283' title='bbox 1208 4347 1287 4411; x_wconf 88' lang='lat' dir='ltr'><strong>de</strong></span> <span class='ocrx_word' id='word_1_284' title='bbox 1333 4349 1453 4413; x_wconf 84' lang='lat' dir='ltr'><strong>hac</strong></span> <span class='ocrx_word' id='word_1_285' title='bbox 1492 4351 1769 4433; x_wconf 86' lang='lat' dir='ltr'><strong>proposi-</strong></span> 
     </span>
     <span class='ocr_line' id='line_1_44' title="bbox 200 4434 1769 4525; baseline 0.007 -29"><span class='ocrx_word' id='word_1_286' title='bbox 200 4434 373 4497; x_wconf 78' lang='lat' dir='ltr'><strong>tione</strong></span> <span class='ocrx_word' id='word_1_287' title='bbox 402 4457 421 4497; x_wconf 90' lang='lat'>:</span> <span class='ocrx_word' id='word_1_288' title='bbox 446 4436 643 4501; x_wconf 77' lang='lat' dir='ltr'><strong>Roma</strong></span> <span class='ocrx_word' id='word_1_289' title='bbox 670 4446 783 4516; x_wconf 72' lang='lat' dir='ltr'><strong>eet,</strong></span> <span class='ocrx_word' id='word_1_290' title='bbox 812 4445 875 4501; x_wconf 89' lang='lat' dir='ltr'><strong>et</strong></span> <span class='ocrx_word' id='word_1_291' title='bbox 898 4438 1229 4504; x_wconf 85' lang='lat' dir='ltr'><strong>similibus.</strong></span> <span class='ocrx_word' id='word_1_292' title='bbox 1266 4442 1379 4505; x_wconf 91' lang='lat' dir='ltr'><strong>llla</strong></span> <span class='ocrx_word' id='word_1_293' title='bbox 1400 4462 1549 4525; x_wconf 88' lang='lat' dir='ltr'><strong>ergo</strong></span> <span class='ocrx_word' id='word_1_294' title='bbox 1568 4444 1769 4509; x_wconf 87' lang='lat' dir='ltr'><strong>multo</strong></span> 
     </span>
     <span class='ocr_line' id='line_1_45' title="bbox 204 4528 1768 4609; baseline 0.006 -18"><span class='ocrx_word' id='word_1_295' title='bbox 204 4529 410 4609; x_wconf 82' lang='lat' dir='ltr'><strong>magis</strong></span> <span class='ocrx_word' id='word_1_296' title='bbox 458 4528 690 4593; x_wconf 86' lang='lat' dir='ltr'><strong>sufficit</strong></span> <span class='ocrx_word' id='word_1_297' title='bbox 736 4532 816 4594; x_wconf 80' lang='lat' dir='ltr'><strong>ad</strong></span> <span class='ocrx_word' id='word_1_298' title='bbox 879 4532 1259 4597; x_wconf 77' lang='lat' dir='ltr'><strong>evidentiam</strong></span> <span class='ocrx_word' id='word_1_299' title='bbox 1322 4536 1768 4601; x_wconf 83' lang='lat' dir='ltr'><strong>credibilitatis.</strong></span> 
     </span>
     <span class='ocr_line' id='line_1_46' title="bbox 208 4622 1771 4707; baseline 0.008 -24"><span class='ocrx_word' id='word_1_300' title='bbox 208 4622 421 4685; x_wconf 84' lang='lat' dir='ltr'><strong>Prima</strong></span> <span class='ocrx_word' id='word_1_301' title='bbox 458 4626 649 4687; x_wconf 87' lang='lat' dir='ltr'><strong>etiam</strong></span> <span class='ocrx_word' id='word_1_302' title='bbox 688 4626 1003 4707; x_wconf 74' lang='lat' dir='ltr'><strong>praemissa</strong></span> <span class='ocrx_word' id='word_1_303' title='bbox 1037 4634 1131 4691; x_wconf 87' lang='lat' dir='ltr'><strong>est</strong></span> <span class='ocrx_word' id='word_1_304' title='bbox 1162 4629 1419 4699; x_wconf 76' lang='lat' dir='ltr'><strong>evidens</strong></span> <span class='ocrx_word' id='word_1_305' title='bbox 1455 4649 1533 4695; x_wconf 82' lang='lat' dir='ltr'><strong>ex</strong></span> <span class='ocrx_word' id='word_1_306' title='bbox 1562 4632 1771 4695; x_wconf 83' lang='lat' dir='ltr'><strong>termi-</strong></span> 
     </span>
     <span class='ocr_line' id='line_1_47' title="bbox 208 4718 1774 4803; baseline 0.006 -24"><span class='ocrx_word' id='word_1_307' title='bbox 208 4718 327 4789; x_wconf 80' lang='lat' dir='ltr'><strong>nis,</strong></span> <span class='ocrx_word' id='word_1_308' title='bbox 356 4723 425 4781; x_wconf 87' lang='lat' dir='ltr'><strong>et</strong></span> <span class='ocrx_word' id='word_1_309' title='bbox 443 4737 525 4781; x_wconf 81' lang='lat' dir='ltr'><strong>ex</strong></span> <span class='ocrx_word' id='word_1_310' title='bbox 550 4719 911 4785; x_wconf 83' lang='lat' dir='ltr'><strong>definitione</strong></span> <span class='ocrx_word' id='word_1_311' title='bbox 948 4722 1142 4803; x_wconf 84' lang='lat' dir='ltr'><strong>ipsius</strong></span> <span class='ocrx_word' id='word_1_312' title='bbox 1181 4724 1507 4789; x_wconf 73' lang='lat' dir='ltr'><strong>credibilis.</strong></span> <span class='ocrx_word' id='word_1_313' title='bbox 1534 4725 1774 4789; x_wconf 83' lang='lat' dir='ltr'><strong>Addere</strong></span> 
     </span>
     <span class='ocr_line' id='line_1_48' title="bbox 210 4815 1775 4895; baseline 0.006 -24"><span class='ocrx_word' id='word_1_314' title='bbox 210 4829 357 4873; x_wconf 74' lang='lat' dir='ltr'><strong>vero</strong></span> <span class='ocrx_word' id='word_1_315' title='bbox 396 4830 743 4892; x_wconf 83' lang='lat' dir='ltr'><strong>possumus,</strong></span> <span class='ocrx_word' id='word_1_316' title='bbox 784 4815 864 4875; x_wconf 90' lang='lat' dir='ltr'><strong>ad</strong></span> <span class='ocrx_word' id='word_1_317' title='bbox 902 4820 1203 4895; x_wconf 85' lang='lat' dir='ltr'><strong>majorem</strong></span> <span class='ocrx_word' id='word_1_318' title='bbox 1248 4815 1417 4879; x_wconf 85' lang='lat' dir='ltr'><strong>illius</strong></span> <span class='ocrx_word' id='word_1_319' title='bbox 1442 4817 1775 4881; x_wconf 82' lang='lat' dir='ltr'><strong>confirma·</strong></span> 
     </span>
     <span class='ocr_line' id='line_1_49' title="bbox 214 4904 1774 4982; baseline 0.006 -18"><span class='ocrx_word' id='word_1_320' title='bbox 214 4904 467 4982; x_wconf 83' lang='lat' dir='ltr'><strong>tionem,</strong></span> <span class='ocrx_word' id='word_1_321' title='bbox 494 4906 862 4971; x_wconf 81' lang='lat' dir='ltr'><strong>naturaliter</strong></span> <span class='ocrx_word' id='word_1_322' title='bbox 886 4908 1141 4971; x_wconf 83' lang='lat' dir='ltr'><strong>evidens</strong></span> <span class='ocrx_word' id='word_1_323' title='bbox 1169 4927 1301 4973; x_wconf 81' lang='lat' dir='ltr'><strong>esse</strong></span> <span class='ocrx_word' id='word_1_324' title='bbox 1328 4911 1523 4973; x_wconf 88' lang='lat' dir='ltr'><strong>Deum</strong></span> <span class='ocrx_word' id='word_1_325' title='bbox 1544 4910 1774 4975; x_wconf 84' lang='lat' dir='ltr'><strong>habere</strong></span> 
     </span>
     <span class='ocr_line' id='line_1_50' title="bbox 214 4998 1773 5080; baseline 0.006 -22"><span class='ocrx_word' id='word_1_326' title='bbox 214 4998 667 5077; x_wconf 83' lang='lat' dir='ltr'><strong>providentiam</strong></span> <span class='ocrx_word' id='word_1_327' title='bbox 682 5019 897 5063; x_wconf 85' lang='lat' dir='ltr'><strong>rerum</strong></span> <span class='ocrx_word' id='word_1_328' title='bbox 917 5001 1359 5080; x_wconf 86' lang='lat' dir='ltr'><strong>humanarum,</strong></span> <span class='ocrx_word' id='word_1_329' title='bbox 1388 5010 1453 5067; x_wconf 90' lang='lat' dir='ltr'><strong>et</strong></span> <span class='ocrx_word' id='word_1_330' title='bbox 1476 5004 1619 5067; x_wconf 87' lang='lat' dir='ltr'><strong>ideo</strong></span> <span class='ocrx_word' id='word_1_331' title='bbox 1644 5022 1773 5067; x_wconf 91' lang='lat' dir='ltr'><strong>non</strong></span> 
     </span>
     <span class='ocr_line' id='line_1_51' title="bbox 220 5092 1774 5180; baseline 0.005 -27"><span class='ocrx_word' id='word_1_332' title='bbox 220 5092 493 5155; x_wconf 79' lang='lat' dir='ltr'><strong>deserere</strong></span> <span class='ocrx_word' id='word_1_333' title='bbox 514 5093 863 5173; x_wconf 87' lang='lat' dir='ltr'><strong>bominem,</strong></span> <span class='ocrx_word' id='word_1_334' title='bbox 892 5096 965 5157; x_wconf 89' lang='lat' dir='ltr'><strong>in</strong></span> <span class='ocrx_word' id='word_1_335' title='bbox 989 5094 1089 5159; x_wconf 86' lang='lat' dir='ltr'><strong>his</strong></span> <span class='ocrx_word' id='word_1_336' title='bbox 1108 5097 1383 5162; x_wconf 84' lang='lat' dir='ltr'><strong>maxime</strong></span> <span class='ocrx_word' id='word_1_337' title='bbox 1410 5118 1551 5179; x_wconf 79' lang='lat' dir='ltr'><strong>quoe</strong></span> <span class='ocrx_word' id='word_1_338' title='bbox 1576 5099 1658 5161; x_wconf 88' lang='lat' dir='ltr'><strong>ad</strong></span> <span class='ocrx_word' id='word_1_339' title='bbox 1680 5099 1774 5180; x_wconf 88' lang='lat' dir='ltr'><strong>ip-</strong></span> 
     </span>
    </p>

    <p class='ocr_par' dir='ltr' id='par_1_7' title="bbox 226 5186 1775 5645">
     <span class='ocr_line' id='line_1_52' title="bbox 226 5186 1774 5267; baseline 0.004 -20"><span class='ocrx_word' id='word_1_340' title='bbox 226 5186 469 5249; x_wconf 71' lang='lat' dir='ltr'><strong>siusmet</strong></span> <span class='ocrx_word' id='word_1_341' title='bbox 504 5188 795 5251; x_wconf 83' lang='lat' dir='ltr'><strong>notitiam</strong></span> <span class='ocrx_word' id='word_1_342' title='bbox 822 5195 886 5252; x_wconf 86' lang='lat' dir='ltr'><strong>et</strong></span> <span class='ocrx_word' id='word_1_343' title='bbox 914 5189 1175 5267; x_wconf 78' lang='lat' dir='ltr'><strong>cultum,</strong></span> <span class='ocrx_word' id='word_1_344' title='bbox 1206 5198 1273 5253; x_wconf 90' lang='lat' dir='ltr'><strong>et</strong></span> <span class='ocrx_word' id='word_1_345' title='bbox 1310 5192 1389 5255; x_wconf 85' lang='lat' dir='ltr'><strong>ad</strong></span> <span class='ocrx_word' id='word_1_346' title='bbox 1414 5192 1774 5255; x_wconf 81' lang='lat' dir='ltr'><strong>felicitatem</strong></span> 
     </span>
     <span class='ocr_line' id='line_1_53' title="bbox 228 5283 1773 5361; baseline 0.004 -20"><span class='ocrx_word' id='word_1_347' title='bbox 228 5288 509 5343; x_wconf 72' lang='lat' dir='ltr'><strong>aeternam</strong></span> <span class='ocrx_word' id='word_1_348' title='bbox 528 5283 867 5361; x_wconf 85' lang='lat' dir='ltr'><strong>pertinent.</strong></span> <span class='ocrx_word' id='word_1_349' title='bbox 897 5284 1069 5347; x_wconf 88' lang='lat' dir='ltr'><strong>Unde</strong></span> <span class='ocrx_word' id='word_1_350' title='bbox 1084 5283 1449 5347; x_wconf 84' lang='lat' dir='ltr'><strong>incredibile</strong></span> <span class='ocrx_word' id='word_1_351' title='bbox 1466 5291 1561 5349; x_wconf 84' lang='lat' dir='ltr'><strong>cst</strong></span> <span class='ocrx_word' id='word_1_352' title='bbox 1578 5286 1773 5348; x_wconf 88' lang='lat' dir='ltr'><strong>Deum</strong></span> 
     </span>
     <span class='ocr_line' id='line_1_54' title="bbox 230 5372 1775 5454; baseline 0.006 -22"><span class='ocrx_word' id='word_1_353' title='bbox 230 5372 313 5433; x_wconf 76' lang='lat' dir='ltr'><strong>ita</strong></span> <span class='ocrx_word' id='word_1_354' title='bbox 344 5392 449 5435; x_wconf 86' lang='lat' dir='ltr'><strong>sua</strong></span> <span class='ocrx_word' id='word_1_355' title='bbox 482 5375 877 5454; x_wconf 78' lang='lat' dir='ltr'><strong>providentia</strong></span> <span class='ocrx_word' id='word_1_356' title='bbox 913 5376 1257 5441; x_wconf 82' lang='lat' dir='ltr'><strong>destituisse</strong></span> <span class='ocrx_word' id='word_1_357' title='bbox 1286 5378 1573 5441; x_wconf 85' lang='lat' dir='ltr'><strong>homines</strong></span> <span class='ocrx_word' id='word_1_358' title='bbox 1610 5378 1775 5441; x_wconf 88' lang='lat' dir='ltr'><strong>hanc</strong></span> 
     </span>
     <span class='ocr_line' id='line_1_55' title="bbox 234 5464 1774 5553; baseline 0.006 -27"><span class='ocrx_word' id='word_1_359' title='bbox 234 5464 407 5529; x_wconf 84' lang='lat' dir='ltr'><strong>fidem</strong></span> <span class='ocrx_word' id='word_1_360' title='bbox 442 5468 907 5548; x_wconf 79' lang='lat' dir='ltr'><strong>amplectentes,</strong></span> <span class='ocrx_word' id='word_1_361' title='bbox 950 5475 1022 5532; x_wconf 93' lang='lat' dir='ltr'><strong>ut</strong></span> <span class='ocrx_word' id='word_1_362' title='bbox 1064 5470 1383 5551; x_wconf 86' lang='lat' dir='ltr'><strong>permittat</strong></span> <span class='ocrx_word' id='word_1_363' title='bbox 1426 5490 1535 5535; x_wconf 87' lang='lat' dir='ltr'><strong>cos</strong></span> <span class='ocrx_word' id='word_1_364' title='bbox 1574 5471 1774 5553; x_wconf 83' lang='lat' dir='ltr'><strong>decipi</strong></span> 
     </span>
     <span class='ocr_line' id='line_1_56' title="bbox 236 5561 1775 5645; baseline 0.005 -24"><span class='ocrx_word' id='word_1_365' title='bbox 236 5578 369 5621; x_wconf 82' lang='lat' dir='ltr'><strong>cum</strong></span> <span class='ocrx_word' id='word_1_366' title='bbox 418 5567 582 5623; x_wconf 86' lang='lat' dir='ltr'><strong>tanta</strong></span> <span class='ocrx_word' id='word_1_367' title='bbox 623 5561 1050 5625; x_wconf 83' lang='lat' dir='ltr'><strong>eredibilitatis</strong></span> <span class='ocrx_word' id='word_1_368' title='bbox 1096 5564 1409 5629; x_wconf 78' lang='lat' dir='ltr'><strong>evidentia</strong></span> <span class='ocrx_word' id='word_1_369' title='bbox 1422 5611 1445 5645; x_wconf 91' lang='lat'><strong>,</strong></span> <span class='ocrx_word' id='word_1_370' title='bbox 1500 5566 1775 5629; x_wconf 80' lang='lat' dir='ltr'><strong>maxime</strong></span> 
     </span>
    </p>
   </div>
   <div class='ocr_carea' id='block_1_3' title="bbox 1830 513 3406 2189">
    <p class='ocr_par' dir='ltr' id='par_1_8' title="bbox 1830 513 3406 2189">
     <span class='ocr_line' id='line_1_57' title="bbox 1832 513 3401 597; baseline 0 -20"><span class='ocrx_word' id='word_1_371' title='bbox 1832 533 1978 577; x_wconf 87' lang='lat' dir='ltr'><strong>cum</strong></span> <span class='ocrx_word' id='word_1_372' title='bbox 2001 516 2168 578; x_wconf 89' lang='lat' dir='ltr'><strong>inter</strong></span> <span class='ocrx_word' id='word_1_373' title='bbox 2195 534 2300 577; x_wconf 86' lang='lat' dir='ltr'><strong>eos</strong></span> <span class='ocrx_word' id='word_1_374' title='bbox 2323 517 2449 579; x_wconf 88' lang='lat' dir='ltr'><strong>sint</strong></span> <span class='ocrx_word' id='word_1_375' title='bbox 2475 517 2684 593; x_wconf 87' lang='lat' dir='ltr'><strong>multi,</strong></span> <span class='ocrx_word' id='word_1_376' title='bbox 2712 516 2824 597; x_wconf 87' lang='lat' dir='ltr'><strong>qui</strong></span> <span class='ocrx_word' id='word_1_377' title='bbox 2843 518 2974 579; x_wconf 87' lang='lat' dir='ltr'><strong>toto</strong></span> <span class='ocrx_word' id='word_1_378' title='bbox 3003 513 3184 577; x_wconf 86' lang='lat' dir='ltr'><strong>corde</strong></span> <span class='ocrx_word' id='word_1_379' title='bbox 3204 514 3401 577; x_wconf 88' lang='lat' dir='ltr'><strong>Deum</strong></span> 
     </span>
     <span class='ocr_line' id='line_1_58' title="bbox 1832 607 3402 690; baseline 0.001 -22"><span class='ocrx_word' id='word_1_380' title='bbox 1832 607 2038 689; x_wconf 88' lang='lat' dir='ltr'><strong>ipsum</strong></span> <span class='ocrx_word' id='word_1_381' title='bbox 2091 610 2350 689; x_wconf 84' lang='lat' dir='ltr'><strong>ejusque</strong></span> <span class='ocrx_word' id='word_1_382' title='bbox 2399 609 2724 673; x_wconf 82' lang='lat' dir='ltr'><strong>veritatem</strong></span> <span class='ocrx_word' id='word_1_383' title='bbox 2783 614 3090 690; x_wconf 85' lang='lat' dir='ltr'><strong>quaerunt.</strong></span> <span class='ocrx_word' id='word_1_384' title='bbox 3141 610 3402 688; x_wconf 85' lang='lat' dir='ltr'><strong>Propter</strong></span> 
     </span>
     <span class='ocr_line' id='line_1_59' title="bbox 1832 700 3402 783; baseline 0.001 -22"><span class='ocrx_word' id='word_1_385' title='bbox 1832 702 2000 782; x_wconf 85' lang='lat' dir='ltr'><strong>quod</strong></span> <span class='ocrx_word' id='word_1_386' title='bbox 2028 701 2188 765; x_wconf 85' lang='lat' dir='ltr'><strong>dixit</strong></span> <span class='ocrx_word' id='word_1_387' title='bbox 2215 702 2684 783; x_wconf 78' lang='lat' dir='ltr'><strong>Chrysostomus</strong></span> <span class='ocrx_word' id='word_1_388' title='bbox 2720 703 2786 765; x_wconf 91' lang='lat' dir='ltr'><strong>in</strong></span> <span class='ocrx_word' id='word_1_389' title='bbox 2828 703 3098 783; x_wconf 85' lang='lat' dir='ltr'><strong>quadam</strong></span> <span class='ocrx_word' id='word_1_390' title='bbox 3141 700 3402 763; x_wconf 83' lang='lat' dir='ltr'><strong>homilia</strong></span> 
     </span>
     <span class='ocr_line' id='line_1_60' title="bbox 1830 794 3401 875; baseline -0.001 -18"><span class='ocrx_word' id='word_1_391' title='bbox 1830 794 1912 857; x_wconf 91' lang='lat' dir='ltr'><strong>de</strong></span> <span class='ocrx_word' id='word_1_392' title='bbox 1942 795 2362 873; x_wconf 85' lang='lat' dir='ltr'><strong>Providentia,</strong></span> <span class='ocrx_word' id='word_1_393' title='bbox 2395 796 2528 859; x_wconf 87' lang='lat' dir='ltr'><strong>sine</strong></span> <span class='ocrx_word' id='word_1_394' title='bbox 2555 815 2786 875; x_wconf 86' lang='lat' dir='ltr'><strong>magna</strong></span> <span class='ocrx_word' id='word_1_395' title='bbox 2813 796 3048 875; x_wconf 87' lang='lat' dir='ltr'><strong>injuria</strong></span> <span class='ocrx_word' id='word_1_396' title='bbox 3073 796 3401 875; x_wconf 84' lang='lat' dir='ltr'><strong>providen-</strong></span> 
     </span>
     <span class='ocr_line' id='line_1_61' title="bbox 1832 887 3403 970; baseline -0.001 -21"><span class='ocrx_word' id='word_1_397' title='bbox 1832 888 1936 950; x_wconf 80' lang='lat' dir='ltr'><strong>tiae</strong></span> <span class='ocrx_word' id='word_1_398' title='bbox 1965 887 2218 965; x_wconf 67' lang='lat' dir='ltr'><strong>divium,</strong></span> <span class='ocrx_word' id='word_1_399' title='bbox 2249 908 2378 951; x_wconf 89' lang='lat' dir='ltr'><strong>non</strong></span> <span class='ocrx_word' id='word_1_400' title='bbox 2406 908 2578 970; x_wconf 83' lang='lat' dir='ltr'><strong>posse</strong></span> <span class='ocrx_word' id='word_1_401' title='bbox 2609 890 2776 953; x_wconf 86' lang='lat' dir='ltr'><strong>hanc</strong></span> <span class='ocrx_word' id='word_1_402' title='bbox 2821 890 3010 953; x_wconf 88' lang='lat' dir='ltr'><strong>fidem</strong></span> <span class='ocrx_word' id='word_1_403' title='bbox 3043 888 3266 949; x_wconf 77' lang='lat' dir='ltr'><strong>falsam</strong></span> <span class='ocrx_word' id='word_1_404' title='bbox 3303 906 3403 949; x_wconf 86' lang='lat' dir='ltr'><strong>re-</strong></span> 
     </span>
     <span class='ocr_line' id='line_1_62' title="bbox 1833 983 3399 1065; baseline 0.001 -22"><span class='ocrx_word' id='word_1_405' title='bbox 1833 984 2068 1061; x_wconf 87' lang='lat' dir='ltr'><strong>putari,</strong></span> <span class='ocrx_word' id='word_1_406' title='bbox 2093 990 2158 1045; x_wconf 88' lang='lat' dir='ltr'><strong>et</strong></span> <span class='ocrx_word' id='word_1_407' title='bbox 2176 983 2341 1063; x_wconf 87' lang='lat' dir='ltr'><strong>quod</strong></span> <span class='ocrx_word' id='word_1_408' title='bbox 2377 983 2454 1060; x_wconf 89' lang='lat' dir='ltr'><strong>si,</strong></span> <span class='ocrx_word' id='word_1_409' title='bbox 2484 1002 2595 1064; x_wconf 88' lang='lat' dir='ltr'><strong>per</strong></span> <span class='ocrx_word' id='word_1_410' title='bbox 2623 983 3019 1065; x_wconf 88' lang='lat' dir='ltr'><strong>impossibile,</strong></span> <span class='ocrx_word' id='word_1_411' title='bbox 3043 984 3196 1045; x_wconf 79' lang='lat' dir='ltr'><strong>falsa</strong></span> <span class='ocrx_word' id='word_1_412' title='bbox 3221 989 3399 1058; x_wconf 81' lang='lat' dir='ltr'><strong>esset,</strong></span> 
     </span>
     <span class='ocr_line' id='line_1_63' title="bbox 1834 1077 3402 1161; baseline -0.001 -20"><span class='ocrx_word' id='word_1_413' title='bbox 1834 1096 1966 1141; x_wconf 88' lang='lat' dir='ltr'><strong>non</strong></span> <span class='ocrx_word' id='word_1_414' title='bbox 2009 1084 2218 1159; x_wconf 86' lang='lat' dir='ltr'><strong>posset</strong></span> <span class='ocrx_word' id='word_1_415' title='bbox 2263 1078 2622 1141; x_wconf 82' lang='lat' dir='ltr'><strong>hominibus</strong></span> <span class='ocrx_word' id='word_1_416' title='bbox 2665 1080 2964 1161; x_wconf 87' lang='lat' dir='ltr'><strong>imputari</strong></span> <span class='ocrx_word' id='word_1_417' title='bbox 2985 1122 3008 1153; x_wconf 91' lang='lat'>‚</span> <span class='ocrx_word' id='word_1_418' title='bbox 3061 1077 3214 1158; x_wconf 88' lang='lat' dir='ltr'><strong>quia</strong></span> <span class='ocrx_word' id='word_1_419' title='bbox 3257 1096 3402 1157; x_wconf 88' lang='lat' dir='ltr'><strong>pru-</strong></span> 
     </span>
     <span class='ocr_line' id='line_1_64' title="bbox 1832 1170 3404 1251; baseline 0.001 -19"><span class='ocrx_word' id='word_1_420' title='bbox 1832 1171 2196 1233; x_wconf 86' lang='lat' dir='ltr'><strong>dentissime</strong></span> <span class='ocrx_word' id='word_1_421' title='bbox 2263 1170 2439 1233; x_wconf 88' lang='lat' dir='ltr'><strong>illam</strong></span> <span class='ocrx_word' id='word_1_422' title='bbox 2485 1171 2767 1236; x_wconf 87' lang='lat' dir='ltr'><strong>credunt.</strong></span> <span class='ocrx_word' id='word_1_423' title='bbox 2824 1172 3076 1235; x_wconf 83' lang='lat' dir='ltr'><strong>Accedit</strong></span> <span class='ocrx_word' id='word_1_424' title='bbox 3133 1170 3404 1251; x_wconf 86' lang='lat' dir='ltr'><strong>denique</strong></span> 
     </span>
     <span class='ocr_line' id='line_1_65' title="bbox 1834 1262 3402 1345; baseline 0 -21"><span class='ocrx_word' id='word_1_425' title='bbox 1834 1264 2024 1345; x_wconf 87' lang='lat' dir='ltr'><strong>quod,</strong></span> <span class='ocrx_word' id='word_1_426' title='bbox 2056 1282 2198 1325; x_wconf 89' lang='lat' dir='ltr'><strong>cum</strong></span> <span class='ocrx_word' id='word_1_427' title='bbox 2245 1262 2376 1327; x_wconf 76' lang='lat' dir='ltr'><strong>boec</strong></span> <span class='ocrx_word' id='word_1_428' title='bbox 2417 1264 2698 1329; x_wconf 84' lang='lat' dir='ltr'><strong>doctrina</strong></span> <span class='ocrx_word' id='word_1_429' title='bbox 2732 1266 2848 1328; x_wconf 90' lang='lat' dir='ltr'><strong>sub</strong></span> <span class='ocrx_word' id='word_1_430' title='bbox 2889 1266 3106 1328; x_wconf 78' lang='lat' dir='ltr'><strong>diviua</strong></span> <span class='ocrx_word' id='word_1_431' title='bbox 3135 1264 3402 1325; x_wconf 86' lang='lat' dir='ltr'><strong>auctori·</strong></span> 
     </span>
     <span class='ocr_line' id='line_1_66' title="bbox 1835 1357 3402 1441; baseline 0 -22"><span class='ocrx_word' id='word_1_432' title='bbox 1835 1363 1966 1419; x_wconf 87' lang='lat' dir='ltr'><strong>tate</strong></span> <span class='ocrx_word' id='word_1_433' title='bbox 1992 1363 2396 1439; x_wconf 85' lang='lat' dir='ltr'><strong>proponatur,</strong></span> <span class='ocrx_word' id='word_1_434' title='bbox 2427 1358 2505 1421; x_wconf 86' lang='lat' dir='ltr'><strong>ad</strong></span> <span class='ocrx_word' id='word_1_435' title='bbox 2549 1358 2744 1441; x_wconf 86' lang='lat' dir='ltr'><strong>ipsius</strong></span> <span class='ocrx_word' id='word_1_436' title='bbox 2779 1360 2970 1422; x_wconf 81' lang='lat' dir='ltr'><strong>etiam</strong></span> <span class='ocrx_word' id='word_1_437' title='bbox 2999 1359 3110 1423; x_wconf 86' lang='lat' dir='ltr'><strong>Dei</strong></span> <span class='ocrx_word' id='word_1_438' title='bbox 3135 1357 3402 1421; x_wconf 88' lang='lat' dir='ltr'><strong>auctori·</strong></span> 
     </span>
     <span class='ocr_line' id='line_1_67' title="bbox 1838 1452 3406 1534; baseline 0 -21"><span class='ocrx_word' id='word_1_439' title='bbox 1838 1456 2034 1513; x_wconf 86' lang='lat' dir='ltr'><strong>tatem</strong></span> <span class='ocrx_word' id='word_1_440' title='bbox 2061 1457 2125 1515; x_wconf 89' lang='lat' dir='ltr'><strong>et</strong></span> <span class='ocrx_word' id='word_1_441' title='bbox 2151 1452 2479 1516; x_wconf 83' lang='lat' dir='ltr'><strong>veritatem</strong></span> <span class='ocrx_word' id='word_1_442' title='bbox 2509 1459 2766 1533; x_wconf 81' lang='lat' dir='ltr'><strong>spectat,</strong></span> <span class='ocrx_word' id='word_1_443' title='bbox 2795 1471 2923 1515; x_wconf 89' lang='lat' dir='ltr'><strong>non</strong></span> <span class='ocrx_word' id='word_1_444' title='bbox 2949 1453 3308 1534; x_wconf 83' lang='lat' dir='ltr'><strong>permittere</strong></span> <span class='ocrx_word' id='word_1_445' title='bbox 3333 1457 3406 1513; x_wconf 89' lang='grc' dir='ltr'><strong>ιιι</strong></span> 
     </span>
     <span class='ocr_line' id='line_1_68' title="bbox 1840 1544 3403 1625; baseline 0 -18"><span class='ocrx_word' id='word_1_446' title='bbox 1840 1544 1956 1607; x_wconf 87' lang='lat' dir='ltr'><strong>sub</strong></span> <span class='ocrx_word' id='word_1_447' title='bbox 1989 1545 2124 1625; x_wconf 81' lang='lat' dir='ltr'><strong>ejus</strong></span> <span class='ocrx_word' id='word_1_448' title='bbox 2163 1546 2421 1608; x_wconf 88' lang='lat' dir='ltr'><strong>nomine</strong></span> <span class='ocrx_word' id='word_1_449' title='bbox 2449 1553 2513 1607; x_wconf 87' lang='lat' dir='ltr'><strong>et</strong></span> <span class='ocrx_word' id='word_1_450' title='bbox 2533 1546 2912 1622; x_wconf 77' lang='lat' dir='ltr'><strong>testimonio,</strong></span> <span class='ocrx_word' id='word_1_451' title='bbox 2941 1546 3227 1609; x_wconf 84' lang='lat' dir='ltr'><strong>homines</strong></span> <span class='ocrx_word' id='word_1_452' title='bbox 3258 1562 3403 1607; x_wconf 84' lang='lat' dir='ltr'><strong>eum</strong></span> 
     </span>
     <span class='ocr_line' id='line_1_69' title="bbox 1840 1638 3404 1722; baseline 0 -21"><span class='ocrx_word' id='word_1_453' title='bbox 1840 1646 2020 1701; x_wconf 88' lang='lat' dir='ltr'><strong>tanta</strong></span> <span class='ocrx_word' id='word_1_454' title='bbox 2057 1639 2468 1705; x_wconf 87' lang='lat' dir='ltr'><strong>credibilitate</strong></span> <span class='ocrx_word' id='word_1_455' title='bbox 2495 1641 2922 1722; x_wconf 85' lang='lat' dir='ltr'><strong>decipiantur3</strong></span> <span class='ocrx_word' id='word_1_456' title='bbox 2953 1648 3204 1721; x_wconf 82' lang='lat' dir='ltr'><strong>propter</strong></span> <span class='ocrx_word' id='word_1_457' title='bbox 3233 1638 3404 1721; x_wconf 86' lang='lat' dir='ltr'><strong>quod</strong></span> 
     </span>
     <span class='ocr_line' id='line_1_70' title="bbox 1844 1732 3402 1813; baseline 0 -18"><span class='ocrx_word' id='word_1_458' title='bbox 1844 1732 2022 1797; x_wconf 88' lang='lat' dir='ltr'><strong>Rich.</strong></span> <span class='ocrx_word' id='word_1_459' title='bbox 2044 1733 2122 1796; x_wconf 87' lang='lat' dir='ltr'><strong>de</strong></span> <span class='ocrx_word' id='word_1_460' title='bbox 2144 1734 2666 1808; x_wconf 78' lang='lat' dir='ltr'><strong>Sancto-Victore,</strong></span> <span class='ocrx_word' id='word_1_461' title='bbox 2691 1734 2738 1797; x_wconf 92' lang='lat' dir='ltr'><strong>l.</strong></span> <span class='ocrx_word' id='word_1_462' title='bbox 2776 1737 2805 1796; x_wconf 85' lang='lat'><strong>1</strong></span> <span class='ocrx_word' id='word_1_463' title='bbox 2841 1735 2920 1797; x_wconf 90' lang='lat' dir='ltr'><strong>de</strong></span> <span class='ocrx_word' id='word_1_464' title='bbox 2944 1736 3146 1810; x_wconf 88' lang='lat' dir='ltr'><strong>Trin.,</strong></span> <span class='ocrx_word' id='word_1_465' title='bbox 3171 1750 3305 1813; x_wconf 85' lang='lat' dir='ltr'><strong>cap.</strong></span> <span class='ocrx_word' id='word_1_466' title='bbox 3337 1734 3402 1809; x_wconf 73' lang='lat'><strong>2,</strong></span> 
     </span>
     <span class='ocr_line' id='line_1_71' title="bbox 1839 1826 3406 1909; baseline -0.001 -20"><span class='ocrx_word' id='word_1_467' title='bbox 1839 1845 1984 1889; x_wconf 87' lang='lat' dir='ltr'><strong>cum</strong></span> <span class='ocrx_word' id='word_1_468' title='bbox 2007 1828 2132 1889; x_wconf 90' lang='lat' dir='ltr'><strong>Deo</strong></span> <span class='ocrx_word' id='word_1_469' title='bbox 2161 1827 2421 1909; x_wconf 85' lang='lat' dir='ltr'><strong>loquens</strong></span> <span class='ocrx_word' id='word_1_470' title='bbox 2459 1846 2646 1891; x_wconf 83' lang='lat' dir='ltr'><strong>ausus</strong></span> <span class='ocrx_word' id='word_1_471' title='bbox 2689 1834 2781 1891; x_wconf 88' lang='lat' dir='ltr'><strong>est</strong></span> <span class='ocrx_word' id='word_1_472' title='bbox 2811 1828 3020 1893; x_wconf 86' lang='lat' dir='ltr'><strong>dicere</strong></span> <span class='ocrx_word' id='word_1_473' title='bbox 3059 1849 3075 1891; x_wconf 77' lang='lat' dir='ltr'><strong><em>z</em></strong></span> <span class='ocrx_word' id='word_1_474' title='bbox 3123 1826 3208 1892; x_wconf 81' lang='lat' dir='ltr'><strong>Si</strong></span> <span class='ocrx_word' id='word_1_475' title='bbox 3235 1842 3406 1891; x_wconf 72' lang='lat' dir='ltr'><strong>error</strong></span> 
     </span>
     <span class='ocr_line' id='line_1_72' title="bbox 1838 1921 3406 2004; baseline -0.001 -19"><span class='ocrx_word' id='word_1_476' title='bbox 1838 1926 1927 1985; x_wconf 70' lang='grc' dir='ltr'><strong>εει</strong></span> <span class='ocrx_word' id='word_1_477' title='bbox 1974 1940 2144 2002; x_wconf 75' lang='lat' dir='ltr'><strong>quem</strong></span> <span class='ocrx_word' id='word_1_478' title='bbox 2180 1922 2500 1999; x_wconf 75' lang='lat' dir='ltr'><strong>credimus,</strong></span> <span class='ocrx_word' id='word_1_479' title='bbox 2549 1940 2590 1987; x_wconf 85' lang='lat' dir='ltr'><strong>a</strong></span> <span class='ocrx_word' id='word_1_480' title='bbox 2643 1928 2701 1987; x_wconf 73' lang='lat' dir='ltr'><strong>u</strong></span> <span class='ocrx_word' id='word_1_481' title='bbox 2751 1924 2974 2004; x_wconf 67' lang='lat' dir='ltr'><strong>decepti</strong></span> <span class='ocrx_word' id='word_1_482' title='bbox 3025 1939 3274 1993; x_wconf 60' lang='lat' dir='ltr'><strong>stomun</strong></span> <span class='ocrx_word' id='word_1_483' title='bbox 3320 1921 3406 1983; x_wconf 75' lang='lat' dir='ltr'><strong>iis</strong></span> 
     </span>
     <span class='ocr_line' id='line_1_73' title="bbox 1838 2015 3406 2095; baseline 0 -18"><span class='ocrx_word' id='word_1_484' title='bbox 1838 2015 1998 2077; x_wconf 75' lang='lat' dir='ltr'><strong>enim</strong></span> <span class='ocrx_word' id='word_1_485' title='bbox 2029 2016 2232 2095; x_wconf 71' lang='lat' dir='ltr'><strong>sionis</strong></span> <span class='ocrx_word' id='word_1_486' title='bbox 2271 2016 2546 2081; x_wconf 75' lang='lat' dir='ltr'><strong>doctrina</strong></span> <span class='ocrx_word' id='word_1_487' title='bbox 2575 2016 2702 2081; x_wconf 69' lang='lat' dir='ltr'><strong>koec</strong></span> <span class='ocrx_word' id='word_1_488' title='bbox 2731 2016 3093 2093; x_wconf 70' lang='lat' dir='ltr'><strong>confirmata</strong></span> <span class='ocrx_word' id='word_1_489' title='bbox 3131 2020 3242 2091; x_wconf 74' lang='lat' dir='ltr'><strong>est,</strong></span> <span class='ocrx_word' id='word_1_490' title='bbox 3273 2031 3406 2095; x_wconf 71' lang='lat' dir='ltr'><strong>qius</strong></span> 
     </span>
     <span class='ocr_line' id='line_1_74' title="bbox 1840 2109 2776 2189; baseline 0.001 -19"><span class='ocrx_word' id='word_1_491' title='bbox 1840 2109 1970 2171; x_wconf 70' lang='lat' dir='ltr'><strong>nisi</strong></span> <span class='ocrx_word' id='word_1_492' title='bbox 1993 2127 2034 2171; x_wconf 86' lang='lat' dir='ltr'><strong><em>a</em></strong></span> <span class='ocrx_word' id='word_1_493' title='bbox 2056 2110 2264 2189; x_wconf 69' lang='lat' dir='ltr'><strong>infieri</strong></span> <span class='ocrx_word' id='word_1_494' title='bbox 2287 2126 2406 2173; x_wconf 68' lang='lat' dir='ltr'><strong>non</strong></span> <span class='ocrx_word' id='word_1_495' title='bbox 2429 2114 2776 2189; x_wconf 67' lang='lat' dir='ltr'><strong>potuerunt.</strong></span> 
     </span>
    </p>
   </div>
   <div class='ocr_carea' id='block_1_4' title="bbox 2455 2354 2788 2409">
    <p class='ocr_par' dir='ltr' id='par_1_9' title="bbox 2455 2354 2788 2409">
     <span class='ocr_line' id='line_1_75' title="bbox 2455 2354 2788 2409; baseline 0.009 -3"><span class='ocrx_word' id='word_1_496' title='bbox 2455 2354 2672 2409; x_wconf 62' lang='lat' dir='ltr'><strong>sacrm</strong></span> <span class='ocrx_word' id='word_1_497' title='bbox 2703 2354 2788 2409; x_wconf 79' lang='lat' dir='ltr'><strong>w.</strong></span> 
     </span>
    </p>
   </div>
   <div class='ocr_carea' id='block_1_5' title="bbox 1853 2536 3408 2807">
    <p class='ocr_par' dir='ltr' id='par_1_10' title="bbox 1853 2536 3408 2807">
     <span class='ocr_line' id='line_1_76' title="bbox 1853 2536 3408 2617; baseline 0.002 -19"><span class='ocrx_word' id='word_1_498' title='bbox 1853 2536 2073 2599; x_wconf 80' lang='lat' dir='ltr'><strong>Utrum</strong></span> <span class='ocrx_word' id='word_1_499' title='bbox 2097 2536 2249 2615; x_wconf 77' lang='lat' dir='ltr'><strong>fides</strong></span> <span class='ocrx_word' id='word_1_500' title='bbox 2275 2536 2636 2601; x_wconf 70' lang='lat' dir='ltr'><strong>Christiana</strong></span> <span class='ocrx_word' id='word_1_501' title='bbox 2661 2537 2746 2601; x_wconf 82' lang='lat' dir='ltr'><strong>ad</strong></span> <span class='ocrx_word' id='word_1_502' title='bbox 2769 2536 2931 2601; x_wconf 76' lang='lat' dir='ltr'><strong>alias</strong></span> <span class='ocrx_word' id='word_1_503' title='bbox 2957 2542 3148 2601; x_wconf 77' lang='lat' dir='ltr'><strong>sectas</strong></span> <span class='ocrx_word' id='word_1_504' title='bbox 3176 2554 3408 2617; x_wconf 83' lang='lat' dir='ltr'><strong>compa-</strong></span> 
     </span>
     <span class='ocr_line' id='line_1_77' title="bbox 1856 2630 3408 2709; baseline 0.002 -15"><span class='ocrx_word' id='word_1_505' title='bbox 1856 2630 1867 2639; x_wconf 88' lang='lat'>&#39;</span> <span class='ocrx_word' id='word_1_506' title='bbox 1922 2639 2065 2697; x_wconf 79' lang='lat' dir='ltr'><strong>rata</strong></span> <span class='ocrx_word' id='word_1_507' title='bbox 2093 2632 2178 2697; x_wconf 77' lang='lat' dir='ltr'><strong>sit</strong></span> <span class='ocrx_word' id='word_1_508' title='bbox 2216 2632 2513 2697; x_wconf 74' lang='lat' dir='ltr'><strong>evidenter</strong></span> <span class='ocrx_word' id='word_1_509' title='bbox 2545 2632 2887 2697; x_wconf 74' lang='lat' dir='ltr'><strong>credibilior</strong></span> <span class='ocrx_word' id='word_1_510' title='bbox 2920 2630 3076 2709; x_wconf 72' lang='lat' dir='ltr'><strong>illis,</strong></span> <span class='ocrx_word' id='word_1_511' title='bbox 3116 2632 3238 2695; x_wconf 87' lang='lat' dir='ltr'><strong>imo</strong></span> <span class='ocrx_word' id='word_1_512' title='bbox 3277 2634 3408 2697; x_wconf 78' lang='lat' dir='ltr'><strong>iuae</strong></span> 
     </span>
     <span class='ocr_line' id='line_1_78' title="bbox 1920 2724 3406 2807; baseline -0.001 -17"><span class='ocrx_word' id='word_1_513' title='bbox 1920 2727 2050 2791; x_wconf 68' lang='lat' dir='ltr'><strong>sint</strong></span> <span class='ocrx_word' id='word_1_514' title='bbox 2069 2724 2253 2807; x_wconf 71' lang='lat' dir='ltr'><strong>plane</strong></span> <span class='ocrx_word' id='word_1_515' title='bbox 2291 2726 2669 2791; x_wconf 75' lang='lat' dir='ltr'><strong>incredibiles</strong></span> <span class='ocrx_word' id='word_1_516' title='bbox 2705 2726 3145 2807; x_wconf 79' lang='lat' dir='ltr'><strong>comparatione</strong></span> <span class='ocrx_word' id='word_1_517' title='bbox 3169 2727 3358 2791; x_wconf 76' lang='lat' dir='ltr'><strong>istius</strong></span> <span class='ocrx_word' id='word_1_518' title='bbox 3375 2726 3406 2789; x_wconf 63' lang='grc' dir='ltr'><strong>,ἲ</strong></span> 
     </span>
    </p>
   </div>
   <div class='ocr_carea' id='block_1_6' title="bbox 1842 2940 3420 5644">
    <p class='ocr_par' dir='ltr' id='par_1_11' title="bbox 1842 2940 3420 5644">
     <span class='ocr_line' id='line_1_79' title="bbox 1912 2940 3404 3025; baseline 0.002 -21"><span class='ocrx_word' id='word_1_519' title='bbox 1912 2947 1972 3005; x_wconf 79' lang='lat'><strong>1.</strong></span> <span class='ocrx_word' id='word_1_520' title='bbox 2005 2940 2276 3008; x_wconf 71' lang='lat' dir='ltr'><strong>Assertio</strong></span> <span class='ocrx_word' id='word_1_521' title='bbox 2299 2942 2692 3021; x_wconf 77' lang='lat' dir='ltr'><strong>affirmativa</strong></span> <span class='ocrx_word' id='word_1_522' title='bbox 2712 2945 3066 3009; x_wconf 72' lang='lat' dir='ltr'><strong>summatim</strong></span> <span class='ocrx_word' id='word_1_523' title='bbox 3092 2943 3404 3025; x_wconf 74' lang='lat' dir='ltr'><strong>probatur.</strong></span> 
     </span>
     <span class='ocr_line' id='line_1_80' title="bbox 1842 3036 3412 3119; baseline -0.001 -16"><span class='ocrx_word' id='word_1_524' title='bbox 1842 3066 1925 3083; x_wconf 88' lang='lat'><strong>--</strong></span> <span class='ocrx_word' id='word_1_525' title='bbox 1955 3037 2264 3103; x_wconf 73' lang='lat' dir='ltr'><strong>Probatur</strong></span> <span class='ocrx_word' id='word_1_526' title='bbox 2301 3036 2507 3101; x_wconf 68' lang='lat' dir='ltr'><strong>deinde</strong></span> <span class='ocrx_word' id='word_1_527' title='bbox 2533 3039 2929 3119; x_wconf 76' lang='lat' dir='ltr'><strong>comparando</strong></span> <span class='ocrx_word' id='word_1_528' title='bbox 2969 3038 3152 3115; x_wconf 75' lang='lat' dir='ltr'><strong>fidem</strong></span> <span class='ocrx_word' id='word_1_529' title='bbox 3182 3038 3264 3103; x_wconf 78' lang='lat' dir='ltr'><strong>ad</strong></span> <span class='ocrx_word' id='word_1_530' title='bbox 3289 3042 3412 3101; x_wconf 75' lang='lat' dir='ltr'><strong>tres</strong></span> 
     </span>
     <span class='ocr_line' id='line_1_81' title="bbox 1842 3128 3413 3211; baseline 0 -18"><span class='ocrx_word' id='word_1_531' title='bbox 1842 3131 2148 3211; x_wconf 61' lang='lat' dir='ltr'><strong>generales</strong></span> <span class='ocrx_word' id='word_1_532' title='bbox 2186 3134 2378 3195; x_wconf 72' lang='lat' dir='ltr'><strong>sectas</strong></span> <span class='ocrx_word' id='word_1_533' title='bbox 2403 3129 2805 3210; x_wconf 70' lang='lat' dir='ltr'><strong>infidelitatis.</strong></span> <span class='ocrx_word' id='word_1_534' title='bbox 2835 3162 2914 3179; x_wconf 88' lang='lat'>—</span> <span class='ocrx_word' id='word_1_535' title='bbox 2939 3128 3286 3195; x_wconf 69' lang='lat' dir='ltr'><strong>Dim-imon</strong></span> <span class='ocrx_word' id='word_1_536' title='bbox 3311 3132 3413 3193; x_wconf 68' lang='lat' dir='ltr'><strong>iu-</strong></span> 
     </span>
     <span class='ocr_line' id='line_1_82' title="bbox 1844 3224 3413 3305; baseline -0.002 -16"><span class='ocrx_word' id='word_1_537' title='bbox 1844 3230 1937 3289; x_wconf 76' lang='lat' dir='ltr'><strong>ter</strong></span> <span class='ocrx_word' id='word_1_538' title='bbox 1977 3224 2123 3289; x_wconf 74' lang='lat' dir='ltr'><strong>illas</strong></span> <span class='ocrx_word' id='word_1_539' title='bbox 2162 3230 2373 3289; x_wconf 70' lang='lat' dir='ltr'><strong>sectas.</strong></span> <span class='ocrx_word' id='word_1_540' title='bbox 2419 3256 2503 3271; x_wconf 92' lang='lat'><strong>--</strong></span> <span class='ocrx_word' id='word_1_541' title='bbox 2531 3225 2844 3287; x_wconf 73' lang='lat' dir='ltr'><strong>Resolutio</strong></span> <span class='ocrx_word' id='word_1_542' title='bbox 2892 3225 3078 3303; x_wconf 87' lang='lat' dir='ltr'><strong>hujus</strong></span> <span class='ocrx_word' id='word_1_543' title='bbox 3124 3224 3413 3305; x_wconf 78' lang='lat' dir='ltr'><strong>quaestio-</strong></span> 
     </span>
     <span class='ocr_line' id='line_1_83' title="bbox 1844 3316 3414 3397; baseline 0 -18"><span class='ocrx_word' id='word_1_544' title='bbox 1844 3320 1968 3394; x_wconf 90' lang='lat' dir='ltr'><strong>nis,</strong></span> <span class='ocrx_word' id='word_1_545' title='bbox 2005 3318 2352 3397; x_wconf 79' lang='lat' dir='ltr'><strong>generatim</strong></span> <span class='ocrx_word' id='word_1_546' title='bbox 2386 3316 2719 3397; x_wconf 72' lang='lat' dir='ltr'><strong>loquenda,</strong></span> <span class='ocrx_word' id='word_1_547' title='bbox 2745 3317 3074 3381; x_wconf 78' lang='lat' dir='ltr'><strong>maniiesta</strong></span> <span class='ocrx_word' id='word_1_548' title='bbox 3099 3324 3192 3379; x_wconf 87' lang='lat' dir='ltr'><strong>est</strong></span> <span class='ocrx_word' id='word_1_549' title='bbox 3221 3336 3296 3379; x_wconf 88' lang='lat' dir='ltr'><strong>ex</strong></span> <span class='ocrx_word' id='word_1_550' title='bbox 3321 3317 3414 3379; x_wconf 85' lang='lat' dir='ltr'><strong>di·</strong></span> 
     </span>
     <span class='ocr_line' id='line_1_84' title="bbox 1848 3408 3413 3487; baseline 0.001 -14"><span class='ocrx_word' id='word_1_551' title='bbox 1848 3412 2006 3486; x_wconf 85' lang='lat' dir='ltr'><strong>ctis3</strong></span> <span class='ocrx_word' id='word_1_552' title='bbox 2043 3430 2218 3487; x_wconf 88' lang='lat' dir='ltr'><strong>nam,</strong></span> <span class='ocrx_word' id='word_1_553' title='bbox 2253 3416 2456 3473; x_wconf 88' lang='lat' dir='ltr'><strong>stante</strong></span> <span class='ocrx_word' id='word_1_554' title='bbox 2484 3408 2891 3473; x_wconf 79' lang='lat' dir='ltr'><strong>credibilitate</strong></span> <span class='ocrx_word' id='word_1_555' title='bbox 2919 3410 3234 3473; x_wconf 78' lang='lat' dir='ltr'><strong>catholicae</strong></span> <span class='ocrx_word' id='word_1_556' title='bbox 3271 3411 3413 3475; x_wconf 85' lang='lat' dir='ltr'><strong>doc·</strong></span> 
     </span>
     <span class='ocr_line' id='line_1_85' title="bbox 1846 3501 3413 3585; baseline 0 -20"><span class='ocrx_word' id='word_1_557' title='bbox 1846 3502 2054 3580; x_wconf 64' lang='lat' dir='ltr'><strong>trinae,</strong></span> <span class='ocrx_word' id='word_1_558' title='bbox 2082 3502 2280 3585; x_wconf 85' lang='lat' dir='ltr'><strong>qualis</strong></span> <span class='ocrx_word' id='word_1_559' title='bbox 2321 3520 2360 3563; x_wconf 93' lang='lat' dir='ltr'><strong>a</strong></span> <span class='ocrx_word' id='word_1_560' title='bbox 2385 3502 2564 3565; x_wconf 90' lang='lat' dir='ltr'><strong>nobis</strong></span> <span class='ocrx_word' id='word_1_561' title='bbox 2592 3501 3016 3565; x_wconf 83' lang='lat' dir='ltr'><strong>demonstrata</strong></span> <span class='ocrx_word' id='word_1_562' title='bbox 3041 3510 3158 3579; x_wconf 88' lang='grc' dir='ltr'><strong>εει,</strong></span> <span class='ocrx_word' id='word_1_563' title='bbox 3183 3502 3413 3585; x_wconf 84' lang='lat' dir='ltr'><strong>impos-</strong></span> 
     </span>
     <span class='ocr_line' id='line_1_86' title="bbox 1846 3596 3412 3678; baseline 0.002 -20"><span class='ocrx_word' id='word_1_564' title='bbox 1846 3596 2026 3660; x_wconf 88' lang='lat' dir='ltr'><strong>sibile</strong></span> <span class='ocrx_word' id='word_1_565' title='bbox 2047 3603 2140 3659; x_wconf 83' lang='lat' dir='ltr'><strong>est</strong></span> <span class='ocrx_word' id='word_1_566' title='bbox 2157 3596 2506 3660; x_wconf 88' lang='lat' dir='ltr'><strong>doctrinam</strong></span> <span class='ocrx_word' id='word_1_567' title='bbox 2528 3596 2622 3659; x_wconf 89' lang='lat' dir='ltr'><strong>illi</strong></span> <span class='ocrx_word' id='word_1_568' title='bbox 2648 3603 3129 3678; x_wconf 76' lang='lat' dir='ltr'><strong>repugnantem,</strong></span> <span class='ocrx_word' id='word_1_569' title='bbox 3151 3597 3219 3659; x_wconf 89' lang='grc' dir='ltr'><strong>ιιι</strong></span> <span class='ocrx_word' id='word_1_570' title='bbox 3247 3612 3412 3661; x_wconf 88' lang='lat' dir='ltr'><strong>com·</strong></span> 
     </span>
     <span class='ocr_line' id='line_1_87' title="bbox 1846 3690 3412 3773; baseline -0.001 -18"><span class='ocrx_word' id='word_1_571' title='bbox 1846 3691 2170 3773; x_wconf 82' lang='lat' dir='ltr'><strong>paratione</strong></span> <span class='ocrx_word' id='word_1_572' title='bbox 2215 3691 2352 3770; x_wconf 75' lang='lat' dir='ltr'><strong>eJus</strong></span> <span class='ocrx_word' id='word_1_573' title='bbox 2389 3708 2522 3753; x_wconf 82' lang='lat' dir='ltr'><strong>esse</strong></span> <span class='ocrx_word' id='word_1_574' title='bbox 2561 3690 2944 3753; x_wconf 84' lang='lat' dir='ltr'><strong>credibilem.</strong></span> <span class='ocrx_word' id='word_1_575' title='bbox 2985 3691 3217 3768; x_wconf 88' lang='lat' dir='ltr'><strong>Primo,</strong></span> <span class='ocrx_word' id='word_1_576' title='bbox 3265 3692 3412 3771; x_wconf 83' lang='lat' dir='ltr'><strong>quia</strong></span> 
     </span>
     <span class='ocr_line' id='line_1_88' title="bbox 1848 3782 3412 3847; baseline 0 0"><span class='ocrx_word' id='word_1_577' title='bbox 1848 3792 2166 3847; x_wconf 88' lang='lat' dir='ltr'><strong>ostensum</strong></span> <span class='ocrx_word' id='word_1_578' title='bbox 2219 3790 2310 3847; x_wconf 86' lang='grc' dir='ltr'><strong>εει</strong></span> <span class='ocrx_word' id='word_1_579' title='bbox 2364 3784 2526 3847; x_wconf 89' lang='lat' dir='ltr'><strong>hanc</strong></span> <span class='ocrx_word' id='word_1_580' title='bbox 2577 3782 2928 3847; x_wconf 86' lang='lat' dir='ltr'><strong>doctrinam</strong></span> <span class='ocrx_word' id='word_1_581' title='bbox 2972 3785 3063 3847; x_wconf 89' lang='lat' dir='ltr'><strong>ita</strong></span> <span class='ocrx_word' id='word_1_582' title='bbox 3103 3802 3234 3847; x_wconf 84' lang='lat' dir='ltr'><strong>esse</strong></span> <span class='ocrx_word' id='word_1_583' title='bbox 3281 3802 3412 3847; x_wconf 89' lang='lat' dir='ltr'><strong>cre·</strong></span> 
     </span>
     <span class='ocr_line' id='line_1_89' title="bbox 1846 3876 3413 3958; baseline 0.001 -19"><span class='ocrx_word' id='word_1_584' title='bbox 1846 3878 2130 3953; x_wconf 81' lang='lat' dir='ltr'><strong>dibilem‚</strong></span> <span class='ocrx_word' id='word_1_585' title='bbox 2161 3882 2232 3939; x_wconf 89' lang='lat' dir='ltr'><strong>ut</strong></span> <span class='ocrx_word' id='word_1_586' title='bbox 2251 3882 2558 3958; x_wconf 76' lang='lat' dir='ltr'><strong>repugnet</strong></span> <span class='ocrx_word' id='word_1_587' title='bbox 2577 3876 2986 3958; x_wconf 80' lang='lat' dir='ltr'><strong>providentiae</strong></span> <span class='ocrx_word' id='word_1_588' title='bbox 3014 3876 3242 3939; x_wconf 59' lang='lat' dir='ltr'><strong>divinae</strong></span> <span class='ocrx_word' id='word_1_589' title='bbox 3269 3885 3413 3941; x_wconf 85' lang='lat' dir='ltr'><strong>tan·</strong></span> 
     </span>
     <span class='ocr_line' id='line_1_90' title="bbox 1846 3968 3413 4052; baseline -0.001 -17"><span class='ocrx_word' id='word_1_590' title='bbox 1846 3978 1976 4035; x_wconf 85' lang='lat' dir='ltr'><strong>tam</strong></span> <span class='ocrx_word' id='word_1_591' title='bbox 2005 3968 2475 4035; x_wconf 83' lang='lat' dir='ltr'><strong>credibilitatem</strong></span> <span class='ocrx_word' id='word_1_592' title='bbox 2493 3970 2710 4033; x_wconf 81' lang='lat' dir='ltr'><strong>cadere</strong></span> <span class='ocrx_word' id='word_1_593' title='bbox 2731 3972 2802 4033; x_wconf 90' lang='lat' dir='ltr'><strong>in</strong></span> <span class='ocrx_word' id='word_1_594' title='bbox 2827 3988 2962 4033; x_wconf 88' lang='lat' dir='ltr'><strong>rem</strong></span> <span class='ocrx_word' id='word_1_595' title='bbox 2981 3969 3205 4033; x_wconf 76' lang='lat' dir='ltr'><strong>falsam</strong></span> <span class='ocrx_word' id='word_1_596' title='bbox 3214 3987 3236 4050; x_wconf 91' lang='lat'>;</span> <span class='ocrx_word' id='word_1_597' title='bbox 3263 3990 3413 4052; x_wconf 87' lang='lat' dir='ltr'><strong>ergo</strong></span> 
     </span>
     <span class='ocr_line' id='line_1_91' title="bbox 1847 4064 3414 4145; baseline 0 -18"><span class='ocrx_word' id='word_1_598' title='bbox 1847 4084 1977 4127; x_wconf 89' lang='lat' dir='ltr'><strong>non</strong></span> <span class='ocrx_word' id='word_1_599' title='bbox 2019 4069 2272 4145; x_wconf 86' lang='lat' dir='ltr'><strong>possunt</strong></span> <span class='ocrx_word' id='word_1_600' title='bbox 2325 4064 2775 4145; x_wconf 88' lang='lat' dir='ltr'><strong>propositiones</strong></span> <span class='ocrx_word' id='word_1_601' title='bbox 2827 4065 3176 4142; x_wconf 64' lang='lat' dir='ltr'><strong>contrarie,</strong></span> <span class='ocrx_word' id='word_1_602' title='bbox 3225 4064 3414 4128; x_wconf 85' lang='lat' dir='ltr'><strong>simul</strong></span> 
     </span>
     <span class='ocr_line' id='line_1_92' title="bbox 1847 4154 3414 4240; baseline 0 -19"><span class='ocrx_word' id='word_1_603' title='bbox 1847 4176 1978 4221; x_wconf 84' lang='lat' dir='ltr'><strong>esse</strong></span> <span class='ocrx_word' id='word_1_604' title='bbox 1998 4154 2320 4221; x_wconf 87' lang='lat' dir='ltr'><strong>credibiles</strong></span> <span class='ocrx_word' id='word_1_605' title='bbox 2339 4162 2513 4219; x_wconf 83' lang='lat' dir='ltr'><strong>tauta</strong></span> <span class='ocrx_word' id='word_1_606' title='bbox 2530 4156 2971 4235; x_wconf 81' lang='lat' dir='ltr'><strong>credibilitate3</strong></span> <span class='ocrx_word' id='word_1_607' title='bbox 3003 4175 3175 4237; x_wconf 87' lang='lat' dir='ltr'><strong>ergo,</strong></span> <span class='ocrx_word' id='word_1_608' title='bbox 3205 4176 3414 4240; x_wconf 87' lang='lat' dir='ltr'><strong>sump-</strong></span> 
     </span>
     <span class='ocr_line' id='line_1_93' title="bbox 1851 4248 3415 4330; baseline 0 -17"><span class='ocrx_word' id='word_1_609' title='bbox 1851 4256 1913 4313; x_wconf 86' lang='lat' dir='ltr'><strong>ta</strong></span> <span class='ocrx_word' id='word_1_610' title='bbox 1936 4248 2345 4313; x_wconf 87' lang='lat' dir='ltr'><strong>credibilitate</strong></span> <span class='ocrx_word' id='word_1_611' title='bbox 2384 4250 2573 4330; x_wconf 80' lang='lat' dir='ltr'><strong>hujus</strong></span> <span class='ocrx_word' id='word_1_612' title='bbox 2599 4250 2916 4329; x_wconf 80' lang='lat' dir='ltr'><strong>doctrinae,</strong></span> <span class='ocrx_word' id='word_1_613' title='bbox 2952 4269 3201 4315; x_wconf 87' lang='lat' dir='ltr'><strong>neccsse</strong></span> <span class='ocrx_word' id='word_1_614' title='bbox 3229 4258 3415 4314; x_wconf 87' lang='lat' dir='ltr'><strong>estut</strong></span> 
     </span>
     <span class='ocr_line' id='line_1_94' title="bbox 1849 4342 3414 4427; baseline 0 -20"><span class='ocrx_word' id='word_1_615' title='bbox 1849 4342 2227 4407; x_wconf 87' lang='lat' dir='ltr'><strong>credibilitas</strong></span> <span class='ocrx_word' id='word_1_616' title='bbox 2267 4344 2710 4427; x_wconf 85' lang='lat' dir='ltr'><strong>cujuscumque</strong></span> <span class='ocrx_word' id='word_1_617' title='bbox 2743 4344 3150 4427; x_wconf 85' lang='lat' dir='ltr'><strong>repugnantis</strong></span> <span class='ocrx_word' id='word_1_618' title='bbox 3191 4346 3414 4407; x_wconf 82' lang='lat' dir='ltr'><strong>doctri·</strong></span> 
     </span>
     <span class='ocr_line' id='line_1_95' title="bbox 1850 4435 3414 4520; baseline 0.001 -21"><span class='ocrx_word' id='word_1_619' title='bbox 1850 4456 1947 4499; x_wconf 83' lang='lat' dir='ltr'><strong>nae</strong></span> <span class='ocrx_word' id='word_1_620' title='bbox 1972 4435 2054 4500; x_wconf 85' lang='lat' dir='ltr'><strong>sit</strong></span> <span class='ocrx_word' id='word_1_621' title='bbox 2077 4436 2262 4519; x_wconf 90' lang='lat' dir='ltr'><strong>longe</strong></span> <span class='ocrx_word' id='word_1_622' title='bbox 2279 4439 2510 4515; x_wconf 74' lang='lat' dir='ltr'><strong>minor,</strong></span> <span class='ocrx_word' id='word_1_623' title='bbox 2531 4436 2700 4519; x_wconf 85' lang='lat' dir='ltr'><strong>quod</strong></span> <span class='ocrx_word' id='word_1_624' title='bbox 2725 4440 2916 4501; x_wconf 88' lang='lat' dir='ltr'><strong>etiam</strong></span> <span class='ocrx_word' id='word_1_625' title='bbox 2944 4438 3280 4520; x_wconf 85' lang='lat' dir='ltr'><strong>unicuique</strong></span> <span class='ocrx_word' id='word_1_626' title='bbox 3305 4438 3414 4501; x_wconf 86' lang='lat' dir='ltr'><strong>fiet</strong></span> 
     </span>
     <span class='ocr_line' id='line_1_96' title="bbox 1850 4530 3415 4613; baseline 0.001 -19"><span class='ocrx_word' id='word_1_627' title='bbox 1850 4531 2128 4609; x_wconf 76' lang='grc' dir='ltr'><strong>ειίἀειιε,</strong></span> <span class='ocrx_word' id='word_1_628' title='bbox 2156 4530 2524 4613; x_wconf 88' lang='lat' dir='ltr'><strong>applicando</strong></span> <span class='ocrx_word' id='word_1_629' title='bbox 2546 4531 2760 4595; x_wconf 87' lang='lat' dir='ltr'><strong>omnia</strong></span> <span class='ocrx_word' id='word_1_630' title='bbox 2785 4532 3019 4595; x_wconf 81' lang='lat' dir='ltr'><strong>motiva</strong></span> <span class='ocrx_word' id='word_1_631' title='bbox 3043 4531 3306 4595; x_wconf 87' lang='lat' dir='ltr'><strong>adducta</strong></span> <span class='ocrx_word' id='word_1_632' title='bbox 3333 4532 3415 4595; x_wconf 84' lang='lat' dir='ltr'><strong>ad</strong></span> 
     </span>
     <span class='ocr_line' id='line_1_97' title="bbox 1852 4624 3416 4701; baseline 0.002 -14"><span class='ocrx_word' id='word_1_633' title='bbox 1852 4624 2006 4687; x_wconf 89' lang='lat' dir='ltr'><strong>alias</strong></span> <span class='ocrx_word' id='word_1_634' title='bbox 2033 4634 2268 4701; x_wconf 81' lang='lat' dir='ltr'><strong>sectas3</strong></span> <span class='ocrx_word' id='word_1_635' title='bbox 2298 4626 2364 4687; x_wconf 88' lang='lat' dir='ltr'><strong>in</strong></span> <span class='ocrx_word' id='word_1_636' title='bbox 2396 4624 2574 4687; x_wconf 88' lang='lat' dir='ltr'><strong>nulla</strong></span> <span class='ocrx_word' id='word_1_637' title='bbox 2605 4625 2772 4689; x_wconf 87' lang='lat' dir='ltr'><strong>enim</strong></span> <span class='ocrx_word' id='word_1_638' title='bbox 2819 4624 2944 4689; x_wconf 87' lang='lat' dir='ltr'><strong>alia</strong></span> <span class='ocrx_word' id='word_1_639' title='bbox 2967 4627 3060 4689; x_wconf 90' lang='lat' dir='ltr'><strong>ita</strong></span> <span class='ocrx_word' id='word_1_640' title='bbox 3093 4626 3416 4691; x_wconf 80' lang='lat' dir='ltr'><strong>invenien-</strong></span> 
     </span>
     <span class='ocr_line' id='line_1_98' title="bbox 1852 4718 3416 4783; baseline 0.001 -2"><span class='ocrx_word' id='word_1_641' title='bbox 1852 4725 1980 4781; x_wconf 86' lang='lat' dir='ltr'><strong>tur.</strong></span> <span class='ocrx_word' id='word_1_642' title='bbox 2025 4718 2106 4781; x_wconf 88' lang='lat' dir='ltr'><strong>Ut</strong></span> <span class='ocrx_word' id='word_1_643' title='bbox 2152 4723 2364 4781; x_wconf 83' lang='lat' dir='ltr'><strong>autem</strong></span> <span class='ocrx_word' id='word_1_644' title='bbox 2407 4718 2618 4782; x_wconf 89' lang='lat' dir='ltr'><strong>utilior</strong></span> <span class='ocrx_word' id='word_1_645' title='bbox 2665 4724 2728 4781; x_wconf 91' lang='lat' dir='ltr'><strong>et</strong></span> <span class='ocrx_word' id='word_1_646' title='bbox 2771 4720 3118 4783; x_wconf 84' lang='lat' dir='ltr'><strong>evidentior</strong></span> <span class='ocrx_word' id='word_1_647' title='bbox 3161 4720 3244 4781; x_wconf 84' lang='lat' dir='ltr'><strong>sit</strong></span> <span class='ocrx_word' id='word_1_648' title='bbox 3282 4719 3416 4783; x_wconf 77' lang='lat' dir='ltr'><strong>haec</strong></span> 
     </span>
     <span class='ocr_line' id='line_1_99' title="bbox 1853 4811 3414 4895; baseline 0 -20"><span class='ocrx_word' id='word_1_649' title='bbox 1853 4811 2097 4875; x_wconf 88' lang='lat' dir='ltr'><strong>collatio</strong></span> <span class='ocrx_word' id='word_1_650' title='bbox 2101 4856 2122 4888; x_wconf 91' lang='lat'>‚</span> <span class='ocrx_word' id='word_1_651' title='bbox 2151 4816 2393 4895; x_wconf 89' lang='lat' dir='ltr'><strong>oportet</strong></span> <span class='ocrx_word' id='word_1_652' title='bbox 2420 4819 2615 4877; x_wconf 87' lang='lat' dir='ltr'><strong>sectas</strong></span> <span class='ocrx_word' id='word_1_653' title='bbox 2631 4812 2982 4877; x_wconf 87' lang='lat' dir='ltr'><strong>infidelium</strong></span> <span class='ocrx_word' id='word_1_654' title='bbox 3009 4812 3414 4894; x_wconf 77' lang='lat' dir='ltr'><strong>distinguere,</strong></span> 
     </span>
     <span class='ocr_line' id='line_1_100' title="bbox 1853 4904 3418 4986; baseline -0.001 -17"><span class='ocrx_word' id='word_1_655' title='bbox 1853 4913 1917 4969; x_wconf 91' lang='grc' dir='ltr'><strong>ει</strong></span> <span class='ocrx_word' id='word_1_656' title='bbox 1944 4904 2026 4969; x_wconf 87' lang='lat' dir='ltr'><strong>de</strong></span> <span class='ocrx_word' id='word_1_657' title='bbox 2063 4904 2328 4985; x_wconf 84' lang='lat' dir='ltr'><strong>singulis</strong></span> <span class='ocrx_word' id='word_1_658' title='bbox 2371 4904 2610 4986; x_wconf 84' lang='lat' dir='ltr'><strong>aliquid</strong></span> <span class='ocrx_word' id='word_1_659' title='bbox 2661 4906 2886 4969; x_wconf 85' lang='lat' dir='ltr'><strong>dicere.</strong></span> <span class='ocrx_word' id='word_1_660' title='bbox 2937 4906 3418 4985; x_wconf 85' lang='lat' dir='ltr'><strong>Distinguuntur</strong></span> 
     </span>
     <span class='ocr_line' id='line_1_101' title="bbox 1852 4996 3412 5081; baseline 0.001 -21"><span class='ocrx_word' id='word_1_661' title='bbox 1852 5006 2066 5062; x_wconf 86' lang='lat' dir='ltr'><strong>autem</strong></span> <span class='ocrx_word' id='word_1_662' title='bbox 2117 5017 2158 5060; x_wconf 92' lang='lat' dir='ltr'><strong>a</strong></span> <span class='ocrx_word' id='word_1_663' title='bbox 2205 4996 2531 5077; x_wconf 85' lang='lat' dir='ltr'><strong>Theologis</strong></span> <span class='ocrx_word' id='word_1_664' title='bbox 2579 5004 2706 5063; x_wconf 84' lang='lat' dir='ltr'><strong>tres</strong></span> <span class='ocrx_word' id='word_1_665' title='bbox 2747 4999 2975 5081; x_wconf 88' lang='lat' dir='ltr'><strong>species</strong></span> <span class='ocrx_word' id='word_1_666' title='bbox 3004 4999 3412 5077; x_wconf 85' lang='lat' dir='ltr'><strong>infidelitatis,</strong></span> 
     </span>
     <span class='ocr_line' id='line_1_102' title="bbox 1854 5092 3418 5175; baseline 0 -18"><span class='ocrx_word' id='word_1_667' title='bbox 1854 5094 2280 5175; x_wconf 84' lang='lat' dir='ltr'><strong>Paganismus,</strong></span> <span class='ocrx_word' id='word_1_668' title='bbox 2331 5092 2367 5155; x_wconf 86' lang='lat' dir='ltr'>J</span> <span class='ocrx_word' id='word_1_669' title='bbox 2372 5092 2686 5157; x_wconf 84' lang='lat' dir='ltr'><strong>udaismus</strong></span> <span class='ocrx_word' id='word_1_670' title='bbox 2704 5139 2727 5171; x_wconf 92' lang='lat'><strong>,</strong></span> <span class='ocrx_word' id='word_1_671' title='bbox 2785 5100 2848 5157; x_wconf 85' lang='lat' dir='ltr'><strong>et</strong></span> <span class='ocrx_word' id='word_1_672' title='bbox 2905 5094 3189 5171; x_wconf 77' lang='lat' dir='ltr'><strong>Haeresis,</strong></span> <span class='ocrx_word' id='word_1_673' title='bbox 3253 5094 3418 5157; x_wconf 81' lang='lat' dir='ltr'><strong>inter</strong></span> 
     </span>
     <span class='ocr_line' id='line_1_103' title="bbox 1854 5184 3418 5271; baseline 0.001 -22"><span class='ocrx_word' id='word_1_674' title='bbox 1854 5206 2010 5269; x_wconf 84' lang='lat' dir='ltr'><strong>quas</strong></span> <span class='ocrx_word' id='word_1_675' title='bbox 2034 5187 2154 5249; x_wconf 85' lang='lat' dir='ltr'><strong>hoc</strong></span> <span class='ocrx_word' id='word_1_676' title='bbox 2181 5184 2410 5264; x_wconf 78' lang='lat' dir='ltr'><strong>differt,</strong></span> <span class='ocrx_word' id='word_1_677' title='bbox 2453 5194 2762 5268; x_wconf 89' lang='lat' dir='ltr'><strong>quantum</strong></span> <span class='ocrx_word' id='word_1_678' title='bbox 2805 5188 2886 5251; x_wconf 85' lang='lat' dir='ltr'><strong>ad</strong></span> <span class='ocrx_word' id='word_1_679' title='bbox 2929 5206 3199 5271; x_wconf 80' lang='lat' dir='ltr'><strong>proesens</strong></span> <span class='ocrx_word' id='word_1_680' title='bbox 3247 5204 3418 5269; x_wconf 87' lang='lat' dir='ltr'><strong>spec-</strong></span> 
     </span>
     <span class='ocr_line' id='line_1_104' title="bbox 1852 5280 3420 5364; baseline 0 -21"><span class='ocrx_word' id='word_1_681' title='bbox 1852 5288 1964 5356; x_wconf 88' lang='lat' dir='ltr'><strong>tat,</strong></span> <span class='ocrx_word' id='word_1_682' title='bbox 2008 5280 2172 5361; x_wconf 87' lang='lat' dir='ltr'><strong>quod</strong></span> <span class='ocrx_word' id='word_1_683' title='bbox 2201 5280 2430 5361; x_wconf 83' lang='lat' dir='ltr'><strong>pagani</strong></span> <span class='ocrx_word' id='word_1_684' title='bbox 2457 5298 2660 5361; x_wconf 89' lang='lat' dir='ltr'><strong>neque</strong></span> <span class='ocrx_word' id='word_1_685' title='bbox 2687 5281 2926 5362; x_wconf 86' lang='lat' dir='ltr'><strong>aliquas</strong></span> <span class='ocrx_word' id='word_1_686' title='bbox 2953 5282 3300 5364; x_wconf 84' lang='lat' dir='ltr'><strong>Scripturas</strong></span> <span class='ocrx_word' id='word_1_687' title='bbox 3326 5280 3420 5343; x_wconf 89' lang='lat' dir='ltr'><strong>di·</strong></span> 
     </span>
     <span class='ocr_line' id='line_1_105' title="bbox 1852 5374 3418 5456; baseline 0.001 -19"><span class='ocrx_word' id='word_1_688' title='bbox 1852 5376 2032 5439; x_wconf 75' lang='lat' dir='ltr'><strong>vines</strong></span> <span class='ocrx_word' id='word_1_689' title='bbox 2057 5374 2432 5453; x_wconf 85' lang='lat' dir='ltr'><strong>admittunt,</strong></span> <span class='ocrx_word' id='word_1_690' title='bbox 2465 5394 2668 5456; x_wconf 85' lang='lat' dir='ltr'><strong>neque</strong></span> <span class='ocrx_word' id='word_1_691' title='bbox 2695 5377 2762 5439; x_wconf 88' lang='lat' dir='ltr'><strong>in</strong></span> <span class='ocrx_word' id='word_1_692' title='bbox 2805 5376 3046 5439; x_wconf 85' lang='lat' dir='ltr'><strong>Christo</strong></span> <span class='ocrx_word' id='word_1_693' title='bbox 3076 5375 3204 5441; x_wconf 89' lang='lat' dir='ltr'><strong>ullo</strong></span> <span class='ocrx_word' id='word_1_694' title='bbox 3232 5375 3418 5439; x_wconf 89' lang='lat' dir='ltr'><strong>modo</strong></span> 
     </span>
     <span class='ocr_line' id='line_1_106' title="bbox 1852 5468 3419 5551; baseline -0.001 -19"><span class='ocrx_word' id='word_1_695' title='bbox 1852 5470 2154 5547; x_wconf 82' lang='lat' dir='ltr'><strong>credunt3</strong></span> <span class='ocrx_word' id='word_1_696' title='bbox 2209 5470 2408 5531; x_wconf 80' lang='lat' dir='ltr'><strong>Judaei</strong></span> <span class='ocrx_word' id='word_1_697' title='bbox 2467 5488 2614 5533; x_wconf 78' lang='lat' dir='ltr'><strong>vero</strong></span> <span class='ocrx_word' id='word_1_698' title='bbox 2669 5468 3012 5532; x_wconf 85' lang='lat' dir='ltr'><strong>admittunt</strong></span> <span class='ocrx_word' id='word_1_699' title='bbox 3071 5468 3419 5551; x_wconf 85' lang='lat' dir='ltr'><strong>Scripturas</strong></span> 
     </span>
     <span class='ocr_line' id='line_1_107' title="bbox 1854 5562 3418 5644; baseline 0.004 -19"><span class='ocrx_word' id='word_1_700' title='bbox 1854 5564 2080 5627; x_wconf 83' lang='lat' dir='ltr'><strong>veteris</strong></span> <span class='ocrx_word' id='word_1_701' title='bbox 2116 5562 2520 5639; x_wconf 87' lang='lat' dir='ltr'><strong>Testamenti,</strong></span> <span class='ocrx_word' id='word_1_702' title='bbox 2561 5567 2623 5625; x_wconf 91' lang='grc' dir='ltr'><strong>ει</strong></span> <span class='ocrx_word' id='word_1_703' title='bbox 2655 5562 3026 5644; x_wconf 81' lang='lat' dir='ltr'><strong>profitentur</strong></span> <span class='ocrx_word' id='word_1_704' title='bbox 3065 5582 3130 5627; x_wconf 87' lang='lat' dir='ltr'><strong>se</strong></span> <span class='ocrx_word' id='word_1_705' title='bbox 3170 5564 3418 5631; x_wconf 76' lang='lat' dir='ltr'><strong>credere</strong></span> 
     </span>
    </p>
   </div>
   <div class='ocr_carea' id='block_1_7' title="bbox 3873 3264 3892 5676">
    <p class='ocr_par' dir='ltr' id='par_1_12' title="bbox 3873 3264 3892 5676">
     <span class='ocr_line' id='line_1_108' title="bbox 3873 3264 3892 5676; textangle 90"><span class='ocrx_word' id='word_1_706' title='bbox 3875 5517 3892 5676; x_wconf 60' lang='grc' dir='ltr'><strong>Ἦ.“.“Ι·-“““</strong></span> <span class='ocrx_word' id='word_1_707' title='bbox 3873 5479 3892 5496; x_wconf 69' lang='lat'><strong>‘.</strong></span> <span class='ocrx_word' id='word_1_708' title='bbox 3877 5278 3892 5462; x_wconf 50' lang='grc' dir='ltr'><strong>ΠΙ-ΠΨ,</strong></span> <span class='ocrx_word' id='word_1_709' title='bbox 3877 5176 3892 5257; x_wconf 54' lang='grc'><strong>4-</strong></span> <span class='ocrx_word' id='word_1_710' title='bbox 3879 5021 3892 5151; x_wconf 50' lang='grc' dir='ltr'>..μ-η</span> <span class='ocrx_word' id='word_1_711' title='bbox 3879 3264 3892 5000; x_wconf 50' lang='lat' dir='ltr'><strong>--.—-.-—.—-—n————-—*———-a.-.—-.ss</strong></span> 
     </span>
    </p>
   </div>
  </div>
 </body>
</html>
