3900 6217
566 383 735 436 snm'.
769 385 808 435 1.
844 383 928 434 AN
964 381 1299 435 conruens
1331 380 1788 434 HAERETlconuu
1821 380 2026 434 POENts
2060 381 2271 434 Eoum!
2300 382 2757 448 SUBJtCIANTun,
2792 386 2928 438 ETC.

194 485 416 569 pereunt
477 477 834 561 explicanda
875 497 889 538 :
967 495 1167 538 unum
1221 478 1383 539 circa
1437 478 1706 558 culpam,

194 578 336 641 aliud
365 575 515 635 circa
543 589 774 653 poenas.
811 571 985 632 Circa
1030 571 1276 652 culpam
1307 579 1398 633 est
1422 571 1705 646 dubium,

193 691 306 753 quoe
328 669 580 731 intentio
607 665 950 727 necessaria
977 665 1057 726 sit
1080 671 1149 726 ut
1182 683 1327 726 vere
1364 667 1710 726 committa-

192 775 306 839 tur,
353 761 507 842 quod
552 761 802 840 quidem
848 757 1110 820 dubium
1157 759 1368 840 aliquo
1423 759 1604 820 modo
1632 777 1706 819 ex

192 855 567 939 speculatione
596 852 844 933 pendet,
879 851 1143 912 multum
1167 859 1379 913 tamen
1403 851 1481 913 ad
1506 869 1709 913 mores

191 952 370 1012 refert.
409 946 683 1007 Diximus
705 945 874 1006 enim
909 947 1322 1006 necessarium
1352 961 1480 1006 esse
1521 951 1593 1005 ut
1617 943 1708 1004 fa-

191 1061 282 1106 vor
295 1043 602 1122 praestetur
629 1038 940 1116 haeretico,
967 1041 1038 1100 nt
1061 1040 1380 1102 haereticus
1411 1044 1521 1111 est,
1546 1037 1711 1118 quod

191 1136 374 1198 multis
401 1132 597 1194 modis
623 1132 760 1194 fleri
799 1137 1018 1212 potest.
1051 1133 1282 1206 Primo,
1321 1149 1397 1194 ex
1420 1132 1712 1192 intentio-

189 1249 255 1292 ne
279 1226 531 1302 formali,
559 1225 805 1301 scilieet,
838 1227 1000 1287 utin
1037 1244 1150 1286 sua
1176 1227 1393 1287 haeresi
1430 1243 1712 1305 perseve-

188 1329 286 1396 ret,
311 1321 402 1381 vel
449 1323 518 1379 ut
545 1318 717 1380 illam
746 1321 1030 1394 seminet,
1070 1325 1178 1381 aut
1219 1318 1455 1398 aliquid
1485 1319 1708 1380 simile.

189 1413 461 1488 Secundo,
504 1412 642 1474 fieri
683 1419 881 1494 potest
922 1412 1187 1474 volendo
1235 1413 1381 1474 dare
1434 1411 1712 1472 favorem

191 1511 467 1582 haeretieo,
495 1508 601 1586 qui
635 1509 1014 1588 praevidetur
1039 1507 1495 1568 redundaturus
1523 1507 1590 1567 in
1623 1507 1713 1568 fa-

191 1619 370 1663 vorem
399 1601 668 1676 haeresis,
701 1601 986 1682 quamvis
1011 1602 1074 1662 id
1102 1618 1229 1662 non
1258 1599 1601 1662 formaliter
1620 1602 1716 1661 in-

189 1694 466 1756 tendatur.
495 1693 605 1754 Est
633 1708 781 1773 ergo
802 1693 1064 1755 dubium
1087 1712 1168 1755 an
1201 1695 1370 1774 prior
1395 1693 1616 1754 modus
1639 1695 1717 1755 sit

191 1787 562 1862 necessarius,
592 1787 691 1849 vel
719 1788 1020 1850 secundus
1046 1787 1330 1850 sufficiat.

251 1884 306 1944 8.
345 1881 565 1945 Prima
593 1881 812 1964 opinio.
830 1915 913 1929 —
931 1881 1214 1946 Secunda
1244 1881 1447 1964 opinio
1481 1888 1716 1946 contra-

188 1975 372 2038 ria.—
393 1975 601 2036 Prima
638 1974 850 2057 opinio
892 1975 1041 2036 dicit
1085 1993 1212 2036 non
1243 1977 1475 2056 requiri
1514 1977 1716 2037 inten-

188 2070 390 2130 tionem
419 2069 745 2130 formalem
791 2067 1043 2129 favendi
1069 2069 1385 2146 haeretico,
1413 2070 1560 2150 quia
1585 2068 1720 2130 hae-

189 2163 382 2223 retices
409 2169 519 2234 est,
565 2161 674 2223 sed
703 2161 982 2223 sufficere
1010 2163 1168 2224 velle
1201 2162 1294 2224 illi
1348 2163 1494 2224 dare
1537 2164 1716 2224 favo-

188 2273 296 2315 rem
321 2255 769 2316 redundantem
817 2259 1030 2316 contra
1077 2257 1396 2334 negotium
1440 2255 1608 2331 fidei,
1657 2261 1718 2317 et

70 2379 72 2382 >
189 2349 637 2410 destructionem
663 2347 937 2424 haeresis,
977 2349 1259 2428 quamvis
1289 2347 1349 2408 id
1377 2347 1486 2410 fiat
1517 2367 1593 2410 ex
1622 2349 1720 2409 af-

189 2443 325 2503 fectu
355 2441 562 2521 aliquo
597 2441 899 2517 humano,
937 2448 1046 2502 aut
1071 2441 1432 2521 temporali,
1477 2447 1546 2502 ut
1573 2459 1716 2502 con·

191 2535 618 2614 sanguinitatis,
651 2534 970 2608 amicitiae,
1012 2533 1112 2596 vel
1139 2535 1327 2597 etiam
1367 2533 1721 2614 cupiditatis

192 2633 240 2687 et
263 2627 543 2688 avaritias.
585 2627 674 2687 Ita
705 2631 873 2689 tenet
895 2628 1120 2703 Tolet„
1161 2627 1229 2688 in
1251 2628 1527 2703 Summa,
1559 2627 1720 2689 libro

191 2719 386 2798 primo,
413 2719 618 2799 capite
637 2717 878 2780 decimo
907 2737 1096 2794 nono,
1128 2720 1514 2800 paragrapho
1538 2719 1723 2800 Opor-

195 2815 261 2874 tet
277 2837 300 2886 ;
333 2819 391 2872 et
433 2812 720 2891 sequitur
747 2811 1070 2891 Ugolinus,
1115 2812 1190 2875 de
1233 2813 1514 2874 Censuris
1547 2815 1722 2894 Papoe

195 2906 505 2977 reservatis}
541 2905 814 2966 secunda
851 2913 1048 2985 parte,
1089 2908 1287 2986 capite
1330 2909 1553 2987 primo,
1586 2926 1722 2968 ver-

196 2997 256 3058 bo
275 2997 714 3079 Receptatorer,
745 2997 808 3059 in
830 2999 1130 3079 principio
1143 3045 1164 3075 ,
1208 3019 1468 3061 numero
1506 3019 1721 3062 secun-

197 3090 274 3165 do,
302 3096 361 3151 et
399 3090 436 3170 §
467 3091 696 3170 primo,
728 3108 990 3153 numero
1019 3093 1235 3170 terti03
1268 3100 1331 3154 et
1358 3094 1621 3174 Sayrus,
1654 3096 1719 3182 iu

191 3183 494 3260 Thesauro,
551 3193 724 3246 tomo
761 3187 961 3266 primo
981 3232 1002 3263 ,
1059 3185 1218 3247 libro
1261 3188 1466 3264 tertio,
1521 3191 1722 3270 capite

189 3279 398 3355 quinto,
432 3296 703 3340 numero
731 3280 911 3340 tertio
927 3295 946 3356 ;
979 3279 1355 3356 Far-inacius,
1388 3300 1532 3342 cum
1559 3282 1718 3358 aliis,

189 3372 497 3448 quaestione
543 3373 685 3448 182,
729 3389 994 3433 numero
1046 3375 1180 3434 132.
1225 3373 1722 3436 Fundamentum

187 3465 364 3526 statim
390 3465 674 3527 afferam.
727 3465 1110 3526 Contrarium
1157 3469 1526 3529 sententiam
1557 3473 1725 3529 tenet

189 3557 407 3635 Sanch.,
435 3559 606 3620 dieto
635 3577 770 3640 cap.
804 3561 902 3635 40,
931 3577 1102 3622 num.
1133 3563 1201 3638 53
1235 3565 1411 3641 putat
1439 3562 1604 3626 enim
1645 3562 1722 3623 ad

187 3653 282 3715 huc
325 3657 623 3719 delictum
662 3658 892 3738 requiri
941 3657 1267 3718 formalem
1309 3657 1718 3718 intentionem

189 3749 351 3825 priori
390 3751 584 3811 modo
620 3750 1014 3831 explicatam,
1060 3751 1207 3830 quia
1261 3751 1396 3811 sine
1443 3749 1551 3812 illa
1598 3770 1724 3811 uon

189 3847 341 3918 putat
367 3861 495 3904 esse
518 3843 802 3905 favorem
829 3843 1124 3920 haeretici,
1157 3853 1228 3904 ut
1254 3843 1584 3904 haereticus
1609 3849 1720 3905 est.

191 3932 337 4006 Quod
367 3943 582 3998 tamen
613 3937 1019 3998 necessarium
1049 3943 1162 4012 est,
1203 3943 1274 3996 ut
1313 3935 1622 4014 colligitur
1650 3955 1725 3999 ex

189 4045 301 4106 cap.
329 4027 688 4105 Accusatus,
723 4047 940 4110 parag.
976 4029 1356 4104 Sacerdotes,
1391 4031 1466 4090 de
1493 4031 1720 4092 Haeret.

189 4119 298 4181 ibi:
333 4121 476 4186 Cum
498 4141 625 4185 non
647 4125 731 4186 sit
761 4123 998 4186 dubium
1025 4141 1120 4186 eos
1149 4125 1286 4204 ipsa
1317 4127 1515 4202 facere
1538 4122 1604 4186 in
1635 4129 1728 4203 sa-

193 4229 364 4278 torem
396 4217 698 4296 haereticae
719 4217 1052 4300 pravitatis
1063 4241 1090 4288 ,·
1118 4236 1266 4296 ergo
1304 4218 1421 4278 hoc
1449 4237 1728 4278 necessa-

189 4305 332 4368 rium
359 4315 471 4385 est,
505 4315 571 4372 et
600 4311 688 4371 ita
723 4311 908 4372 etiam
936 4309 1158 4390 reliqui
1196 4329 1411 4371 omnes
1447 4309 1728 4372 doctores

192 4399 409 4463 docent.
435 4403 618 4466 Unde
645 4405 902 4466 Saucius
930 4405 1138 4485 plures
1175 4403 1422 4464 illorum
1453 4403 1518 4464 in
1552 4421 1727 4464 suam

192 4498 537 4559 sententiam
563 4497 826 4574 inducit,
861 4505 921 4558 et
944 4498 1105 4558 inter
1123 4495 1274 4557 alios
1299 4497 1485 4557 etiam
1509 4514 1608 4557 me
1635 4497 1728 4576 ip-

193 4607 331 4666 sum,
359 4592 425 4652 in
454 4600 628 4653 tomo
653 4593 870 4672 quinto
895 4592 1090 4652 tertiae
1111 4591 1303 4670 partis
1317 4635 1336 4666 ,
1362 4591 1722 4670 disputatio-

192 4699 258 4742 ne
287 4685 578 4763 vigesima
605 4685 888 4764 septima,
919 4683 1183 4744 sectione
1227 4684 1518 4759 secunda,
1548 4700 1722 4742 uum.

194 4781 418 4853 octavo3
467 4785 527 4838 et
578 4779 882 4858 praecipue
932 4777 1179 4837 videtur
1228 4777 1434 4838 favere
1466 4777 1687 4836 Navar.
1703 4821 1724 4851 ,

194 4867 336 4930 dicto
363 4871 560 4954 capite
593 4874 696 4945 27,
733 4889 996 4932 numero
1017 4872 1131 4947 553
1165 4868 1314 4930 dicit
1340 4870 1509 4930 enim
1549 4885 1728 4946 opor-

193 4967 304 5024 tere
351 4971 420 5026 ut
475 4965 589 5026 fiat
619 4983 692 5027 eo
747 4972 1024 5046 respectu
1071 4983 1195 5046 quo
1237 4970 1381 5024 sunt
1423 4961 1724 5034 haeretici,

194 5057 338 5135 quod
366 5059 594 5120 clarius
623 5060 866 5121 videtur
906 5060 994 5121 ita
1040 5077 1344 5139 exponere
1377 5056 1590 5118 consil.
1627 5057 1726 5128 14,

195 5148 258 5210 de
281 5153 616 5229 HaeretieiS,
663 5172 836 5214 num.
889 5155 947 5215 4.
999 5153 1231 5213 Favent
1259 5151 1443 5212 etiam
1494 5149 1733 5211 Simau-

195 5260 301 5319 eas,
330 5246 492 5307 dicto
526 5248 704 5308 titulo
739 5251 834 5323 ¹5,
877 5265 1052 5307 num.
1095 5247 1210 5320 253
1258 5250 1320 5307 et
1346 5243 1522 5316 Azor,
1567 5243 1734 5302 dicto

198 5354 315 5417 cap.
345 5341 445 5416 15,
470 5347 690 5420 quaest.
724 5344 763 5401 4
803 5347 863 5401 et
891 5342 949 5417 5,
973 5347 1279 5420 quatenus
1309 5339 1518 5398 dicunt
1563 5353 1731 5412 eum,

196 5433 288 5507 qui
315 5440 586 5514 receptat
621 5435 1152 5512 consanguineum
1179 5478 1194 5504 ,
1245 5429 1391 5510 quia
1423 5435 1598 5510 pater
1640 5428 1736 5488 vel

199 5521 367 5588 frater
399 5533 513 5602 est,
543 5527 636 5590 vel
675 5547 800 5589 non
835 5546 959 5588 esse
984 5525 1390 5608 puniendum,
1431 5523 1530 5585 vel
1561 5522 1740 5586 levit·

3233 384 3351 445 589

1787 477 1967 552 sime,
1984 479 2148 557 quod
2177 485 2270 540 est
2294 487 2777 544 cousentaneum
2797 482 2922 560 legi
2950 485 3259 560 secundm,
3280 485 3347 548 ff.

1788 570 1866 630 cle
1888 570 2413 652 Receptatoribus‚
2473 592 2661 653 quam
2704 583 3029 656 propterea
3078 579 3145 641 in
3182 579 3355 642 favo-

1789 681 1921 724 rem
1949 682 2075 725 suae
2101 664 2411 744 opinionis
2441 668 2697 728 Saucius
2726 669 2989 731 inducit.

1867 759 1930 818 9.
1978 758 2166 820 Prior
2198 758 2395 840 opinio
2431 765 2587 824 recte
2624 762 2933 843 explicata
2951 765 3356 845 probatur.—

1791 849 2011 913 Prima
2040 853 2228 914 ratio.
2246 883 2326 898 -
2345 849 2714 916 Antecodunc
2742 857 3035 938 σκυφία.
3061 892 3135 904 -
3166 859 3355 924 Gene-

1789 943 1945 1006 ralis
1991 944 2301 1036 resofutio.
2346 978 2427 991 —
2460 946 2583 1008 Sed
2622 947 3028 1010 nihilominus
3068 952 3355 1014 existimo

1793 1037 2061 1116 priorem
2108 1039 2477 1100 sententiam
2524 1046 2687 1100 recte
2734 1042 3099 1121 explicatam
3142 1063 3355 1108 veram

1793 1147 1967 1208 esse3
1999 1149 2147 1192 nam
2176 1131 2310 1193 baec
2343 1131 2492 1208 duo,
2520 1133 2671 1196 velle
2707 1138 2909 1214 favere
2948 1137 3246 1214 haeretico,
3286 1145 3359 1202 ut

1793 1224 2116 1288 Itoereticus
2144 1231 2257 1301 est,
2288 1232 2396 1286 aut
2424 1227 2573 1288 velle
2604 1232 2811 1307 favere
2851 1229 2995 1310 quia
3038 1233 3359 1296 hereticus

1793 1320 1904 1392 est,
1939 1335 2045 1377 seu
2076 1336 2154 1379 ex
2194 1317 2538 1380 intentione
2578 1319 2826 1382 formali
2872 1325 3121 1386 favendi
3158 1326 3359 1388 haere-

1793 1407 1866 1481 si,
1889 1415 2035 1470 sunt
2058 1409 2234 1471 valde
2262 1410 2571 1478 distincta.
2596 1417 2659 1473 et
2686 1411 2831 1474 licet
2855 1417 3126 1495 primum
3154 1421 3363 1498 requi·

1793 1505 1969 1561 ratur
1992 1546 2012 1576 ,
2065 1520 2192 1562 non
2248 1510 2460 1564 tamen
2515 1506 2875 1568 secundum.
2913 1509 3086 1582 Quod
3140 1510 3356 1574 distin-

1794 1599 2068 1671 guantur
2095 1641 2115 1670 ,
2168 1594 2459 1676 explicari
2496 1604 2697 1677 potest
2753 1601 2938 1660 modo
2990 1601 3309 1665 dialectico
3333 1651 3356 1682 ,

1797 1687 1944 1766 quia
1972 1705 2114 1748 cum
2146 1688 2373 1750 dicitur
2397 1688 2572 1751 favor
2598 1689 2901 1769 haeretiei,
2934 1702 3004 1756 ut
3034 1695 3361 1759 haereticus

1797 1787 1908 1852 est,
1941 1779 2051 1841 illa
2089 1783 2413 1861 particula,
2445 1789 2539 1858 ut,
2589 1790 2791 1863 potest
2836 1789 2996 1848 sumi
3045 1789 3361 1870 specifica-

1797 1873 1924 1932 tive
1964 1880 2026 1934 et
2064 1875 2529 1954 reduplicative.
2564 1877 2760 1938 Priori
2788 1880 2973 1942 modo
3002 1883 3162 1942 nihil
3189 1883 3361 1947 aliud

1799 1965 2137 2045 significat,
2172 1969 2291 2028 nisi
2324 1968 2489 2048 quod
2525 1969 2810 2032 voluntas
2856 1975 3224 2038 terminetur
3280 1977 3359 2039 ad

1798 2057 2077 2120 favorem
2109 2059 2421 2137 haeretici,
2450 2062 2535 2123 ita
2564 2069 2635 2123 ut
2658 2065 2812 2126 illud
2842 2067 2923 2126 sit
2948 2069 3124 2146 quasi
3161 2069 3361 2149 objec·
3444 2139 3447 2144 ,

1798 2157 1935 2212 tum
1969 2153 2252 2228 volitum,
2284 2153 2451 2234 quod
2485 2173 2614 2218 csse
2655 2165 2879 2238 potest,
2906 2161 3150 2222 etiamsi
3187 2162 3363 2224 favor

1799 2244 2057 2308 haeresis
2088 2267 2212 2309 non
2258 2249 2336 2309 sit
2374 2251 2533 2312 ratio
2578 2252 2849 2315 volendi.
2899 2254 3225 2318 Posteriori
3252 2275 3363 2318 au-

1799 2345 1924 2401 tem
1957 2341 2141 2401 modo
2178 2342 2486 2421 significat
2526 2363 2776 2406 causam
2820 2353 2880 2407 et
2912 2349 3216 2410 motivum
3258 2369 3365 2411 vo·

1800 2432 1991 2494 leudi.
2026 2434 2171 2494 Dico
2195 2453 2345 2515 ergo
2388 2437 2663 2515 primum
2696 2438 3078 2502 sufficeread
3112 2441 3229 2504 hoc
3254 2461 3363 2522 ge·

1800 2545 1920 2588 nus
1974 2529 2237 2608 peccati,
2277 2529 2420 2590 licet
2470 2533 2772 2610 posterior
2812 2533 3033 2596 modus
3067 2537 3362 2615 peccandi

1801 2621 2051 2698 gravior
2080 2621 2179 2681 sit.
2219 2622 2346 2682 Hoc
2370 2625 2675 2702 posterius
2706 2644 2833 2688 non
2878 2627 3116 2706 indiget
3144 2629 3363 2708 proba-

1805 2715 2013 2775 tione:
2054 2713 2330 2794 primum
2371 2723 2604 2792 autem,
2636 2718 2703 2780 in
2742 2738 2865 2800 quo
2894 2728 2984 2782 est
3012 2729 3363 2784 controver-

1803 2807 1915 2882 sia,
1947 2807 2247 2888 probatur
2274 2810 2496 2889 primo,
2520 2812 2665 2890 quia
2694 2831 2907 2875 omnes
2932 2822 3207 2876 auctores
3234 2834 3361 2878 uon

1803 2903 2071 2985 amplius
2098 2905 2445 2984 requirunt,
2470 2923 2673 2985 mque
2700 2925 2815 2986 ego
2848 2908 2915 2968 in
2942 2906 3205 2986 allegato
3228 2909 3363 2972 loco

1802 2999 1940 3079 plus
1960 2999 2108 3060 dixi.
2142 2999 2352 3078 Neque
2378 2999 2565 3060 etiam
2591 2999 2870 3062 Pontifex
2899 2999 3071 3061 aliud
3093 3001 3364 3064 affirmat

1801 3093 1869 3152 iu
1897 3091 2158 3172 dictos§
2216 3091 2567 3156 Sacerdotes
2590 3117 2616 3165 ,·
2660 3093 2787 3154 imo
2838 3093 2947 3154 illa
2987 3093 3176 3156 verba
3227 3113 3365 3175 pro-

1802 3185 1957 3246 bant
1994 3185 2409 3262 contrarium,
2450 3187 2597 3266 quia
2656 3187 2990 3248 ostendunt
3040 3189 3184 3248 satis
3231 3205 3363 3250 esse

1805 3278 1964 3340 velle
1992 3277 2199 3342 favere
2226 3277 2529 3341 haereticas
2564 3279 2876 3358 pravitati,
2906 3281 3189 3360 quamvis
3230 3299 3365 3342 mo-

1803 3375 2000 3433 tivum
2034 3373 2198 3434 illius
2226 3372 2565 3435 voluntatis
2598 3391 2723 3434 non
2750 3375 2829 3434 sit
2856 3374 3115 3436 affectus
3134 3375 3209 3435 ad
3240 3375 3367 3436 hae-

1804 3467 2020 3542 resim,
2050 3466 2145 3530 vel
2177 3465 2391 3529 odium
2428 3464 2608 3543 fidei,
2639 3467 2744 3527 sed
2780 3466 3027 3546 aliquod
3058 3475 3366 3548 tempora-

1805 3559 1885 3620 le.
1931 3560 2213 3622 Secuudo
2242 3561 2329 3620 ita
2360 3558 2603 3622 videtur
2635 3579 2941 3640 exponere
2968 3569 3177 3642 aperte
3206 3565 3363 3626 Mar-

1805 3653 1976 3713 tinus
2012 3653 2097 3726 V,
2146 3653 2211 3713 in
2256 3651 2434 3716 Bulla
2486 3660 2699 3714 contra
2747 3654 3093 3734 Wicleph.,
3136 3656 3210 3716 in.
3240 3656 3366 3720 fine

1803 3747 2060 3808 Concilii
2087 3748 2534 3823 constantien„
2564 3748 2669 3808 ubi
2717 3749 2829 3809 hos
2876 3749 3147 3812 fautores
3192 3752 3366 3814 dam-

1805 3847 1938 3918 nat,
1972 3841 2216 3902 etiamsi
2255 3841 2317 3901 id
2363 3842 2593 3904 faciant
2637 3862 2713 3903 ex
2743 3843 2967 3905 affectu
2998 3846 3367 3925 consangui-

1807 3933 2042 3995 nitatis.
2088 3935 2319 4011 Tertio,
2352 3935 2515 3996 idem
2545 3937 2768 4016 probat
2796 3937 2962 3997 dicta
3001 3937 3101 3999 lex
3145 3957 3367 4000 seeun-

1808 4026 1885 4088 da
1902 4043 1922 4104 3
1957 4047 2103 4089 nam
2123 4075 2143 4105 ,
2192 4029 2336 4090 licet
2372 4029 2536 4090 dicat
2580 4037 2962 4110 receptantes
3000 4034 3369 4110 consangui-

1807 4139 1957 4182 neos
1990 4139 2067 4182 ex.
2107 4123 2377 4184 naturali
2406 4123 2631 4183 affectu
2673 4124 2885 4185 mitius
2934 4143 3063 4186 esse
3106 4127 3367 4205 punien-

1808 4215 1918 4276 dos
1947 4261 1967 4292 ,
2022 4214 2428 4277 nihilominus
2482 4217 2773 4298 supponit
2820 4235 2948 4279 esse
3000 4218 3364 4299 puniendos,

1808 4329 1879 4371 ae
1942 4311 2201 4390 proinde
2261 4313 2647 4374 committere
2718 4312 2963 4392 culpam
3028 4320 3371 4394 receptato-

1807 4423 1974 4480 rum,
2008 4425 2147 4485 quoe
2186 4405 2366 4486 culpa
2408 4405 2684 4485 ejusdem
2716 4407 2938 4486 speciei
2980 4413 3092 4482 est,
3127 4409 3368 4468 etiamsi

1811 4499 1977 4559 iutra
2035 4498 2201 4560 illam
2264 4498 2344 4558 sit
2404 4499 2611 4560 minus
2665 4499 2891 4578 gravis.
2930 4501 3183 4575 Quarto,
3236 4499 3369 4562 haee

1809 4598 1896 4654 est
1931 4593 2090 4652 ratio
2137 4613 2175 4652 a
2226 4592 2415 4671 priori
2451 4590 2636 4672 hujus
2664 4591 3004 4668 sententiae,
3046 4593 3193 4672 quia
3224 4595 3373 4672 jura

1808 4687 2081 4767 puniunt
2109 4687 2567 4747 committentes
2603 4686 2767 4748 hanc
2800 4687 3047 4766 culpam
3075 4733 3090 4760 ,
3141 4693 3203 4748 et
3245 4705 3369 4748 non

1809 4780 2204 4858 distinguunt
2265 4775 2677 4841 intentionem
2734 4799 2857 4860 qua
2916 4781 3323 4842 committitur
3350 4797 3369 4858 ;

1811 4891 1960 4952 ergo
1995 4891 2106 4933 uec
2132 4872 2309 4932 nobis
2361 4871 2506 4933 lice-t
2557 4873 2979 4952 distinguere,
3032 4893 3174 4935 cum
3230 4874 3371 4936 talis

1811 4967 2125 5027 distinctio
2156 4985 2354 5045 neque
2394 4966 2517 5027 alio
2563 4967 2720 5046 jure,
2755 4986 2955 5047 neque
2996 4967 3227 5029 efficaci
3276 4985 3372 5028 ra-

1811 5061 1983 5121 tione
2024 5060 2281 5135 nitatur,
2311 5065 2373 5120 et
2401 5059 2674 5138 alioquin
2703 5059 2982 5121 absoluta
3021 5060 3373 5139 intelligen-

1813 5154 1901 5213 tia
1945 5153 2141 5231 magis
2180 5152 2356 5214 cedat
2402 5153 2469 5213 in
2505 5153 2778 5214 favorem
2810 5153 2979 5230 fidei,
3014 5173 3197 5234 quem
3230 5155 3375 5232 jura

1817 5246 2170 5308 intendunt.
2234 5247 2505 5326 Denique
2558 5247 2959 5309 confirmatur
3008 5248 3308 5326 exemplis
3352 5265 3370 5309 ε

1816 5356 1965 5400 nam
2008 5339 2117 5418 qui
2174 5357 2299 5400 nou
2346 5339 2677 5416 *denuntiat
2725 5339 2979 5402 fratrem
3035 5359 3111 5402 ex
3152 5341 3374 5402 affectu

1817 5433 2161 5510 sanguiniS,
2209 5433 2456 5511 quaudo
2487 5439 2751 5504 tenetur,
2781 5439 3022 5512 peccat,
3059 5440 3121 5493 et
3165 5451 3375 5496 eonse-

1818 5531 2081 5607 quenter
2129 5525 2332 5600 fautor
2386 5533 2475 5586 est
2494 5571 2514 5602 ,
2560 5532 2632 5586 ut
2662 5545 2843 5608 supra
2896 5527 3045 5589 dixi.
3078 5528 3376 5592 Similiter
