3900 6217
738 410 909 462 SECT.
944 413 1069 464 vm.
1104 412 1189 464 AN
1220 411 1507 464 tunicum
1538 411 1832 464 an'mn
1862 413 1947 466 An
1981 413 2396 466 VOLUNTATER
2431 412 2753 478 canumet,
2788 412 2923 464 mc.

214 528 398 572 mum
438 515 651 572 actum
682 509 854 587 fidei,
892 513 943 572 si
976 511 1295 574 antecedat
1331 512 1593 590 gratiam
1653 529 1789 572 san-

218 603 626 679 ctificantem,
656 621 781 665 non
810 605 1169 666 immediate
1206 605 1541 686 impetrare
1587 605 1783 681 illam,

218 715 331 760 seu
367 697 447 758 de
478 714 751 776 congruo
781 716 917 760 eam
954 700 1207 774 mereri,
1236 699 1383 778 quia
1417 714 1545 760 non
1584 699 1787 778 proxi-

216 809 319 850 me
372 789 649 870 disponit
682 790 765 850 ad
816 791 1013 866 illam,
1054 792 1392 853 secundum
1444 793 1785 854 doctrinam

212 883 389 958 fidei,
432 883 541 945 sed
585 883 901 944 mediante
944 885 1312 964 poenitentia
1348 892 1411 946 et
1463 885 1781 946 charitate.

214 979 491 1040 Meretur
514 993 663 1055 ergo
692 979 805 1054 (ut
842 977 1226 1056 Augustinus
1254 995 1415 1058 saepe
1446 979 1571 1055 ait)
1610 977 1787 1039 auxi-

212 1069 373 1130 lium
406 1069 568 1132 hene
596 1068 857 1132 ulterius
878 1071 1201 1150 operandi,
1230 1081 1295 1133 et
1328 1071 1409 1133 ad
1430 1071 1785 1132 ulteriorem

212 1163 487 1242 gratiam
524 1179 587 1224 se
610 1162 981 1242 disponendi
998 1179 1019 1242 3
1046 1181 1195 1225 nam
1250 1165 1359 1243 qui
1398 1183 1541 1225 cum
1572 1163 1789 1224 divina

214 1257 427 1334 gratia
458 1255 619 1317 bene
663 1257 863 1318 utitur
900 1257 1095 1337 priori
1130 1257 1362 1320 auxilio
1375 1303 1396 1334 ,
1436 1257 1638 1336 majus
1676 1255 1787 1318 ob-

208 1350 419 1410 tinere
448 1354 723 1410 meretur
762 1349 970 1429 aliquo
1001 1349 1209 1426 modo,
1256 1351 1425 1412 unde
1462 1351 1651 1411 etiam
1692 1356 1787 1410 est

213 1440 542 1521 probabile
562 1459 677 1522 per
702 1441 1083 1505 voluntatem
1110 1442 1402 1505 credendi
1426 1443 1652 1504 mereri
1675 1441 1786 1504 ho·

208 1535 459 1596 minem
478 1535 557 1596 de
584 1553 883 1614 congruo,
916 1543 978 1602 et
1002 1537 1181 1616 quasi
1210 1537 1590 1611 immediate,
1610 1537 1787 1598 auxi·

204 1626 367 1688 lium
426 1629 715 1708 proxime
765 1627 1067 1706 adjuvans
1104 1630 1485 1691 intellectum
1531 1629 1611 1691 ad
1656 1645 1785 1690 cre·

206 1720 519 1782 dendum.
539 1723 693 1782 Nam
716 1720 822 1784 illa
840 1721 1125 1784 voluntas
1150 1729 1241 1784 est
1267 1724 1441 1802 quasi
1470 1723 1784 1802 dispositio

208 1815 503 1893 proxima
520 1813 601 1876 ad
622 1815 827 1892 ipsum
853 1821 1059 1878 actum
1090 1815 1398 1891 credendi,
1425 1821 1487 1876 et
1506 1815 1785 1894 ejusdem

206 1905 472 1970 ordinis.

292 2003 396 2064 16.
446 2001 735 2067 Secunda
782 2023 939 2087 pare
978 2003 1366 2068 resolutionis
1424 2005 1621 2084 quoad
1668 2021 1789 2066 om-

206 2097 405 2158 ritnm
432 2096 507 2158 dc
534 2097 1241 2174 condinae-Probum·
1258 2094 1461 2175 primo
1476 2141 1492 2167 ‚
1520 2095 1784 2176 exemplo

202 2187 413 2264 illinc,
459 2189 569 2269 qni
597 2190 875 2272 primum
914 2197 1115 2252 actum
1136 2189 1281 2269 fidei
1318 2187 1525 2252 elicuit
1548 2187 1615 2250 in
1641 2207 1785 2271 yra-

209 2285 322 2346 ἐξα.
358 2315 443 2328 -
468 2281 683 2356 Quoad
729 2283 1019 2344 meritum
1064 2288 1275 2343 autem
1322 2281 1397 2342 de
1452 2281 1781 2361 condigno,

206 2375 551 2438 dicendum
584 2381 676 2436 est
707 2377 979 2455 primum
1008 2382 1214 2436 actum
1252 2373 1420 2451 fidei,
1465 2376 1515 2434 si
1562 2374 1671 2436 fiat
1703 2375 1784 2436 ab

208 2469 471 2532 homine
506 2470 640 2547 jam
680 2469 1039 2548 justificato,
1092 2485 1223 2530 esse
1267 2469 1657 2530 meritorium
1704 2468 1783 2531 de

208 2561 529 2640 condigno
554 2563 875 2640 augmenti
903 2563 1119 2640 gratiae
1160 2571 1224 2622 et
1268 2561 1503 2640 glorioe,
1536 2563 1664 2623 sive
1703 2561 1783 2623 sit

208 2656 589 2732 coniunctus
640 2671 781 2716 cum
836 2659 977 2716 actu
1029 2655 1341 2716 charitatis
1368 2705 1386 2726 ‚
1434 2655 1564 2716 sive
1605 2673 1734 2717 non
1756 2675 1777 2730 ς

208 2749 466 2828 qnando
490 2767 643 2810 vem
678 2749 975 2828 praecedit
1002 2749 1267 2827 gratiam
1305 2747 1780 2826 justificantem,

209 2848 281 2902 ut
322 2841 413 2902 sie
440 2859 573 2902 non
610 2859 743 2904 esse
772 2841 1160 2902 meritorium
1202 2841 1277 2902 de
1324 2841 1657 2920 condign0,
1686 2849 1784 2904 ta-

217 2955 363 2998 men
386 2937 455 2998 in
490 2936 715 2998 eodem
757 2935 1035 3011 instanti,
1062 2935 1128 2996 in
1156 2953 1280 3016 quo
1326 2936 1580 2998 credens
1604 2937 1784 3015 justi-

222 3029 457 3107 ficatur,
482 3029 756 3109 incipere
777 3029 959 3091 illum
998 3035 1204 3090 actum
1235 3047 1362 3090 esse
1390 3032 1783 3092 meritorium

220 3123 299 3184 de
330 3123 672 3200 condigne,
723 3139 852 3184 non
901 3123 1149 3200 gratiae,
1192 3123 1297 3184 sed
1350 3122 1585 3201 gloriae.
1636 3125 1784 3185 Haec

216 3215 433 3274 omnia
458 3215 642 3276 Facile
688 3221 974 3276 constant
1023 3233 1099 3276 ex
1131 3215 1451 3296 principiis
1480 3217 1692 3296 positis
1716 3217 1783 3278 in

214 3309 481 3370 materia
504 3309 585 3369 de
612 3308 849 3384 Gratia,
878 3307 991 3370 lib.
1018 3309 1119 3384 12,
1142 3328 1199 3370 c.
1232 3309 1307 3370 ¹4
1330 3315 1393 3370 et
1422 3311 1521 3370 ¹5.
1552 3310 1629 3370 Et
1655 3309 1784 3389 pri-

212 3419 315 3462 ma
376 3401 637 3480 quidem
688 3419 832 3481 pars
896 3401 1099 3463 locum
1158 3401 1349 3464 habet
1410 3401 1475 3462 in
1526 3401 1787 3466 'homine

210 3492 535 3573 baptizato
560 3495 628 3554 in
652 3492 943 3569 infantia,
978 3493 1227 3574 quando
1269 3495 1336 3554 iu
1366 3501 1545 3556 aetate
1570 3493 1788 3556 adulta

212 3587 435 3667 incipit
487 3586 682 3648 fidem
724 3603 1034 3662 exercere,
1073 3586 1347 3648 retinens
1386 3587 1591 3648 adhuc
1646 3605 1788 3665 gra-

216 3680 369 3740 tiam
396 3679 879 3759 baptismalem3
915 3681 1155 3742 namin
1198 3681 1305 3742 illo
1347 3682 1587 3761 primus
1613 3687 1787 3742 actus

210 3771 362 3835 fidei
390 3779 485 3834 est
528 3772 607 3834 ab
636 3772 892 3835 homine
918 3780 1098 3853 grato
1121 3795 1135 3845 ;
1168 3791 1317 3853 ergo
1345 3791 1419 3836 ex
1468 3774 1586 3836 hac
1612 3779 1786 3854 parte

212 3873 303 3926 est
338 3865 705 3928 meritorius
736 3865 815 3928 de
850 3867 1181 3946 condigno.
1229 3865 1461 3929 Deinde
1512 3884 1637 3928 non
1692 3871 1787 3928 est

214 3959 563 4020 necessaria
614 3957 833 4021 relatio
890 3959 1207 4022 charitatis
1236 4005 1253 4035 ‚
1298 3977 1437 4040 quae
1478 3975 1591 4039 per
1642 3977 1785 4040 pro·

216 4053 427 4130 prium
454 4060 669 4114 actum
699 4052 891 4132 ipsius
912 4055 1249 4134 operantis,
1275 4054 1371 4115 vel
1390 4057 1782 4134 praesentem,

216 4144 315 4205 vel
364 4147 755 4224 [rraeteritum
806 4147 969 4208 facta
1012 4149 1117 4224 sit,
1160 4147 1311 4227 quia
1343 4147 1567 4209 sufficit
1610 4145 1787 4226 quasi

212 4239 523 4300 naturalis
564 4238 884 4302 tendentia
919 4239 1089 4302 illius
1132 4246 1305 4302 actus
1344 4241 1412 4301 in
1446 4240 1637 4302 finem
1658 4288 1666 4296 .
1684 4255 1788 4300 su-

216 4331 681 4409 pernaturalem
698 4349 721 4411 3
768 4349 940 4408 nam,
994 4338 1065 4394 ut
1109 4331 1240 4394 dixi
1291 4335 1357 4393 in
1412 4333 1669 4394 materia
1710 4331 1789 4394 de

214 4423 453 4501 Gratia,
492 4423 631 4486 loco
668 4427 879 4503 citato,
910 4427 978 4488 in
1006 4445 1179 4490 num.
1232 4429 1334 4503 ss,
1384 4428 1647 4488 virtutes
1694 4427 1789 4487 in·

214 4517 370 4578 fuste
422 4523 493 4579 et
538 4535 754 4581 earum
804 4525 979 4581 actus
1006 4519 1085 4581 ab
1118 4521 1453 4582 intrinseco
1490 4531 1553 4580 et
1600 4537 1676 4580 ex
1723 4537 1788 4582 se

212 4612 581 4673 referuntur
622 4613 692 4673 in
724 4609 934 4674 ’finem
970 4611 1500 4693 supernaturalem
1518 4658 1538 4687 ,
1568 4618 1630 4674 et
1654 4613 1787 4674 hoec

210 4703 437 4766 relatio
467 4703 697 4766 sufficit
728 4705 805 4766 ad
850 4705 1143 4768 ueritum
1168 4705 1245 4766 de
1270 4705 1579 4785 condigno
1595 4727 1614 4780 3
1640 4723 1789 4785 ergo

212 4798 415 4858 multo
458 4801 663 4876 magis
700 4799 925 4862 sufficit
963 4799 1031 4860 in
1058 4806 1199 4861 actu
1237 4798 1421 4874 fidei,
1466 4813 1527 4860 et
1574 4799 1791 4860 volun-

212 4897 343 4952 tate
374 4889 701 4970 credendi,
740 4894 887 4972 quia
936 4893 1124 4954 etiam
1168 4887 1312 4953 sunt
1352 4897 1523 4953 actus
1572 4909 1683 4972 per
1726 4911 1790 4954 se

214 4984 437 5059 inlusi,
482 4992 547 5046 et
570 4987 1045 5066 propinquiores
1090 4987 1213 5046 Deo
1240 4993 1300 5047 et
1342 4983 1458 5046 fini
1498 5001 1789 5066 superna-

218 5077 429 5140 turali.
459 5077 635 5140 Unde
662 5079 850 5140 etiam
878 5084 1115 5140 constat
1142 5081 1208 5139 in
1236 5097 1310 5140 eo
1338 5095 1486 5140 casu
1514 5081 1787 5162 primum

222 5177 427 5230 actum
458 5169 605 5232 fidei
628 5173 857 5234 mereri
876 5177 1283 5250 augmentum
1304 5171 1541 5250 gratiae,
1564 5184 1625 5232 et
1646 5189 1789 5235 con·

224 5269 555 5341 sequenter
582 5266 824 5342 gloriae,
858 5265 1007 5345 quia
1035 5273 1328 5344 supponit
1371 5269 1637 5344 gratiam
1668 5265 1789 5346 pri-

226 5373 417 5431 mam,
450 5363 515 5417 et
545 5358 707 5420 nihil
757 5358 928 5421 aliud
966 5359 1302 5437 requiritur
1345 5375 1422 5420 ex
1449 5359 1565 5419 hoc
1592 5359 1790 5438 capite

226 5446 301 5508 ad
328 5449 623 5510 meritum
646 5450 971 5530 augmenti
1002 5450 1243 5528 grati-ze.

308 5543 407 5600 Π.
450 5541 681 5606 Deinde
700 5544 899 5616 illiue,
932 5542 1039 5625 qui
1060 5543 1276 5606 elicuit
1302 5549 1477 5610 atra
1494 5543 1786 5626 qratlam·

3311 407 3420 469 191

1866 545 1951 558 —
1989 513 2196 574 Altera
2223 531 2368 573 vero
2409 531 2551 592 pars
2580 511 2784 574 locum
2818 509 3010 572 habet
3049 511 3114 572 in
3145 509 3423 589 homine,

1868 605 1978 686 qni
2007 607 2086 666 ab
2111 604 2474 666 infidelitate
2520 605 2598 666 ad
2628 605 2814 667 fidem
2859 605 3263 682 convertitur,
3317 605 3429 668 eli·

1867 699 2088 760 ciendo
2129 701 2401 780 primum
2433 704 2638 759 actum
2672 697 2818 759 fidei
2837 713 2856 773 ;
2906 705 2968 759 et
2994 716 3136 759 cum
3175 717 3428 780 propor-

1866 792 2038 852 tione
2089 791 2312 852 hahere
2343 797 2542 871 potest
2575 791 2782 852 locum
2821 791 2885 852 in
2933 791 3186 852 homine
3215 809 3427 871 pecca-

1866 890 2023 960 tore,
2055 885 2184 965 qui,
2213 890 2287 945 ut
2315 903 2378 945 se
2405 884 2666 964 incipiat
2693 883 3012 962 disponere
3036 883 3113 945 ad
3134 885 3424 962 gratiam,

1864 977 2139 1058 aliquem
2168 982 2374 1039 actum
2405 975 2552 1038 fidei
2583 975 2768 1038 elicit.
2803 975 2886 1037 De
2913 974 3022 1038 illo
3050 993 3198 1055 ergo
3225 978 3426 1057 primo

1866 1077 2037 1146 actu,
2069 1071 2119 1131 si
2151 1077 2432 1150 tempore
2471 1069 2792 1131 antecedat
2823 1071 3109 1148 gratiam,
3139 1071 3426 1132 manifes-

1868 1169 2004 1224 tum
2033 1169 2126 1224 est
2147 1181 2259 1244 pro
2281 1163 2390 1224 illo
2423 1170 2698 1242 tempore
2729 1180 2858 1223 non
2885 1181 3014 1224 esse
3037 1163 3424 1224 meritorium

1864 1254 1943 1317 de
1997 1257 2330 1335 condigno,
2391 1262 2640 1335 propter
2665 1256 3104 1334 indignitatem
3148 1273 3428 1337 personae

1866 1349 2196 1430 operantis,
2227 1349 2294 1410 Si
2323 1367 2472 1409 vero
2513 1348 2710 1408 solum
2735 1348 3060 1410 antecedat
3081 1350 3300 1409 ordine
3315 1365 3426 1408 na·-

1866 1449 2048 1517 turoe,
2070 1442 2258 1503 etiam
2281 1443 2347 1502 in
2373 1441 2481 1502 illo
2511 1441 2725 1520 priori,
2749 1459 2856 1503 seu
2881 1439 3215 1502 secundum
3239 1439 3427 1501 ratio·

1866 1553 2012 1597 nem
2059 1535 2253 1608 illam,
2291 1534 2571 1594 nondum
2617 1541 2928 1614 spectatur
2955 1543 3026 1594 ut
3076 1533 3427 1594 meritorius

1865 1629 1943 1690 de
1990 1631 2318 1708 condigno,
2362 1635 2612 1708 propter
2639 1629 2922 1690 eamdem
2949 1627 3255 1688 rationem
3283 1643 3425 1688 cum

1864 1723 2262 1802 proportione
2287 1720 2696 1800 applicatam3
2721 1739 2867 1781 nam
2909 1726 2972 1781 et
2997 1721 3259 1800 ipsamet
3282 1738 3426 1780 con-

1864 1815 2060 1892 tritio,
2081 1823 2265 1896 prout
2285 1815 2454 1894 prior
2480 1820 2701 1874 natura
2731 1814 2928 1892 gratia
2950 1813 3272 1888 habituali,
3300 1831 3429 1876 non

1868 1915 1962 1972 est
2016 1909 2332 1970 meritoria
2360 1907 2435 1968 de
2477 1907 2804 1986 condigno.
2864 1908 2944 1967 At
2964 1924 3112 1969 vero
3136 1905 3282 1966 siin
3324 1923 3429 1967 eo·

1868 2004 2012 2064 dem
2040 2001 2298 2062 instanti
2346 2001 2610 2080 persona
2636 1999 3030 2080 justificetur,
3071 2005 3243 2060 actus
3281 1997 3428 2059 fidei

1866 2094 2084 2173 incipit
2111 2111 2240 2154 esse
2279 2092 2602 2169 formatus,
2633 2099 2696 2154 et
2720 2093 2861 2154 ideo
2895 2093 3104 2154 statim
3141 2091 3214 2152 fit
3243 2090 3430 2152 meri·

1864 2187 2060 2247 torius
2088 2185 2164 2246 de
2203 2186 2535 2264 condigno,
2567 2203 2694 2246 non
2745 2185 2998 2265 quidem
3027 2184 3244 2265 primm
3286 2201 3429 2262 gra·

1864 2282 1992 2355 tiae,
2022 2281 2169 2360 quia
2197 2280 2368 2340 illam
2397 2279 2708 2359 supponit,
2767 2297 2880 2340 nec
2921 2277 3245 2356 augmenti
3285 2293 3428 2355 gra-

1862 2375 1991 2450 tiae,
2035 2375 2183 2452 quia
2219 2391 2346 2435 non
2391 2371 2462 2434 fit
2503 2374 2569 2434 in
2599 2372 2816 2434 eodem
2845 2371 3124 2446 instanti,
3167 2371 3268 2432 sed
3299 2369 3428 2451 pri·

1850 2485 1986 2528 mae
2028 2467 2261 2546 gloriae,
2305 2467 2452 2547 quia
2485 2464 2766 2527 nondum
2799 2470 2892 2526 est
2937 2465 3183 2540 collata,
3209 2469 3273 2524 et
3319 2481 3427 2543 po·

1865 2569 1991 2624 test
2008 2579 2088 2623 ex
2119 2560 2364 2641 justitia
2379 2559 2568 2621 homo
2601 2559 2677 2620 ad
2703 2559 2871 2620 illam
2912 2559 3237 2639 acceptari,
3269 2559 3428 2618 sicut

1864 2656 1944 2717 de
1967 2655 2337 2717 contritione
2367 2655 2500 2734 ipsa
2549 2652 2702 2714 alias
2743 2653 3036 2728 diximus,
3077 2651 3186 2713 lib.
3231 2653 3312 2713 12
3348 2651 3424 2714 de

1860 2749 2061 2824 Grat.,
2091 2767 2226 2830 cap.
2261 2749 2343 2808 24
2377 2754 2438 2810 et
2459 2747 2538 2809 28
2556 2769 2576 2822 ;
2607 2763 2808 2828 neque
2851 2745 2930 2808 ad
2969 2747 3086 2808 hoc
3128 2746 3424 2808 meritum

1862 2844 1981 2904 erit
2019 2843 2397 2904 necessarius
2437 2846 2616 2902 actus
2657 2841 2997 2915 eharitatis,
3027 2839 3132 2901 sed
3161 2838 3427 2900 sufficiet

1866 2935 2094 2998 infusio
2111 2935 2369 3014 justitiae
2393 2933 2754 3009 habitualiS,
2775 2938 2847 2993 ut
2869 2935 2915 2994 si
2945 2950 3055 3013 per
3079 2949 3426 2994 sacramen·

1863 3036 2002 3090 tum
2021 3028 2130 3089 fiat
2156 3030 2219 3088 in
2245 3029 2500 3090 homine
2525 3034 2764 3090 tantum
2794 3028 3030 3101 attrito,
3047 3031 3300 3105 propter
3319 3041 3427 3085 ra-

1864 3125 2098 3184 tionem
2127 3122 2348 3186 factam
2395 3123 2462 3182 in
2513 3139 2760 3182 numer.
2815 3119 3106 3200 praeced„
3159 3137 3296 3200 quae
3325 3119 3428 3181 hic

1864 3219 2082 3279 eodem
2111 3217 2296 3278 modo
2315 3217 2522 3278 ‘locum
2544 3215 2754 3291 habet,
2787 3220 2857 3276 ut
2883 3232 2995 3294 per
3023 3231 3090 3276 se
3114 3219 3381 3274 constat.

2459 3456 2674 3510 sueno
2707 3457 2832 3510 vui.

1868 3635 2290 3717 Anjeudioiwm
2307 3635 2650 3716 precedam
2683 3633 2752 3694 in
2782 3631 3094 3696 intellectu
3117 3631 3204 3697 ad
3225 3631 3428 3696 volun·

1949 3735 2134 3794 tatem
2182 3727 2456 3792 credendi
2493 3729 2585 3790 sit
2629 3723 3116 3806 supernaturale,
3163 3723 3256 3788 vol
3279 3742 3426 3807 qua·

1948 3824 2146 3890 lenam
2165 3824 2254 3886 sit
2273 3823 2298 3880 ?

1949 4055 2008 4110 1.
2059 4045 2446 4128 Supponum·
2458 4042 2794 4125 γνωσθεῖσα
2811 4040 3012 4105 debere
3019 4039 3330 4121 ,iudicium
3349 4041 3431 4104 ad

1866 4143 2238 4209 voluntatem
2269 4137 2564 4202 credendi.
2595 4165 2680 4182 -·
2703 4135 2848 4196 Baec
2876 4134 3140 4214 quaestio
3183 4151 3427 4215 semper

1870 4237 2027 4299 mihi
2054 4236 2186 4298 visa
2209 4238 2302 4294 est
2333 4228 2514 4292 valde
2551 4227 2833 4301 difficilis,
2885 4234 2951 4288 et
2999 4226 3427 4289 difficultatem

1868 4332 2068 4403 auxit,
2102 4325 2250 4408 quia
2272 4324 2406 4384 fere
2444 4319 2600 4384 nihil
2627 4321 2842 4382 itrveni
2861 4319 2958 4381 ,ἀι-
2980 4319 3090 4382 illa
3113 4319 3348 4381 dictum
3387 4337 3426 4382 a

1866 4420 2254 4486 Doctoribus.
2301 4417 2596 4496 Suppono
2641 4423 2852 4474 autem
2877 4413 2945 4472 iu
2977 4412 3108 4488 ilia,
3145 4419 3290 4474 ante
3319 4429 3428 4474 vo-

1865 4519 2172 4581 luntatem
2194 4509 2502 4584 credendi,
2537 4505 2754 4568 saltem
2778 4505 2996 4567 ordine
3023 4513 3286 4580 natum,
3309 4524 3426 4568 ne-

1868 4609 2200 4673 cessarium
2243 4621 2372 4666 esse
2415 4601 2724 4680 judicium
2759 4599 3121 4679 practicum,
3165 4617 3290 4679 quo
3319 4600 3428 4660 ho-

1871 4722 1974 4765 mo
2013 4701 2131 4762 sibi
2187 4695 2554 4778 persuadeat
2595 4693 2830 4753 bonum
2871 4700 2933 4753 et
2971 4693 3325 4769 honestum,
3363 4698 3428 4754 et

1869 4795 2098 4858 rationi
2149 4794 2632 4852 consentaneum
2695 4803 2862 4862 esse,
2925 4785 3082 4847 velle
3125 4785 3422 4860 credes-03

1868 4889 2037 4970 quod
2065 4885 2274 4964 attigit
2297 4883 2372 4943 D.
2413 4881 2683 4942 Thomas
2720 4881 2778 4940 2.
2808 4881 2870 4955 2,
2909 4897 2971 4959 q.
3011 4880 3073 4953 2,
3103 4885 3222 4940 art.
3255 4882 3317 4955 9,
3347 4880 3428 4943 ad

1870 4985 1930 5059 3,
1963 4987 2025 5042 et
2046 4977 2289 5060 probat,
2310 4975 2458 5055 quia
2494 4973 2604 5052 qui
2629 4972 2997 5034 vere=credit
3023 4970 3146 5033 fide
3189 4970 3424 5049 divina,

1868 5095 1997 5138 non
2025 5073 2242 5135 leviter
2263 5069 2483 5143 credit,
2507 5067 2672 5147 quod
2697 5084 2811 5127 nos
2829 5068 3018 5127 etiam
3053 5065 3178 5126 late
3207 5067 3429 5146 proba·

1868 5169 2097 5243 vimus,
2125 5165 2282 5244 disp.
2325 5165 2388 5238 4,
2427 5169 2574 5220 sect.
2605 5161 2667 5233 ἑ,
2697 5158 3020 5220 tractando
3045 5156 3123 5218 de
3153 5159 3430 5238 proposi-

1868 5263 2038 5324 tione
2065 5259 2288 5338 0hjecti
2319 5254 2489 5315 fidei.
2527 5251 2608 5313 Ut
2635 5259 2845 5314 autem
2865 5250 3154 5312 voluntas
3181 5269 3430 5314 movea-

1870 5362 1974 5416 tur
2000 5354 2074 5414 ad
2124 5347 2460 5413 volendum
2497 5345 2768 5420 credere,
2795 5343 3138 5404 necessaria
3157 5351 3249 5405 est
3269 5361 3430 5424 μω-

1872 5446 2142 5526 cognitio
2195 5443 2362 5505 illius
2407 5439 2672 5517 objecti,
2733 5438 2882 5516 quia
2933 5435 3095 5496 nihil
3167 5437 3430 5502 volitum

1873 5541 2026 5620 quin
2053 5533 2500 5618 praecognitum
2521 5547 2542 5611 5
2573 5547 2786 5594 rursus
2808 5537 2877 5590 ut
2903 5545 3032 5590 non
3052 5527 3274 5594 ieviter
3297 5551 3431 5595 mo.
