3900 6217
703 390 876 446 SECT.
911 391 970 445 ll.
1006 389 1090 444 AN
1122 389 1186 446 m
1219 389 1515 444 Bccmsta
1545 385 1944 452 ammanus
1978 385 2212 452 ‚moult
2244 382 2670 464 infatuatus,
2706 383 2841 440 ETC.

147 488 216 550 in
241 489 548 569 Ecclesia,
586 511 751 574 qnoe,
785 493 906 556 nisi
949 512 1059 576 per
1105 494 1388 574 tegulam
1437 490 1730 554 infallibi-

153 582 276 644 lem
299 582 572 648 definita
596 593 776 663 esset,
812 606 939 649 non
967 594 1170 670 posset
1195 607 1365 649 nunc
1404 604 1534 648 esse
1563 589 1734 648 certa

153 675 229 736 de
253 675 406 754 fide,
427 683 583 760 quia
614 686 752 760 post
795 680 968 743 illam
996 681 1476 744 controversiam
1496 697 1624 740 non
1642 680 1736 740 est

153 769 316 830 facta
343 789 518 834 nova
565 774 862 836 revelatio
889 772 1054 836 illius
1081 774 1404 854 mysteri13
1439 791 1587 854 ergo
1605 789 1734 833 non

153 865 464 942 potuisset
489 872 663 928 certo
700 865 946 928 deliniri
977 869 1109 929 sine
1133 865 1349 950 regula
1381 864 1732 944 inlallibili3

157 964 220 1018 et
252 957 426 1018 idem
455 965 554 1020 est
575 959 652 1021 de
686 961 1131 1023 iucarnationis
1158 959 1478 1040 mysterio,
1507 959 1587 1020 de
1615 960 1734 1020 Eu·

159 1049 482 1130 charistia,
512 1059 578 1114 et
602 1052 784 1130 aliis3
816 1055 964 1136 quia
988 1053 1234 1116 nullum
1281 1060 1375 1118 est
1419 1053 1585 1136 quod
1609 1053 1738 1114 hae-

157 1144 338 1205 retici
361 1145 433 1206 in
461 1145 725 1208 dubium
745 1165 872 1209 non
895 1147 1318 1210 revocaverint
1343 1147 1442 1210 vel
1469 1163 1736 1226 negave-

153 1239 308 1298 rint.
331 1239 526 1320 lit-go,
558 1247 628 1301 ut
655 1240 807 1304 fides
833 1239 1180 1321 Apostolica
1207 1241 1338 1303 sine
1368 1241 1546 1304 novis
1563 1258 1738 1302 reve·

153 1329 503 1392 lotionibus
540 1339 603 1395 et
640 1333 982 1411 miraculis,
1016 1335 1244 1416 quibus
1273 1333 1379 1396 illa
1405 1332 1738 1396 confirme-

153 1427 284 1496 tur,
323 1427 526 1504 possit
552 1446 710 1510 pura
734 1433 797 1488 et
825 1434 994 1490 certa
1033 1427 1409 1502 conservari,
1458 1444 1739 1488 necessa·

161 1521 254 1578 ria
277 1525 375 1579 aet
403 1519 622 1601 aliqua
653 1519 998 1582 infallibilis
1025 1521 1264 1600 regula,
1308 1539 1497 1602 quam
1536 1521 1602 1581 in
1633 1517 1739 1580 illa

167 1610 494 1674 retinenda
517 1621 584 1676 et
617 1615 932 1696 sequenda
969 1615 1438 1694 amplectamur.

247 1707 306 1764 4.
347 1707 462 1768 Aa
480 1709 752 1790 primam
783 1710 1072 1770 rationem
1102 1711 1170 1769 in
1212 1726 1379 1770 num.
1415 1711 1472 1770 4.
1521 1739 1601 1754 -
1638 1707 1746 1770 Aa

167 1799 702 1864 secundam—Ad
723 1802 989 1863 tertiam.
1005 1833 1091 1847 —
1112 1801 1401 1862 Rationes
1432 1806 1643 1862 autem
1674 1801 1742 1860 in

169 1893 560 1956 eontrarium
598 1911 726 1954 non
772 1891 1040 1954 multum
1076 1899 1324 1972 urgent,
1359 1897 1422 1953 et
1449 1891 1738 1971 secunda,

163 2004 300 2064 qnae
341 1985 632 2068 aliquam
677 1983 1104 2048 difficultatem
1149 1983 1356 2058 habet,
1389 1984 1617 2066 pendet
1663 2004 1742 2048 ex

157 2079 470 2142 dicendis,
501 2079 601 2144 Ad
627 2079 892 2161 primam
922 2097 1071 2160 ergo
1103 2079 1465 2160 respondeo.
1506 2079 1740 2140 revela·

155 2175 402 2234 tionem
435 2182 500 2235 et
521 2175 872 2255 proximam
898 2173 1379 2256 propositionem
1407 2171 1552 2235 fidei
1573 2171 1742 2235 suffi-

154 2286 294 2328 cere
319 2268 586 2348 quidem
609 2268 678 2328 in
703 2269 914 2348 primis
937 2265 1354 2344 credentibus,
1378 2266 1526 2346 quia
1546 2285 1585 2328 a
1614 2268 1740 2329 Deo

157 2361 536 2422 immediate
558 2359 746 2421 fidem
765 2371 1132 2440 receperunt
1143 2376 1164 2439 3
1185 2360 1348 2438 item·
1355 2367 1556 2440 posset
1576 2360 1741 2422 suffi-

159 2473 296 2514 cere
343 2453 416 2513 in
463 2453 745 2534 quolibet
789 2453 1146 2536 particulari
1190 2453 1500 2527 credente,
1544 2452 1598 2514 si
1631 2471 1742 2534 per

161 2567 322 2608 nova
349 2547 666 2608 miracula
692 2546 788 2608 vel
817 2545 994 2626 signa
1034 2546 1368 2628 uuicuique
1393 2545 1736 2627 applicare-

163 2651 263 2701 tur
303 2639 500 2717 fides3
535 2641 656 2702 hoc
681 2646 892 2702 tamen
937 2639 1495 2702 extraordinarium
1541 2645 1634 2701 est
1677 2644 1741 2701 et

157 2743 338 2796 extra
363 2734 617 2814 legem3
647 2740 710 2796 et
753 2734 916 2810 ideo,
947 2733 1024 2794 ad
1065 2733 1448 2794 ordinarium
1487 2731 1742 2794 modum

159 2827 560 2908 propagandi
603 2827 814 2904 fidem,
846 2826 947 2888 vel
985 2826 1392 2887 conservandi
1433 2824 1605 2886 illam
1633 2843 1745 2904 per

167 2924 536 2982 continuam
563 2921 1037 2997 successionem,
1061 2925 1125 2980 et
1150 2917 1535 2980 discernendi
1566 2917 1742 2979 illam

171 3033 314 3074 eum
341 3015 714 3076 certitudine
758 3032 796 3074 a
835 3012 1002 3074 falsis
1047 3009 1367 3087 doctrinis,
1401 3011 1742 3074 necessaria

165 3113 254 3168 est
305 3107 520 3188 aliqua
559 3107 778 3186 regula
825 3105 1192 3181 infallibilis,
1245 3111 1318 3165 ut
1366 3103 1742 3187 explicatum

155 3208 270 3260 est.
315 3201 414 3262 Ad
459 3201 825 3276 secundam,
859 3217 970 3280 pro
1004 3217 1170 3262 nunc
1203 3197 1465 3260 dicimus
1491 3197 1743 3277 regulas

149 3293 302 3354 fidei
343 3312 483 3354 sese
528 3299 746 3354 mutuo
769 3292 1010 3372 juvare,
1041 3299 1104 3354 et
1143 3308 1340 3352 unam
1375 3287 1554 3350 alteri
1596 3308 1743 3350 auc-

151 3389 488 3448 toritatem
523 3385 872 3462 conciliare,
897 3390 961 3446 et
983 3386 1100 3448 hoc
1137 3386 1269 3447 sine
1292 3381 1530 3444 defectu
1563 3383 1743 3444 certi·

151 3479 430 3556 tudinis,
477 3479 628 3560 quia
671 3484 818 3540 sunt
861 3479 1242 3540 diversarum
1293 3477 1630 3549 rationum,
1680 3483 1744 3538 et

148 3572 430 3652 singulm
469 3577 620 3633 sunt
656 3571 1032 3633 sufficienter
1057 3569 1406 3652 propositas,
1437 3578 1499 3631 et
1528 3587 1742 3631 omnes

150 3665 356 3726 simul
391 3667 563 3726 inter
593 3683 658 3726 se
699 3664 936 3726 collatae
962 3663 1198 3726 faciunt
1237 3653 1575 3744 quamdam
1614 3661 1741 3725 evi-

155 3759 452 3818 dentiam
483 3757 930 3834 credibilitatis,
958 3758 1120 3838 quod
1151 3758 1408 3818 omnino
1435 3756 1743 3818 sufficiant

156 3855 224 3912 in
261 3871 382 3912 suo
415 3869 647 3930 genere
687 3850 764 3913 ad
807 3851 1296 3912 confirmandam
1321 3849 1533 3927 fidem,
1566 3858 1636 3911 ut
1664 3869 1740 3911 cx

159 3945 574 4024 sequentibus
615 3943 869 4024 patebit.
908 3943 1069 4007 Addi
1095 3937 1293 4005 'etiam
1321 3949 1523 4024 potest
1549 3943 1737 4024 quod,

167 4041 316 4100 licet
352 4039 545 4100 homo
589 4058 718 4100 non
745 4037 933 4120 possit
960 4038 1037 4101 de
1073 4039 1271 4120 seipso
1312 4037 1741 4100 testimouium

175 4135 358 4210 ferre,
385 4133 546 4195 Deus
571 4140 782 4194 tamen
803 4137 1026 4214 potest,
1051 4140 1304 4216 propter
1330 4148 1507 4192 suam
1533 4129 1742 4192 infini-

181 4235 308 4288 tam
347 4229 810 4306 auctoritatem3
849 4233 912 4289 et
948 4225 1036 4288 ita
1081 4229 1269 4288 etiam
1303 4223 1520 4304 regula
1567 4223 1738 4302 fidei,

181 4329 486 4401 quatenus
510 4327 604 4382 est
629 4317 892 4402 speciale
916 4338 1220 4399 organum
1251 4337 1360 4398 per
1389 4317 1554 4398 qnod
1584 4321 1744 4380 Deus

175 4411 476 4494 loquitur,
515 4413 830 4475 interdum
875 4419 1078 4494 potest
1108 4413 1533 4474 testimonium
1580 4429 1738 4492 prae-

169 4507 342 4582 bere,
365 4515 428 4568 et
451 4507 520 4570 in
547 4525 611 4566 se
629 4505 817 4568 habet
834 4503 1070 4588 aliquid
1091 4505 1396 4587 peculiare
1424 4524 1502 4566 ex
1529 4503 1746 4567 divina

165 4599 566 4682 providentia
607 4608 670 4662 et
705 4598 1116 4676 ordinatione,
1147 4599 1313 4661 unde
1351 4599 1460 4660 liat
1492 4599 1741 4660 eviden-

168 4703 266 4754 ter
309 4691 628 4769 credibile,
658 4693 848 4756 talem
878 4711 1006 4754 esse
1033 4691 1314 4772 regulam
1358 4691 1526 4768 fidei,
1559 4699 1622 4754 et
1649 4692 1743 4755 di-

165 4790 386 4847 vinam
417 4787 828 4848 assistentiam
853 4786 1109 4863 habere,
1146 4793 1218 4847 ut
1245 4791 1336 4846 est
1364 4786 1431 4847 in
1473 4783 1742 4866 Scriptu-

157 4900 262 4956 ra,
297 4879 476 4941 verbi
509 4881 733 4960 gratia,
763 4879 1088 4941 concordia
1127 4875 1569 4960 Prophetarum
1599 4895 1743 4940 cum

159 4973 524 5048 eventibus,
561 4979 624 5034 et
649 4973 736 5034 sic
763 4972 840 5035 de
869 4969 1028 5044 aliis,
1065 4990 1204 5054 quae
1239 4977 1449 5052 postea
1476 4971 1742 5056 explica·

159 5065 404 5126 bimus.
441 5055 538 5126 Ad
569 5065 814 5127 tertiam
842 5071 1107 5144 negatur
1138 5070 1517 5146 assumptum
1533 5087 1553 5140 3
1583 5081 1741 5126 sem-

163 5177 286 5240 per
318 5159 492 5220 enim
538 5155 658 5219 fuit
693 5161 760 5222 in
793 5161 1026 5221 mundo
1072 5154 1280 5238 aliqua
1308 5162 1477 5219 certa
1525 5157 1743 5238 regula

167 5253 348 5330 fidei,
384 5258 459 5315 ut
482 5255 552 5314 in
577 5253 850 5316 sectione
873 5255 913 5314 4
939 5253 1284 5334 specialiter
1313 5249 1538 5313 dicam.

255 5349 316 5410 5.
369 5343 528 5420 Quot
564 5348 692 5408 sinc
719 5345 1231 5428 ΖοοίῙῘιεοῑορίσί,
1276 5352 1330 5408 et
1358 5363 1468 5426 quo
1500 5351 1676 5424 pacto
1704 5363 1743 5408 a

167 5443 320 5518 fidei
346 5439 586 5522 requlis
613 5433 1091 5519 distinyuantur.
1121 5471 1206 5485 —
1247 5437 1577 5503 cousensus
1609 5435 1742 5500 Pa-

169 5541 369 5614 trem,
397 5541 452 5596 et
492 5535 814 5596 Doctorum
849 5551 958 5615 per
992 5551 1054 5597 se
1079 5551 1197 5596 non
1224 5538 1309 5596 est
1332 5531 1545 5614 requla
1569 5530 1738 5610 fidei.

3270 387 3380 448 141

1810 525 1891 540 -—
1913 490 2195 556 collectio
2221 493 2573 572 naulorum
2600 492 2769 570 fidei.
2786 525 2863 538 -
2880 492 3213 571 Supererat
3239 511 3387 557 vero

1811 585 1930 646 hoc
1957 583 2092 646 loco
2120 585 2525 666 quaerendum
2568 590 2721 666 quot
2764 584 2888 646 sint
2915 583 3013 646 hoe
3052 587 3285 666 regulae
3314 589 3387 649 fi-

1815 678 1939 755 dei,
1978 679 2087 740 sed
2132 677 2251 740 hoc
2299 679 2609 742 constabit
2637 677 2860 743 melius
2896 697 2974 741 cx
3019 681 3386 746 tractatione

1813 772 2225 852 singularum.
2278 773 2457 834 Nunc
2508 773 2709 834 solum
2765 771 3018 833 advorto
3072 791 3201 835 uon
3255 793 3386 838 esse

1815 864 2281 930 confundendas
2324 865 2435 928 has
2466 866 2711 944 regulas
2750 883 2896 926 cum
2945 865 3097 928 locis
3124 867 3387 930 Theolo-

1815 961 1991 1042 gicis,
2020 960 2085 1021 id
2124 966 2238 1037 est,
2283 977 2362 1021 ex
2401 959 2627 1039 quibus
2668 956 3008 1038 Theologia
3046 960 3202 1022 solet
3241 980 3386 1025 suas

1815 1055 2182 1116 assertiones
2228 1052 2636 1130 confirmare;
2686 1070 2833 1114 nam
2884 1052 2951 1114 hi
3001 1053 3122 1116 loci
3168 1054 3385 1118 decem

1817 1146 2141 1209 numerari
2186 1145 2426 1222 solent3
2471 1147 2746 1228 quinque
2785 1152 2997 1209 tamen
3024 1147 3272 1210 illorum
3305 1151 3383 1212 ad

1817 1241 2066 1320 regulas
2114 1239 2259 1302 fidei
2293 1259 2419 1302 uon
2468 1239 2802 1320 pertinent,
2833 1239 2943 1320 qui
2970 1245 3119 1302 sunt
3153 1286 3173 1316 ‚
3222 1244 3385 1306 ratio

1819 1335 2119 1405 humana.
2166 1336 2502 1398 auctoritas
2542 1335 3068 1414 philosophorum,
3122 1335 3386 1401 historia

1819 1429 2109 1504 humana,
2160 1431 2341 1493 etiam
2382 1429 2855 1504 Ecclesiastico,
2899 1429 3192 1490 sententia
3224 1431 3389 1493 echo-

1819 1521 2172 1584 lasticorum
2205 1521 2635 1600 Theoloyorum
2667 1523 2725 1584 et
2764 1522 3067 1584 sententies
3097 1523 3381 1588 Patr—um.

1817 1613 1975 1676 Nam
2005 1614 2138 1676 haec
2165 1615 2441 1696 quinque
2476 1614 2657 1675 utilia
2684 1613 2933 1693 quidem
2964 1621 3107 1676 sunt
3133 1615 3212 1678 ad
3249 1635 3383 1680 sua·

1820 1708 2055 1769 dendas
2094 1709 2381 1771 veritates
2422 1707 2843 1786 Theologioas,
2894 1713 2957 1768 et
2998 1707 3209 1772 afferri
3252 1731 3389 1792 pos·

1822 1806 1989 1872 suut,
2021 1819 2147 1862 non
2186 1801 2387 1862 solum
2422 1802 2500 1862 ad
2542 1800 2847 1881 principia
2874 1801 3247 1881 Theologiae,
3279 1808 3386 1869 sed

1821 1896 2010 1956 etiam
2044 1895 2401 1956 immediate
2424 1895 2503 1954 ad
2531 1893 2952 1956 conclusiones
2980 1898 3388 1976 comproban-

1821 1987 1955 2050 das.
1980 1988 2115 2050 Non
2145 1995 2351 2066 tamen
2382 1985 2615 2048 habent
2643 1985 3031 2049 infallibilem
3055 1995 3387 2054 auctorita·

1819 2088 1971 2156 tem,
2014 2099 2217 2160 neque
2256 2081 2586 2164 plusquam
2629 2080 2993 2158 humanam,
3025 2087 3087 2144 et
3127 2084 3267 2148 ideo
3308 2086 3387 2150 ad

1819 2174 2070 2253 regulas
2106 2173 2251 2237 fidei
2289 2193 2416 2236 non
2444 2176 2789 2254 pertinent3
2820 2192 2967 2236 nam
2996 2177 3213 2256 regula
3240 2179 3389 2242 fidei

1821 2265 2165 2329 infallibilis
2196 2287 2325 2330 esse
2368 2267 2573 2329 debet.
2616 2267 2826 2349 Aliqui
2871 2285 3019 2329 vero
3046 2287 3387 2336 commum

1821 2359 2191 2424 Sanctorum
2225 2361 2513 2437 Patr-um,
2544 2360 2644 2422 vel
2668 2361 2859 2422 etiam
2899 2361 3389 2430 &haustum-um

1821 2456 2085 2516 omnium
2120 2454 2462 2534 excipiunt,
2491 2452 2597 2514 sed
2638 2471 2765 2515 non
2805 2460 2901 2516 est
2943 2459 3384 2537 necessarium,

1817 2554 1889 2606 ut
1915 2565 1992 2608 ex
2020 2546 2297 2608 dicendis
2326 2547 2662 2624 constabit3
2686 2547 2857 2627 quia,
2881 2547 3026 2609 licet
3052 2549 3263 2614 Patres
3285 2554 3387 2616 vel

1820 2639 2167 2702 scholastici
2190 2641 2259 2702 in
2280 2641 2489 2724 aliqua
2510 2642 2819 2703 sententia
2840 2643 3235 2720 conveniant,
3262 2665 3388 2709 uon

1822 2734 2148 2794 asserendo
2198 2733 2372 2794 illam
2425 2751 2553 2795 esse
2603 2733 2679 2795 de
2722 2731 2882 2810 fide,
2931 2735 3037 2798 sed
3082 2737 3387 2817 judicium

1821 2845 2005 2887 suum
2049 2827 2117 2888 in
2162 2845 2237 2890 ea
2284 2827 2675 2908 proferendo,
2707 2844 2835 2890 nou
2867 2829 3097 2892 facient
3140 2851 3275 2894 rem
3310 2835 3389 2896 de

1821 2919 1979 2997 fide3
2032 2922 2179 3001 quia
2228 2939 2471 3002 semper
2517 2927 2775 2983 manent
2820 2921 2985 2984 intra
3030 2941 3389 2990 mensuram

1825 3015 2205 3078 auctoritatis
2220 3013 2535 3091 humanas,
2560 3013 2702 3077 licet
2726 3031 2957 3093 magna
2980 3016 3059 3077 sit
3076 3020 3390 3082 temeritas

1822 3105 1900 3168 ab
1945 3107 2034 3168 eis
2075 3106 2415 3171 dissentire.
2450 3109 2515 3169 Si
2557 3113 2770 3169 autem
2814 3109 3191 3172 conveniunt
3228 3131 3393 3175 asse·

1822 3199 2014 3264 rendo
2056 3217 2191 3262 rem
2229 3219 2359 3264 esse
2397 3199 2473 3263 de
2519 3200 2668 3278 fide,
2696 3219 2944 3284 semper
2992 3204 3392 3286 applicabunt

1822 3293 2098 3374 aliquam
2140 3293 2416 3374 regulam
2462 3293 2633 3371 fidei,
2675 3294 2850 3373 cnjus
2890 3296 3009 3375 ipsi
3037 3305 3184 3359 sunt
3212 3301 3389 3379 quasi

1820 3393 2031 3464 testes,
2062 3394 2122 3449 et
2164 3389 2404 3450 ratione
2434 3387 2607 3449 illius
2645 3387 2881 3450 iaciunt
2910 3397 3141 3452 certam
3170 3391 3383 3458 fidem.

1823 3481 2021 3560 Igitur
2066 3481 2344 3562 quinque
2392 3479 2515 3542 alia
2544 3479 2745 3543 solent
2790 3499 2829 3542 a
2859 3481 3185 3546 Catholicis
3226 3486 3390 3550 inter

1822 3574 2069 3652 regulas
2100 3571 2246 3636 fidei
2272 3575 2612 3651 numerari,
2640 3593 2777 3655 quae
2817 3575 2903 3636 sic
2930 3575 3217 3656 colligere
3252 3598 3388 3659 pos-

1821 3685 2037 3727 sumus
2066 3688 2081 3727 ε
2114 3668 2331 3747 regula
2372 3668 2540 3730 enim
2572 3666 2720 3730 fidei
2749 3687 2877 3730 esse
2908 3675 3103 3748 potest
3130 3671 3227 3733 vel
3252 3675 3387 3736 ina·

1821 3761 2035 3840 nimis,
2060 3778 2198 3841 quae
2239 3780 2489 3823 sensum
2518 3759 2825 3842 explicare
2854 3781 2980 3823 non
3018 3769 3247 3843 potest;
3287 3767 3385 3828 vel

1824 3857 1968 3914 viva
1997 3860 2059 3916 et
2084 3853 2383 3932 animata,
2428 3871 2566 3934 quoe
2609 3855 2777 3934 loqui
2805 3860 3026 3936 potest.
3059 3857 3233 3920 Prior
3272 3861 3386 3922 du·

1823 3945 1963 4025 plex
1990 3951 2103 4024 est,
2130 3947 2385 4024 scilicet,
2410 3947 2661 4029 scripta,
2682 3947 2781 4009 vel
2802 3967 2933 4010 non
2954 3950 3202 4030 scripta.
3232 3953 3385 4016 Nam

1822 4040 2166 4120 Scriptura,
2195 4058 2334 4121 quae
2373 4046 2464 4102 est
2506 4041 2709 4121 prima
2748 4042 2988 4122 regula,
3035 4061 3161 4106 non
3190 4045 3387 4126 loqui-

1821 4138 1948 4207 tur,
1982 4151 2099 4194 nec
2147 4140 2348 4213 potest
2390 4133 2788 4216 interpretari
2826 4139 3087 4216 seipsam
3103 4155 3127 4216 3
3169 4139 3387 4219 regula

1823 4232 2033 4287 autem
2059 4245 2183 4287 non
2216 4227 2440 4306 scripta
2461 4235 2716 4289 vocatur
2742 4229 3017 4306 traditi0,
3060 4247 3199 4310 quas
3226 4251 3385 4295 sem·

1823 4337 1930 4398 per
1952 4317 2213 4380 fundata
2232 4319 2409 4381 estin
2428 4321 2683 4400 antiqua
2703 4322 3147 4385 consuetudine
3166 4343 3384 4389 eorum

1823 4411 1929 4492 qui
1961 4429 2073 4473 nos
2118 4420 2574 4493 praecesserunt,
2619 4420 2681 4476 et
2716 4413 2858 4476 ideo
2902 4415 3068 4477 inter
3108 4427 3386 4483 mortuas

1823 4504 2070 4584 regulas
2110 4509 2528 4586 computatur.
2558 4505 2717 4568 Viva
2743 4515 2954 4570 autem
2979 4510 3197 4590 regula
3236 4513 3387 4574 dici-

1823 4603 1926 4659 tur
1962 4615 2223 4678 persona
2262 4617 2401 4679 quoe
2450 4599 2619 4660 vivat
2662 4605 2726 4662 et
2769 4599 2943 4681 loqui
2986 4606 3197 4683 possit,
3246 4625 3385 4686 qum

1822 4691 2053 4772 duplex
2106 4692 2404 4772 distingui
2454 4699 2655 4774 potest
2675 4738 2697 4769 ,
2750 4695 2981 4758 scilicet
3000 4742 3021 4774 ‚
3078 4697 3221 4760 ficta
3274 4719 3387 4762 seu

1823 4785 2105 4865 mystica,
2137 4793 2245 4846 aut
2273 4803 2423 4848 vera
2454 4801 2471 4846 z
2498 4787 2671 4868 prior
2698 4793 2789 4851 est
2816 4789 3104 4864 Ecclesia,
3134 4811 3271 4874 quae
3296 4801 3387 4856 est

1823 4897 2043 4960 corpus
2064 4879 2397 4958 mysticum
2416 4881 2662 4958 Christi,
2684 4899 2824 4962 quae
2840 4883 3172 4964 dupliciter
3187 4895 3387 4967 potest

1822 4975 2011 5034 etiam
2039 4972 2437 5050 considerari,
2468 4973 2721 5050 scilicet,
2749 4974 2850 5036 vel
2876 4979 2945 5037 in
2969 4995 3035 5039 se
3067 4984 3131 5040 et
3154 4978 3385 5042 forma-

1821 5061 1988 5142 liter,
2018 5069 2322 5145 quatenus
2350 5072 2441 5127 est
2482 5069 2879 5146 congregatio
2907 5070 3193 5132 omnium
3236 5071 3387 5134 fide·

1821 5157 1979 5219 lium
2025 5157 2140 5219 sub
2180 5175 2309 5220 uno
2354 5158 2579 5239 capite,
2627 5159 2873 5222 Vicario
2914 5161 3163 5238 Christi,
3195 5169 3257 5224 et
3298 5165 3386 5226 sic

1821 5251 2075 5332 proprie
2120 5257 2379 5312 vocatur
2417 5251 2723 5330 Ecclesia3
2748 5253 2847 5316 vel
2872 5259 3075 5334 potest
3112 5255 3385 5318 conside·

1822 5344 1947 5406 rari
1977 5349 2281 5424 quatenus
2321 5343 2507 5406 estin
2536 5345 2915 5428 principibus
2954 5349 3088 5426 ejus
3129 5365 3387 5426 congre-

1823 5436 1982 5515 gatis
2027 5437 2095 5498 in
2142 5455 2367 5513 unum,
2414 5455 2553 5517 quse
2602 5441 2997 5517 congregatio
3041 5439 3385 5504 Concilium

1824 5528 2194 5612 appellatur.
2220 5529 2397 5604 Quod
2420 5530 2472 5592 si
2502 5529 2789 5612 generale
2817 5531 2896 5592 sit
2918 5537 2981 5594 et
3006 5530 3380 5617 legitimum,
