<?xml version="1.0" encoding="UTF-8"?>
<!DOCTYPE html PUBLIC "-//W3C//DTD XHTML 1.0 Transitional//EN"
    "http://www.w3.org/TR/xhtml1/DTD/xhtml1-transitional.dtd">
<html xmlns="http://www.w3.org/1999/xhtml" xml:lang="en" lang="en">
 <head>
  <title>
</title>
<meta http-equiv="Content-Type" content="text/html;charset=utf-8" />
  <meta name='ocr-system' content='tesseract 3.04.00' />
  <meta name='ocr-capabilities' content='ocr_page ocr_carea ocr_par ocr_line ocrx_word'/>
</head>
<body>
  <div class='ocr_page' id='page_1' title='image "./rpfranciscisuar00duvagoog_0038.png"; bbox 0 0 3900 6217; ppageno 0'>
   <div class='ocr_carea' id='block_1_1' title="bbox 472 449 553 513">
    <p class='ocr_par' dir='ltr' id='par_1_1' title="bbox 472 449 553 513">
     <span class='ocr_line' id='line_1_1' title="bbox 472 449 553 513; baseline 0 0"><span class='ocrx_word' id='word_1_1' title='bbox 472 449 553 513; x_wconf 68' lang='lat'><strong>20</strong></span> 
     </span>
    </p>
   </div>
   <div class='ocr_carea' id='block_1_2' title="bbox 1164 443 2990 509">
    <p class='ocr_par' dir='ltr' id='par_1_2' title="bbox 1164 443 2990 509">
     <span class='ocr_line' id='line_1_2' title="bbox 1164 443 2990 509; baseline -0.005 -1"><span class='ocrx_word' id='word_1_2' title='bbox 1164 448 1405 509; x_wconf 80' lang='lat' dir='ltr'><strong>DISPUT.</strong></span> <span class='ocrx_word' id='word_1_3' title='bbox 1441 454 1501 507; x_wconf 89' lang='lat'><strong>11.</strong></span> <span class='ocrx_word' id='word_1_4' title='bbox 1537 454 1618 506; x_wconf 87' lang='lat' dir='ltr'><strong>DE</strong></span> <span class='ocrx_word' id='word_1_5' title='bbox 1652 446 1915 505; x_wconf 77' lang='lat' dir='ltr'><strong>oBJEGTo</strong></span> <span class='ocrx_word' id='word_1_6' title='bbox 1949 452 2066 505; x_wconf 83' lang='lat' dir='ltr'><strong>SEU</strong></span> <span class='ocrx_word' id='word_1_7' title='bbox 2099 445 2402 507; x_wconf 80' lang='lat' dir='ltr'><strong>SUBJECTO</strong></span> <span class='ocrx_word' id='word_1_8' title='bbox 2431 444 2773 503; x_wconf 60' lang='lat' dir='ltr'><strong>Mul-:mam</strong></span> <span class='ocrx_word' id='word_1_9' title='bbox 2806 443 2990 502; x_wconf 72' lang='lat' dir='ltr'><strong>Fiam.</strong></span> 
     </span>
    </p>
   </div>
   <div class='ocr_carea' id='block_1_3' title="bbox 468 532 3677 631">
    <p class='ocr_par' dir='ltr' id='par_1_3' title="bbox 468 532 3677 631">
     <span class='ocr_line' id='line_1_3' title="bbox 468 532 3677 631; baseline -0.003 -14"><span class='ocrx_word' id='word_1_10' title='bbox 468 574 595 617; x_wconf 93' lang='lat' dir='ltr'><strong>non</strong></span> <span class='ocrx_word' id='word_1_11' title='bbox 626 573 764 617; x_wconf 87' lang='lat' dir='ltr'><strong>esse</strong></span> <span class='ocrx_word' id='word_1_12' title='bbox 810 555 929 617; x_wconf 88' lang='lat' dir='ltr'><strong>hoc</strong></span> <span class='ocrx_word' id='word_1_13' title='bbox 979 554 1313 618; x_wconf 82' lang='lat' dir='ltr'><strong>essentiale</strong></span> <span class='ocrx_word' id='word_1_14' title='bbox 1352 553 1499 616; x_wconf 90' lang='lat' dir='ltr'><strong>fidei</strong></span> <span class='ocrx_word' id='word_1_15' title='bbox 1542 552 1894 615; x_wconf 89' lang='lat' dir='ltr'><strong>secundum</strong></span> <span class='ocrx_word' id='word_1_16' title='bbox 1934 568 2042 613; x_wconf 88' lang='lat' dir='ltr'><strong>ac-</strong></span> <span class='ocrx_word' id='word_1_17' title='bbox 2121 552 2226 627; x_wconf 67' lang='lat'><strong>24,</strong></span> <span class='ocrx_word' id='word_1_18' title='bbox 2257 550 2363 631; x_wconf 88' lang='lat' dir='ltr'><strong>qui</strong></span> <span class='ocrx_word' id='word_1_19' title='bbox 2390 549 2578 611; x_wconf 85' lang='lat' dir='ltr'><strong>variis</strong></span> <span class='ocrx_word' id='word_1_20' title='bbox 2604 548 3104 611; x_wconf 80' lang='lat' dir='ltr'><strong>distinctionibus</strong></span> <span class='ocrx_word' id='word_1_21' title='bbox 3131 532 3394 611; x_wconf 52' lang='lat' dir='ltr'><strong>&#39;utuntur</strong></span> <span class='ocrx_word' id='word_1_22' title='bbox 3439 545 3522 609; x_wconf 88' lang='lat' dir='ltr'><strong>ad</strong></span> <span class='ocrx_word' id='word_1_23' title='bbox 3549 564 3677 608; x_wconf 90' lang='lat' dir='ltr'><strong>rem</strong></span> 
     </span>
    </p>
   </div>
   <div class='ocr_carea' id='block_1_4' title="bbox 446 642 2040 4448">
    <p class='ocr_par' dir='ltr' id='par_1_4' title="bbox 446 642 2040 4448">
     <span class='ocr_line' id='line_1_4' title="bbox 476 642 2040 711; baseline -0.004 0"><span class='ocrx_word' id='word_1_24' title='bbox 476 649 707 711; x_wconf 89' lang='lat' dir='ltr'><strong>tualem</strong></span> <span class='ocrx_word' id='word_1_25' title='bbox 735 648 1195 711; x_wconf 83' lang='lat' dir='ltr'><strong>ordinationem</strong></span> <span class='ocrx_word' id='word_1_26' title='bbox 1224 647 1505 710; x_wconf 89' lang='lat' dir='ltr'><strong>omnium</strong></span> <span class='ocrx_word' id='word_1_27' title='bbox 1533 644 1924 709; x_wconf 85' lang='lat' dir='ltr'><strong>credibilium</strong></span> <span class='ocrx_word' id='word_1_28' title='bbox 1958 642 2040 705; x_wconf 88' lang='lat' dir='ltr'><strong>ad</strong></span> 
     </span>
     <span class='ocr_line' id='line_1_5' title="bbox 473 738 2039 821; baseline -0.003 -18"><span class='ocrx_word' id='word_1_29' title='bbox 473 760 621 803; x_wconf 89' lang='lat' dir='ltr'><strong>eum</strong></span> <span class='ocrx_word' id='word_1_30' title='bbox 658 741 851 803; x_wconf 87' lang='lat' dir='ltr'><strong>finem</strong></span> <span class='ocrx_word' id='word_1_31' title='bbox 880 740 1445 821; x_wconf 82' lang='lat' dir='ltr'><strong>supernaturalem,</strong></span> <span class='ocrx_word' id='word_1_32' title='bbox 1479 741 1591 803; x_wconf 90' lang='lat' dir='ltr'><strong>sed</strong></span> <span class='ocrx_word' id='word_1_33' title='bbox 1620 738 1905 803; x_wconf 85' lang='lat' dir='ltr'><strong>sufficere</strong></span> <span class='ocrx_word' id='word_1_34' title='bbox 1932 756 2039 819; x_wconf 91' lang='lat' dir='ltr'><strong>ap-</strong></span> 
     </span>
     <span class='ocr_line' id='line_1_6' title="bbox 469 832 2038 910; baseline -0.004 -13"><span class='ocrx_word' id='word_1_35' title='bbox 469 834 857 897; x_wconf 87' lang='lat' dir='ltr'><strong>titudinalem</strong></span> <span class='ocrx_word' id='word_1_36' title='bbox 890 836 1199 910; x_wconf 87' lang='lat' dir='ltr'><strong>ordinem,</strong></span> <span class='ocrx_word' id='word_1_37' title='bbox 1246 854 1361 897; x_wconf 90' lang='lat' dir='ltr'><strong>seu</strong></span> <span class='ocrx_word' id='word_1_38' title='bbox 1401 836 1678 897; x_wconf 88' lang='lat' dir='ltr'><strong>innatam</strong></span> <span class='ocrx_word' id='word_1_39' title='bbox 1723 832 2038 895; x_wconf 87' lang='lat' dir='ltr'><strong>habitudi-</strong></span> 
     </span>
     <span class='ocr_line' id='line_1_7' title="bbox 468 926 2030 1009; baseline -0.002 -20"><span class='ocrx_word' id='word_1_40' title='bbox 468 948 641 1001; x_wconf 88' lang='lat' dir='ltr'><strong>nem,</strong></span> <span class='ocrx_word' id='word_1_41' title='bbox 671 948 860 1009; x_wconf 84' lang='lat' dir='ltr'><strong>quam</strong></span> <span class='ocrx_word' id='word_1_42' title='bbox 903 928 1104 990; x_wconf 90' lang='lat' dir='ltr'><strong>omnis</strong></span> <span class='ocrx_word' id='word_1_43' title='bbox 1146 934 1431 991; x_wconf 88' lang='lat' dir='ltr'><strong>creatura</strong></span> <span class='ocrx_word' id='word_1_44' title='bbox 1461 928 1653 990; x_wconf 88' lang='lat' dir='ltr'><strong>habet</strong></span> <span class='ocrx_word' id='word_1_45' title='bbox 1692 926 1774 989; x_wconf 86' lang='lat' dir='ltr'><strong>ad</strong></span> <span class='ocrx_word' id='word_1_46' title='bbox 1810 926 2030 987; x_wconf 90' lang='lat' dir='ltr'><strong>Deum.</strong></span> 
     </span>
     <span class='ocr_line' id='line_1_8' title="bbox 468 1019 2038 1103; baseline -0.003 -20"><span class='ocrx_word' id='word_1_47' title='bbox 468 1022 825 1102; x_wconf 82' lang='lat' dir='ltr'><strong>Explicatur</strong></span> <span class='ocrx_word' id='word_1_48' title='bbox 858 1022 1132 1083; x_wconf 88' lang='lat' dir='ltr'><strong>breviter</strong></span> <span class='ocrx_word' id='word_1_49' title='bbox 1166 1026 1227 1083; x_wconf 91' lang='lat' dir='ltr'><strong>et</strong></span> <span class='ocrx_word' id='word_1_50' title='bbox 1266 1022 1589 1103; x_wconf 85' lang='lat' dir='ltr'><strong>probatur,</strong></span> <span class='ocrx_word' id='word_1_51' title='bbox 1621 1040 1769 1082; x_wconf 89' lang='lat' dir='ltr'><strong>nam</strong></span> <span class='ocrx_word' id='word_1_52' title='bbox 1796 1019 2038 1100; x_wconf 88' lang='lat' dir='ltr'><strong>potuis-</strong></span> 
     </span>
     <span class='ocr_line' id='line_1_9' title="bbox 469 1113 2036 1177; baseline -0.001 -2"><span class='ocrx_word' id='word_1_53' title='bbox 469 1121 566 1177; x_wconf 86' lang='lat' dir='ltr'><strong>set</strong></span> <span class='ocrx_word' id='word_1_54' title='bbox 591 1117 757 1177; x_wconf 88' lang='lat' dir='ltr'><strong>Deus</strong></span> <span class='ocrx_word' id='word_1_55' title='bbox 786 1113 1076 1175; x_wconf 85' lang='lat' dir='ltr'><strong>ordinare</strong></span> <span class='ocrx_word' id='word_1_56' title='bbox 1108 1114 1428 1176; x_wconf 88' lang='lat' dir='ltr'><strong>hominem</strong></span> <span class='ocrx_word' id='word_1_57' title='bbox 1456 1115 1536 1176; x_wconf 90' lang='lat' dir='ltr'><strong>ad</strong></span> <span class='ocrx_word' id='word_1_58' title='bbox 1562 1114 1756 1175; x_wconf 87' lang='lat' dir='ltr'><strong>finem</strong></span> <span class='ocrx_word' id='word_1_59' title='bbox 1783 1118 2036 1175; x_wconf 86' lang='lat' dir='ltr'><strong>natura-</strong></span> 
     </span>
     <span class='ocr_line' id='line_1_10' title="bbox 465 1208 2037 1283; baseline -0.002 -14"><span class='ocrx_word' id='word_1_60' title='bbox 465 1208 617 1282; x_wconf 88' lang='lat' dir='ltr'><strong>lem,</strong></span> <span class='ocrx_word' id='word_1_61' title='bbox 649 1208 811 1269; x_wconf 88' lang='lat' dir='ltr'><strong>utin</strong></span> <span class='ocrx_word' id='word_1_62' title='bbox 840 1208 1104 1269; x_wconf 88' lang='lat' dir='ltr'><strong>materia</strong></span> <span class='ocrx_word' id='word_1_63' title='bbox 1134 1208 1213 1269; x_wconf 92' lang='lat' dir='ltr'><strong>de</strong></span> <span class='ocrx_word' id='word_1_64' title='bbox 1241 1208 1449 1271; x_wconf 89' lang='lat' dir='ltr'><strong>Gratia</strong></span> <span class='ocrx_word' id='word_1_65' title='bbox 1477 1214 1798 1270; x_wconf 86' lang='lat' dir='ltr'><strong>ostensum</strong></span> <span class='ocrx_word' id='word_1_66' title='bbox 1825 1212 1943 1283; x_wconf 87' lang='lat' dir='ltr'><strong>est,</strong></span> <span class='ocrx_word' id='word_1_67' title='bbox 1975 1210 2037 1267; x_wconf 90' lang='lat' dir='ltr'><strong>et</strong></span> 
     </span>
     <span class='ocr_line' id='line_1_11' title="bbox 464 1299 2038 1382; baseline -0.001 -21"><span class='ocrx_word' id='word_1_68' title='bbox 464 1301 870 1363; x_wconf 85' lang='lat' dir='ltr'><strong>nihilominus</strong></span> <span class='ocrx_word' id='word_1_69' title='bbox 896 1308 1113 1382; x_wconf 90' lang='lat' dir='ltr'><strong>posset</strong></span> <span class='ocrx_word' id='word_1_70' title='bbox 1148 1302 1414 1364; x_wconf 83' lang='lat' dir='ltr'><strong>revelari</strong></span> <span class='ocrx_word' id='word_1_71' title='bbox 1454 1302 1540 1363; x_wconf 89' lang='lat' dir='ltr'><strong>illi</strong></span> <span class='ocrx_word' id='word_1_72' title='bbox 1568 1300 1805 1381; x_wconf 87' lang='lat' dir='ltr'><strong>aliquid</strong></span> <span class='ocrx_word' id='word_1_73' title='bbox 1825 1319 1940 1381; x_wconf 90' lang='lat' dir='ltr'><strong>per</strong></span> <span class='ocrx_word' id='word_1_74' title='bbox 1962 1299 2038 1359; x_wconf 86' lang='lat' dir='ltr'><strong>fi-</strong></span> 
     </span>
     <span class='ocr_line' id='line_1_12' title="bbox 466 1391 2036 1476; baseline -0.001 -21"><span class='ocrx_word' id='word_1_75' title='bbox 466 1394 612 1455; x_wconf 87' lang='lat' dir='ltr'><strong>dem</strong></span> <span class='ocrx_word' id='word_1_76' title='bbox 663 1394 1082 1470; x_wconf 89' lang='lat' dir='ltr'><strong>credendum,</strong></span> <span class='ocrx_word' id='word_1_77' title='bbox 1136 1401 1244 1469; x_wconf 90' lang='lat' dir='ltr'><strong>ut,</strong></span> <span class='ocrx_word' id='word_1_78' title='bbox 1297 1395 1470 1457; x_wconf 85' lang='lat' dir='ltr'><strong>verbi</strong></span> <span class='ocrx_word' id='word_1_79' title='bbox 1532 1396 1768 1476; x_wconf 83' lang='lat' dir='ltr'><strong>gratia,</strong></span> <span class='ocrx_word' id='word_1_80' title='bbox 1815 1391 2036 1455; x_wconf 90' lang='lat' dir='ltr'><strong>mundi</strong></span> 
     </span>
     <span class='ocr_line' id='line_1_13' title="bbox 466 1486 2036 1567; baseline -0.002 -18"><span class='ocrx_word' id='word_1_81' title='bbox 466 1489 850 1551; x_wconf 84' lang='lat' dir='ltr'><strong>creationem</strong></span> <span class='ocrx_word' id='word_1_82' title='bbox 877 1486 979 1550; x_wconf 87' lang='lat' dir='ltr'><strong>vel</strong></span> <span class='ocrx_word' id='word_1_83' title='bbox 1004 1488 1539 1551; x_wconf 86' lang='lat' dir='ltr'><strong>immortalitatem</strong></span> <span class='ocrx_word' id='word_1_84' title='bbox 1582 1488 1808 1550; x_wconf 86' lang='lat' dir='ltr'><strong>animae</strong></span> <span class='ocrx_word' id='word_1_85' title='bbox 1837 1506 1852 1561; x_wconf 93' lang='grc'>;</span> <span class='ocrx_word' id='word_1_86' title='bbox 1883 1506 2036 1567; x_wconf 84' lang='lat' dir='ltr'><strong>ergo</strong></span> 
     </span>
     <span class='ocr_line' id='line_1_14' title="bbox 462 1578 2033 1661; baseline -0.001 -20"><span class='ocrx_word' id='word_1_87' title='bbox 462 1581 528 1643; x_wconf 89' lang='lat' dir='ltr'><strong>in</strong></span> <span class='ocrx_word' id='word_1_88' title='bbox 554 1600 628 1643; x_wconf 92' lang='lat' dir='ltr'><strong>eo</strong></span> <span class='ocrx_word' id='word_1_89' title='bbox 653 1600 803 1642; x_wconf 86' lang='lat' dir='ltr'><strong>casu</strong></span> <span class='ocrx_word' id='word_1_90' title='bbox 822 1582 941 1643; x_wconf 84' lang='lat' dir='ltr'><strong>illae</strong></span> <span class='ocrx_word' id='word_1_91' title='bbox 960 1601 1064 1645; x_wconf 90' lang='lat' dir='ltr'><strong>res</strong></span> <span class='ocrx_word' id='word_1_92' title='bbox 1086 1588 1309 1645; x_wconf 75' lang='lat' dir='ltr'><strong>creatae</strong></span> <span class='ocrx_word' id='word_1_93' title='bbox 1329 1584 1540 1644; x_wconf 78' lang='lat' dir='ltr'><strong>essent</strong></span> <span class='ocrx_word' id='word_1_94' title='bbox 1556 1582 1837 1661; x_wconf 86' lang='lat' dir='ltr'><strong>subjecta</strong></span> <span class='ocrx_word' id='word_1_95' title='bbox 1861 1578 2033 1657; x_wconf 89' lang='lat' dir='ltr'><strong>fidei,</strong></span> 
     </span>
     <span class='ocr_line' id='line_1_15' title="bbox 470 1674 2037 1753; baseline -0.001 -18"><span class='ocrx_word' id='word_1_96' title='bbox 470 1675 605 1737; x_wconf 89' lang='lat' dir='ltr'><strong>sine</strong></span> <span class='ocrx_word' id='word_1_97' title='bbox 627 1674 853 1736; x_wconf 84' lang='lat' dir='ltr'><strong>actuali</strong></span> <span class='ocrx_word' id='word_1_98' title='bbox 874 1675 1241 1737; x_wconf 83' lang='lat' dir='ltr'><strong>habitudine</strong></span> <span class='ocrx_word' id='word_1_99' title='bbox 1262 1676 1343 1738; x_wconf 89' lang='lat' dir='ltr'><strong>ad</strong></span> <span class='ocrx_word' id='word_1_100' title='bbox 1364 1693 1508 1739; x_wconf 90' lang='lat' dir='ltr'><strong>eum</strong></span> <span class='ocrx_word' id='word_1_101' title='bbox 1526 1674 1719 1735; x_wconf 89' lang='lat' dir='ltr'><strong>finem</strong></span> <span class='ocrx_word' id='word_1_102' title='bbox 1740 1690 2037 1753; x_wconf 89' lang='lat' dir='ltr'><strong>superna-</strong></span> 
     </span>
     <span class='ocr_line' id='line_1_16' title="bbox 461 1766 2039 1848; baseline -0.001 -19"><span class='ocrx_word' id='word_1_103' title='bbox 461 1768 750 1843; x_wconf 87' lang='lat' dir='ltr'><strong>turalem,</strong></span> <span class='ocrx_word' id='word_1_104' title='bbox 768 1775 1013 1831; x_wconf 87' lang='lat' dir='ltr'><strong>retenta</strong></span> <span class='ocrx_word' id='word_1_105' title='bbox 1027 1768 1230 1831; x_wconf 89' lang='lat' dir='ltr'><strong>solum</strong></span> <span class='ocrx_word' id='word_1_106' title='bbox 1246 1768 1505 1848; x_wconf 89' lang='lat' dir='ltr'><strong>aptitudi</strong></span> <span class='ocrx_word' id='word_1_107' title='bbox 1513 1768 1657 1829; x_wconf 90' lang='lat' dir='ltr'><strong>nali.</strong></span> <span class='ocrx_word' id='word_1_108' title='bbox 1674 1766 1850 1839; x_wconf 89' lang='lat' dir='ltr'><strong>Quod</strong></span> <span class='ocrx_word' id='word_1_109' title='bbox 1868 1766 2039 1827; x_wconf 90' lang='lat' dir='ltr'><strong>enim</strong></span> 
     </span>
     <span class='ocr_line' id='line_1_17' title="bbox 467 1859 2038 1941; baseline 0 -20"><span class='ocrx_word' id='word_1_110' title='bbox 467 1862 725 1941; x_wconf 91' lang='lat' dir='ltr'><strong>quidam</strong></span> <span class='ocrx_word' id='word_1_111' title='bbox 754 1860 991 1940; x_wconf 86' lang='lat' dir='ltr'><strong>dicunt,</strong></span> <span class='ocrx_word' id='word_1_112' title='bbox 1026 1861 1091 1923; x_wconf 90' lang='lat' dir='ltr'><strong>in</strong></span> <span class='ocrx_word' id='word_1_113' title='bbox 1141 1880 1215 1925; x_wconf 93' lang='lat' dir='ltr'><strong>eo</strong></span> <span class='ocrx_word' id='word_1_114' title='bbox 1264 1880 1415 1923; x_wconf 88' lang='lat' dir='ltr'><strong>casu</strong></span> <span class='ocrx_word' id='word_1_115' title='bbox 1460 1861 1631 1922; x_wconf 87' lang='lat' dir='ltr'><strong>illam</strong></span> <span class='ocrx_word' id='word_1_116' title='bbox 1674 1859 1866 1922; x_wconf 88' lang='lat' dir='ltr'><strong>fidem</strong></span> <span class='ocrx_word' id='word_1_117' title='bbox 1906 1878 2038 1921; x_wconf 92' lang='lat' dir='ltr'><strong>non</strong></span> 
     </span>
     <span class='ocr_line' id='line_1_18' title="bbox 462 1952 2039 2037; baseline -0.001 -22"><span class='ocrx_word' id='word_1_118' title='bbox 462 1955 658 2017; x_wconf 87' lang='lat' dir='ltr'><strong>fuisse</strong></span> <span class='ocrx_word' id='word_1_119' title='bbox 688 1955 965 2017; x_wconf 84' lang='lat' dir='ltr'><strong>futuram</strong></span> <span class='ocrx_word' id='word_1_120' title='bbox 1007 1955 1576 2037; x_wconf 81' lang='lat' dir='ltr'><strong>supernaturalem,</strong></span> <span class='ocrx_word' id='word_1_121' title='bbox 1624 1954 1777 2014; x_wconf 92' lang='lat' dir='ltr'><strong>mihi</strong></span> <span class='ocrx_word' id='word_1_122' title='bbox 1819 1952 2039 2015; x_wconf 84' lang='lat' dir='ltr'><strong>verisi-</strong></span> 
     </span>
     <span class='ocr_line' id='line_1_19' title="bbox 458 2046 2038 2128; baseline -0.002 -19"><span class='ocrx_word' id='word_1_123' title='bbox 458 2048 609 2110; x_wconf 87' lang='lat' dir='ltr'><strong>mile</strong></span> <span class='ocrx_word' id='word_1_124' title='bbox 632 2067 763 2110; x_wconf 91' lang='lat' dir='ltr'><strong>non</strong></span> <span class='ocrx_word' id='word_1_125' title='bbox 789 2051 904 2123; x_wconf 87' lang='lat' dir='ltr'><strong>cst,</strong></span> <span class='ocrx_word' id='word_1_126' title='bbox 940 2049 1091 2128; x_wconf 89' lang='lat' dir='ltr'><strong>quia</strong></span> <span class='ocrx_word' id='word_1_127' title='bbox 1117 2048 1382 2109; x_wconf 88' lang='lat' dir='ltr'><strong>haberet</strong></span> <span class='ocrx_word' id='word_1_128' title='bbox 1410 2046 1695 2109; x_wconf 87' lang='lat' dir='ltr'><strong>eamdem</strong></span> <span class='ocrx_word' id='word_1_129' title='bbox 1726 2046 2038 2108; x_wconf 87' lang='lat' dir='ltr'><strong>rationem</strong></span> 
     </span>
     <span class='ocr_line' id='line_1_20' title="bbox 456 2138 2038 2219; baseline -0.003 -16"><span class='ocrx_word' id='word_1_130' title='bbox 456 2141 789 2203; x_wconf 89' lang='lat' dir='ltr'><strong>formalem</strong></span> <span class='ocrx_word' id='word_1_131' title='bbox 820 2141 1145 2217; x_wconf 90' lang='lat' dir='ltr'><strong>credendi,</strong></span> <span class='ocrx_word' id='word_1_132' title='bbox 1169 2146 1231 2203; x_wconf 92' lang='lat' dir='ltr'><strong>et</strong></span> <span class='ocrx_word' id='word_1_133' title='bbox 1257 2145 1719 2219; x_wconf 87' lang='lat' dir='ltr'><strong>consequenter</strong></span> <span class='ocrx_word' id='word_1_134' title='bbox 1746 2138 2038 2201; x_wconf 91' lang='lat' dir='ltr'><strong>eamdem</strong></span> 
     </span>
     <span class='ocr_line' id='line_1_21' title="bbox 456 2230 2034 2315; baseline -0.003 -19"><span class='ocrx_word' id='word_1_135' title='bbox 456 2234 928 2310; x_wconf 83' lang='lat' dir='ltr'><strong>certitudinem,</strong></span> <span class='ocrx_word' id='word_1_136' title='bbox 964 2253 1103 2315; x_wconf 81' lang='lat' dir='ltr'><strong>quae</strong></span> <span class='ocrx_word' id='word_1_137' title='bbox 1144 2236 1278 2297; x_wconf 89' lang='lat' dir='ltr'><strong>sine</strong></span> <span class='ocrx_word' id='word_1_138' title='bbox 1323 2234 1557 2296; x_wconf 88' lang='lat' dir='ltr'><strong>auxilio</strong></span> <span class='ocrx_word' id='word_1_139' title='bbox 1616 2230 1764 2295; x_wconf 90' lang='lat' dir='ltr'><strong>fidei</strong></span> <span class='ocrx_word' id='word_1_140' title='bbox 1812 2232 2034 2293; x_wconf 71' lang='lat' dir='ltr'><strong>infusae</strong></span> 
     </span>
     <span class='ocr_line' id='line_1_22' title="bbox 454 2326 2031 2409; baseline -0.002 -20"><span class='ocrx_word' id='word_1_141' title='bbox 454 2328 677 2390; x_wconf 85' lang='lat' dir='ltr'><strong>haberi</strong></span> <span class='ocrx_word' id='word_1_142' title='bbox 704 2347 831 2389; x_wconf 89' lang='lat' dir='ltr'><strong>non</strong></span> <span class='ocrx_word' id='word_1_143' title='bbox 882 2335 1109 2408; x_wconf 89' lang='lat' dir='ltr'><strong>potest.</strong></span> <span class='ocrx_word' id='word_1_144' title='bbox 1164 2328 1344 2393; x_wconf 88' lang='lat' dir='ltr'><strong>Unde</strong></span> <span class='ocrx_word' id='word_1_145' title='bbox 1388 2326 1549 2389; x_wconf 89' lang='lat' dir='ltr'><strong>ratio</strong></span> <span class='ocrx_word' id='word_1_146' title='bbox 1599 2347 1636 2388; x_wconf 89' lang='lat' dir='ltr'><strong>a</strong></span> <span class='ocrx_word' id='word_1_147' title='bbox 1683 2326 1875 2409; x_wconf 86' lang='lat' dir='ltr'><strong>priori</strong></span> <span class='ocrx_word' id='word_1_148' title='bbox 1915 2330 2031 2400; x_wconf 87' lang='lat' dir='ltr'><strong>est,</strong></span> 
     </span>
     <span class='ocr_line' id='line_1_23' title="bbox 456 2420 2034 2501; baseline -0.002 -20"><span class='ocrx_word' id='word_1_149' title='bbox 456 2421 606 2501; x_wconf 90' lang='lat' dir='ltr'><strong>quia</strong></span> <span class='ocrx_word' id='word_1_150' title='bbox 656 2422 925 2483; x_wconf 88' lang='lat' dir='ltr'><strong>essentia</strong></span> <span class='ocrx_word' id='word_1_151' title='bbox 954 2421 1197 2485; x_wconf 87' lang='lat' dir='ltr'><strong>virtutis</strong></span> <span class='ocrx_word' id='word_1_152' title='bbox 1242 2420 1509 2482; x_wconf 89' lang='lat' dir='ltr'><strong>sumitur</strong></span> <span class='ocrx_word' id='word_1_153' title='bbox 1550 2438 1628 2482; x_wconf 84' lang='lat' dir='ltr'><strong>ex</strong></span> <span class='ocrx_word' id='word_1_154' title='bbox 1656 2420 1887 2481; x_wconf 87' lang='lat' dir='ltr'><strong>motivo</strong></span> <span class='ocrx_word' id='word_1_155' title='bbox 1919 2436 2034 2481; x_wconf 92' lang='lat' dir='ltr'><strong>seu</strong></span> 
     </span>
     <span class='ocr_line' id='line_1_24' title="bbox 458 2512 2033 2595; baseline -0.003 -20"><span class='ocrx_word' id='word_1_156' title='bbox 458 2516 704 2595; x_wconf 86' lang='lat' dir='ltr'><strong>objecto</strong></span> <span class='ocrx_word' id='word_1_157' title='bbox 746 2514 1015 2589; x_wconf 87' lang='lat' dir='ltr'><strong>formali,</strong></span> <span class='ocrx_word' id='word_1_158' title='bbox 1068 2514 1237 2577; x_wconf 87' lang='lat' dir='ltr'><strong>unde</strong></span> <span class='ocrx_word' id='word_1_159' title='bbox 1288 2534 1365 2577; x_wconf 84' lang='lat' dir='ltr'><strong>ex</strong></span> <span class='ocrx_word' id='word_1_160' title='bbox 1406 2518 1587 2594; x_wconf 88' lang='lat' dir='ltr'><strong>parte</strong></span> <span class='ocrx_word' id='word_1_161' title='bbox 1625 2512 1902 2574; x_wconf 83' lang='lat' dir='ltr'><strong>materiae</strong></span> <span class='ocrx_word' id='word_1_162' title='bbox 1932 2530 2033 2572; x_wconf 90' lang='lat' dir='ltr'><strong>so-</strong></span> 
     </span>
     <span class='ocr_line' id='line_1_25' title="bbox 454 2604 2028 2689; baseline -0.001 -22"><span class='ocrx_word' id='word_1_163' title='bbox 454 2610 590 2669; x_wconf 88' lang='lat' dir='ltr'><strong>lum</strong></span> <span class='ocrx_word' id='word_1_164' title='bbox 633 2608 983 2689; x_wconf 86' lang='lat' dir='ltr'><strong>postulatur</strong></span> <span class='ocrx_word' id='word_1_165' title='bbox 1028 2607 1463 2679; x_wconf 85' lang='lat' dir='ltr'><strong>essentialiter,</strong></span> <span class='ocrx_word' id='word_1_166' title='bbox 1498 2612 1567 2668; x_wconf 91' lang='lat' dir='ltr'><strong>ut</strong></span> <span class='ocrx_word' id='word_1_167' title='bbox 1616 2606 1736 2667; x_wconf 89' lang='lat' dir='ltr'><strong>sub</strong></span> <span class='ocrx_word' id='word_1_168' title='bbox 1786 2604 2028 2667; x_wconf 88' lang='lat' dir='ltr'><strong>ratione</strong></span> 
     </span>
     <span class='ocr_line' id='line_1_26' title="bbox 457 2698 2028 2782; baseline -0.003 -19"><span class='ocrx_word' id='word_1_169' title='bbox 457 2700 707 2763; x_wconf 87' lang='lat' dir='ltr'><strong>formali</strong></span> <span class='ocrx_word' id='word_1_170' title='bbox 732 2700 1040 2782; x_wconf 87' lang='lat' dir='ltr'><strong>objectiva</strong></span> <span class='ocrx_word' id='word_1_171' title='bbox 1075 2700 1455 2762; x_wconf 86' lang='lat' dir='ltr'><strong>sufficienter</strong></span> <span class='ocrx_word' id='word_1_172' title='bbox 1474 2698 1904 2772; x_wconf 71' lang='lat' dir='ltr'><strong>contineatur,</strong></span> <span class='ocrx_word' id='word_1_173' title='bbox 1932 2716 2028 2759; x_wconf 91' lang='lat' dir='ltr'><strong>or-</strong></span> 
     </span>
     <span class='ocr_line' id='line_1_27' title="bbox 460 2790 2029 2874; baseline -0.003 -18"><span class='ocrx_word' id='word_1_174' title='bbox 460 2795 542 2856; x_wconf 92' lang='lat' dir='ltr'><strong>do</strong></span> <span class='ocrx_word' id='word_1_175' title='bbox 594 2802 805 2857; x_wconf 87' lang='lat' dir='ltr'><strong>autem</strong></span> <span class='ocrx_word' id='word_1_176' title='bbox 854 2795 1041 2857; x_wconf 89' lang='lat' dir='ltr'><strong>unius</strong></span> <span class='ocrx_word' id='word_1_177' title='bbox 1077 2794 1355 2856; x_wconf 84' lang='lat' dir='ltr'><strong>materiae</strong></span> <span class='ocrx_word' id='word_1_178' title='bbox 1397 2793 1677 2874; x_wconf 88' lang='lat' dir='ltr'><strong>partialis</strong></span> <span class='ocrx_word' id='word_1_179' title='bbox 1718 2791 1802 2853; x_wconf 90' lang='lat' dir='ltr'><strong>ad</strong></span> <span class='ocrx_word' id='word_1_180' title='bbox 1840 2790 2029 2853; x_wconf 86' lang='lat' dir='ltr'><strong>aliam</strong></span> 
     </span>
     <span class='ocr_line' id='line_1_28' title="bbox 458 2886 2029 2968; baseline -0.003 -19"><span class='ocrx_word' id='word_1_181' title='bbox 458 2908 584 2949; x_wconf 91' lang='lat' dir='ltr'><strong>non</strong></span> <span class='ocrx_word' id='word_1_182' title='bbox 617 2895 709 2949; x_wconf 87' lang='lat' dir='ltr'><strong>est</strong></span> <span class='ocrx_word' id='word_1_183' title='bbox 735 2888 821 2951; x_wconf 88' lang='lat' dir='ltr'><strong>ita</strong></span> <span class='ocrx_word' id='word_1_184' title='bbox 860 2888 1231 2964; x_wconf 88' lang='lat' dir='ltr'><strong>essentialis,</strong></span> <span class='ocrx_word' id='word_1_185' title='bbox 1278 2889 1399 2951; x_wconf 89' lang='lat' dir='ltr'><strong>nisi</strong></span> <span class='ocrx_word' id='word_1_186' title='bbox 1437 2892 1750 2968; x_wconf 88' lang='lat' dir='ltr'><strong>quatenus</strong></span> <span class='ocrx_word' id='word_1_187' title='bbox 1794 2886 2029 2947; x_wconf 89' lang='lat' dir='ltr'><strong>condu-</strong></span> 
     </span>
     <span class='ocr_line' id='line_1_29' title="bbox 456 2978 2029 3062; baseline -0.001 -20"><span class='ocrx_word' id='word_1_188' title='bbox 456 2982 558 3057; x_wconf 87' lang='lat' dir='ltr'><strong>cit,</strong></span> <span class='ocrx_word' id='word_1_189' title='bbox 585 2983 682 3044; x_wconf 83' lang='lat' dir='ltr'><strong>vel</strong></span> <span class='ocrx_word' id='word_1_190' title='bbox 708 2983 1100 3044; x_wconf 88' lang='lat' dir='ltr'><strong>necessarius</strong></span> <span class='ocrx_word' id='word_1_191' title='bbox 1130 2988 1224 3045; x_wconf 88' lang='lat' dir='ltr'><strong>est</strong></span> <span class='ocrx_word' id='word_1_192' title='bbox 1250 2982 1330 3044; x_wconf 91' lang='lat' dir='ltr'><strong>ad</strong></span> <span class='ocrx_word' id='word_1_193' title='bbox 1352 2981 1895 3062; x_wconf 85' lang='lat' dir='ltr'><strong>participationem</strong></span> <span class='ocrx_word' id='word_1_194' title='bbox 1920 2978 2029 3040; x_wconf 89' lang='lat' dir='ltr'><strong>ob-</strong></span> 
     </span>
     <span class='ocr_line' id='line_1_30' title="bbox 446 3074 2030 3155; baseline -0.002 -18"><span class='ocrx_word' id='word_1_195' title='bbox 446 3076 595 3155; x_wconf 81' lang='lat' dir='ltr'><strong>jecti</strong></span> <span class='ocrx_word' id='word_1_196' title='bbox 630 3076 929 3137; x_wconf 79' lang='lat' dir='ltr'><strong>formalis,</strong></span> <span class='ocrx_word' id='word_1_197' title='bbox 966 3076 1063 3137; x_wconf 78' lang='lat' dir='ltr'><strong>Ad</strong></span> <span class='ocrx_word' id='word_1_198' title='bbox 1089 3077 1398 3138; x_wconf 89' lang='lat' dir='ltr'><strong>rationem</strong></span> <span class='ocrx_word' id='word_1_199' title='bbox 1438 3080 1655 3137; x_wconf 85' lang='lat' dir='ltr'><strong>autem</strong></span> <span class='ocrx_word' id='word_1_200' title='bbox 1683 3074 1749 3134; x_wconf 90' lang='lat' dir='ltr'><strong>in</strong></span> <span class='ocrx_word' id='word_1_201' title='bbox 1781 3078 2030 3135; x_wconf 88' lang='lat' dir='ltr'><strong>contra-</strong></span> 
     </span>
     <span class='ocr_line' id='line_1_31' title="bbox 454 3166 2030 3251; baseline -0.002 -20"><span class='ocrx_word' id='word_1_202' title='bbox 454 3169 621 3231; x_wconf 89' lang='lat' dir='ltr'><strong>rium</strong></span> <span class='ocrx_word' id='word_1_203' title='bbox 648 3170 1087 3251; x_wconf 87' lang='lat' dir='ltr'><strong>respondetur,</strong></span> <span class='ocrx_word' id='word_1_204' title='bbox 1127 3170 1209 3232; x_wconf 93' lang='lat' dir='ltr'><strong>ad</strong></span> <span class='ocrx_word' id='word_1_205' title='bbox 1246 3170 1539 3232; x_wconf 84' lang='lat' dir='ltr'><strong>virtutem</strong></span> <span class='ocrx_word' id='word_1_206' title='bbox 1566 3167 1838 3229; x_wconf 82' lang='lat' dir='ltr'><strong>infusam</strong></span> <span class='ocrx_word' id='word_1_207' title='bbox 1862 3170 1924 3228; x_wconf 90' lang='lat' dir='ltr'><strong>et</strong></span> <span class='ocrx_word' id='word_1_208' title='bbox 1949 3166 2030 3228; x_wconf 89' lang='lat' dir='ltr'><strong>ad</strong></span> 
     </span>
     <span class='ocr_line' id='line_1_32' title="bbox 452 3262 2031 3344; baseline -0.001 -21"><span class='ocrx_word' id='word_1_209' title='bbox 452 3268 667 3324; x_wconf 90' lang='lat' dir='ltr'><strong>actum</strong></span> <span class='ocrx_word' id='word_1_210' title='bbox 696 3263 1243 3344; x_wconf 84' lang='lat' dir='ltr'><strong>supernaturalem</strong></span> <span class='ocrx_word' id='word_1_211' title='bbox 1273 3282 1306 3325; x_wconf 93' lang='lat' dir='ltr'><strong>e</strong></span> <span class='ocrx_word' id='word_1_212' title='bbox 1306 3264 1442 3343; x_wconf 78' lang='lat' dir='ltr'><strong>jus,</strong></span> <span class='ocrx_word' id='word_1_213' title='bbox 1468 3262 1617 3323; x_wconf 89' lang='lat' dir='ltr'><strong>satis</strong></span> <span class='ocrx_word' id='word_1_214' title='bbox 1654 3279 1793 3323; x_wconf 89' lang='lat' dir='ltr'><strong>esse</strong></span> <span class='ocrx_word' id='word_1_215' title='bbox 1834 3264 1903 3320; x_wconf 89' lang='lat' dir='ltr'><strong>ut</strong></span> <span class='ocrx_word' id='word_1_216' title='bbox 1927 3278 2031 3322; x_wconf 86' lang='lat' dir='ltr'><strong>ra-</strong></span> 
     </span>
     <span class='ocr_line' id='line_1_33' title="bbox 458 3353 2024 3437; baseline -0.001 -21"><span class='ocrx_word' id='word_1_217' title='bbox 458 3355 546 3416; x_wconf 83' lang='lat' dir='ltr'><strong>tio</strong></span> <span class='ocrx_word' id='word_1_218' title='bbox 578 3355 695 3416; x_wconf 89' lang='lat' dir='ltr'><strong>sub</strong></span> <span class='ocrx_word' id='word_1_219' title='bbox 733 3375 859 3435; x_wconf 85' lang='lat' dir='ltr'><strong>qua</strong></span> <span class='ocrx_word' id='word_1_220' title='bbox 891 3356 1086 3419; x_wconf 83' lang='lat' dir='ltr'><strong>virtus</strong></span> <span class='ocrx_word' id='word_1_221' title='bbox 1124 3356 1339 3433; x_wconf 90' lang='lat' dir='ltr'><strong>tendit,</strong></span> <span class='ocrx_word' id='word_1_222' title='bbox 1387 3354 1880 3437; x_wconf 84' lang='lat' dir='ltr'><strong>supernaturalis</strong></span> <span class='ocrx_word' id='word_1_223' title='bbox 1924 3353 2024 3415; x_wconf 89' lang='lat' dir='ltr'><strong>sit.</strong></span> 
     </span>
     <span class='ocr_line' id='line_1_34' title="bbox 462 3436 2032 3529; baseline -0.001 -19"><span class='ocrx_word' id='word_1_224' title='bbox 462 3450 559 3510; x_wconf 82' lang='lat' dir='ltr'><strong>Ad</strong></span> <span class='ocrx_word' id='word_1_225' title='bbox 598 3450 910 3512; x_wconf 87' lang='lat' dir='ltr'><strong>rationem</strong></span> <span class='ocrx_word' id='word_1_226' title='bbox 950 3457 1163 3513; x_wconf 90' lang='lat' dir='ltr'><strong>autem</strong></span> <span class='ocrx_word' id='word_1_227' title='bbox 1201 3450 1442 3513; x_wconf 85' lang='lat' dir='ltr'><strong>virtutis</strong></span> <span class='ocrx_word' id='word_1_228' title='bbox 1471 3448 1887 3529; x_wconf 84' lang='lat' dir='ltr'><strong>Theologicae,</strong></span> <span class='ocrx_word' id='word_1_229' title='bbox 1930 3436 2032 3508; x_wconf 67' lang='lat' dir='ltr'><strong>sa²</strong></span> 
     </span>
     <span class='ocr_line' id='line_1_35' title="bbox 455 3542 2034 3624; baseline -0.002 -20"><span class='ocrx_word' id='word_1_230' title='bbox 455 3544 535 3604; x_wconf 88' lang='lat' dir='ltr'><strong>tis</strong></span> <span class='ocrx_word' id='word_1_231' title='bbox 588 3549 752 3605; x_wconf 88' lang='lat' dir='ltr'><strong>esset</strong></span> <span class='ocrx_word' id='word_1_232' title='bbox 795 3550 864 3604; x_wconf 91' lang='lat' dir='ltr'><strong>ut</strong></span> <span class='ocrx_word' id='word_1_233' title='bbox 911 3544 1230 3624; x_wconf 87' lang='lat' dir='ltr'><strong>objectum</strong></span> <span class='ocrx_word' id='word_1_234' title='bbox 1276 3543 1620 3623; x_wconf 86' lang='lat' dir='ltr'><strong>principale</strong></span> <span class='ocrx_word' id='word_1_235' title='bbox 1647 3588 1663 3617; x_wconf 92' lang='lat'><strong>,</strong></span> <span class='ocrx_word' id='word_1_236' title='bbox 1699 3542 1870 3621; x_wconf 85' lang='lat' dir='ltr'><strong>quod</strong></span> <span class='ocrx_word' id='word_1_237' title='bbox 1915 3560 2034 3622; x_wconf 91' lang='lat' dir='ltr'><strong>per</strong></span> 
     </span>
     <span class='ocr_line' id='line_1_36' title="bbox 455 3636 2032 3718; baseline -0.001 -20"><span class='ocrx_word' id='word_1_238' title='bbox 455 3639 661 3718; x_wconf 88' lang='lat' dir='ltr'><strong>ipsam</strong></span> <span class='ocrx_word' id='word_1_239' title='bbox 690 3638 1048 3700; x_wconf 88' lang='lat' dir='ltr'><strong>immediate</strong></span> <span class='ocrx_word' id='word_1_240' title='bbox 1082 3639 1431 3717; x_wconf 85' lang='lat' dir='ltr'><strong>attingitur,</strong></span> <span class='ocrx_word' id='word_1_241' title='bbox 1465 3638 1542 3698; x_wconf 89' lang='lat' dir='ltr'><strong>sit</strong></span> <span class='ocrx_word' id='word_1_242' title='bbox 1570 3638 1771 3710; x_wconf 90' lang='lat' dir='ltr'><strong>Deus;</strong></span> <span class='ocrx_word' id='word_1_243' title='bbox 1807 3640 1869 3698; x_wconf 93' lang='lat' dir='ltr'><strong>et</strong></span> <span class='ocrx_word' id='word_1_244' title='bbox 1911 3636 2032 3697; x_wconf 90' lang='lat' dir='ltr'><strong>hoc</strong></span> 
     </span>
     <span class='ocr_line' id='line_1_37' title="bbox 455 3729 2032 3795; baseline -0.001 -4"><span class='ocrx_word' id='word_1_245' title='bbox 455 3732 648 3793; x_wconf 89' lang='lat' dir='ltr'><strong>habet</strong></span> <span class='ocrx_word' id='word_1_246' title='bbox 684 3730 843 3793; x_wconf 87' lang='lat' dir='ltr'><strong>fides</strong></span> <span class='ocrx_word' id='word_1_247' title='bbox 888 3751 965 3793; x_wconf 86' lang='lat' dir='ltr'><strong>ex</strong></span> <span class='ocrx_word' id='word_1_248' title='bbox 998 3740 1225 3794; x_wconf 89' lang='lat' dir='ltr'><strong>natura</strong></span> <span class='ocrx_word' id='word_1_249' title='bbox 1266 3750 1411 3793; x_wconf 86' lang='lat' dir='ltr'><strong>sua.</strong></span> <span class='ocrx_word' id='word_1_250' title='bbox 1460 3730 1638 3795; x_wconf 90' lang='lat' dir='ltr'><strong>Unde</strong></span> <span class='ocrx_word' id='word_1_251' title='bbox 1688 3730 1875 3791; x_wconf 88' lang='lat' dir='ltr'><strong>etiam</strong></span> <span class='ocrx_word' id='word_1_252' title='bbox 1908 3729 2032 3790; x_wconf 83' lang='lat' dir='ltr'><strong>dici</strong></span> 
     </span>
     <span class='ocr_line' id='line_1_38' title="bbox 458 3824 2037 3905; baseline 0.001 -20"><span class='ocrx_word' id='word_1_253' title='bbox 458 3829 665 3905; x_wconf 87' lang='lat' dir='ltr'><strong>potest</strong></span> <span class='ocrx_word' id='word_1_254' title='bbox 712 3844 849 3887; x_wconf 87' lang='lat' dir='ltr'><strong>esse</strong></span> <span class='ocrx_word' id='word_1_255' title='bbox 890 3826 1301 3888; x_wconf 87' lang='lat' dir='ltr'><strong>connaturale</strong></span> <span class='ocrx_word' id='word_1_256' title='bbox 1337 3826 1509 3901; x_wconf 87' lang='lat' dir='ltr'><strong>fidei,</strong></span> <span class='ocrx_word' id='word_1_257' title='bbox 1541 3830 1611 3887; x_wconf 87' lang='lat' dir='ltr'><strong>ut</strong></span> <span class='ocrx_word' id='word_1_258' title='bbox 1660 3824 1872 3886; x_wconf 88' lang='lat' dir='ltr'><strong>omnia</strong></span> <span class='ocrx_word' id='word_1_259' title='bbox 1900 3840 2037 3886; x_wconf 85' lang='lat' dir='ltr'><strong>cre-</strong></span> 
     </span>
     <span class='ocr_line' id='line_1_39' title="bbox 458 3917 2038 3999; baseline -0.002 -20"><span class='ocrx_word' id='word_1_260' title='bbox 458 3918 671 3979; x_wconf 85' lang='lat' dir='ltr'><strong>dibilia</strong></span> <span class='ocrx_word' id='word_1_261' title='bbox 722 3937 835 3997; x_wconf 89' lang='lat' dir='ltr'><strong>per</strong></span> <span class='ocrx_word' id='word_1_262' title='bbox 892 3917 1095 3999; x_wconf 89' lang='lat' dir='ltr'><strong>ipsam</strong></span> <span class='ocrx_word' id='word_1_263' title='bbox 1149 3918 1519 3980; x_wconf 87' lang='lat' dir='ltr'><strong>ordinentur</strong></span> <span class='ocrx_word' id='word_1_264' title='bbox 1564 3917 1645 3979; x_wconf 89' lang='lat' dir='ltr'><strong>ad</strong></span> <span class='ocrx_word' id='word_1_265' title='bbox 1687 3918 1925 3989; x_wconf 90' lang='lat' dir='ltr'><strong>Deum,</strong></span> <span class='ocrx_word' id='word_1_266' title='bbox 1966 3922 2038 3977; x_wconf 92' lang='lat' dir='ltr'><strong>ut</strong></span> 
     </span>
     <span class='ocr_line' id='line_1_40' title="bbox 460 4008 2035 4093; baseline -0.001 -21"><span class='ocrx_word' id='word_1_267' title='bbox 460 4012 655 4073; x_wconf 90' lang='lat' dir='ltr'><strong>sensit</strong></span> <span class='ocrx_word' id='word_1_268' title='bbox 699 4012 879 4072; x_wconf 83' lang='lat' dir='ltr'><strong>divus</strong></span> <span class='ocrx_word' id='word_1_269' title='bbox 906 4013 1204 4087; x_wconf 82' lang='lat' dir='ltr'><strong>ThomaS,</strong></span> <span class='ocrx_word' id='word_1_270' title='bbox 1246 4012 1394 4074; x_wconf 87' lang='lat' dir='ltr'><strong>dict.</strong></span> <span class='ocrx_word' id='word_1_271' title='bbox 1438 4016 1657 4093; x_wconf 85' lang='lat' dir='ltr'><strong>quaest.</strong></span> <span class='ocrx_word' id='word_1_272' title='bbox 1705 4012 1782 4071; x_wconf 74' lang='lat'><strong>14</strong></span> <span class='ocrx_word' id='word_1_273' title='bbox 1810 4008 1889 4070; x_wconf 89' lang='lat' dir='ltr'><strong>de</strong></span> <span class='ocrx_word' id='word_1_274' title='bbox 1924 4010 2035 4071; x_wconf 90' lang='lat' dir='ltr'><strong>Ve-</strong></span> 
     </span>
     <span class='ocr_line' id='line_1_41' title="bbox 458 4102 2029 4183; baseline 0 -18"><span class='ocrx_word' id='word_1_275' title='bbox 458 4105 657 4181; x_wconf 81' lang='lat' dir='ltr'><strong>ritat.‚</strong></span> <span class='ocrx_word' id='word_1_276' title='bbox 706 4104 881 4166; x_wconf 88' lang='lat' dir='ltr'><strong>artie.</strong></span> <span class='ocrx_word' id='word_1_277' title='bbox 930 4106 991 4183; x_wconf 87' lang='lat'><strong>8,</strong></span> <span class='ocrx_word' id='word_1_278' title='bbox 1040 4105 1121 4166; x_wconf 91' lang='lat' dir='ltr'><strong>ad</strong></span> <span class='ocrx_word' id='word_1_279' title='bbox 1158 4106 1257 4181; x_wconf 83' lang='lat'><strong>18,</strong></span> <span class='ocrx_word' id='word_1_280' title='bbox 1302 4112 1365 4167; x_wconf 88' lang='lat' dir='ltr'><strong>et</strong></span> <span class='ocrx_word' id='word_1_281' title='bbox 1405 4105 1627 4167; x_wconf 85' lang='lat' dir='ltr'><strong>suadet</strong></span> <span class='ocrx_word' id='word_1_282' title='bbox 1654 4102 1979 4165; x_wconf 87' lang='lat' dir='ltr'><strong>ratiofacta</strong></span> <span class='ocrx_word' id='word_1_283' title='bbox 2013 4120 2029 4177; x_wconf 86' lang='lat'>;</span> 
     </span>
     <span class='ocr_line' id='line_1_42' title="bbox 460 4196 2035 4277; baseline -0.002 -18"><span class='ocrx_word' id='word_1_284' title='bbox 460 4217 587 4259; x_wconf 90' lang='lat' dir='ltr'><strong>non</strong></span> <span class='ocrx_word' id='word_1_285' title='bbox 628 4204 841 4259; x_wconf 89' lang='lat' dir='ltr'><strong>tamen</strong></span> <span class='ocrx_word' id='word_1_286' title='bbox 888 4203 1094 4277; x_wconf 87' lang='lat' dir='ltr'><strong>potest</strong></span> <span class='ocrx_word' id='word_1_287' title='bbox 1136 4198 1257 4260; x_wconf 90' lang='lat' dir='ltr'><strong>dici</strong></span> <span class='ocrx_word' id='word_1_288' title='bbox 1308 4197 1639 4261; x_wconf 89' lang='lat' dir='ltr'><strong>essentiale</strong></span> <span class='ocrx_word' id='word_1_289' title='bbox 1686 4196 2035 4258; x_wconf 90' lang='lat' dir='ltr'><strong>secundum</strong></span> 
     </span>
     <span class='ocr_line' id='line_1_43' title="bbox 458 4290 2036 4371; baseline 0.001 -20"><span class='ocrx_word' id='word_1_290' title='bbox 458 4291 767 4353; x_wconf 87' lang='lat' dir='ltr'><strong>actualem</strong></span> <span class='ocrx_word' id='word_1_291' title='bbox 811 4292 1311 4369; x_wconf 88' lang='lat' dir='ltr'><strong>ordinationem,</strong></span> <span class='ocrx_word' id='word_1_292' title='bbox 1371 4310 1517 4354; x_wconf 90' lang='lat' dir='ltr'><strong>cum</strong></span> <span class='ocrx_word' id='word_1_293' title='bbox 1572 4292 1708 4353; x_wconf 86' lang='lat' dir='ltr'><strong>haec</strong></span> <span class='ocrx_word' id='word_1_294' title='bbox 1756 4290 2036 4371; x_wconf 84' lang='lat' dir='ltr'><strong>pendeat</strong></span> 
     </span>
     <span class='ocr_line' id='line_1_44' title="bbox 462 4384 1270 4448; baseline 0.001 -2"><span class='ocrx_word' id='word_1_295' title='bbox 462 4403 542 4446; x_wconf 81' lang='lat' dir='ltr'><strong>ex</strong></span> <span class='ocrx_word' id='word_1_296' title='bbox 567 4384 767 4446; x_wconf 90' lang='lat' dir='ltr'><strong>libera</strong></span> <span class='ocrx_word' id='word_1_297' title='bbox 794 4384 907 4446; x_wconf 90' lang='lat' dir='ltr'><strong>Dei</strong></span> <span class='ocrx_word' id='word_1_298' title='bbox 928 4386 1270 4448; x_wconf 78' lang='lat' dir='ltr'><strong>voluntate.</strong></span> 
     </span>
    </p>
   </div>
   <div class='ocr_carea' id='block_1_5' title="bbox 1084 4587 1409 4643">
    <p class='ocr_par' dir='ltr' id='par_1_5' title="bbox 1084 4587 1409 4643">
     <span class='ocr_line' id='line_1_45' title="bbox 1084 4587 1409 4643; baseline -0.006 -2"><span class='ocrx_word' id='word_1_299' title='bbox 1084 4587 1305 4643; x_wconf 76' lang='lat' dir='ltr'><strong>sEc‘rlo</strong></span> <span class='ocrx_word' id='word_1_300' title='bbox 1328 4588 1409 4641; x_wconf 83' lang='lat'>111.</span> 
     </span>
    </p>
   </div>
   <div class='ocr_carea' id='block_1_6' title="bbox 464 4758 2035 4939">
    <p class='ocr_par' dir='ltr' id='par_1_6' title="bbox 464 4758 2035 4939">
     <span class='ocr_line' id='line_1_46' title="bbox 464 4758 2035 4844; baseline 0.001 -21"><span class='ocrx_word' id='word_1_301' title='bbox 464 4760 567 4823; x_wconf 79' lang='lat' dir='ltr'><strong>An</strong></span> <span class='ocrx_word' id='word_1_302' title='bbox 589 4758 685 4842; x_wconf 82' lang='lat' dir='ltr'><strong>obj</strong></span> <span class='ocrx_word' id='word_1_303' title='bbox 689 4766 879 4825; x_wconf 77' lang='lat' dir='ltr'><strong>ectum</strong></span> <span class='ocrx_word' id='word_1_304' title='bbox 896 4762 1055 4842; x_wconf 76' lang='lat' dir='ltr'><strong>quod</strong></span> <span class='ocrx_word' id='word_1_305' title='bbox 1071 4762 1413 4826; x_wconf 74' lang='lat' dir='ltr'><strong>immediato</strong></span> <span class='ocrx_word' id='word_1_306' title='bbox 1439 4762 1705 4826; x_wconf 74' lang='lat' dir='ltr'><strong>creditur</strong></span> <span class='ocrx_word' id='word_1_307' title='bbox 1726 4779 1835 4844; x_wconf 77' lang='lat' dir='ltr'><strong>per</strong></span> <span class='ocrx_word' id='word_1_308' title='bbox 1851 4760 2035 4839; x_wconf 68' lang='lat' dir='ltr'><strong>fidem</strong></span> 
     </span>
     <span class='ocr_line' id='line_1_47' title="bbox 751 4856 1757 4939; baseline -0.002 -20"><span class='ocrx_word' id='word_1_309' title='bbox 751 4856 1120 4938; x_wconf 63' lang='lat' dir='ltr'><strong>complexum</strong></span> <span class='ocrx_word' id='word_1_310' title='bbox 1148 4856 1236 4919; x_wconf 74' lang='lat' dir='ltr'><strong>sit</strong></span> <span class='ocrx_word' id='word_1_311' title='bbox 1252 4902 1268 4933; x_wconf 92' lang='lat'><strong>,</strong></span> <span class='ocrx_word' id='word_1_312' title='bbox 1302 4862 1359 4919; x_wconf 78' lang='lat' dir='ltr'><strong>et</strong></span> <span class='ocrx_word' id='word_1_313' title='bbox 1385 4856 1712 4939; x_wconf 67' lang='lat' dir='ltr'><strong>quotupleo:</strong></span> <span class='ocrx_word' id='word_1_314' title='bbox 1728 4858 1757 4917; x_wconf 64' lang='grc' dir='ltr'><strong>,ἲ</strong></span> 
     </span>
    </p>
   </div>
   <div class='ocr_carea' id='block_1_7' title="bbox 461 5036 2032 5213">
    <p class='ocr_par' dir='ltr' id='par_1_7' title="bbox 461 5036 2032 5213">
     <span class='ocr_line' id='line_1_48' title="bbox 478 5036 2032 5121; baseline -0.001 -18"><span class='ocrx_word' id='word_1_315' title='bbox 478 5040 483 5045; x_wconf 83' lang='grc'><em>’</em></span> <span class='ocrx_word' id='word_1_316' title='bbox 548 5044 606 5103; x_wconf 83' lang='lat'><strong>1.</strong></span> <span class='ocrx_word' id='word_1_317' title='bbox 638 5039 861 5105; x_wconf 71' lang='lat' dir='ltr'><strong>Prima</strong></span> <span class='ocrx_word' id='word_1_318' title='bbox 900 5040 1177 5103; x_wconf 75' lang='lat' dir='ltr'><strong>assertio.</strong></span> <span class='ocrx_word' id='word_1_319' title='bbox 1210 5070 1293 5084; x_wconf 92' lang='lat'><strong>--</strong></span> <span class='ocrx_word' id='word_1_320' title='bbox 1320 5036 1699 5121; x_wconf 74' lang='lat' dir='ltr'><strong>Explicatur</strong></span> <span class='ocrx_word' id='word_1_321' title='bbox 1736 5042 1795 5103; x_wconf 82' lang='lat' dir='ltr'><strong>et</strong></span> <span class='ocrx_word' id='word_1_322' title='bbox 1810 5038 2032 5121; x_wconf 82' lang='lat' dir='ltr'><strong>proba-</strong></span> 
     </span>
     <span class='ocr_line' id='line_1_49' title="bbox 461 5131 2032 5213; baseline -0.002 -14"><span class='ocrx_word' id='word_1_323' title='bbox 461 5140 585 5201; x_wconf 77' lang='lat' dir='ltr'><strong>twr.</strong></span> <span class='ocrx_word' id='word_1_324' title='bbox 618 5166 699 5180; x_wconf 91' lang='lat'>—</span> <span class='ocrx_word' id='word_1_325' title='bbox 726 5134 956 5208; x_wconf 88' lang='lat' dir='ltr'><strong>Primo,</strong></span> <span class='ocrx_word' id='word_1_326' title='bbox 1011 5138 1251 5194; x_wconf 89' lang='lat' dir='ltr'><strong>certum</strong></span> <span class='ocrx_word' id='word_1_327' title='bbox 1295 5138 1390 5193; x_wconf 91' lang='lat' dir='ltr'><strong>est</strong></span> <span class='ocrx_word' id='word_1_328' title='bbox 1442 5131 1759 5211; x_wconf 68' lang='lat' dir='ltr'><strong>obiectum</strong></span> <span class='ocrx_word' id='word_1_329' title='bbox 1788 5178 1804 5207; x_wconf 92' lang='lat'>‚</span> <span class='ocrx_word' id='word_1_330' title='bbox 1859 5133 2032 5213; x_wconf 87' lang='lat' dir='ltr'><strong>quod</strong></span> 
     </span>
    </p>
   </div>
   <div class='ocr_carea' id='block_1_8' title="bbox 2107 641 3705 5211">
    <p class='ocr_par' dir='ltr' id='par_1_8' title="bbox 2107 641 3689 3536">
     <span class='ocr_line' id='line_1_50' title="bbox 2119 641 3676 724; baseline -0.003 -20"><span class='ocrx_word' id='word_1_331' title='bbox 2119 643 2284 706; x_wconf 89' lang='lat' dir='ltr'><strong>hanc</strong></span> <span class='ocrx_word' id='word_1_332' title='bbox 2313 642 2783 724; x_wconf 86' lang='lat' dir='ltr'><strong>explicandam;</strong></span> <span class='ocrx_word' id='word_1_333' title='bbox 2817 641 2930 703; x_wconf 89' lang='lat' dir='ltr'><strong>sed</strong></span> <span class='ocrx_word' id='word_1_334' title='bbox 2959 658 3090 703; x_wconf 91' lang='lat' dir='ltr'><strong>non</strong></span> <span class='ocrx_word' id='word_1_335' title='bbox 3125 646 3221 703; x_wconf 86' lang='lat' dir='ltr'><strong>est</strong></span> <span class='ocrx_word' id='word_1_336' title='bbox 3247 658 3510 703; x_wconf 81' lang='lat' dir='ltr'><strong>necesse</strong></span> <span class='ocrx_word' id='word_1_337' title='bbox 3533 641 3598 700; x_wconf 92' lang='lat' dir='ltr'><strong>in</strong></span> <span class='ocrx_word' id='word_1_338' title='bbox 3616 656 3676 700; x_wconf 87' lang='lat' dir='ltr'><strong>re</strong></span> 
     </span>
     <span class='ocr_line' id='line_1_51' title="bbox 2120 734 3678 815; baseline -0.002 -18"><span class='ocrx_word' id='word_1_339' title='bbox 2120 736 2287 798; x_wconf 89' lang='lat' dir='ltr'><strong>clara</strong></span> <span class='ocrx_word' id='word_1_340' title='bbox 2337 737 2678 798; x_wconf 86' lang='lat' dir='ltr'><strong>immorari.</strong></span> <span class='ocrx_word' id='word_1_341' title='bbox 2751 734 3098 797; x_wconf 88' lang='lat' dir='ltr'><strong>Dicendum</strong></span> <span class='ocrx_word' id='word_1_342' title='bbox 3157 740 3252 797; x_wconf 89' lang='lat' dir='ltr'><strong>est</strong></span> <span class='ocrx_word' id='word_1_343' title='bbox 3304 752 3454 815; x_wconf 87' lang='lat' dir='ltr'><strong>ergo</strong></span> <span class='ocrx_word' id='word_1_344' title='bbox 3513 750 3678 795; x_wconf 89' lang='lat' dir='ltr'><strong>com-</strong></span> 
     </span>
     <span class='ocr_line' id='line_1_52' title="bbox 2118 826 3678 911; baseline -0.004 -19"><span class='ocrx_word' id='word_1_345' title='bbox 2118 830 2508 911; x_wconf 85' lang='lat' dir='ltr'><strong>plexionem,</strong></span> <span class='ocrx_word' id='word_1_346' title='bbox 2540 828 2621 891; x_wconf 89' lang='lat' dir='ltr'><strong>de</strong></span> <span class='ocrx_word' id='word_1_347' title='bbox 2662 848 2786 910; x_wconf 88' lang='lat' dir='ltr'><strong>qua</strong></span> <span class='ocrx_word' id='word_1_348' title='bbox 2835 832 3198 904; x_wconf 85' lang='lat' dir='ltr'><strong>tractamus,</strong></span> <span class='ocrx_word' id='word_1_349' title='bbox 3243 826 3590 891; x_wconf 82' lang='lat' dir='ltr'><strong>formaliter</strong></span> <span class='ocrx_word' id='word_1_350' title='bbox 3622 830 3678 887; x_wconf 83' lang='lat' dir='ltr'><strong>et</strong></span> 
     </span>
     <span class='ocr_line' id='line_1_53' title="bbox 2115 920 3676 1007; baseline -0.004 -22"><span class='ocrx_word' id='word_1_351' title='bbox 2115 923 2365 1007; x_wconf 90' lang='lat' dir='ltr'><strong>proprie</strong></span> <span class='ocrx_word' id='word_1_352' title='bbox 2422 941 2559 986; x_wconf 88' lang='lat' dir='ltr'><strong>esse</strong></span> <span class='ocrx_word' id='word_1_353' title='bbox 2615 922 2684 983; x_wconf 90' lang='lat' dir='ltr'><strong>in</strong></span> <span class='ocrx_word' id='word_1_354' title='bbox 2742 922 3254 1003; x_wconf 88' lang='lat' dir='ltr'><strong>conceptionibus</strong></span> <span class='ocrx_word' id='word_1_355' title='bbox 3315 920 3676 983; x_wconf 83' lang='lat' dir='ltr'><strong>formalibus</strong></span> 
     </span>
     <span class='ocr_line' id='line_1_54' title="bbox 2115 1014 3676 1097; baseline -0.004 -18"><span class='ocrx_word' id='word_1_356' title='bbox 2115 1018 2366 1092; x_wconf 87' lang='lat' dir='ltr'><strong>mentis,</strong></span> <span class='ocrx_word' id='word_1_357' title='bbox 2400 1023 2460 1079; x_wconf 93' lang='lat' dir='ltr'><strong>et</strong></span> <span class='ocrx_word' id='word_1_358' title='bbox 2486 1016 2635 1077; x_wconf 89' lang='lat' dir='ltr'><strong>iude</strong></span> <span class='ocrx_word' id='word_1_359' title='bbox 2661 1016 3016 1097; x_wconf 89' lang='lat' dir='ltr'><strong>participari</strong></span> <span class='ocrx_word' id='word_1_360' title='bbox 3045 1034 3084 1077; x_wconf 85' lang='lat' dir='ltr'><strong>a</strong></span> <span class='ocrx_word' id='word_1_361' title='bbox 3109 1016 3301 1097; x_wconf 89' lang='lat' dir='ltr'><strong>signis</strong></span> <span class='ocrx_word' id='word_1_362' title='bbox 3329 1032 3556 1077; x_wconf 85' lang='lat' dir='ltr'><strong>vocum</strong></span> <span class='ocrx_word' id='word_1_363' title='bbox 3583 1014 3676 1075; x_wconf 74' lang='lat' dir='ltr'><strong>vel</strong></span> 
     </span>
     <span class='ocr_line' id='line_1_55' title="bbox 2117 1106 3676 1191; baseline -0.004 -18"><span class='ocrx_word' id='word_1_364' title='bbox 2117 1110 2565 1191; x_wconf 90' lang='lat' dir='ltr'><strong>scripturarum</strong></span> <span class='ocrx_word' id='word_1_365' title='bbox 2591 1156 2608 1187; x_wconf 94' lang='lat'><strong>,</strong></span> <span class='ocrx_word' id='word_1_366' title='bbox 2669 1109 2897 1189; x_wconf 90' lang='lat' dir='ltr'><strong>quibus</strong></span> <span class='ocrx_word' id='word_1_367' title='bbox 2945 1109 3032 1170; x_wconf 90' lang='lat' dir='ltr'><strong>illi</strong></span> <span class='ocrx_word' id='word_1_368' title='bbox 3087 1115 3423 1190; x_wconf 84' lang='lat' dir='ltr'><strong>conceptus</strong></span> <span class='ocrx_word' id='word_1_369' title='bbox 3477 1106 3676 1187; x_wconf 79' lang='lat' dir='ltr'><strong>expri-</strong></span> 
     </span>
     <span class='ocr_line' id='line_1_56' title="bbox 2115 1200 3679 1286; baseline -0.003 -18"><span class='ocrx_word' id='word_1_370' title='bbox 2115 1212 2414 1281; x_wconf 84' lang='lat' dir='ltr'><strong>muntur3</strong></span> <span class='ocrx_word' id='word_1_371' title='bbox 2448 1205 2639 1267; x_wconf 90' lang='lat' dir='ltr'><strong>rebus</strong></span> <span class='ocrx_word' id='word_1_372' title='bbox 2664 1210 2876 1266; x_wconf 90' lang='lat' dir='ltr'><strong>autem</strong></span> <span class='ocrx_word' id='word_1_373' title='bbox 2906 1222 3019 1267; x_wconf 87' lang='lat' dir='ltr'><strong>sen</strong></span> <span class='ocrx_word' id='word_1_374' title='bbox 3040 1204 3336 1286; x_wconf 86' lang='lat' dir='ltr'><strong>subjectis</strong></span> <span class='ocrx_word' id='word_1_375' title='bbox 3358 1204 3564 1267; x_wconf 89' lang='lat' dir='ltr'><strong>solum</strong></span> <span class='ocrx_word' id='word_1_376' title='bbox 3581 1200 3679 1264; x_wconf 87' lang='lat' dir='ltr'><strong>tri·</strong></span> 
     </span>
     <span class='ocr_line' id='line_1_57' title="bbox 2114 1298 3677 1380; baseline -0.005 -17"><span class='ocrx_word' id='word_1_377' title='bbox 2114 1300 2222 1363; x_wconf 90' lang='lat' dir='ltr'><strong>bui</strong></span> <span class='ocrx_word' id='word_1_378' title='bbox 2247 1319 2365 1380; x_wconf 90' lang='lat' dir='ltr'><strong>per</strong></span> <span class='ocrx_word' id='word_1_379' title='bbox 2395 1298 2972 1362; x_wconf 88' lang='lat' dir='ltr'><strong>denominationem</strong></span> <span class='ocrx_word' id='word_1_380' title='bbox 3013 1298 3428 1361; x_wconf 83' lang='lat' dir='ltr'><strong>extrinsecam</strong></span> <span class='ocrx_word' id='word_1_381' title='bbox 3471 1316 3510 1358; x_wconf 92' lang='lat' dir='ltr'><strong>a</strong></span> <span class='ocrx_word' id='word_1_382' title='bbox 3539 1314 3677 1357; x_wconf 89' lang='lat' dir='ltr'><strong>con-</strong></span> 
     </span>
     <span class='ocr_line' id='line_1_58' title="bbox 2117 1390 3679 1475; baseline -0.004 -20"><span class='ocrx_word' id='word_1_383' title='bbox 2117 1394 2401 1475; x_wconf 88' lang='lat' dir='ltr'><strong>ceptibus</strong></span> <span class='ocrx_word' id='word_1_384' title='bbox 2427 1393 2684 1467; x_wconf 91' lang='lat' dir='ltr'><strong>mentis;</strong></span> <span class='ocrx_word' id='word_1_385' title='bbox 2722 1392 2870 1473; x_wconf 88' lang='lat' dir='ltr'><strong>quia</strong></span> <span class='ocrx_word' id='word_1_386' title='bbox 2900 1410 3050 1473; x_wconf 88' lang='lat' dir='ltr'><strong>ergo</strong></span> <span class='ocrx_word' id='word_1_387' title='bbox 3079 1410 3196 1453; x_wconf 91' lang='lat' dir='ltr'><strong>nos</strong></span> <span class='ocrx_word' id='word_1_388' title='bbox 3222 1410 3349 1453; x_wconf 90' lang='lat' dir='ltr'><strong>non</strong></span> <span class='ocrx_word' id='word_1_389' title='bbox 3373 1390 3679 1453; x_wconf 88' lang='lat' dir='ltr'><strong>credimus</strong></span> 
     </span>
     <span class='ocr_line' id='line_1_59' title="bbox 2116 1487 3678 1569; baseline -0.004 -18"><span class='ocrx_word' id='word_1_390' title='bbox 2116 1508 2232 1569; x_wconf 91' lang='lat' dir='ltr'><strong>per</strong></span> <span class='ocrx_word' id='word_1_391' title='bbox 2248 1488 2464 1563; x_wconf 89' lang='lat' dir='ltr'><strong>fidem,</strong></span> <span class='ocrx_word' id='word_1_392' title='bbox 2490 1488 2610 1550; x_wconf 92' lang='lat' dir='ltr'><strong>nisi</strong></span> <span class='ocrx_word' id='word_1_393' title='bbox 2635 1507 2750 1568; x_wconf 91' lang='lat' dir='ltr'><strong>per</strong></span> <span class='ocrx_word' id='word_1_394' title='bbox 2771 1492 3109 1569; x_wconf 87' lang='lat' dir='ltr'><strong>conceptus</strong></span> <span class='ocrx_word' id='word_1_395' title='bbox 3133 1487 3491 1567; x_wconf 83' lang='lat' dir='ltr'><strong>complexos</strong></span> <span class='ocrx_word' id='word_1_396' title='bbox 3519 1502 3678 1546; x_wconf 91' lang='lat' dir='ltr'><strong>com-</strong></span> 
     </span>
     <span class='ocr_line' id='line_1_60' title="bbox 2117 1578 3682 1663; baseline -0.003 -20"><span class='ocrx_word' id='word_1_397' title='bbox 2117 1583 2411 1663; x_wconf 89' lang='lat' dir='ltr'><strong>ponendo</strong></span> <span class='ocrx_word' id='word_1_398' title='bbox 2437 1588 2499 1643; x_wconf 92' lang='lat' dir='ltr'><strong>et</strong></span> <span class='ocrx_word' id='word_1_399' title='bbox 2527 1580 2886 1659; x_wconf 88' lang='lat' dir='ltr'><strong>dividendo,</strong></span> <span class='ocrx_word' id='word_1_400' title='bbox 2919 1582 3062 1643; x_wconf 91' lang='lat' dir='ltr'><strong>ideo</strong></span> <span class='ocrx_word' id='word_1_401' title='bbox 3101 1580 3261 1643; x_wconf 86' lang='lat' dir='ltr'><strong>fides</strong></span> <span class='ocrx_word' id='word_1_402' title='bbox 3307 1578 3534 1642; x_wconf 88' lang='lat' dir='ltr'><strong>dicitur</strong></span> <span class='ocrx_word' id='word_1_403' title='bbox 3565 1579 3682 1639; x_wconf 89' lang='lat' dir='ltr'><strong>im-</strong></span> 
     </span>
     <span class='ocr_line' id='line_1_61' title="bbox 2119 1673 3673 1755; baseline -0.003 -19"><span class='ocrx_word' id='word_1_404' title='bbox 2119 1675 2392 1738; x_wconf 89' lang='lat' dir='ltr'><strong>mediate</strong></span> <span class='ocrx_word' id='word_1_405' title='bbox 2430 1674 2666 1738; x_wconf 85' lang='lat' dir='ltr'><strong>versari</strong></span> <span class='ocrx_word' id='word_1_406' title='bbox 2697 1676 2857 1737; x_wconf 87' lang='lat' dir='ltr'><strong>circa</strong></span> <span class='ocrx_word' id='word_1_407' title='bbox 2901 1674 3216 1753; x_wconf 73' lang='lat' dir='ltr'><strong>obiectum</strong></span> <span class='ocrx_word' id='word_1_408' title='bbox 3259 1673 3673 1755; x_wconf 80' lang='lat' dir='ltr'><strong>complexum.</strong></span> 
     </span>
     <span class='ocr_line' id='line_1_62' title="bbox 2117 1764 3679 1843; baseline -0.003 -14"><span class='ocrx_word' id='word_1_409' title='bbox 2117 1769 2194 1831; x_wconf 91' lang='lat' dir='ltr'><strong>Et</strong></span> <span class='ocrx_word' id='word_1_410' title='bbox 2213 1768 2356 1830; x_wconf 90' lang='lat' dir='ltr'><strong>ideo</strong></span> <span class='ocrx_word' id='word_1_411' title='bbox 2383 1770 2452 1831; x_wconf 93' lang='lat' dir='ltr'><strong>D.</strong></span> <span class='ocrx_word' id='word_1_412' title='bbox 2478 1770 2773 1843; x_wconf 82' lang='lat' dir='ltr'><strong>Thomas,</strong></span> <span class='ocrx_word' id='word_1_413' title='bbox 2805 1769 2871 1829; x_wconf 90' lang='lat' dir='ltr'><strong>in</strong></span> <span class='ocrx_word' id='word_1_414' title='bbox 2911 1768 3075 1829; x_wconf 86' lang='lat' dir='ltr'><strong>dicto</strong></span> <span class='ocrx_word' id='word_1_415' title='bbox 3100 1767 3274 1829; x_wconf 86' lang='lat' dir='ltr'><strong>artic.</strong></span> <span class='ocrx_word' id='word_1_416' title='bbox 3308 1769 3370 1841; x_wconf 79' lang='lat'><strong>2,</strong></span> <span class='ocrx_word' id='word_1_417' title='bbox 3401 1764 3555 1827; x_wconf 74' lang='lat' dir='ltr'><strong>dixit</strong></span> <span class='ocrx_word' id='word_1_418' title='bbox 3580 1783 3679 1826; x_wconf 86' lang='lat' dir='ltr'><strong>res</strong></span> 
     </span>
     <span class='ocr_line' id='line_1_63' title="bbox 2119 1859 3681 1941; baseline -0.003 -18"><span class='ocrx_word' id='word_1_419' title='bbox 2119 1882 2232 1924; x_wconf 91' lang='lat' dir='ltr'><strong>seu</strong></span> <span class='ocrx_word' id='word_1_420' title='bbox 2257 1864 2552 1926; x_wconf 85' lang='lat' dir='ltr'><strong>veritates</strong></span> <span class='ocrx_word' id='word_1_421' title='bbox 2585 1862 2874 1937; x_wconf 80' lang='lat' dir='ltr'><strong>creditaS,</strong></span> <span class='ocrx_word' id='word_1_422' title='bbox 2915 1866 3102 1941; x_wconf 89' lang='lat' dir='ltr'><strong>prout</strong></span> <span class='ocrx_word' id='word_1_423' title='bbox 3124 1862 3190 1922; x_wconf 91' lang='lat' dir='ltr'><strong>in</strong></span> <span class='ocrx_word' id='word_1_424' title='bbox 3231 1878 3296 1923; x_wconf 91' lang='lat' dir='ltr'><strong>se</strong></span> <span class='ocrx_word' id='word_1_425' title='bbox 3337 1866 3504 1932; x_wconf 88' lang='lat' dir='ltr'><strong>sunt,</strong></span> <span class='ocrx_word' id='word_1_426' title='bbox 3535 1859 3681 1921; x_wconf 87' lang='lat' dir='ltr'><strong>sim-</strong></span> 
     </span>
     <span class='ocr_line' id='line_1_64' title="bbox 2117 1952 3680 2037; baseline -0.003 -21"><span class='ocrx_word' id='word_1_427' title='bbox 2117 1955 2312 2036; x_wconf 89' lang='lat' dir='ltr'><strong>plices</strong></span> <span class='ocrx_word' id='word_1_428' title='bbox 2345 1975 2513 2031; x_wconf 82' lang='lat' dir='ltr'><strong>esse3</strong></span> <span class='ocrx_word' id='word_1_429' title='bbox 2561 1962 2749 2037; x_wconf 90' lang='lat' dir='ltr'><strong>prout</strong></span> <span class='ocrx_word' id='word_1_430' title='bbox 2783 1960 2997 2016; x_wconf 89' lang='lat' dir='ltr'><strong>autem</strong></span> <span class='ocrx_word' id='word_1_431' title='bbox 3046 1960 3192 2017; x_wconf 90' lang='lat' dir='ltr'><strong>sunt</strong></span> <span class='ocrx_word' id='word_1_432' title='bbox 3236 1955 3301 2015; x_wconf 91' lang='lat' dir='ltr'><strong>in</strong></span> <span class='ocrx_word' id='word_1_433' title='bbox 3343 1952 3524 2015; x_wconf 88' lang='lat' dir='ltr'><strong>nobis</strong></span> <span class='ocrx_word' id='word_1_434' title='bbox 3569 1968 3680 2031; x_wconf 90' lang='lat' dir='ltr'><strong>per</strong></span> 
     </span>
     <span class='ocr_line' id='line_1_65' title="bbox 2117 2046 3679 2129; baseline -0.003 -19"><span class='ocrx_word' id='word_1_435' title='bbox 2117 2049 2328 2125; x_wconf 90' lang='lat' dir='ltr'><strong>fidem,</strong></span> <span class='ocrx_word' id='word_1_436' title='bbox 2359 2068 2495 2111; x_wconf 88' lang='lat' dir='ltr'><strong>esse</strong></span> <span class='ocrx_word' id='word_1_437' title='bbox 2520 2049 2902 2129; x_wconf 86' lang='lat' dir='ltr'><strong>complexas,</strong></span> <span class='ocrx_word' id='word_1_438' title='bbox 2928 2049 3141 2127; x_wconf 87' lang='lat' dir='ltr'><strong>utique</strong></span> <span class='ocrx_word' id='word_1_439' title='bbox 3171 2046 3679 2109; x_wconf 83' lang='lat' dir='ltr'><strong>denominatione</strong></span> 
     </span>
     <span class='ocr_line' id='line_1_66' title="bbox 2119 2139 3682 2219; baseline -0.003 -16"><span class='ocrx_word' id='word_1_440' title='bbox 2119 2143 2199 2204; x_wconf 91' lang='lat' dir='ltr'><strong>ab</strong></span> <span class='ocrx_word' id='word_1_441' title='bbox 2229 2144 2468 2205; x_wconf 89' lang='lat' dir='ltr'><strong>actibus</strong></span> <span class='ocrx_word' id='word_1_442' title='bbox 2513 2144 2762 2205; x_wconf 88' lang='lat' dir='ltr'><strong>nostris.</strong></span> <span class='ocrx_word' id='word_1_443' title='bbox 2811 2142 2989 2217; x_wconf 89' lang='lat' dir='ltr'><strong>Quod</strong></span> <span class='ocrx_word' id='word_1_444' title='bbox 3027 2148 3240 2203; x_wconf 89' lang='lat' dir='ltr'><strong>autem</strong></span> <span class='ocrx_word' id='word_1_445' title='bbox 3284 2139 3429 2202; x_wconf 89' lang='lat' dir='ltr'><strong>dicit</strong></span> <span class='ocrx_word' id='word_1_446' title='bbox 3468 2140 3682 2219; x_wconf 81' lang='lat' dir='ltr'><strong>hujus·</strong></span> 
     </span>
     <span class='ocr_line' id='line_1_67' title="bbox 2115 2232 3681 2317; baseline -0.003 -19"><span class='ocrx_word' id='word_1_447' title='bbox 2115 2236 2290 2298; x_wconf 87' lang='lat' dir='ltr'><strong>modi</strong></span> <span class='ocrx_word' id='word_1_448' title='bbox 2315 2256 2418 2299; x_wconf 87' lang='lat' dir='ltr'><strong>res</strong></span> <span class='ocrx_word' id='word_1_449' title='bbox 2458 2237 2524 2297; x_wconf 92' lang='lat' dir='ltr'><strong>in</strong></span> <span class='ocrx_word' id='word_1_450' title='bbox 2550 2254 2617 2298; x_wconf 89' lang='lat' dir='ltr'><strong>se</strong></span> <span class='ocrx_word' id='word_1_451' title='bbox 2647 2236 2962 2317; x_wconf 89' lang='lat' dir='ltr'><strong>simplices</strong></span> <span class='ocrx_word' id='word_1_452' title='bbox 2992 2253 3155 2308; x_wconf 89' lang='lat' dir='ltr'><strong>esse,</strong></span> <span class='ocrx_word' id='word_1_453' title='bbox 3181 2252 3309 2295; x_wconf 90' lang='lat' dir='ltr'><strong>non</strong></span> <span class='ocrx_word' id='word_1_454' title='bbox 3340 2240 3435 2296; x_wconf 89' lang='lat' dir='ltr'><strong>est</strong></span> <span class='ocrx_word' id='word_1_455' title='bbox 3455 2232 3681 2295; x_wconf 88' lang='lat' dir='ltr'><strong>intelli-</strong></span> 
     </span>
     <span class='ocr_line' id='line_1_68' title="bbox 2117 2327 3680 2409; baseline -0.002 -19"><span class='ocrx_word' id='word_1_456' title='bbox 2117 2330 2397 2409; x_wconf 88' lang='lat' dir='ltr'><strong>gendum</strong></span> <span class='ocrx_word' id='word_1_457' title='bbox 2442 2330 2880 2392; x_wconf 84' lang='lat' dir='ltr'><strong>universaliter</strong></span> <span class='ocrx_word' id='word_1_458' title='bbox 2929 2328 3008 2391; x_wconf 88' lang='lat' dir='ltr'><strong>de</strong></span> <span class='ocrx_word' id='word_1_459' title='bbox 3061 2327 3451 2409; x_wconf 85' lang='lat' dir='ltr'><strong>simplicitate</strong></span> <span class='ocrx_word' id='word_1_460' title='bbox 3472 2370 3488 2402; x_wconf 89' lang='lat'><strong>,</strong></span> <span class='ocrx_word' id='word_1_461' title='bbox 3543 2344 3680 2405; x_wconf 82' lang='lat' dir='ltr'><strong>quae</strong></span> 
     </span>
     <span class='ocr_line' id='line_1_69' title="bbox 2117 2420 3682 2503; baseline -0.003 -19"><span class='ocrx_word' id='word_1_462' title='bbox 2117 2424 2408 2486; x_wconf 85' lang='lat' dir='ltr'><strong>excludat</strong></span> <span class='ocrx_word' id='word_1_463' title='bbox 2455 2443 2708 2486; x_wconf 91' lang='lat' dir='ltr'><strong>omnem</strong></span> <span class='ocrx_word' id='word_1_464' title='bbox 2751 2422 3305 2503; x_wconf 81' lang='lat' dir='ltr'><strong>compositionem3</strong></span> <span class='ocrx_word' id='word_1_465' title='bbox 3351 2420 3470 2483; x_wconf 89' lang='lat' dir='ltr'><strong>hoc</strong></span> <span class='ocrx_word' id='word_1_466' title='bbox 3513 2420 3682 2481; x_wconf 89' lang='lat' dir='ltr'><strong>enim</strong></span> 
     </span>
     <span class='ocr_line' id='line_1_70' title="bbox 2112 2514 3682 2598; baseline -0.003 -20"><span class='ocrx_word' id='word_1_467' title='bbox 2112 2518 2438 2598; x_wconf 87' lang='lat' dir='ltr'><strong>proprium</strong></span> <span class='ocrx_word' id='word_1_468' title='bbox 2467 2525 2563 2580; x_wconf 87' lang='lat' dir='ltr'><strong>est</strong></span> <span class='ocrx_word' id='word_1_469' title='bbox 2588 2534 2806 2579; x_wconf 89' lang='lat' dir='ltr'><strong>earum</strong></span> <span class='ocrx_word' id='word_1_470' title='bbox 2830 2517 3165 2579; x_wconf 82' lang='lat' dir='ltr'><strong>veritatum</strong></span> <span class='ocrx_word' id='word_1_471' title='bbox 3194 2534 3333 2595; x_wconf 80' lang='lat' dir='ltr'><strong>quae</strong></span> <span class='ocrx_word' id='word_1_472' title='bbox 3357 2514 3438 2575; x_wconf 90' lang='lat' dir='ltr'><strong>ad</strong></span> <span class='ocrx_word' id='word_1_473' title='bbox 3465 2514 3682 2575; x_wconf 84' lang='lat' dir='ltr'><strong>divini-</strong></span> 
     </span>
     <span class='ocr_line' id='line_1_71' title="bbox 2109 2608 3684 2692; baseline -0.004 -19"><span class='ocrx_word' id='word_1_474' title='bbox 2109 2616 2302 2673; x_wconf 88' lang='lat' dir='ltr'><strong>tatem</strong></span> <span class='ocrx_word' id='word_1_475' title='bbox 2318 2612 2664 2692; x_wconf 82' lang='lat' dir='ltr'><strong>pertinent3</strong></span> <span class='ocrx_word' id='word_1_476' title='bbox 2693 2628 2844 2672; x_wconf 89' lang='lat' dir='ltr'><strong>nam</strong></span> <span class='ocrx_word' id='word_1_477' title='bbox 2861 2609 3008 2673; x_wconf 88' lang='lat' dir='ltr'><strong>huic</strong></span> <span class='ocrx_word' id='word_1_478' title='bbox 3038 2608 3454 2691; x_wconf 83' lang='lat' dir='ltr'><strong>complexioni</strong></span> <span class='ocrx_word' id='word_1_479' title='bbox 3481 2626 3494 2667; x_wconf 75' lang='grc' dir='ltr'><strong>ε</strong></span> <span class='ocrx_word' id='word_1_480' title='bbox 3511 2610 3684 2669; x_wconf 86' lang='lat' dir='ltr'><strong>Deus</strong></span> 
     </span>
     <span class='ocr_line' id='line_1_72' title="bbox 2109 2703 3682 2783; baseline -0.002 -19"><span class='ocrx_word' id='word_1_481' title='bbox 2109 2709 2206 2764; x_wconf 88' lang='lat' dir='ltr'><strong>est</strong></span> <span class='ocrx_word' id='word_1_482' title='bbox 2237 2704 2439 2765; x_wconf 88' lang='lat' dir='ltr'><strong>trinus</strong></span> <span class='ocrx_word' id='word_1_483' title='bbox 2469 2708 2531 2765; x_wconf 88' lang='lat' dir='ltr'><strong>et</strong></span> <span class='ocrx_word' id='word_1_484' title='bbox 2571 2722 2759 2779; x_wconf 67' lang='lat' dir='ltr'><strong>unus,</strong></span> <span class='ocrx_word' id='word_1_485' title='bbox 2809 2720 2913 2765; x_wconf 89' lang='lat' dir='ltr'><strong>res</strong></span> <span class='ocrx_word' id='word_1_486' title='bbox 2958 2703 3414 2783; x_wconf 90' lang='lat' dir='ltr'><strong>simplicissima</strong></span> <span class='ocrx_word' id='word_1_487' title='bbox 3455 2719 3682 2763; x_wconf 90' lang='lat' dir='ltr'><strong>secun-</strong></span> 
     </span>
     <span class='ocr_line' id='line_1_73' title="bbox 2109 2792 3680 2878; baseline -0.003 -19"><span class='ocrx_word' id='word_1_488' title='bbox 2109 2796 2263 2859; x_wconf 87' lang='lat' dir='ltr'><strong>dum</strong></span> <span class='ocrx_word' id='word_1_489' title='bbox 2288 2817 2355 2859; x_wconf 88' lang='lat' dir='ltr'><strong>se</strong></span> <span class='ocrx_word' id='word_1_490' title='bbox 2399 2796 2885 2878; x_wconf 83' lang='lat' dir='ltr'><strong>correspondet3</strong></span> <span class='ocrx_word' id='word_1_491' title='bbox 2917 2802 2982 2859; x_wconf 90' lang='lat' dir='ltr'><strong>at</strong></span> <span class='ocrx_word' id='word_1_492' title='bbox 3009 2814 3158 2858; x_wconf 83' lang='lat' dir='ltr'><strong>vero</strong></span> <span class='ocrx_word' id='word_1_493' title='bbox 3185 2796 3480 2857; x_wconf 81' lang='lat' dir='ltr'><strong>veritates</strong></span> <span class='ocrx_word' id='word_1_494' title='bbox 3503 2792 3680 2870; x_wconf 89' lang='lat' dir='ltr'><strong>fidei,</strong></span> 
     </span>
     <span class='ocr_line' id='line_1_74' title="bbox 2109 2887 3684 2973; baseline -0.003 -20"><span class='ocrx_word' id='word_1_495' title='bbox 2109 2910 2250 2973; x_wconf 83' lang='lat' dir='ltr'><strong>quae</strong></span> <span class='ocrx_word' id='word_1_496' title='bbox 2293 2892 2529 2972; x_wconf 83' lang='lat' dir='ltr'><strong>aliquid</strong></span> <span class='ocrx_word' id='word_1_497' title='bbox 2571 2895 2851 2953; x_wconf 89' lang='lat' dir='ltr'><strong>creatum</strong></span> <span class='ocrx_word' id='word_1_498' title='bbox 2900 2890 3242 2965; x_wconf 87' lang='lat' dir='ltr'><strong>continent,</strong></span> <span class='ocrx_word' id='word_1_499' title='bbox 3289 2887 3684 2969; x_wconf 87' lang='lat' dir='ltr'><strong>compositio·</strong></span> 
     </span>
     <span class='ocr_line' id='line_1_75' title="bbox 2107 2981 3684 3065; baseline -0.001 -20"><span class='ocrx_word' id='word_1_500' title='bbox 2107 3004 2259 3047; x_wconf 89' lang='lat' dir='ltr'><strong>nem</strong></span> <span class='ocrx_word' id='word_1_501' title='bbox 2293 2986 2530 3048; x_wconf 91' lang='lat' dir='ltr'><strong>realem</strong></span> <span class='ocrx_word' id='word_1_502' title='bbox 2568 2984 2903 3047; x_wconf 87' lang='lat' dir='ltr'><strong>admittunt</strong></span> <span class='ocrx_word' id='word_1_503' title='bbox 2948 2984 3178 3065; x_wconf 90' lang='lat' dir='ltr'><strong>inipso</strong></span> <span class='ocrx_word' id='word_1_504' title='bbox 3217 2982 3462 3063; x_wconf 83' lang='lat' dir='ltr'><strong>objecto</strong></span> <span class='ocrx_word' id='word_1_505' title='bbox 3488 3000 3504 3056; x_wconf 87' lang='lat'>;</span> <span class='ocrx_word' id='word_1_506' title='bbox 3535 2981 3684 3045; x_wconf 89' lang='lat' dir='ltr'><strong>dici-</strong></span> 
     </span>
     <span class='ocr_line' id='line_1_76' title="bbox 2109 3076 3683 3159; baseline -0.001 -20"><span class='ocrx_word' id='word_1_507' title='bbox 2109 3084 2211 3140; x_wconf 85' lang='lat' dir='ltr'><strong>tur</strong></span> <span class='ocrx_word' id='word_1_508' title='bbox 2238 3083 2452 3141; x_wconf 89' lang='lat' dir='ltr'><strong>tamen</strong></span> <span class='ocrx_word' id='word_1_509' title='bbox 2485 3078 2770 3158; x_wconf 84' lang='lat' dir='ltr'><strong>simplex,</strong></span> <span class='ocrx_word' id='word_1_510' title='bbox 2793 3085 2864 3138; x_wconf 90' lang='lat' dir='ltr'><strong>ut</strong></span> <span class='ocrx_word' id='word_1_511' title='bbox 2893 3076 3228 3159; x_wconf 89' lang='lat' dir='ltr'><strong>opponitur</strong></span> <span class='ocrx_word' id='word_1_512' title='bbox 3249 3076 3683 3157; x_wconf 87' lang='lat' dir='ltr'><strong>compositioni</strong></span> 
     </span>
     <span class='ocr_line' id='line_1_77' title="bbox 2109 3170 3682 3251; baseline -0.001 -18"><span class='ocrx_word' id='word_1_513' title='bbox 2109 3173 2360 3235; x_wconf 62' lang='lat' dir='ltr'><strong>mentis„</strong></span> <span class='ocrx_word' id='word_1_514' title='bbox 2396 3172 2575 3236; x_wconf 91' lang='lat' dir='ltr'><strong>Unde</strong></span> <span class='ocrx_word' id='word_1_515' title='bbox 2606 3171 2795 3234; x_wconf 88' lang='lat' dir='ltr'><strong>etiam</strong></span> <span class='ocrx_word' id='word_1_516' title='bbox 2825 3171 3026 3233; x_wconf 89' lang='lat' dir='ltr'><strong>obiter</strong></span> <span class='ocrx_word' id='word_1_517' title='bbox 3051 3170 3258 3233; x_wconf 89' lang='lat' dir='ltr'><strong>notari</strong></span> <span class='ocrx_word' id='word_1_518' title='bbox 3285 3175 3490 3251; x_wconf 86' lang='lat' dir='ltr'><strong>potest</strong></span> <span class='ocrx_word' id='word_1_519' title='bbox 3517 3170 3682 3231; x_wconf 88' lang='lat' dir='ltr'><strong>hanc</strong></span> 
     </span>
     <span class='ocr_line' id='line_1_78' title="bbox 2109 3262 3682 3348; baseline -0.004 -20"><span class='ocrx_word' id='word_1_520' title='bbox 2109 3266 2610 3348; x_wconf 84' lang='lat' dir='ltr'><strong>complexionem</strong></span> <span class='ocrx_word' id='word_1_521' title='bbox 2650 3266 2932 3327; x_wconf 89' lang='lat' dir='ltr'><strong>accidere</strong></span> <span class='ocrx_word' id='word_1_522' title='bbox 2956 3262 3105 3327; x_wconf 91' lang='lat' dir='ltr'><strong>fidei</strong></span> <span class='ocrx_word' id='word_1_523' title='bbox 3145 3270 3204 3326; x_wconf 87' lang='lat' dir='ltr'><strong>et</strong></span> <span class='ocrx_word' id='word_1_524' title='bbox 3231 3264 3474 3344; x_wconf 83' lang='lat' dir='ltr'><strong>objecto</strong></span> <span class='ocrx_word' id='word_1_525' title='bbox 3518 3262 3682 3343; x_wconf 81' lang='lat' dir='ltr'><strong>ejuS‚</strong></span> 
     </span>
     <span class='ocr_line' id='line_1_79' title="bbox 2108 3356 3689 3444; baseline -0.004 -22"><span class='ocrx_word' id='word_1_526' title='bbox 2108 3368 2295 3444; x_wconf 89' lang='lat' dir='ltr'><strong>prout</strong></span> <span class='ocrx_word' id='word_1_527' title='bbox 2319 3360 2384 3421; x_wconf 89' lang='lat' dir='ltr'><strong>in</strong></span> <span class='ocrx_word' id='word_1_528' title='bbox 2407 3360 2588 3422; x_wconf 88' lang='lat' dir='ltr'><strong>nobis</strong></span> <span class='ocrx_word' id='word_1_529' title='bbox 2613 3366 2728 3437; x_wconf 91' lang='lat' dir='ltr'><strong>est,</strong></span> <span class='ocrx_word' id='word_1_530' title='bbox 2752 3376 2902 3420; x_wconf 90' lang='lat' dir='ltr'><strong>nam</strong></span> <span class='ocrx_word' id='word_1_531' title='bbox 2933 3360 2996 3421; x_wconf 92' lang='lat' dir='ltr'><strong>in</strong></span> <span class='ocrx_word' id='word_1_532' title='bbox 3024 3358 3265 3441; x_wconf 85' lang='lat' dir='ltr'><strong>angelis</strong></span> <span class='ocrx_word' id='word_1_533' title='bbox 3289 3357 3423 3421; x_wconf 88' lang='lat' dir='ltr'><strong>sine</strong></span> <span class='ocrx_word' id='word_1_534' title='bbox 3452 3356 3557 3418; x_wconf 89' lang='lat' dir='ltr'><strong>illa</strong></span> <span class='ocrx_word' id='word_1_535' title='bbox 3587 3356 3689 3417; x_wconf 90' lang='lat' dir='ltr'><strong>in-</strong></span> 
     </span>
     <span class='ocr_line' id='line_1_80' title="bbox 2111 3456 2569 3536; baseline -0.002 -20"><span class='ocrx_word' id='word_1_536' title='bbox 2111 3456 2312 3516; x_wconf 85' lang='lat' dir='ltr'><strong>veniri</strong></span> <span class='ocrx_word' id='word_1_537' title='bbox 2343 3458 2569 3536; x_wconf 86' lang='lat' dir='ltr'><strong>potest.</strong></span> 
     </span>
    </p>

    <p class='ocr_par' dir='ltr' id='par_1_9' title="bbox 2110 3542 3705 5211">
     <span class='ocr_line' id='line_1_81' title="bbox 2194 3542 3690 3627; baseline -0.002 -20"><span class='ocrx_word' id='word_1_538' title='bbox 2194 3548 2258 3610; x_wconf 73' lang='lat'><strong>2.</strong></span> <span class='ocrx_word' id='word_1_539' title='bbox 2299 3546 2582 3611; x_wconf 78' lang='lat' dir='ltr'><strong>Secunda</strong></span> <span class='ocrx_word' id='word_1_540' title='bbox 2637 3546 2914 3609; x_wconf 79' lang='lat' dir='ltr'><strong>assertio.</strong></span> <span class='ocrx_word' id='word_1_541' title='bbox 2937 3576 3019 3591; x_wconf 89' lang='lat'><em>-</em></span> <span class='ocrx_word' id='word_1_542' title='bbox 3049 3542 3344 3627; x_wconf 66' lang='lat' dir='ltr'><strong>Triplici-o</strong></span> <span class='ocrx_word' id='word_1_543' title='bbox 3376 3542 3522 3623; x_wconf 76' lang='lat' dir='ltr'><strong>fidei</strong></span> <span class='ocrx_word' id='word_1_544' title='bbox 3557 3542 3690 3605; x_wconf 74' lang='lat' dir='ltr'><strong>dis·</strong></span> 
     </span>
     <span class='ocr_line' id='line_1_82' title="bbox 2113 3634 3692 3720; baseline -0.006 -15"><span class='ocrx_word' id='word_1_545' title='bbox 2113 3640 2327 3705; x_wconf 79' lang='lat' dir='ltr'><strong>tinctio</strong></span> <span class='ocrx_word' id='word_1_546' title='bbox 2348 3640 2786 3704; x_wconf 71' lang='lat' dir='ltr'><strong>hoereticorum.</strong></span> <span class='ocrx_word' id='word_1_547' title='bbox 2808 3670 2891 3683; x_wconf 94' lang='lat'><strong>—</strong></span> <span class='ocrx_word' id='word_1_548' title='bbox 2913 3638 3330 3720; x_wconf 72' lang='lat' dir='ltr'><strong>Impuqnatar</strong></span> <span class='ocrx_word' id='word_1_549' title='bbox 3357 3653 3430 3699; x_wconf 74' lang='lat' dir='ltr'><strong>eo:</strong></span> <span class='ocrx_word' id='word_1_550' title='bbox 3459 3634 3692 3719; x_wconf 77' lang='lat' dir='ltr'><strong>Scrip-</strong></span> 
     </span>
     <span class='ocr_line' id='line_1_83' title="bbox 2115 3730 3689 3805; baseline -0.005 -8"><span class='ocrx_word' id='word_1_551' title='bbox 2115 3740 2281 3799; x_wconf 79' lang='lat' dir='ltr'><strong>twra.</strong></span> <span class='ocrx_word' id='word_1_552' title='bbox 2341 3764 2423 3779; x_wconf 89' lang='lat'><em>-</em></span> <span class='ocrx_word' id='word_1_553' title='bbox 2476 3732 2764 3795; x_wconf 88' lang='lat' dir='ltr'><strong>Secundo</strong></span> <span class='ocrx_word' id='word_1_554' title='bbox 2791 3778 2805 3805; x_wconf 93' lang='lat'>‚</span> <span class='ocrx_word' id='word_1_555' title='bbox 2866 3730 3201 3792; x_wconf 85' lang='lat' dir='ltr'><strong>dicendum</strong></span> <span class='ocrx_word' id='word_1_556' title='bbox 3244 3736 3339 3792; x_wconf 88' lang='lat' dir='ltr'><strong>est</strong></span> <span class='ocrx_word' id='word_1_557' title='bbox 3385 3730 3689 3791; x_wconf 84' lang='lat' dir='ltr'><strong>veritates</strong></span> 
     </span>
     <span class='ocr_line' id='line_1_84' title="bbox 2116 3823 3692 3906; baseline -0.004 -18"><span class='ocrx_word' id='word_1_558' title='bbox 2116 3826 2473 3906; x_wconf 84' lang='lat' dir='ltr'><strong>complexas</strong></span> <span class='ocrx_word' id='word_1_559' title='bbox 2517 3826 2661 3887; x_wconf 90' lang='lat' dir='ltr'><strong>fidei</strong></span> <span class='ocrx_word' id='word_1_560' title='bbox 2703 3826 2908 3887; x_wconf 76' lang='lat' dir='ltr'><strong>varias</strong></span> <span class='ocrx_word' id='word_1_561' title='bbox 2940 3842 3102 3898; x_wconf 87' lang='lat' dir='ltr'><strong>esse,</strong></span> <span class='ocrx_word' id='word_1_562' title='bbox 3140 3842 3217 3885; x_wconf 84' lang='lat' dir='ltr'><strong>ex</strong></span> <span class='ocrx_word' id='word_1_563' title='bbox 3266 3823 3554 3884; x_wconf 90' lang='lat' dir='ltr'><strong>omnibus</strong></span> <span class='ocrx_word' id='word_1_564' title='bbox 3593 3828 3692 3883; x_wconf 89' lang='lat' dir='ltr'><strong>ta-</strong></span> 
     </span>
     <span class='ocr_line' id='line_1_85' title="bbox 2115 3914 3693 3997; baseline -0.005 -15"><span class='ocrx_word' id='word_1_565' title='bbox 2115 3940 2263 3983; x_wconf 91' lang='lat' dir='ltr'><strong>men</strong></span> <span class='ocrx_word' id='word_1_566' title='bbox 2290 3920 2547 3982; x_wconf 89' lang='lat' dir='ltr'><strong>conssari</strong></span> <span class='ocrx_word' id='word_1_567' title='bbox 2568 3937 2768 3981; x_wconf 89' lang='lat' dir='ltr'><strong>unum</strong></span> <span class='ocrx_word' id='word_1_568' title='bbox 2794 3918 3110 3997; x_wconf 89' lang='lat' dir='ltr'><strong>objectum</strong></span> <span class='ocrx_word' id='word_1_569' title='bbox 3132 3917 3316 3979; x_wconf 86' lang='lat' dir='ltr'><strong>unius</strong></span> <span class='ocrx_word' id='word_1_570' title='bbox 3337 3914 3509 3989; x_wconf 85' lang='lat' dir='ltr'><strong>fidei,</strong></span> <span class='ocrx_word' id='word_1_571' title='bbox 3533 3914 3693 3994; x_wconf 87' lang='lat' dir='ltr'><strong>quia</strong></span> 
     </span>
     <span class='ocr_line' id='line_1_86' title="bbox 2116 4009 3696 4076; baseline -0.004 0"><span class='ocrx_word' id='word_1_572' title='bbox 2116 4033 2336 4076; x_wconf 90' lang='lat' dir='ltr'><strong>omnes</strong></span> <span class='ocrx_word' id='word_1_573' title='bbox 2363 4015 2741 4076; x_wconf 86' lang='lat' dir='ltr'><strong>conveniunt</strong></span> <span class='ocrx_word' id='word_1_574' title='bbox 2767 4014 2832 4074; x_wconf 91' lang='lat' dir='ltr'><strong>in</strong></span> <span class='ocrx_word' id='word_1_575' title='bbox 2864 4012 3086 4074; x_wconf 89' lang='lat' dir='ltr'><strong>eadem</strong></span> <span class='ocrx_word' id='word_1_576' title='bbox 3109 4030 3180 4073; x_wconf 89' lang='lat' dir='ltr'><strong>re</strong></span> <span class='ocrx_word' id='word_1_577' title='bbox 3208 4009 3508 4072; x_wconf 89' lang='lat' dir='ltr'><strong>credibili.</strong></span> <span class='ocrx_word' id='word_1_578' title='bbox 3539 4010 3696 4070; x_wconf 83' lang='lat' dir='ltr'><strong>Haec</strong></span> 
     </span>
     <span class='ocr_line' id='line_1_87' title="bbox 2117 4102 3698 4188; baseline -0.004 -19"><span class='ocrx_word' id='word_1_579' title='bbox 2117 4107 2375 4172; x_wconf 89' lang='lat' dir='ltr'><strong>assertio</strong></span> <span class='ocrx_word' id='word_1_580' title='bbox 2400 4107 2627 4188; x_wconf 87' lang='lat' dir='ltr'><strong>partim</strong></span> <span class='ocrx_word' id='word_1_581' title='bbox 2647 4107 2901 4187; x_wconf 88' lang='lat' dir='ltr'><strong>ponitur</strong></span> <span class='ocrx_word' id='word_1_582' title='bbox 2921 4105 3002 4167; x_wconf 91' lang='lat' dir='ltr'><strong>ad</strong></span> <span class='ocrx_word' id='word_1_583' title='bbox 3043 4102 3473 4185; x_wconf 81' lang='lat' dir='ltr'><strong>explicandam</strong></span> <span class='ocrx_word' id='word_1_584' title='bbox 3512 4120 3698 4164; x_wconf 89' lang='lat' dir='ltr'><strong>com-</strong></span> 
     </span>
     <span class='ocr_line' id='line_1_88' title="bbox 2114 4196 3698 4283; baseline -0.004 -19"><span class='ocrx_word' id='word_1_585' title='bbox 2114 4201 2470 4283; x_wconf 88' lang='lat' dir='ltr'><strong>plexionem</strong></span> <span class='ocrx_word' id='word_1_586' title='bbox 2511 4200 2702 4279; x_wconf 85' lang='lat' dir='ltr'><strong>hujus</strong></span> <span class='ocrx_word' id='word_1_587' title='bbox 2733 4199 2985 4279; x_wconf 86' lang='lat' dir='ltr'><strong>objecti,</strong></span> <span class='ocrx_word' id='word_1_588' title='bbox 3016 4197 3244 4278; x_wconf 85' lang='lat' dir='ltr'><strong>partim</strong></span> <span class='ocrx_word' id='word_1_589' title='bbox 3281 4201 3537 4279; x_wconf 88' lang='lat' dir='ltr'><strong>propter</strong></span> <span class='ocrx_word' id='word_1_590' title='bbox 3562 4196 3698 4257; x_wconf 85' lang='lat' dir='ltr'><strong>hae-</strong></span> 
     </span>
     <span class='ocr_line' id='line_1_89' title="bbox 2117 4287 3699 4374; baseline -0.005 -17"><span class='ocrx_word' id='word_1_591' title='bbox 2117 4296 2344 4359; x_wconf 85' lang='lat' dir='ltr'><strong>reticos</strong></span> <span class='ocrx_word' id='word_1_592' title='bbox 2372 4293 2561 4374; x_wconf 80' lang='lat' dir='ltr'><strong>hujus</strong></span> <span class='ocrx_word' id='word_1_593' title='bbox 2592 4292 2924 4373; x_wconf 85' lang='lat' dir='ltr'><strong>temporis;</strong></span> <span class='ocrx_word' id='word_1_594' title='bbox 2961 4290 3046 4351; x_wconf 89' lang='lat' dir='ltr'><strong>illi</strong></span> <span class='ocrx_word' id='word_1_595' title='bbox 3090 4292 3259 4352; x_wconf 92' lang='lat' dir='ltr'><strong>enim</strong></span> <span class='ocrx_word' id='word_1_596' title='bbox 3303 4296 3430 4351; x_wconf 88' lang='lat' dir='ltr'><strong>tres</strong></span> <span class='ocrx_word' id='word_1_597' title='bbox 3471 4287 3699 4351; x_wconf 88' lang='lat' dir='ltr'><strong>distin-</strong></span> 
     </span>
     <span class='ocr_line' id='line_1_90' title="bbox 2117 4384 3698 4471; baseline -0.004 -22"><span class='ocrx_word' id='word_1_598' title='bbox 2117 4392 2319 4471; x_wconf 87' lang='lat' dir='ltr'><strong>guunt</strong></span> <span class='ocrx_word' id='word_1_599' title='bbox 2342 4388 2522 4465; x_wconf 85' lang='lat' dir='ltr'><strong>fides,</strong></span> <span class='ocrx_word' id='word_1_600' title='bbox 2565 4406 2724 4467; x_wconf 87' lang='lat' dir='ltr'><strong>quas</strong></span> <span class='ocrx_word' id='word_1_601' title='bbox 2751 4392 2978 4449; x_wconf 85' lang='lat' dir='ltr'><strong>vocant</strong></span> <span class='ocrx_word' id='word_1_602' title='bbox 3007 4386 3388 4456; x_wconf 85' lang='lat' dir='ltr'><strong>historicam,</strong></span> <span class='ocrx_word' id='word_1_603' title='bbox 3415 4384 3698 4447; x_wconf 80' lang='lat' dir='ltr'><strong>miraeu-</strong></span> 
     </span>
     <span class='ocr_line' id='line_1_91' title="bbox 2115 4475 3700 4561; baseline -0.005 -18"><span class='ocrx_word' id='word_1_604' title='bbox 2115 4484 2320 4545; x_wconf 89' lang='lat' dir='ltr'><strong>lorum</strong></span> <span class='ocrx_word' id='word_1_605' title='bbox 2365 4489 2427 4543; x_wconf 86' lang='lat' dir='ltr'><strong>et</strong></span> <span class='ocrx_word' id='word_1_606' title='bbox 2469 4479 2990 4561; x_wconf 87' lang='lat' dir='ltr'><strong>promissionum;</strong></span> <span class='ocrx_word' id='word_1_607' title='bbox 3041 4486 3102 4542; x_wconf 87' lang='lat' dir='ltr'><strong>et</strong></span> <span class='ocrx_word' id='word_1_608' title='bbox 3145 4480 3309 4541; x_wconf 90' lang='lat' dir='ltr'><strong>hanc</strong></span> <span class='ocrx_word' id='word_1_609' title='bbox 3339 4478 3592 4539; x_wconf 86' lang='lat' dir='ltr'><strong>tertiam</strong></span> <span class='ocrx_word' id='word_1_610' title='bbox 3622 4475 3700 4536; x_wconf 89' lang='lat' dir='ltr'><strong>in</strong></span> 
     </span>
     <span class='ocr_line' id='line_1_92' title="bbox 2117 4572 3698 4656; baseline -0.004 -18"><span class='ocrx_word' id='word_1_611' title='bbox 2117 4577 2274 4643; x_wconf 85' lang='lat' dir='ltr'><strong>duas</strong></span> <span class='ocrx_word' id='word_1_612' title='bbox 2311 4576 2841 4656; x_wconf 86' lang='lat' dir='ltr'><strong>subdistinguunt,</strong></span> <span class='ocrx_word' id='word_1_613' title='bbox 2899 4574 3154 4649; x_wconf 85' lang='lat' dir='ltr'><strong>scilicet,</strong></span> <span class='ocrx_word' id='word_1_614' title='bbox 3187 4574 3252 4635; x_wconf 91' lang='lat' dir='ltr'><strong>in</strong></span> <span class='ocrx_word' id='word_1_615' title='bbox 3293 4572 3698 4655; x_wconf 87' lang='lat' dir='ltr'><strong>generalem,</strong></span> 
     </span>
     <span class='ocr_line' id='line_1_93' title="bbox 2114 4665 3694 4751; baseline -0.004 -20"><span class='ocrx_word' id='word_1_616' title='bbox 2114 4689 2254 4751; x_wconf 82' lang='lat' dir='ltr'><strong>quae</strong></span> <span class='ocrx_word' id='word_1_617' title='bbox 2289 4672 2386 4731; x_wconf 88' lang='lat' dir='ltr'><strong>est</strong></span> <span class='ocrx_word' id='word_1_618' title='bbox 2415 4669 2493 4732; x_wconf 91' lang='lat' dir='ltr'><strong>de</strong></span> <span class='ocrx_word' id='word_1_619' title='bbox 2513 4665 2970 4731; x_wconf 76' lang='lat' dir='ltr'><strong>universalibus</strong></span> <span class='ocrx_word' id='word_1_620' title='bbox 2993 4666 3535 4747; x_wconf 88' lang='lat' dir='ltr'><strong>promissionibus,</strong></span> <span class='ocrx_word' id='word_1_621' title='bbox 3564 4672 3640 4726; x_wconf 90' lang='lat' dir='ltr'><strong>ut</strong></span> <span class='ocrx_word' id='word_1_622' title='bbox 3677 4684 3694 4724; x_wconf 90' lang='lat'><strong>:</strong></span> 
     </span>
     <span class='ocr_line' id='line_1_94' title="bbox 2119 4758 3702 4843; baseline -0.003 -18"><span class='ocrx_word' id='word_1_623' title='bbox 2119 4762 2236 4839; x_wconf 79' lang='lat' dir='ltr'><strong>Qui</strong></span> <span class='ocrx_word' id='word_1_624' title='bbox 2258 4762 2604 4839; x_wconf 74' lang='lat' dir='ltr'><strong>crediderit,</strong></span> <span class='ocrx_word' id='word_1_625' title='bbox 2623 4768 2681 4826; x_wconf 79' lang='lat' dir='ltr'><strong>ot</strong></span> <span class='ocrx_word' id='word_1_626' title='bbox 2699 4762 3034 4843; x_wconf 76' lang='lat' dir='ltr'><strong>baptizatus</strong></span> <span class='ocrx_word' id='word_1_627' title='bbox 3053 4761 3265 4840; x_wconf 75' lang='lat' dir='ltr'><strong>faerit,</strong></span> <span class='ocrx_word' id='word_1_628' title='bbox 3286 4758 3500 4823; x_wconf 72' lang='lat' dir='ltr'><strong>salvus</strong></span> <span class='ocrx_word' id='word_1_629' title='bbox 3521 4760 3654 4822; x_wconf 77' lang='lat' dir='ltr'><strong>erit</strong></span> <span class='ocrx_word' id='word_1_630' title='bbox 3669 4784 3702 4832; x_wconf 86' lang='lat'><strong>‚-</strong></span> 
     </span>
     <span class='ocr_line' id='line_1_95' title="bbox 2116 4854 3705 4937; baseline -0.003 -18"><span class='ocrx_word' id='word_1_631' title='bbox 2116 4862 2179 4920; x_wconf 90' lang='lat' dir='ltr'><strong>et</strong></span> <span class='ocrx_word' id='word_1_632' title='bbox 2213 4857 2571 4937; x_wconf 90' lang='lat' dir='ltr'><strong>specialem,</strong></span> <span class='ocrx_word' id='word_1_633' title='bbox 2599 4874 2724 4935; x_wconf 86' lang='lat' dir='ltr'><strong>qua</strong></span> <span class='ocrx_word' id='word_1_634' title='bbox 2754 4854 3188 4935; x_wconf 85' lang='lat' dir='ltr'><strong>unusquisque</strong></span> <span class='ocrx_word' id='word_1_635' title='bbox 3215 4854 3447 4934; x_wconf 83' lang='lat' dir='ltr'><strong>justuS,</strong></span> <span class='ocrx_word' id='word_1_636' title='bbox 3491 4858 3563 4915; x_wconf 87' lang='lat' dir='ltr'><strong>ut</strong></span> <span class='ocrx_word' id='word_1_637' title='bbox 3596 4856 3705 4915; x_wconf 83' lang='lat' dir='ltr'><strong>ta-</strong></span> 
     </span>
     <span class='ocr_line' id='line_1_96' title="bbox 2114 4944 3705 5025; baseline -0.003 -14"><span class='ocrx_word' id='word_1_638' title='bbox 2114 4950 2192 5012; x_wconf 90' lang='lat' dir='ltr'><strong>lis</strong></span> <span class='ocrx_word' id='word_1_639' title='bbox 2222 4952 2322 5025; x_wconf 89' lang='lat' dir='ltr'><strong>sit,</strong></span> <span class='ocrx_word' id='word_1_640' title='bbox 2358 4949 2701 5012; x_wconf 87' lang='lat' dir='ltr'><strong>formaliter</strong></span> <span class='ocrx_word' id='word_1_641' title='bbox 2729 4948 2986 5010; x_wconf 91' lang='lat' dir='ltr'><strong>credere</strong></span> <span class='ocrx_word' id='word_1_642' title='bbox 3030 4948 3219 5010; x_wconf 87' lang='lat' dir='ltr'><strong>debet</strong></span> <span class='ocrx_word' id='word_1_643' title='bbox 3261 4944 3380 5008; x_wconf 91' lang='lat' dir='ltr'><strong>sibi</strong></span> <span class='ocrx_word' id='word_1_644' title='bbox 3421 4963 3563 5009; x_wconf 86' lang='lat' dir='ltr'><strong>esse</strong></span> <span class='ocrx_word' id='word_1_645' title='bbox 3595 4962 3705 5007; x_wconf 85' lang='lat' dir='ltr'><strong>re-</strong></span> 
     </span>
     <span class='ocr_line' id='line_1_97' title="bbox 2112 5040 3704 5123; baseline -0.001 -21"><span class='ocrx_word' id='word_1_646' title='bbox 2112 5043 2304 5103; x_wconf 87' lang='lat' dir='ltr'><strong>missa</strong></span> <span class='ocrx_word' id='word_1_647' title='bbox 2328 5048 2612 5123; x_wconf 89' lang='lat' dir='ltr'><strong>peccata,</strong></span> <span class='ocrx_word' id='word_1_648' title='bbox 2645 5048 2706 5105; x_wconf 88' lang='lat' dir='ltr'><strong>et</strong></span> <span class='ocrx_word' id='word_1_649' title='bbox 2729 5049 3217 5104; x_wconf 89' lang='lat' dir='ltr'><strong>consecuturum</strong></span> <span class='ocrx_word' id='word_1_650' title='bbox 3247 5058 3387 5102; x_wconf 87' lang='lat' dir='ltr'><strong>esse</strong></span> <span class='ocrx_word' id='word_1_651' title='bbox 3418 5040 3704 5121; x_wconf 83' lang='lat' dir='ltr'><strong>gloriam</strong></span> 
     </span>
     <span class='ocr_line' id='line_1_98' title="bbox 2110 5132 3703 5211; baseline -0.002 -14"><span class='ocrx_word' id='word_1_652' title='bbox 2110 5135 2534 5211; x_wconf 83' lang='lat' dir='ltr'><strong>infallibiliter,</strong></span> <span class='ocrx_word' id='word_1_653' title='bbox 2568 5140 2631 5197; x_wconf 89' lang='lat' dir='ltr'><strong>et</strong></span> <span class='ocrx_word' id='word_1_654' title='bbox 2679 5136 2844 5196; x_wconf 90' lang='lat' dir='ltr'><strong>hanc</strong></span> <span class='ocrx_word' id='word_1_655' title='bbox 2893 5132 3176 5197; x_wconf 89' lang='lat' dir='ltr'><strong>ultimam</strong></span> <span class='ocrx_word' id='word_1_656' title='bbox 3221 5140 3448 5196; x_wconf 83' lang='lat' dir='ltr'><strong>vocant</strong></span> <span class='ocrx_word' id='word_1_657' title='bbox 3491 5132 3703 5195; x_wconf 86' lang='lat' dir='ltr'><strong>fidem</strong></span> 
     </span>
    </p>
   </div>
   <div class='ocr_carea' id='block_1_9' title="bbox 457 5210 3707 5309">
    <p class='ocr_par' dir='ltr' id='par_1_10' title="bbox 457 5210 3707 5309">
     <span class='ocr_line' id='line_1_99' title="bbox 457 5210 3707 5309; baseline -0.001 -18"><span class='ocrx_word' id='word_1_658' title='bbox 457 5210 616 5291; x_wconf 76' lang='lat' dir='ltr'><strong>fides</strong></span> <span class='ocrx_word' id='word_1_659' title='bbox 668 5226 1026 5289; x_wconf 86' lang='lat' dir='ltr'><strong>immediate</strong></span> <span class='ocrx_word' id='word_1_660' title='bbox 1087 5226 1324 5301; x_wconf 87' lang='lat' dir='ltr'><strong>credit,</strong></span> <span class='ocrx_word' id='word_1_661' title='bbox 1384 5244 1520 5288; x_wconf 87' lang='lat' dir='ltr'><strong>esse</strong></span> <span class='ocrx_word' id='word_1_662' title='bbox 1575 5226 1813 5306; x_wconf 82' lang='lat' dir='ltr'><strong>aliquid</strong></span> <span class='ocrx_word' id='word_1_663' title='bbox 1864 5244 2030 5289; x_wconf 90' lang='lat' dir='ltr'><strong>com·</strong></span> <span class='ocrx_word' id='word_1_664' title='bbox 2105 5228 2581 5308; x_wconf 85' lang='lat' dir='ltr'><strong>justificantem3</strong></span> <span class='ocrx_word' id='word_1_665' title='bbox 2607 5229 2720 5291; x_wconf 89' lang='lat' dir='ltr'><strong>sed</strong></span> <span class='ocrx_word' id='word_1_666' title='bbox 2745 5234 2971 5309; x_wconf 86' lang='lat' dir='ltr'><strong>praeter</strong></span> <span class='ocrx_word' id='word_1_667' title='bbox 2997 5228 3167 5289; x_wconf 89' lang='lat' dir='ltr'><strong>hunc</strong></span> <span class='ocrx_word' id='word_1_668' title='bbox 3193 5226 3485 5289; x_wconf 80' lang='lat' dir='ltr'><strong>ultImum</strong></span> <span class='ocrx_word' id='word_1_669' title='bbox 3515 5244 3707 5289; x_wconf 89' lang='lat' dir='ltr'><strong>erro-</strong></span> 
     </span>
    </p>
   </div>
   <div class='ocr_carea' id='block_1_10' title="bbox 450 5318 2032 5680">
    <p class='ocr_par' dir='ltr' id='par_1_11' title="bbox 450 5318 2032 5680">
     <span class='ocr_line' id='line_1_100' title="bbox 456 5318 2029 5403; baseline -0.002 -21"><span class='ocrx_word' id='word_1_670' title='bbox 456 5322 744 5403; x_wconf 79' lang='lat' dir='ltr'><strong>plexum3</strong></span> <span class='ocrx_word' id='word_1_671' title='bbox 780 5326 875 5381; x_wconf 90' lang='lat' dir='ltr'><strong>est</strong></span> <span class='ocrx_word' id='word_1_672' title='bbox 903 5320 1071 5381; x_wconf 90' lang='lat' dir='ltr'><strong>enim</strong></span> <span class='ocrx_word' id='word_1_673' title='bbox 1098 5319 1327 5381; x_wconf 84' lang='lat' dir='ltr'><strong>veritas</strong></span> <span class='ocrx_word' id='word_1_674' title='bbox 1357 5318 1683 5393; x_wconf 87' lang='lat' dir='ltr'><strong>catholica,</strong></span> <span class='ocrx_word' id='word_1_675' title='bbox 1718 5319 1838 5394; x_wconf 90' lang='lat' dir='ltr'><strong>cui,</strong></span> <span class='ocrx_word' id='word_1_676' title='bbox 1862 5337 2029 5381; x_wconf 88' lang='lat' dir='ltr'><strong>com-</strong></span> 
     </span>
     <span class='ocr_line' id='line_1_101' title="bbox 454 5412 2032 5497; baseline -0.002 -19"><span class='ocrx_word' id='word_1_677' title='bbox 454 5414 749 5497; x_wconf 87' lang='lat' dir='ltr'><strong>ponendo</strong></span> <span class='ocrx_word' id='word_1_678' title='bbox 801 5412 903 5475; x_wconf 77' lang='lat' dir='ltr'><strong>vel</strong></span> <span class='ocrx_word' id='word_1_679' title='bbox 962 5413 1295 5475; x_wconf 84' lang='lat' dir='ltr'><strong>dividendo</strong></span> <span class='ocrx_word' id='word_1_680' title='bbox 1330 5461 1345 5489; x_wconf 93' lang='lat'><strong>,</strong></span> <span class='ocrx_word' id='word_1_681' title='bbox 1404 5414 1756 5475; x_wconf 88' lang='lat' dir='ltr'><strong>intellectus</strong></span> <span class='ocrx_word' id='word_1_682' title='bbox 1816 5420 2032 5475; x_wconf 87' lang='lat' dir='ltr'><strong>noster</strong></span> 
     </span>
     <span class='ocr_line' id='line_1_102' title="bbox 454 5508 2025 5588; baseline 0.001 -19"><span class='ocrx_word' id='word_1_683' title='bbox 454 5510 689 5588; x_wconf 83' lang='lat' dir='ltr'><strong>praebet</strong></span> <span class='ocrx_word' id='word_1_684' title='bbox 731 5525 1081 5569; x_wconf 82' lang='lat' dir='ltr'><strong>assensum.</strong></span> <span class='ocrx_word' id='word_1_685' title='bbox 1119 5508 1211 5568; x_wconf 86' lang='lat' dir='ltr'><strong>Ita</strong></span> <span class='ocrx_word' id='word_1_686' title='bbox 1253 5508 1321 5568; x_wconf 88' lang='lat' dir='ltr'><strong>D.</strong></span> <span class='ocrx_word' id='word_1_687' title='bbox 1369 5509 1643 5569; x_wconf 87' lang='lat' dir='ltr'><strong>Thomas</strong></span> <span class='ocrx_word' id='word_1_688' title='bbox 1678 5508 1802 5583; x_wconf 90' lang='lat' dir='ltr'><strong>hic,</strong></span> <span class='ocrx_word' id='word_1_689' title='bbox 1846 5508 2025 5570; x_wconf 87' lang='lat' dir='ltr'><strong>artic.</strong></span> 
     </span>
     <span class='ocr_line' id='line_1_103' title="bbox 450 5598 2032 5680; baseline -0.003 -15"><span class='ocrx_word' id='word_1_690' title='bbox 450 5604 511 5680; x_wconf 78' lang='lat'><strong>2,</strong></span> <span class='ocrx_word' id='word_1_691' title='bbox 542 5607 604 5665; x_wconf 91' lang='lat' dir='ltr'><strong>ct</strong></span> <span class='ocrx_word' id='word_1_692' title='bbox 646 5598 869 5680; x_wconf 86' lang='lat' dir='ltr'><strong>reliqui</strong></span> <span class='ocrx_word' id='word_1_693' title='bbox 912 5598 1283 5676; x_wconf 83' lang='lat' dir='ltr'><strong>scholastici,</strong></span> <span class='ocrx_word' id='word_1_694' title='bbox 1323 5602 1388 5662; x_wconf 89' lang='lat' dir='ltr'><strong>in</strong></span> <span class='ocrx_word' id='word_1_695' title='bbox 1434 5604 1494 5677; x_wconf 87' lang='lat'><strong>3,</strong></span> <span class='ocrx_word' id='word_1_696' title='bbox 1536 5598 1807 5663; x_wconf 84' lang='lat' dir='ltr'><strong>distinct.</strong></span> <span class='ocrx_word' id='word_1_697' title='bbox 1842 5603 1921 5663; x_wconf 75' lang='lat'><strong>23</strong></span> <span class='ocrx_word' id='word_1_698' title='bbox 1971 5606 2032 5663; x_wconf 86' lang='lat' dir='ltr'><strong>ct</strong></span> 
     </span>
    </p>
   </div>
   <div class='ocr_carea' id='block_1_11' title="bbox 2110 5321 3708 5683">
    <p class='ocr_par' dir='ltr' id='par_1_12' title="bbox 2110 5321 3708 5683">
     <span class='ocr_line' id='line_1_104' title="bbox 2110 5321 3708 5404; baseline -0.001 -21"><span class='ocrx_word' id='word_1_699' title='bbox 2110 5340 2245 5383; x_wconf 93' lang='lat' dir='ltr'><strong>rem</strong></span> <span class='ocrx_word' id='word_1_700' title='bbox 2286 5322 2364 5383; x_wconf 93' lang='lat' dir='ltr'><strong>de</strong></span> <span class='ocrx_word' id='word_1_701' title='bbox 2389 5323 2509 5384; x_wconf 89' lang='lat' dir='ltr'><strong>hac</strong></span> <span class='ocrx_word' id='word_1_702' title='bbox 2542 5321 2666 5385; x_wconf 88' lang='lat' dir='ltr'><strong>fide</strong></span> <span class='ocrx_word' id='word_1_703' title='bbox 2699 5322 2976 5404; x_wconf 90' lang='lat' dir='ltr'><strong>speciali,</strong></span> <span class='ocrx_word' id='word_1_704' title='bbox 3010 5322 3118 5401; x_wconf 85' lang='lat' dir='ltr'><strong>qui</strong></span> <span class='ocrx_word' id='word_1_705' title='bbox 3159 5321 3567 5403; x_wconf 57' lang='lat' dir='ltr'><strong>Mpugnatus</strong></span> <span class='ocrx_word' id='word_1_706' title='bbox 3597 5326 3708 5382; x_wconf 87' lang='lat' dir='ltr'><strong>est</strong></span> 
     </span>
     <span class='ocr_line' id='line_1_105' title="bbox 2110 5414 3708 5495; baseline -0.001 -20"><span class='ocrx_word' id='word_1_707' title='bbox 2110 5414 2176 5475; x_wconf 90' lang='lat' dir='ltr'><strong>in</strong></span> <span class='ocrx_word' id='word_1_708' title='bbox 2199 5416 2461 5477; x_wconf 88' lang='lat' dir='ltr'><strong>materia</strong></span> <span class='ocrx_word' id='word_1_709' title='bbox 2494 5414 2573 5477; x_wconf 88' lang='lat' dir='ltr'><strong>de</strong></span> <span class='ocrx_word' id='word_1_710' title='bbox 2603 5414 2836 5490; x_wconf 87' lang='lat' dir='ltr'><strong>Gratia,</strong></span> <span class='ocrx_word' id='word_1_711' title='bbox 2872 5415 2978 5477; x_wconf 90' lang='lat' dir='ltr'><strong>lib.</strong></span> <span class='ocrx_word' id='word_1_712' title='bbox 3033 5416 3094 5489; x_wconf 85' lang='lat'><strong>8,</strong></span> <span class='ocrx_word' id='word_1_713' title='bbox 3122 5433 3259 5495; x_wconf 86' lang='lat' dir='ltr'><strong>cap.</strong></span> <span class='ocrx_word' id='word_1_714' title='bbox 3310 5414 3422 5490; x_wconf 78' lang='lat'><strong>16,</strong></span> <span class='ocrx_word' id='word_1_715' title='bbox 3474 5419 3708 5476; x_wconf 86' lang='lat' dir='ltr'><strong>errant</strong></span> 
     </span>
     <span class='ocr_line' id='line_1_106' title="bbox 2110 5506 3706 5589; baseline -0.001 -18"><span class='ocrx_word' id='word_1_716' title='bbox 2110 5515 2415 5587; x_wconf 79' lang='lat' dir='ltr'><strong>praetcrea</strong></span> <span class='ocrx_word' id='word_1_717' title='bbox 2452 5508 2925 5589; x_wconf 87' lang='lat' dir='ltr'><strong>multiplicando</strong></span> <span class='ocrx_word' id='word_1_718' title='bbox 2955 5508 3136 5581; x_wconf 79' lang='lat' dir='ltr'><strong>fideS,</strong></span> <span class='ocrx_word' id='word_1_719' title='bbox 3169 5526 3314 5569; x_wconf 90' lang='lat' dir='ltr'><strong>cum</strong></span> <span class='ocrx_word' id='word_1_720' title='bbox 3339 5506 3572 5570; x_wconf 89' lang='lat' dir='ltr'><strong>Paulus</strong></span> <span class='ocrx_word' id='word_1_721' title='bbox 3603 5506 3706 5569; x_wconf 89' lang='lat' dir='ltr'><strong>di-</strong></span> 
     </span>
     <span class='ocr_line' id='line_1_107' title="bbox 2113 5600 3702 5683; baseline -0.001 -20"><span class='ocrx_word' id='word_1_722' title='bbox 2113 5607 2212 5664; x_wconf 88' lang='lat' dir='ltr'><strong>cat</strong></span> <span class='ocrx_word' id='word_1_723' title='bbox 2246 5619 2260 5663; x_wconf 75' lang='grc' dir='ltr'><strong>ε</strong></span> <span class='ocrx_word' id='word_1_724' title='bbox 2307 5602 2476 5667; x_wconf 72' lang='lat' dir='ltr'><strong>Unus</strong></span> <span class='ocrx_word' id='word_1_725' title='bbox 2521 5602 2840 5681; x_wconf 75' lang='lat' dir='ltr'><strong>Dominus,</strong></span> <span class='ocrx_word' id='word_1_726' title='bbox 2869 5620 2995 5667; x_wconf 79' lang='lat' dir='ltr'><strong>una</strong></span> <span class='ocrx_word' id='word_1_727' title='bbox 3017 5604 3190 5683; x_wconf 75' lang='lat' dir='ltr'><strong>fides,</strong></span> <span class='ocrx_word' id='word_1_728' title='bbox 3227 5600 3310 5663; x_wconf 89' lang='lat' dir='ltr'><strong>ad</strong></span> <span class='ocrx_word' id='word_1_729' title='bbox 3339 5600 3570 5682; x_wconf 75' lang='lat' dir='ltr'><strong>EpheS.</strong></span> <span class='ocrx_word' id='word_1_730' title='bbox 3610 5600 3702 5677; x_wconf 69' lang='lat'><strong>43</strong></span> 
     </span>
    </p>
   </div>
   <div class='ocr_carea' id='block_1_12' title="bbox 3886 3128 3888 4223">
    <p class='ocr_par' dir='ltr' id='par_1_13' title="bbox 3886 3128 3888 4223">
     <span class='ocr_line' id='line_1_108' title="bbox 3886 3128 3888 4223; baseline 0 0"><span class='ocrx_word' id='word_1_731' title='bbox 3886 3128 3888 4223; x_wconf 95' lang='lat' dir='ltr'><strong> </strong></span> 
     </span>
    </p>
   </div>
  </div>
 </body>
</html>
