3900 6217
514 384 631 447 126

510 490 793 553 Messium
811 506 833 568 3
864 508 991 553 non
1029 499 1237 557 tamen
1268 497 1529 559 credunt
1553 499 1687 577 jam
1717 498 1982 575 venisse,
2015 504 2080 559 et

511 586 599 647 ita
664 592 873 647 errant
918 586 985 647 in
1026 588 1160 667 ejus
1200 608 1457 669 persona
1485 607 1506 669 3
1570 592 1856 654 Haeretici
1928 610 2078 655 vero

510 684 845 759 utrumque
882 685 1321 743 testamentum
1360 684 1725 760 admittunt,
1770 693 1833 747 et
1874 687 1940 748 in
1971 704 2080 748 ve-

508 791 652 833 rum
682 771 994 835 Christum
1026 792 1091 835 se
1118 775 1364 838 credere
1392 778 1786 857 profitentur,
1832 782 1900 841 in
1940 782 2076 860 ejus

510 872 719 928 tamen
772 868 1050 929 doctrina
1090 868 1358 931 multum
1408 878 1637 933 errant.
1684 875 1881 952 Igitur
1929 894 2076 937 cum

510 959 771 1039 singulis
812 962 1130 1041 speciebus
1156 963 1380 1025 harum
1408 974 1713 1029 sectarum
1752 986 2076 1051 compara·-

510 1053 597 1114 tio
627 1053 911 1117 facienda
938 1061 1049 1121 est.

512 1296 898 1377 Comparatio
925 1301 1069 1379 fidei
1099 1300 1469 1365 Christiana
1494 1305 1576 1367 ad
1604 1306 2069 1385 Paganismum.

586 1530 647 1589 2.
694 1529 933 1605 Pn'mo,
978 1531 1173 1610 quoad
1195 1548 1377 1595 unam
1419 1534 1551 1613 ejus
1576 1536 1849 1613 spectem,
1880 1534 2072 1597 idolo-

506 1621 780 1684 latriam.
811 1652 895 1669 --
923 1623 1097 1685 Circa
1130 1624 1403 1704 primum
1436 1626 1867 1689 subdistinctio
1894 1628 2072 1690 adhi-

503 1713 637 1776 beri
664 1721 897 1794 potest3
926 1734 1071 1777 nam
1100 1718 1264 1779 inter
1292 1736 1587 1799 paganos,
1619 1720 1732 1782 sub
1758 1720 1883 1782 illis
1908 1722 2070 1785 Gen·

504 1807 641 1869 tiles
662 1808 1265 1889 comprehendendO,
1294 1813 1545 1891 quidam
1568 1818 1713 1875 sunt
1740 1815 1847 1893 qui
1872 1832 2070 1877 unum

504 1902 697 1963 Deum
747 1920 869 1963 non
920 1911 1286 1982 agnoscunt,
1328 1906 1433 1967 sed
1481 1907 1685 1986 plures
1726 1908 1971 1985 colunt3
2009 1914 2072 1969 et

503 1995 861 2075 hujusmodi
884 2002 1030 2057 sunt
1054 1996 1416 2075 idololatras,
1446 2018 1591 2060 cum
1621 2001 1846 2081 quibus
1876 2002 2071 2064 facilis

503 2095 597 2149 est
622 2095 685 2149 et
716 2090 1001 2169 expedita
1042 2090 1403 2170 disputati03
1448 2110 1618 2169 nam,
1662 2100 1734 2155 ut
1760 2095 1921 2156 dixit
1945 2096 2073 2157 Au-

505 2184 812 2261 gustinus,
856 2184 901 2243 l.
944 2186 1021 2245 12
1060 2184 1214 2246 Gen.
1263 2186 1337 2247 a]
1386 2186 1534 2263 litt„
1576 2206 1709 2268 cap.
1750 2194 1828 2250 14
1862 2208 1878 2251 ε
1920 2191 2072 2254 Cum

503 2278 585 2339 ad
618 2278 855 2357 aliquid
893 2280 1268 2358 pervenitur,
1318 2283 1473 2360 quod
1512 2289 1595 2344 est
1642 2290 1847 2346 contra
1899 2286 2074 2349 bon-os

502 2388 714 2445 mores,
744 2390 861 2433 uon
904 2390 1187 2450 massaum
1216 2380 1301 2435 esc
1343 2381 1485 2437 tunc
1509 2376 1737 2453 salsam
1776 2384 1992 2440 sectam
2029 2396 2068 2442 a

502 2482 641 2526 vera
688 2465 1056 2538 discernens,-
1106 2466 1273 2544 quia,
1328 2472 1399 2527 ut
1448 2484 1633 2547 snpra
1687 2470 2064 2550 dicebamus,

502 2574 647 2618 vera
691 2548 845 2618 'fides
892 2574 1019 2618 non
1051 2562 1251 2638 potest
1292 2576 1421 2621 esse
1470 2561 1693 2621 rationi
1730 2566 2064 2642 contraria,

501 2652 741 2713 etiamsi
770 2670 955 2730 supra
982 2650 1151 2713 illam
1182 2653 1291 2729 sit3
1318 2660 1379 2715 et
1409 2653 1549 2715 ideo
1574 2672 1699 2716 non
1732 2663 1929 2735 potest
1956 2658 2067 2719 ali-

502 2744 651 2824 quid
678 2744 1023 2825 approbare
1048 2746 1214 2826 quod
1250 2748 1333 2809 sit
1360 2756 1571 2809 contra
1604 2748 1795 2810 bonos
1838 2768 2064 2829 mores,

498 2840 839 2900 secundum
874 2847 1108 2902 rectam
1136 2847 1199 2902 et
1224 2841 1577 2904 evidentem
1618 2844 1924 2907 rationem
1955 2866 2067 2907 na-

498 2934 785 2995 turalem.
815 2936 895 2995 At
922 2952 1067 2995 vero
1094 2924 1311 2998 omnes
1335 2942 1513 2998 sectae
1539 2936 1877 2999 Gentilium
1902 2940 2068 3002 idola

498 3028 857 3103 colentium,
891 3028 957 3089 in
992 3026 1207 3089 multis
1234 3036 1489 3109 peccant
1514 3038 1727 3093 contra
1760 3034 2066 3096 rationem

498 3122 845 3183 naturalem
868 3168 887 3198 ‚
942 3140 1080 3201 quoe
1136 3122 1384 3183 illorum
1438 3130 1621 3185 seetoe
1678 3126 2025 3205 approbant
2043 3142 2064 3206 ;

497 3232 643 3275 nam
676 3214 981 3295 imprimis
1010 3214 1273 3296 i1.sa1net
1301 3215 1671 3293 idololatria,
1702 3224 1765 3280 et
1789 3219 2066 3299 plurium

497 3308 765 3369 Deorum
786 3306 1022 3388 opinio,
1044 3316 1137 3369 est
1154 3314 1371 3369 contra
1390 3310 1739 3373 evidentem
1760 3314 2066 3375 rationem

496 3400 882 3475 naturalem3
920 3406 985 3461 et
1022 3400 1247 3463 deinde
1293 3402 1423 3465 fere
1466 3420 1680 3465 omnes
1728 3404 2068 3468 admittunt

497 3494 623 3555 alia
660 3494 857 3555 multa
887 3494 1213 3557 manifeste
1238 3513 1430 3576 prava
1462 3498 1805 3560 secundum
1831 3506 2064 3563 rectam

494 3590 834 3664 rationem3
874 3588 1041 3670 qnod
1070 3596 1511 3669 argumentum
1558 3592 1784 3654 sufficit
1830 3600 1900 3655 ut
1946 3594 2064 3655 hu-

488 3681 763 3759 jusmodi
799 3689 976 3743 sectae
1002 3683 1127 3743 sint
1156 3682 1572 3761 incredibiles,
1604 3691 1669 3747 et
1708 3685 1796 3747 ita
1822 3705 1897 3747 eo
1932 3706 2064 3749 ma-

492 3776 661 3837 xime
686 3781 947 3837 utuntur
970 3777 1167 3838 sanet-i
1194 3777 1420 3853 Patres,
1444 3777 1825 3858 disputantes
1848 3791 2063 3843 contra

493 3869 785 3945 Gentiles„
828 3874 891 3931 et
932 3874 1148 3930 eontra
1195 3870 1385 3948 Idola,
1436 3877 1507 3932 nt
1552 3870 1759 3934 videre
1806 3872 1950 3941 lieet
1995 3875 2063 3935 in

492 3962 762 4039 Justino,
796 3964 862 4024 in
893 3962 1070 4043 Apol.
1080 3986 1098 4039 ;
1140 3964 1469 4045 cypriano,
1500 3971 1663 4029 cont.
1712 3966 1887 4044 idol.;
1916 3969 2063 4030 Ter·

493 4056 779 4135 tullian0,
824 4058 893 4118 in
925 4057 1217 4139 Apolog.‚
1262 4064 1325 4119 et
1365 4058 1539 4137 aliis;
1588 4066 1649 4121 et
1690 4060 1825 4122 hoec
1868 4062 2062 4123 etiam

491 4150 651 4212 ratio
679 4150 844 4213 valet
868 4158 1087 4213 eontra
1112 4168 1329 4213 omnes
1350 4153 1637 4232 antiquos
1664 4152 2062 4235 Philosophos

492 4252 797 4307 eteorum
830 4250 1057 4323 sectas3
1085 4247 1266 4327 pauci
1296 4247 1467 4309 enim
1494 4247 1744 4309 illorum
1779 4255 1924 4310 sunt
1950 4250 2061 4330 qui

492 4357 689 4401 unum
736 4358 956 4401 verum
991 4341 1186 4403 Deum
1232 4341 1636 4420 agnoverint3
1670 4347 1733 4402 et
1780 4342 1834 4403 si
1867 4342 2063 4423 aliqui

490 4432 669 4494 illum
706 4438 1153 4513 cognoverunt,
1190 4451 1307 4496 mm
1342 4432 1523 4497 illum
1568 4434 2064 4516 qlorifioaverunt

490 4526 653 4590 sicut
684 4528 899 4601 Deum,
932 4533 1041 4590 aut
1081 4529 1325 4607 θνα-βίαι
1370 4533 1641 4611 eqerunt,
1672 4535 1745 4589 ut
1780 4529 1868 4591 ait
1906 4531 2061 4591 Pau-

490 4620 610 4697 lus,
644 4622 721 4683 ad
760 4624 941 4685 Rom.
989 4625 1049 4698 1,
1082 4623 1229 4702 quia
1258 4622 1355 4683 vel
1391 4625 1556 4685 eirca
1598 4624 1703 4686 Dei
1732 4626 2062 4704 providen-

491 4714 669 4791 tiam,
724 4715 823 4776 vel
876 4716 1035 4777 eirca
1086 4732 1296 4777 veram
1355 4714 1627 4778 hominis
1676 4718 2056 4795 felicitatem,

491 4806 763 4867 muitum
792 4812 1107 4883 errarunt3
1137 4807 1303 4869 unde
1329 4808 1515 4871 etiam
1542 4809 1607 4870 in
1638 4808 1793 4871 alios
1821 4828 2060 4872 errores

491 4904 555 4960 et
584 4900 731 4960 vitia
757 4900 1024 4979 prolapsi
1061 4913 1231 4977 sunt,
1263 4908 1335 4963 ut
1375 4902 1769 4983 prosequitur
1808 4902 2055 4982 PauluS,

490 4996 677 5055 citato
703 4994 873 5071 10003
904 4996 1004 5056 eni
1032 4996 1259 5057 rationi
1288 4996 1643 5059 addendum
1670 5005 1762 5059 est
1789 4999 1855 5059 in
1884 4999 2059 5061 nulla

490 5088 849 5167 hujusmodi
875 5094 1037 5151 secta
1064 5089 1337 5151 inveniri
1377 5107 1451 5151 ea
1478 5090 1832 5153 testimonia
1859 5093 2058 5153 eredi-

488 5180 770 5258 bilitatis,
820 5200 959 5262 quae
1006 5200 1120 5245 nos
1168 5184 1565 5259 adduximus,
1611 5202 1813 5265 neque
1854 5185 2058 5246 multo

488 5274 678 5337 etiam
706 5276 1038 5355 inferiora3
1082 5294 1233 5357 ergo
1260 5278 1435 5339 nulle
1475 5284 1677 5359 potest
1714 5276 1853 5340 fieri
1878 5297 2052 5340 eom-

486 5369 727 5449 paratio
776 5370 993 5431 talium
1040 5376 1346 5432 sectarum
1369 5417 1389 5446 ,
1442 5390 1585 5433 cum
1630 5379 1858 5433 nostras
1906 5372 2058 5434 fidei

486 5462 918 5528 credibilitate.
966 5466 1141 5528 Unde
1182 5466 1589 5544 Augustinus,
1637 5466 1747 5526 lib.
1785 5466 1861 5527 de
1896 5468 2058 5528 Vera

486 5556 810 5636 religione,
842 5578 977 5639 cap.
1012 5561 1074 5636 3,
1104 5558 1418 5621 concludit
1454 5560 1617 5639 quod
1647 5559 1699 5619 si
1730 5558 1924 5635 Plato,
1955 5559 2056 5621 vel

1096 390 1333 447 msru'r.
1368 394 1451 449 w.
1489 398 1569 449 ΒΕ
1600 398 2046 452 Pnoposl‘noNE
2079 398 2326 453 omnen
2360 400 2522 455 me
2557 402 2978 463 surmctsNTE,
3015 400 3151 456 mc,

2159 498 2318 561 alius
2363 500 2582 563 similis
2633 502 3057 583 philosophus,
3107 503 3460 565 testimonia
3501 508 3738 564 nostrae

2159 594 2305 657 fidei
2335 599 2792 675 cognovissent,
2825 598 2956 658 sine
2983 596 3173 658 dubio
3204 598 3630 659 credidissent.

2240 690 2300 750 3.
2341 690 2642 767 Seoundo,
2672 692 2871 773 quoad
2893 692 3146 755 arceram
3177 692 3450 771 speciem,
3483 700 3732 763 sectam,

2159 782 2404 858 seilicet,
2438 784 2790 847 Mahometi.
2807 816 2888 829 --
2909 785 3044 845 Alia
3065 784 3260 845 veluti
3289 785 3520 864 species
3541 784 3738 863 hujus

2157 878 2404 955 generis
2437 876 2842 953 infidelitatis,
2872 884 2967 939 est
2995 896 3131 957 quae
3161 880 3408 959 proprie
3437 880 3738 958 Peg-anis-

2157 986 2300 1030 mus
2333 968 2597 1049 dicitur;
2623 971 2710 1031 sic
2743 971 2910 1031 enim
2937 970 3334 1051 appellantur
3355 972 3462 1053 qui
3492 984 3732 1032 sectam

2153 1062 2490 1125 Mahometi
2529 1071 2914 1143 sequuntur3
2959 1084 3106 1125 nam
3149 1064 3240 1125 illi
3287 1084 3482 1129 unum
3527 1066 3732 1128 Deum

2157 1156 2565 1234 confitentur,
2615 1163 2679 1221 et
2727 1158 2905 1219 illum
2953 1177 3020 1221 se
3065 1156 3262 1221 colere
3315 1158 3729 1239 profitentur3

2155 1250 2372 1312 eodem
2401 1257 2612 1313 tamen
2639 1258 3008 1331 argumento
3033 1270 3238 1313 errare
3265 1252 3734 1314 convincuntur

2157 1342 2222 1403 in
2253 1361 2364 1405 sua
2407 1343 2654 1424 speciali
2695 1351 2882 1420 secta,
2915 1351 3048 1407 tum
3098 1347 3246 1424 qnia
3293 1345 3490 1406 multa
3531 1345 3734 1407 ctiam

2153 1436 2228 1497 ad
2239 1437 2494 1497 mittunt
2513 1436 2744 1498 rationi
2767 1438 3099 1513 contraria,
3123 1444 3190 1498 et
3209 1438 3439 1517 turpia,
3463 1444 3534 1497 ιιι
3555 1437 3733 1519 qnod

2151 1528 2414 1591 felicitas
2457 1530 2537 1591 sit
2581 1531 2650 1591 in
2689 1530 3104 1613 voluptatibus
3153 1532 3450 1612 corporis,
3487 1538 3550 1592 et
3597 1532 3732 1591 alia

2151 1642 2292 1705 quae
2317 1626 2656 1705 prudenter
2679 1626 2893 1687 referri
2921 1644 3046 1687 non
3077 1633 3332 1707 possunt
3354 1644 3376 1705 3
3401 1632 3463 1688 et
3490 1626 3567 1688 de
3597 1626 3733 1687 illis

2151 1719 2351 1781 vida-ri
2373 1725 2572 1799 potest
2601 1719 2869 1796 Medina,
2895 1720 3003 1782 lib.
3037 1725 3062 1781 l
3101 1721 3177 1780 de
3204 1722 3390 1782 Recta
3419 1720 3482 1781 in
3522 1722 3730 1781 Deum

2152 1811 2300 1887 fide,
2331 1830 2468 1892 cap.
2512 1814 2575 1888 4,
2607 1812 2714 1873 ubi
2751 1814 2941 1875 etiam
2981 1814 3252 1875 ostendit
3277 1814 3346 1874 in
3388 1814 3728 1889 AlcoranO,

2151 1924 2336 1985 quam
2387 1906 2506 1986 ipsi
2559 1913 2632 1968 ut
2681 1925 2858 1968 suam
2913 1908 3282 1987 scripturam
3337 1905 3677 1968 admittunt
3701 1952 3726 1982 ,

2151 2000 2382 2061 multas
2421 2020 2552 2063 esse
2597 2003 3113 2064 ‹outradietiones
3159 2016 3222 2063 et
3271 2002 3730 2063 inconstantiae

2153 2094 2220 2155 in
2243 2094 2545 2172 doctrina,
2571 2114 2712 2176 quae
2737 2095 3072 2157 ostendunt
3097 2096 3422 2157 manifeste
3461 2098 3592 2175 ejus
3623 2098 3727 2157 in·-

2153 2188 2646 2251 credibilitatrm.
2691 2190 2944 2251 Accedit
2982 2191 3168 2251 etiam
3203 2189 3368 2269 quod
3396 2196 3612 2250 auctor
3641 2188 3726 2249 il-

2150 2283 2272 2345 lius
2299 2290 2476 2345 sectae
2505 2282 2742 2345 nullam
2771 2284 2991 2344 habuit
3017 2286 3444 2345 auctoritatem
3471 2280 3593 2343 fide
3621 2284 3724 2343 di-

2152 2394 2365 2456 gnam,
2401 2378 2594 2439 etiam
2636 2377 2928 2439 humana.
2959 2378 3138 2451 Nam,
3171 2384 3236 2437 ut
3265 2394 3594 2437 commune
3627 2383 3725 2438 cst

2149 2472 2213 2533 in
2246 2471 2540 2546 histor-HS,
2577 2472 2696 2533 fuit
2725 2472 2912 2532 homo
2945 2470 3269 2550 imperitus
3299 2476 3361 2531 et
3401 2470 3563 2530 vitiis
3607 2470 3726 2532 de·

2148 2564 2335 2625 ditus.
2389 2563 2778 2625 Credibilitas
2829 2570 3042 2625 autem
3095 2563 3394 2625 doetrinae
3445 2562 3726 2625 multum

2147 2658 2377 2739 pendet
2415 2676 2494 2719 ex
2531 2657 2836 2738 ‘qualitate
2879 2658 3066 2737 primi
3099 2656 3364 2717 doctoris
3407 2656 3560 2737 ejus,
3605 2674 3726 2718 scu

2149 2751 2335 2831 primi
2359 2752 2780 2832 proponentia.
2803 2753 2882 2811 Et
2903 2750 3035 2812 hree
3053 2751 3212 2811 ratio
3231 2750 3498 2811 multum
3523 2752 3724 2811 etiam

2145 2845 2313 2907 valet
2363 2852 2580 2907 contra
2627 2850 2822 2907 sectas
2864 2862 3397 2925 quorumcumque
3447 2842 3728 2924 philoso—

2147 2939 2445 3020 phorum3
2489 2956 2633 3000 nam
2669 2945 2948 3001 auctores
2975 2957 3188 2999 cerum
3219 2936 3584 3016 regulariter
3621 2937 3728 2997 vi-

2149 3034 2250 3095 tiis
2273 3034 2534 3115 subjecti
2573 3030 2846 3109 suerunt,
2869 3050 3006 3113 qnae
3037 3031 3304 3112 plurima
3343 3038 3404 3093 et
3435 3033 3728 3092 enormia

2150 3127 2376 3189 Paulus
2407 3132 2683 3188 recenset
2733 3126 2802 3187 in
2837 3122 3000 3186 dicta
3031 3124 3223 3205 Epist.
3270 3123 3346 3185 ad
3377 3125 3553 3185 Rom.
3561 3170 3582 3201 ‚
3633 3124 3726 3185 ab

2147 3218 2270 3280 illis
2295 3219 2500 3281 verbis
2531 3236 2549 3280 ε
2583 3220 2848 3301 Propter
2885 3218 3043 3301 quod
3073 3218 3338 3281 tradidit
3373 3218 3514 3281 illos
3545 3218 3726 3282 Deus

2143 3312 2213 3374 in
2257 3312 2574 3385 desideria,
2609 3318 2755 3389 etc„
2800 3327 2996 3392 usque
3031 3311 3110 3372 ad
3156 3310 3264 3372 fin.
3316 3308 3528 3391 capit.;
3558 3318 3622 3370 et
3664 3310 3726 3371 si

2145 3408 2284 3488 quis
2315 3406 2562 3467 videtur
2588 3405 2769 3467 bonis
2797 3405 3074 3467 moribus
3103 3404 3314 3479 fuisse,
3349 3404 3566 3465 saltem
3595 3404 3724 3465 hu—

2145 3517 2398 3565 manam
2430 3499 2691 3579 gloriam
2731 3506 2792 3561 et
2827 3499 3162 3561 vanitatem
3188 3496 3534 3559 affectabat.
3563 3498 3726 3559 Pro·

2144 3599 2282 3675 pter
2319 3594 2484 3675 quod
2522 3593 2680 3654 dixit
2719 3592 3124 3671 Augustinus„
3163 3591 3207 3653 l.
3255 3594 3294 3653 3
3319 3597 3516 3652 contr.
3557 3590 3726 3652 Aca-

2143 3688 2338 3764 dam.‚
2384 3686 2568 3769 capit.
2603 3686 2715 3749 ult.
2724 3732 2745 3763 ,
2789 3684 3024 3749 nullius
3066 3685 3497 3747 auctoritatem
3531 3703 3724 3765 posse

2143 3799 2286 3842 cum
2325 3780 2550 3842 Christi
2595 3780 2964 3841 anctoritate
3016 3777 3382 3859 comparari.
3433 3776 3726 3857 Denique

2142 3875 2446 3936 motivum
2471 3872 2648 3949 illud,
2673 3872 2840 3953 quod
2865 3872 2944 3934 de
2971 3872 3286 3933 miraculis
3309 3870 3720 3947 adduximus,

2144 3984 2440 4046 magnam
2487 3964 2828 4028 efficaciam
2873 3964 3066 4027 habet
3107 3968 3324 4028 contra
3353 3982 3566 4026 omnes
3597 3962 3724 4025 has

2141 4067 2355 4136 sectas,
2388 4060 2518 4122 sive
2551 4061 2967 4138 Paganorum,
2999 4059 3130 4121 sive
3155 4058 3519 4134 Gentilium,
3559 4058 3726 4138 quia

2142 4152 2315 4214 nulla
2340 4152 2490 4214 talia
2517 4150 2598 4214 ab
2633 4153 2722 4215 eis
2749 4150 2888 4215 fieri
2917 4158 3251 4233 potuerunt
3261 4166 3283 4229 3
3321 4152 3484 4231 qnod
3513 4152 3564 4212 si
3605 4152 3724 4213 in-

2141 4246 2388 4309 terdum
2417 4236 2626 4327 eliqua
2653 4246 2884 4309 similia
2913 4245 3150 4326 fingere
3176 4246 3313 4308 ausi
3339 4252 3508 4323 sunt,
3537 4244 3728 4306 falsi-

2147 4343 2288 4403 tatis
2334 4347 2396 4403 et
2437 4340 2813 4421 deceptionis
2858 4340 3042 4403 facile
3091 4346 3236 4402 sunt
3289 4338 3577 4416 convicti,
3639 4347 3724 4400 ut

2145 4434 2356 4495 Patres
2404 4452 2592 4514 supra
2645 4432 2898 4513 allegati
2953 4434 3306 4495 ostendunt.
3361 4432 3722 4512 Prophetiae

2143 4527 2414 4608 denique
2437 4526 2872 4607 mysteriorum
2900 4533 3126 4589 nostrae
3153 4526 3299 4588 fidei
3327 4544 3430 4588 eos
3453 4532 3724 4605 possunt

2143 4621 2524 4683 sufficienter
2567 4620 2957 4697 convincere,
3006 4626 3142 4681 tum
3193 4620 3339 4701 quia
3390 4618 3533 4681 licet
3577 4636 3720 4680 non

2140 4715 2475 4777 admittant
2508 4719 2687 4777 vetus
2718 4715 3180 4776 Testamentum
3217 4721 3518 4794 tanquam
3547 4712 3721 4773 divi-

2140 4826 2289 4871 nam
2346 4809 2728 4890 Scripturam
2754 4854 2775 4884 ‚
2833 4806 3244 4869 nihilominus
3299 4824 3524 4886 negare
3573 4824 3718 4868 non

2140 4908 2398 4983 possunt
2431 4902 2622 4965 fnisse
2671 4903 2970 4983 seriptum
3021 4907 3166 4963 ante
3211 4900 3438 4963 Christi
3476 4900 3718 4962 adven-

2139 5004 2297 5059 tum.
2323 4998 2402 5058 Et
2425 4996 2566 5059 ideo
2593 5002 2814 5058 notant
2840 4996 3052 5057 Patres
3077 4995 3291 5057 divina
3317 4992 3718 5075 providentia

2137 5091 2372 5152 factum
2401 5108 2555 5167 esse,
2583 5092 2748 5152 utin
2775 5106 3046 5171 graeeam
3073 5088 3352 5169 linguam
3389 5092 3720 5149 converte-

2135 5191 2334 5262 retur,
2363 5194 2437 5246 nt
2473 5189 2676 5265 posset
2703 5185 2892 5245 etiam
2921 5182 3130 5244 valere
3167 5182 3244 5243 ad
3276 5180 3534 5263 gentiles
3559 5198 3717 5240 con-

2136 5279 2491 5352 vincendos,
2519 5284 2590 5339 ut
2619 5283 2794 5339 notat
2825 5275 3145 5351 Eusebius,
3177 5275 3222 5337 l.
3255 5278 3293 5337 5
3323 5274 3398 5336 de
3443 5274 3716 5335 Demon-

2135 5376 2309 5434 strat.
2318 5390 2339 5450 3
2370 5372 2774 5451 Augustinus,
2819 5369 2862 5431 l.
2895 5370 2938 5430 8
2971 5369 3048 5430 de
3091 5368 3247 5445 Civ„
3297 5386 3351 5429 c.
3379 5368 3463 5429 42
3495 5373 3558 5427 et
3584 5368 3670 5428 46
3685 5383 3710 5444 3

2137 5472 2200 5527 et
2229 5467 2516 5541 Irenoeus,
2544 5464 2588 5524 l.
2613 5466 2677 5540 3,
2703 5482 2759 5525 e.
2792 5464 2901 5540 253
2931 5468 3066 5523 tum
3093 5463 3285 5523 etiam
3321 5461 3470 5541 quia
3497 5478 3576 5521 ex
3603 5480 3713 5522 ea-

2133 5560 2278 5621 dem
2335 5560 2441 5621 Dei
2496 5559 2886 5639 providentia
2931 5560 3042 5631 est,
3095 5562 3166 5618 nt
3211 5558 3380 5617 inter
3431 5553 3712 5617 Gentiles
