3900 6217
553 354 675 415 320

553 457 751 518 alium
791 454 1192 533 haereticum3
1217 463 1357 517 tum
1385 454 1532 534 quia
1557 456 1824 517 Ecclesia
1861 455 1940 518 de
1967 455 2123 517 inte-

552 549 822 613 rioribus
845 567 954 612 seu
976 549 1230 612 occultis
1252 546 1787 626 minimejudicat;
1814 556 1949 610 tum
1976 548 2125 629 quia

553 662 685 704 non
731 643 941 705 minus
987 648 1239 703 noceret
1285 641 1570 703 Ecclesiae
1619 640 1760 705 talis
1815 641 2121 719 Pontifex,

554 754 742 817 quam
771 736 823 797 si
851 742 1009 797 esset
1039 753 1220 795 verus
1247 733 1600 796 haereticus.
1623 734 1798 797 Unde
1825 736 1878 797 si
1907 736 1973 797 in
2002 736 2123 797 hae-

554 830 676 890 resi
707 828 1080 927 persisteret
1092 847 1286 909 usque
1327 827 1406 889 ad
1438 828 2019 891 condemnationem
2061 834 2127 891 et

558 922 1027 1001 depositionem,
1045 898 1506 1002 quantumlibet
1527 922 1784 983 interius
1799 941 2123 1003 nunquam

555 1015 860 1077 amisisset
878 1014 1092 1091 fidem,
1115 1017 1422 1077 sententia
1442 1012 1696 1091 valeret,
1714 1014 2124 1095 effectumque

555 1108 926 1169 sortiretur:
980 1126 1180 1187 neque
1228 1107 1304 1168 de
1350 1107 1514 1168 illius
1552 1106 1732 1169 dictis
1779 1110 2123 1170 curandum

556 1205 740 1272 esset,
773 1198 1072 1281 quidquid
1113 1207 1490 1263 asseveraret
1519 1218 1584 1261 se
1609 1218 1936 1283 nunquam
1966 1203 2125 1265 inte·

552 1294 684 1356 rius
710 1292 899 1355 fidem
936 1294 1278 1372 negavisse.

641 1388 737 1448 14.
786 1384 998 1449 Tertia
1049 1389 1333 1464 assertio,
1382 1392 1452 1453 de
1494 1407 1617 1471 qua
1656 1390 1765 1453 lib.
1811 1392 1874 1465 4,
1907 1396 2122 1455 contra

555 1480 792 1554 Jacob„
848 1499 982 1562 cap.
1038 1481 1198 1541 6.-
1226 1483 1371 1545 Dico
1409 1491 1666 1563 quarto:
1701 1492 1878 1545 extra
1906 1502 2122 1545 casum

555 1573 831 1649 haeresis,
865 1590 992 1635 non
1015 1584 1215 1654 potest
1244 1594 1424 1637 verus
1449 1583 1512 1637 et
1550 1576 1938 1639 indubitatus
1960 1579 2124 1639 Pon-

554 1668 731 1742 tifex,
763 1666 1006 1729 etiamsi
1055 1667 1485 1749 iniquissimus
1523 1672 1624 1746 sit,
1655 1671 1961 1751 dignitate
2010 1688 2123 1732 sua

555 1758 810 1840 privari.
845 1761 948 1821 Est
979 1777 1144 1823 certa
1171 1769 1235 1823 et
1262 1765 1612 1825 communis
1646 1764 1955 1826 conclusio
1992 1764 2121 1825 divi

553 1853 833 1930 Thomae,
862 1856 930 1915 in
959 1862 1206 1935 quarto,
1237 1856 1634 1919 distinctione
1651 1858 1898 1919 decima
1924 1876 2117 1934 nona,

551 1954 764 2026 quaest.
793 1952 859 2024 2,
886 1956 1002 2011 art.
1040 1951 1103 2025 2,
1153 1951 1608 2029 quaestiuncula
1655 1952 1860 2024 tertia,
1901 1952 1987 2012 ad
2030 1970 2123 2011 se-

552 2038 854 2117 cundum,
909 2047 970 2102 et
1023 2042 1292 2104 aliorum
1338 2046 1405 2103 in
1451 2044 1668 2107 eadem
1718 2044 2119 2106 distinctione

551 2134 873 2212 agentium
911 2133 988 2195 de
1033 2134 1308 2197 fraterna
1347 2139 1728 2200 correctione
1743 2154 1766 2216 3
1814 2138 2115 2217 Cajetani,

549 2225 829 2305 opuscul.
877 2226 953 2288 de
1004 2226 1384 2291 Auctoritate
1431 2231 1633 2311 Papoe,
1663 2237 1838 2311 parte
1885 2232 2115 2310 prima,

551 2337 687 2399 cap.
719 2322 798 2381 27
812 2335 833 2396 3
862 2320 1343 2398 Turrecremat.,
1371 2322 1530 2383 libro
1561 2327 1624 2399 2,
1657 2342 1793 2404 cap.
1825 2324 1906 2387 98
1933 2332 1997 2386 et
2026 2343 2117 2385 se-

553 2410 906 2492 quentibus,
938 2420 1000 2474 et
1033 2414 1280 2476 illorum
1310 2434 1464 2495 quos
1480 2418 1546 2477 in
1569 2436 1704 2497 cap.
1733 2419 1814 2479 93
1841 2417 2113 2479 adducit.

553 2505 706 2568 Item
735 2506 1062 2583 Antonin„
1088 2509 1270 2571 tertia
1297 2516 1496 2589 parte,
1527 2510 1713 2571 titulo
1743 2514 1844 2585 22,
1883 2530 2019 2592 cap.
2055 2514 2117 2587 4,

553 2598 591 2679 ἓ
625 2602 662 2662 3
697 2618 714 2673 ;
750 2600 1135 2679 Augustinus
1176 2601 1254 2663 de
1287 2604 1554 2680 Ancon„
1589 2623 1652 2684 q.
1695 2606 1766 2680 53
1813 2604 2114 2679 Jacobat„

551 2692 714 2755 libro
742 2697 782 2756 9
835 2694 912 2755 de
963 2694 1220 2771 Concil.,
1264 2694 1440 2757 artic.
1486 2701 1594 2770 12;
1643 2697 1904 2759 habetur
1928 2698 2121 2759 etiam

550 2786 716 2849 iuter
756 2793 1078 2863 tractatus,
1103 2794 1255 2851 tom.
1291 2794 1391 2857 13.
1421 2797 1596 2872 parte
1631 2795 1690 2866 1,
1731 2809 1770 2851 a
1807 2808 1955 2871 pag.
2000 2792 2120 2853 342

551 2880 842 2943 editionis
895 2882 1051 2943 1584
1067 2898 1088 2959 ;
1144 2884 1461 2960 Turrian.,
1519 2884 1681 2945 libro
1735 2886 1814 2947 de
1863 2884 2011 2963 Pap.
2056 2890 2121 2947 et

551 2975 818 3050 Concil.;
841 2973 1076 3038 Albcrt.
1110 2976 1336 3055 Pighii,
1383 2978 1524 3042 libr.
1575 2982 1612 3041 6
1662 2978 1740 3041 de
1795 2978 2113 3041 Hierarch.

550 3068 806 3145 Eccles.‚
847 3087 982 3149 cap.
1017 3072 1094 3131 14
1127 3078 1190 3132 et
1219 3073 1296 3133 15
1312 3088 1333 3149 3
1364 3072 1661 3149 Cordub.,
1687 3072 1848 3133 libro
1868 3078 2116 3153 quarto,

551 3168 768 3241 quaest.
801 3162 860 3223 6.
896 3161 1200 3224 Probatur
1251 3164 1476 3244 primo,
1527 3166 1676 3245 quia
1707 3166 1893 3245 Papa,
1924 3183 2120 3244 quan-

549 3254 784 3315 tumvis
809 3254 1086 3335 iniquus,
1131 3275 1316 3317 verus
1365 3264 1460 3319 est
1501 3259 1705 3339 Papa:
1743 3276 1890 3338 ergo
1932 3258 2119 3321 habet

551 3365 904 3427 supremam
945 3355 1348 3429 potestatem3
1386 3368 1535 3430 ergo
1575 3352 1664 3413 illi
1695 3357 1788 3413 est
1826 3350 2119 3413 obedien·

552 3439 729 3516 dum,
753 3441 938 3519 juxta
967 3441 1030 3503 id
1061 3446 1092 3503 1
1128 3443 1296 3503 Petri
1321 3445 1359 3505 2
1387 3466 1402 3503 :
1435 3443 1580 3509 Non
1605 3450 1846 3508 tantum
1873 3444 2037 3507 bonis
2060 3449 2117 3507 et

550 3530 854 3609 modestis,
905 3536 1008 3595 sed
1057 3533 1240 3597 etiam
1267 3536 1533 3617 dyscolis
1547 3561 1575 3611 ,·
1618 3543 1681 3599 et
1725 3536 1940 3599 Matth.
1990 3538 2111 3598 23:

555 3622 763 3706 Super
791 3626 1134 3689 cathedram
1167 3628 1431 3709 Moysis.
1461 3628 1646 3691 Recte
1671 3629 2113 3707 Tertullianus,

479 3714 486 3721 '
550 3716 710 3779 libro
735 3717 813 3781 de
842 3719 1214 3800 praescript„
1246 3738 1382 3802 cap.
1419 3722 1489 3793 3:
1525 3722 1640 3787 Εω
1661 3723 1941 3805 personis
1972 3740 2118 3805 pro·

549 3808 760 3874 bamus
785 3812 987 3891 fidem,
1013 3831 1132 3877 uon
1161 3832 1237 3878 aa:
1265 3817 1384 3897 fide
1419 3818 1759 3897 personae?
1789 3815 2119 3895 Colligitur

549 3904 740 3967 etiam
769 3924 846 3967 ex
871 3908 1020 3970 Luc.
1057 3911 1168 3970 12:
1209 3909 1361 3985 Quis
1396 3917 1584 3993 putas
1623 3917 1712 3975 eet
1742 3910 1949 3990 fidelis
1988 3929 2116 3975 eer-

547 4015 684 4074 m,
713 4005 858 4075 etc„
882 4002 1061 4081 quasi
1081 4020 1209 4065 non
1231 4002 1419 4065 aliam
1445 4004 1832 4067 essentialem
1851 4004 2117 4067 formam

547 4091 819 4171 postulet
863 4112 1052 4175 quam
1081 4094 1294 4159 fidem.
1343 4098 1518 4159 Unde
1547 4116 1762 4160 omnes
1791 4098 2116 4161 Pontifices

554 4202 740 4265 supra
769 4187 964 4263 citati,
994 4189 1158 4250 sicut
1193 4189 1557 4252 affirmant
1539 4210 1608 4253 m
1637 4210 1821 4253 causa
1865 4190 2117 4253 haeresis

546 4295 724 4365 posse
755 4278 1086 4343 Ecclesiam
1115 4282 1191 4345 de
1218 4282 1475 4345 Summo
1508 4284 1802 4347 Pontifice
1825 4284 2034 4347 ferre
2007 4302 2113 4367 Ju-

547 4368 802 4446 dicium,
826 4371 916 4433 ita
948 4372 1313 4455 simpliciter
1341 4376 1451 4437 id
1435 4394 1640 4456 ipsum
1668 4383 1901 4456 negant
1936 4385 2113 4439 extra

547 4462 726 4525 illum
753 4481 989 4543 casum,
1020 4474 1082 4529 et
1107 4468 1228 4531 hoc
1253 4486 1434 4531 sensu
1459 4467 1686 4549 passim
1707 4470 2115 4551 pronuntiant

550 4555 780 4635 Papam
803 4575 844 4619 a
867 4560 1118 4621 nemine
1137 4560 1426 4641 judicari.
1459 4561 1614 4625 Vide
1631 4562 1846 4625 citatos
1873 4563 1941 4623 in
1966 4581 2112 4625 con-

547 4648 818 4711 clusione
845 4653 1052 4715 tertia.
1079 4654 1258 4717 Certe
1283 4655 1592 4717 Adrianus
1621 4657 1808 4736 Papa,
1840 4656 2112 4719 secunda

547 4742 808 4823 epistola
847 4744 1084 4823 Synod.
1115 4748 1192 4809 ad
1229 4755 1519 4811 octavam
1545 4750 1880 4828 synodum,
1907 4754 1979 4809 ut
2000 4748 2111 4809 ha·

545 4833 731 4896 betur
757 4837 948 4899 etiam
987 4838 1230 4902 actione
1269 4841 1556 4921 septima,
1601 4847 1666 4903 et
1710 4840 1963 4904 Canone
2008 4845 2109 4918 21,

544 4927 614 4987 in
645 4934 797 4989 tom.
845 4931 888 4990 4
933 4929 1197 5009 Concil.,
1243 4933 1394 4995 dicit
1433 4952 1560 4995 nou
1597 4952 1728 4996 esse
1763 4933 2111 4995 afferendas

545 5020 966 5086 accusationes
994 5032 1211 5087 contra
1239 5028 1468 5107 Papam
1506 5027 1584 5089 ad
1627 5026 1917 5106 generale
1954 5026 2112 5091 Con-

547 5110 758 5173 cilium
775 5134 792 5189 ;
825 5132 1028 5195 neque
1071 5119 1148 5195 (si
1189 5118 1552 5198 afferantur)
1603 5128 1854 5201 propter
1887 5138 1991 5181 eas
2022 5120 2112 5183 Ie·

541 5204 802 5266 rendam
853 5224 986 5269 esse
1037 5208 1116 5270 de
1161 5210 1269 5275 illo
1319 5214 1714 5275 sententiam.
1763 5212 2109 5277 Concilium

543 5316 791 5378 quoque
807 5300 1239 5380 Lateranense,
1269 5305 1384 5366 sub
1407 5306 1759 5369 Alexandro
1787 5308 1888 5383 ΙΙΙ,
1909 5313 1973 5368 et
2000 5306 2109 5367 ha-

543 5390 725 5453 betur
755 5411 890 5473 cap.
943 5394 1136 5471 Licet,
1178 5397 1256 5459 de
1293 5399 1630 5477 Electione,
1659 5401 1839 5463 docet
1885 5399 2111 5461 Sedem

547 5484 895 5547 Romanam
933 5506 1060 5550 uon
1087 5488 1315 5555 habere
1344 5494 1412 5553 in
1439 5494 1619 5555 terris
1645 5510 1686 5555 a
1705 5511 1830 5573 quo
1862 5498 2113 5573 propter

1619 358 1858 412 DISPUT.
1894 359 1959 411 X.
1994 358 2075 411 ΒΕ
2108 356 2317 411 summ
2350 356 2689 411 pommus.

2202 473 2314 516 sua
2354 455 2618 517 crimina
2649 454 2989 534 judicetur,
3042 461 3107 519 et
3160 455 3321 519 idem
3373 460 3608 527 habenu-
3644 467 3699 531 iu

2204 549 2686 628 Extravaganti:
2730 548 2927 613 Unam
2960 547 3281 623 Sanctam,
3310 551 3385 614 de
3404 554 3701 634 majoritate

2203 646 2265 703 et
2307 640 2680 703 obedientia.
2710 642 2880 705 Idem
2908 642 3329 705 confessisunt
3352 646 3541 711 Patres
3568 650 3704 715 illius

2204 734 2457 795 Concilii
2488 735 2787 815 profacto
2822 735 3183 808 Marcellini,
3210 743 3272 797 et
3296 736 3561 817 habetur,
3588 762 3697 823 cap.

2203 828 2392 893 Nunc
2428 830 2647 903 autem,
2700 827 3089 890 distinctione
3114 830 3217 904 21,
3248 830 3313 891 in
3338 848 3457 909 qua
3492 832 3707 897 distinc.

2202 920 2371 981 tione
2400 920 2596 981 multa
2618 920 2741 981 alia
2772 920 3146 995 reseruntur,
3188 923 3479 1003 praeeipue
3514 945 3581 987 ex
3614 929 3703 989 Ni-

2203 1013 2373 1075 colao
2419 1015 2606 1094 Papa,
2638 1013 2893 1094 epistola
2920 1014 3001 1075 ad
3032 1014 3384 1077 Michaelem
3410 1017 3705 1097 Imperato-

2207 1125 2366 1183 rem,
2421 1107 2529 1167 ubi
2588 1107 2913 1169 veritatem
2972 1106 3137 1169 hanc
3194 1114 3355 1169 recte
3404 1110 3701 1175 confirmat.

2208 1199 2373 1261 Idem
2411 1199 2623 1261 docuit
2644 1199 2991 1262 Concilium
3014 1206 3449 1280 congregatum
3474 1203 3533 1263 in
3554 1204 3708 1267 simili

2204 1311 2388 1355 causa
2428 1300 2703 1373 tempore
2730 1290 2885 1355 Sixti
2917 1295 3121 1372 Papae,
3152 1299 3337 1373 atque
3361 1296 3485 1373 ipse
3512 1296 3705 1374 Sixtus,

2204 1404 2341 1467 cap.
2382 1388 2735 1451 Mandastis
2746 1430 2769 1461 ,
2816 1387 2879 1459 2,
2932 1393 3147 1467 quaest.
3190 1389 3253 1449 5.
3296 1388 3518 1449 Pariter
3550 1391 3709 1452 etiam

2204 1479 2543 1542 Concilium
2584 1478 2757 1540 aliud
2802 1487 3079 1559 tempore
3105 1480 3457 1560 Symmachi
3488 1480 3710 1545 babetur

2202 1573 2469 1636 secundo
2510 1580 2683 1634 tomo
2722 1572 3136 1635 conciliorum
3158 1576 3175 1611 ¹
3189 1622 3203 1636 .
3249 1573 3395 1635 Item
3436 1573 3586 1635 aliud
3614 1576 3711 1637 Ro-

2202 1684 2321 1729 mae
2356 1673 2639 1729 coactum
2686 1672 2963 1746 tempore
3005 1664 3206 1729 Caroli
3252 1666 3476 1745 Magni,
3516 1669 3611 1747 qui
3650 1670 3711 1730 de

2201 1762 2329 1821 vita
2383 1760 2602 1821 Leonis
2648 1760 2727 1831 111
2777 1758 3010 1838 inquiri
3057 1764 3123 1819 et
3166 1758 3433 1837 judicari
3473 1760 3709 1837 volebat5

2199 1854 2519 1935 respondit
2531 1872 2675 1915 vero
2692 1852 3061 1928 Concilium,
3086 1852 3297 1914 sedem
3322 1852 3710 1933 Apostolicam,

2198 1947 2483 2009 omnium
2510 1946 2925 2009 Ecclesiarum
2962 1952 3167 2027 caput,
3212 1964 3253 2007 a
3304 1947 3541 2019 nemine
3572 1947 3714 2027 judi-

2198 2042 2347 2103 cari.
2417 2040 2692 2103 Habetur
2747 2041 2817 2101 iu
2874 2041 2915 2103 3
2980 2046 3150 2103 tomo
3214 2040 3633 2117 conciliorum,
3660 2041 3715 2105 in

2199 2134 2391 2196 Leon.
2424 2135 2522 2195 111.

2283 2229 2382 2289 15.
2432 2227 2681 2293 Suasio.
2702 2260 2783 2277 -
2808 2225 3123 2309 Rejicitm·
3140 2228 3513 2291 auctoritate.
3536 2258 3607 2273 —
3624 2228 3717 2291 Ro-

2187 2324 2421 2404 jae'citur
2460 2324 2643 2385 etiam
2673 2324 2911 2387 ratione
2956 2320 3309 2402 multiplici.
3336 2353 3415 2369 —
3436 2320 3593 2381 Dicet
3626 2321 3716 2381 ali-

2201 2416 2337 2495 quis
2364 2416 2497 2479 haec
2520 2416 2719 2479 solum
2744 2416 3007 2497 probare
3038 2413 3405 2477 Pontificem
3430 2432 3549 2475 non
3572 2432 3717 2493 posse

2201 2511 2465 2590 judicari
2504 2512 2757 2581 directe,
2800 2517 2871 2572 ut
2902 2509 3297 2583 inferiorem3
3351 2526 3521 2588 posse
3544 2514 3717 2569 tamen

2194 2604 2463 2684 juridice
2495 2604 2796 2667 declarari
2824 2603 3117 2665 delictum
3158 2602 3319 2681 ejus,
3348 2619 3471 2682 quo
3499 2601 3603 2663 rite
3636 2600 3719 2663 dc-

2200 2698 2455 2775 clarato,
2480 2699 2613 2778 ipso
2630 2700 2772 2776 jure
2795 2698 3011 2759 divino
3055 2696 3221 2776 Papa
3256 2695 3557 2775 depositus
3596 2711 3716 2755 cen·

2201 2800 2434 2865 seatur,
2460 2792 2619 2853 sicut
2644 2792 2837 2853 etiam
2867 2791 2945 2853 de
2979 2790 3207 2851 haeresi
3242 2788 3607 2851 dicebamus.
3632 2788 3718 2847 vi·

2198 2886 2381 2947 detur
2408 2886 2578 2947 enim
2608 2903 2719 2963 par
2743 2886 2925 2961 ratio,
2960 2884 3108 2963 quia
3130 2902 3265 2945 non
3292 2883 3493 2945 minus
3524 2883 3717 2945 incom-

2198 2980 2453 3041 modum
2494 2983 2692 3058 potest
2713 2977 2935 3039 afferre
2958 2976 3239 3041 Ecclesiae
3266 2976 3515 3055 iniquus
3545 2974 3716 3037 Ponti·

2200 3072 2300 3134 fex
2340 3088 2451 3152 per
2476 3071 2599 3133 alia
2621 3071 2904 3146 crimina,
2935 3088 3125 3151 quam
3168 3088 3281 3151 per
3320 3068 3623 3139 haeresium
3660 3084 3717 3127 ac

2198 3164 2485 3243 naturale
2518 3165 2619 3243 jus
2658 3182 2790 3225 esse
2815 3163 3081 3239 videtur,
3112 3168 3185 3225 ut
3210 3181 3249 3224 e
3276 3161 3481 3225 medio
3508 3159 3713 3223 tollatur

2197 3258 2485 3337 princeps
2513 3264 2842 3337 tyrannus,
2867 3262 2977 3319 aut
3012 3261 3219 3337 pastor
3260 3255 3474 3315 ovium
3502 3252 3710 3331 dissipa-

2196 3357 2315 3412 tor.
2350 3351 2523 3413 Unde
2563 3355 2627 3411 et
2669 3349 2949 3411 Christus
2995 3348 3352 3411 membrum
3400 3344 3717 3409 abscindere

2196 3444 2462 3507 consulit
2512 3461 2626 3523 pro
2680 3442 2877 3503 salute
2931 3440 3227 3522 corporis.
3274 3438 3717 3510 Occurrendum,

2197 3536 2467 3617 potuisse
2493 3534 2747 3615 quidem
2777 3534 3087 3595 Christum
3118 3534 3453 3595 Dominum
3488 3533 3569 3593 ita
3600 3548 3717 3591 cou-

2196 3631 2475 3705 sumere,
2521 3628 2573 3689 si
2614 3628 2930 3704 voluisset,
2974 3645 3102 3689 non
3141 3626 3365 3689 fecisse
3412 3631 3629 3699 tamen,
3666 3626 3721 3681 ut

2196 3722 2408 3785 omnia
2426 3721 2778 3785 testimonia
2792 3720 3061 3785 adducta
3078 3719 3371 3803 probant.
3391 3718 3537 3781 dum
3550 3715 3722 3777 solum

2198 3816 2517 3896 excipiunt
2550 3832 2758 3877 casum
2788 3814 3065 3891 haeresis,
3096 3814 3259 3877 sicut
3296 3810 3485 3875 etiam
3518 3810 3723 3872 constat

2198 3928 2275 3972 ex
2304 3908 2617 3971 Bonifacio
2659 3908 2735 3982 11,
2783 3908 2851 3968 in
2892 3908 3093 3989 capite
3142 3904 3225 3973 St
3276 3906 3481 3988 Papa,
3508 3902 3723 3965 distinc-

2194 4003 2365 4065 tione
2390 4002 2489 4077 40,
2514 4007 2577 4064 et
2594 4000 2797 4081 capite
2816 4000 3213 4073 Electionm,
3244 3997 3621 4059 distinctione
3636 3993 3721 4067 79,

2194 4103 2395 4176 capite
2434 4093 2601 4170 Oves,
2638 4093 2931 4169 secunda,
2976 4093 3324 4173 quaestione
3368 4089 3635 4171 septima,
3672 4090 3724 4147 et

2194 4190 2393 4270 capite
2422 4188 2638 4264 Nom,
2664 4187 2851 4267 capit.
2879 4185 3191 4260 Alios-ima,
3219 4201 3357 4265 cap.
3394 4182 3629 4255 Cuma,
3670 4182 3723 4253 9,

2194 4286 2415 4362 quoest.
2441 4281 2651 4357 tertia,
2678 4286 2741 4341 et
2766 4278 2889 4341 alia
2912 4278 3111 4341 multa
3137 4296 3280 4357 quoe
3311 4276 3560 4339 adducit
3594 4275 3723 4335 Tur·

2190 4379 2531 4437 recremata
2557 4391 2769 4453 supra,
2800 4390 2936 4453 cap.
2971 4373 3111 4433 102.
3142 4370 3323 4433 Unde
3352 4368 3721 4449 Augustinus,

2193 4468 2232 4527 2
2272 4472 2485 4529 contra
2541 4464 2860 4545 epistolam
2909 4463 3207 4541 pitilian„
3268 4480 3406 4543 cap.
3462 4464 3526 4524 31
3558 4480 3572 4522 :
3622 4458 3725 4523 Cur

2194 4557 2567 4635 criminaris,
2596 4558 2829 4636 inquit,
2852 4556 3198 4621 cathedram
3218 4554 3653 4639 Apostolorum,
3670 4550 3725 4615 is

2192 4672 2313 4735 qua
2340 4655 2567 4717 Peto-us
2592 4652 2773 4727 sedit,
2804 4656 2924 4713 etc.
2950 4650 3121 4713 Idem
3142 4650 3361 4711 scribit
3378 4648 3489 4711 lib.
3514 4652 3570 4724 1,
3596 4666 3646 4709 c.
3670 4648 3723 4719 2,

2192 4753 2256 4809 et
2283 4746 2393 4809 lib.
2424 4748 2465 4807 2
2488 4750 2705 4807 contra
2724 4743 3049 4823 epistolam
3081 4743 3497 4806 Parmeniani.
3542 4761 3593 4803 c.
3639 4744 3721 4801 11.

2194 4842 2404 4921 Neque
2438 4846 2605 4901 certe
2635 4838 3043 4919 expedivisset
3068 4836 3383 4899 Christum
3406 4839 3493 4899 ita
3516 4833 3723 4899 consti·

2191 4940 2389 5005 tuere,
2412 4934 2639 5012 primo,
2668 4951 2748 4993 ne
2774 4931 3009 4993 occasio
3036 4937 3389 4993 sumeretur
3416 4928 3725 4993 multorum

2192 5028 2625 5099 schismatum3
2662 5025 2829 5087 sacili
2856 5025 3021 5088 enim
3051 5024 3303 5103 negotio
3330 5025 3723 5103 excogitaren-

2189 5126 2293 5183 tur
2319 5120 2582 5181 crimina
2606 5136 2745 5199 quae
2776 5118 3157 5197 depositione
3184 5117 3375 5197 digna
3396 5117 3722 5199 judicaren-

2189 5218 2313 5275 tur.
2352 5212 2656 5289 Secundo,
2686 5211 2837 5291 quia
2865 5208 3064 5273 multo
3094 5210 3295 5291 major
3337 5216 3431 5273 est
3468 5210 3617 5271 ratio
3658 5204 3722 5265 de

2276 5400 2293 5435 ¹
2336 5395 2491 5459 Vide
2526 5394 2778 5473 Benna,
2818 5393 2928 5459 lib.
2969 5396 3009 5458 2
3055 5394 3131 5457 de
3178 5395 3438 5457 Roman.
3489 5390 3721 5465 Pontii„

2192 5508 2327 5569 cap.
2353 5492 2453 5551 26.
