3900 6217
521 367 642 431 260

526 495 602 537 ex
627 473 848 553 quihus
874 472 1081 533 unitas
1104 466 1406 543 Ecclesiae,
1445 465 1604 526 sicut
1631 469 1691 526 et
1732 463 2086 543 cujuscum-

526 588 644 650 que
665 567 1036 646 Reipublicae
1062 562 1396 640 consurgit.

604 663 664 721 4.
715 660 972 740 objectio
1016 659 1232 740 prima
1300 653 1630 735 tripliciter
1691 652 1969 714 solvitur.
2003 682 2087 695 —

529 756 785 836 objectio
813 754 1091 818 secunda.
1120 782 1204 797 —
1231 748 1497 813 Salutio.
1521 746 1726 807 —Hic
1751 745 1938 807 etiam
1976 741 2085 802 ob-

521 853 696 932 jicies
727 850 924 929 primo
958 846 1063 905 :in
1097 845 1229 923 ipso
1255 840 1474 903 mundi
1499 839 1678 900 initio
1708 837 1936 915 duplex
1964 835 2087 895 fuit

527 944 792 1005 Ecclesia
829 940 1125 1013 militans,
1149 935 1475 997 hominum
1505 950 1654 1005 una,
1681 931 1874 991 altera
1899 946 2084 1006 ange-

526 1037 756 1097 lorum.
793 1031 1216 1111 Respondetur
1246 1028 1447 1107 primo
1474 1044 1586 1087 nos
1625 1026 1703 1085 de
1728 1021 2087 1085 hominibus

523 1129 718 1208 loqui.
738 1126 1018 1189 Secundo
1038 1124 1344 1197 addimus,
1363 1138 1504 1180 cum
1520 1125 1876 1181 crearentur
1897 1114 2085 1197 primi

526 1222 809 1282 homines
839 1265 854 1291 ‚
905 1220 1092 1279 fuisse
1139 1216 1272 1295 jam
1327 1212 1674 1275 absolutam
1719 1211 2086 1289 angelorum

529 1314 717 1375 viam.
743 1312 971 1386 Terti0,
1003 1318 1264 1389 utraque
1297 1306 1403 1367 illa
1431 1305 1698 1367 Ecclesia
1727 1310 1980 1365 vocatur
2006 1301 2086 1363 ab

527 1407 878 1485 Augustino
907 1422 1093 1483 supra
1116 1420 1265 1477 una,
1299 1400 1448 1480 quia
1473 1397 1616 1460 licet
1641 1397 1903 1470 naturis,
1945 1413 2085 1475 quoe

529 1507 674 1561 suut
703 1499 892 1560 veluti
918 1496 1215 1569 materiae,
1255 1496 1336 1555 sit
1361 1493 1626 1567 diversa,
1652 1498 1860 1551 tamen
1887 1490 2085 1551 forma

531 1600 664 1655 crat
687 1593 923 1667 eadem,
961 1592 1118 1651 sicut
1146 1588 1218 1648 fit
1258 1604 1386 1648 una
1421 1586 1640 1646 domus
1686 1602 1762 1645 ex
1811 1582 2085 1645 materiis

530 1688 730 1767 specie
784 1684 1060 1745 diversis
1111 1680 1397 1743 Secundo
1448 1679 1701 1759 objicies
1743 1695 1758 1739 :
1808 1684 2087 1755 tempore

526 1781 680 1859 legis
709 1780 982 1857 antiquae
1028 1794 1154 1842 una
1205 1782 1340 1835 erat
1385 1772 1652 1835 Ecclesia
1696 1771 2082 1847 Judaeorum,

527 1874 721 1935 altera
748 1871 1066 1943 Gentium,
1104 1874 1432 1947 utramque
1471 1868 1638 1929 enim
1661 1865 1851 1925 fuisse
1881 1862 2087 1924 Eccle-

527 1969 682 2030 siam
733 1982 919 2025 nemo
965 1961 1307 2039 dubitabit3
1355 1961 1546 2045 fuisse
1597 1976 1743 2020 vero
1789 1958 2085 2032 diversas,

529 2066 700 2140 patet
739 2057 1197 2135 ex.diversitate
1244 2054 1476 2134 legum,
1521 2054 2086 2124 Sacramentornm,

534 2151 924 2226 Pontificum,
975 2148 1166 2223 unde,
1213 2148 1390 2209 Joan.
1449 2148 1567 2215 10,
1623 2146 1714 2206 ait
1759 2143 2087 2204 Christus:

529 2246 710 2311 Alias
741 2263 871 2308 oves
906 2243 1104 2317 habeo,
1139 2260 1276 2325 quoe
1307 2246 1600 2331 non-sunt
1641 2256 1716 2301 ex
1747 2240 1852 2302 hoc
1881 2236 2029 2300 ovili
2066 2280 2086 2311 ,

531 2344 594 2401 et
639 2338 896 2412 Paulus,
933 2337 1010 2397 ad
1058 2336 1354 2415 Ephesios
1402 2333 1670 2395 secundo
1720 2352 1734 2392 :
1794 2329 1910 2405 Qus·
1937 2330 2089 2405 fecit

527 2440 785 2513 utraque
830 2448 1041 2493 unum.
1095 2430 1388 2489 Fatemur
1437 2427 1690 2505 quidem
1731 2442 1859 2485 non
1898 2424 2088 2486 fuisse

528 2534 768 2588 tantam
799 2525 1108 2585 unitatem
1151 2522 1217 2583 in
1256 2520 1524 2583 Ecclesia
1553 2526 1698 2579 ante
1729 2518 1954 2579 Christi
1986 2517 2089 2577 ad-

535 2626 828 2694 ventum,
871 2618 1029 2678 sicut
1073 2633 1242 2679 nunc
1293 2620 1422 2691 est3
1467 2613 1585 2675 ruit
1627 2619 1839 2673 tamen
1883 2610 2091 2672 unitas

535 2713 919 2793 simpliciter,
947 2711 1094 2790 quia
1120 2710 1187 2770 in
1209 2706 1308 2769 his
1331 2726 1469 2786 quoe
1504 2705 1800 2787 primario
1824 2711 1886 2765 et
1911 2702 2089 2783 quasi

530 2804 938 2867 essentialiter
974 2803 1056 2864 ad
1105 2803 1414 2865 rationem
1452 2799 1736 2862 Ecclesiae
1786 2802 2086 2879 spectant,

529 2916 742 2960 veram
785 2916 1030 2979 semper
1061 2896 1319 2958 retinuit
1345 2895 1690 2970 unitatem3
1729 2911 1804 2954 ea
1830 2909 1981 2952 vero
2021 2891 2091 2953 in

528 2991 752 3071 quibus
791 2998 922 3052 erat
948 2990 1293 3062 diversitas,
1336 2985 1417 3048 ad
1458 2984 1790 3066 quemdam
1827 2984 2091 3046 exterio-

525 3103 660 3145 rem
687 3084 923 3144 cultum
954 3090 1016 3144 et
1045 3088 1334 3143 ornatum
1355 3077 1770 3161 pertinebant,
1794 3077 1927 3139 sine
1955 3077 2091 3157 qui-

531 3178 644 3240 hus
677 3183 876 3257 potest
900 3178 1109 3237 unitas
1140 3168 1508 3245 consistere;
1549 3172 1709 3233 sicut
1735 3178 1935 3251 potest
1962 3188 2092 3231 esse

531 3288 730 3331 unum
769 3285 1036 3350 regnum
1065 3268 1162 3330 vel
1188 3268 1545 3348 imperium,
1583 3262 1868 3345 quamvis
1894 3264 1961 3323 in
1984 3281 2090 3323 va-

529 3363 640 3425 riis
675 3364 840 3425 illius
881 3360 1241 3443 regionibns
1265 3359 1453 3423 varias
1491 3360 1617 3419 sint
1644 3359 1829 3437 leges,
1862 3356 2094 3418 scilicet

529 3458 678 3519 locis
704 3458 804 3519 vel
837 3455 1218 3536 temporibus
1246 3452 1742 3516 accommodatae.

614 3552 676 3612 5.
719 3550 848 3615 Pro
869 3550 1200 3634 posteriori
1237 3564 1418 3611 sensu
1453 3544 1802 3627 quoestionis
1837 3544 2095 3609 assertio

535 3646 740 3709 tertia.
765 3674 850 3690 --
884 3643 1027 3703 Dico
1075 3642 1260 3703 tertio
1313 3656 1329 3700 ε
1384 3657 1510 3700 una
1567 3656 1808 3718 semper
1853 3636 1919 3698 in
1966 3643 2097 3697 tota

533 3736 830 3819 temporis
879 3734 1287 3808 successione,
1345 3740 1530 3813 atque
1569 3733 1782 3793 eadem
1831 3746 2096 3792 numero

533 3831 761 3894 Christi
786 3826 1052 3891 Ecclesia
1076 3827 1490 3908 perseveravit
1505 3842 1527 3903 ;
1558 3830 1646 3887 est
1667 3830 1854 3900 certa,
1885 3830 1957 3885 ut
1984 3842 2097 3903 pa·

533 3931 624 3987 tet
657 3942 736 3985 ex
783 3920 1075 3983 omnibus
1103 3922 1399 3981 hactenus
1447 3919 1670 3982 citatis·
1715 3918 1895 3980 Ratio
1949 3936 2096 3979 vero

537 4023 629 4081 est
670 4018 802 4080 tere
841 4016 1084 4089 eadem,
1118 4032 1264 4075 nam
1292 4014 1480 4075 totius
1523 4012 1833 4088 Ecclesiae,
1864 4030 2001 4091 quae
2029 4011 2097 4072 in

537 4112 656 4173 hac
703 4110 998 4189 temporis
1034 4107 1413 4168 successione
1461 4106 1849 4168 continenter
1903 4105 2095 4167 dura-

538 4205 653 4279 vit,
694 4204 861 4265 idem
912 4202 1032 4263 fuit
1059 4207 1244 4281 caput
1281 4207 1342 4261 et
1373 4201 1686 4279 princepe,
1719 4198 1886 4259 idem
1928 4196 2094 4281 finis,

537 4300 754 4361 eadem
781 4296 910 4359 fere
941 4296 1142 4357 media
1167 4294 1644 4376 principaliora,
1691 4299 1754 4356 et
1799 4293 1971 4373 quasi
2009 4310 2101 4353 es·

541 4390 846 4455 sentialia.
895 4390 984 4451 Ea
1011 4408 1157 4451 vero
1205 4406 1608 4469 personarum
1657 4388 1919 4447 mutatio
1956 4404 2097 4465 quae

542 4486 770 4547 sensim
793 4484 885 4561 fit,
900 4502 1028 4549 non
1044 4483 1190 4543 satis
1213 4482 1395 4543 estad
1414 4480 1777 4542 variandam
1796 4480 2099 4542 unitatem

542 4577 866 4651 moralem,
897 4577 973 4639 de
1002 4594 1125 4655 qua
1152 4575 1468 4655 loquimur
1496 4591 1513 4636 z
1547 4581 1618 4635 ut
1664 4592 1914 4637 manere
1956 4592 2100 4635 cen-

543 4679 710 4735 setur
739 4688 981 4751 semper
1006 4670 1221 4731 eadem
1267 4667 1631 4747 Respublica
1667 4667 1762 4729 vel
1791 4666 1959 4729 idom
1994 4684 2103 4746 po·

544 4766 750 4848 pulus,
791 4764 1034 4825 tametsi
1083 4770 1282 4842 partes
1311 4762 1476 4822 illius
1517 4762 1817 4841 paulatim
1860 4761 2101 4822 varien-

545 4870 670 4919 tur.
705 4860 857 4933 lma,
904 4876 1046 4917 cum
1093 4856 1282 4916 simili
1311 4855 1439 4916 fere
1465 4856 1732 4934 partium
1759 4854 1933 4913 ssuxu
1962 4852 2104 4913 suh-

545 4952 704 5013 sistit
729 4952 932 5012 unitas
957 4948 1213 5029 physica
1259 4950 1530 5027 corporis
1558 4948 1842 5022 humani,
1879 4952 1930 5009 si
1979 4966 2103 5007 nou

547 5046 839 5127 perfecta,
872 5051 1035 5104 certe
1076 5059 1215 5121 quse
1259 5047 1471 5102 tamen
1523 5041 1785 5101 sufficiat
1825 5046 1895 5100 ut
1935 5040 2103 5100 idem

545 5157 766 5219 corpus
808 5135 1168 5215 simpliciter
1213 5134 1490 5194 humano
1535 5150 1701 5195 more
1735 5139 2057 5194 censeatur
2079 5148 2100 5211 3

545 5234 923 5313 quodetiam
958 5232 1034 5290 de
1076 5228 1291 5311 quovis
1319 5228 1440 5289 alio
1470 5228 1715 5288 vivente
1755 5226 2099 5302 sublunari,

542 5326 672 5386 imo
703 5332 762 5387 et
788 5327 862 5386 tle
891 5322 1097 5385 fluviis
1127 5322 1481 5403 perenniter
1509 5320 1856 5383 labentibus
1885 5338 2105 5382 verum

543 5417 750 5480 habet.

625 5514 683 5574 6.
711 5510 970 5580 obiectio
997 5508 1535 5573 soltiturae-Dices
1562 5508 1803 5571 :unitas
1825 5508 2105 5572 Ecclesiae

1713 358 1949 413 msPuT.
1988 358 2071 412 lx.
2108 360 2189 413 nt:
2220 357 2532 413 Ecctssla.

2163 461 2427 541 requirit
2468 462 2773 523 unitatem
2816 468 3369 541 sacramentorum,
3412 464 3621 543 legum
3666 471 3730 527 et

2164 552 2558 630 Pontificum,
2587 556 2695 633 qui
2740 560 2884 617 sunt
2925 556 3115 617 veluti
3158 558 3363 636 capita
3406 558 3726 633 Ecclesiae;

2164 648 2402 709 variato
2438 655 2648 709 autem
2676 648 2875 728 capite
2916 649 3191 711 variatur
3220 658 3283 713 et
3312 668 3555 731 corpus.
3584 652 3733 715 Res·

2167 742 2382 821 ponsio
2433 742 2567 803 haec
2618 748 2707 805 est
2752 763 2769 801 ε
2820 743 3202 822 praecipuum
3248 752 3435 823 carnut
3478 747 3735 824 ponitur

2166 836 2463 911 Christus,
2510 845 2581 897 ut
2619 839 2751 915 jam
2794 837 3094 912 diximus3
3125 838 3235 899 alii
3270 838 3496 900 deinde
3524 840 3733 901 vicem

2166 930 2298 1007 ejtts
2326 928 2589 1003 habeut3
2614 949 2807 1010 quare
2832 930 3081 991 illorum
3105 932 3399 993 successio
3424 930 3587 993 nihil
3616 933 3727 993 mi·

2168 1023 2308 1081 nuit
2339 1025 2642 1085 unitatem
2674 1023 2985 1098 Ecclesia,
3016 1025 3163 1102 qnia
3191 1042 3405 1085 omnes
3436 1024 3604 1085 idem
3630 1044 3734 1087 ca·

2168 1123 2283 1196 put
2316 1124 2785 1197 repraesentant,
2810 1127 2875 1180 et
2902 1118 3069 1180 illius
3098 1127 3361 1181 utuntur
3391 1127 3730 1198 potestate3

2166 1212 2375 1273 unitas
2403 1230 2550 1274 vero
2584 1219 3113 1284 sacramentorum
3144 1232 3271 1275 non
3309 1220 3401 1276 ost
3439 1214 3737 1294 simplici·

2166 1308 2263 1365 ter
2287 1308 2651 1383 necessaria,
2682 1307 2789 1367 sed
2828 1306 3033 1368 unitas
3068 1306 3243 1382 fidei,
3272 1325 3413 1386 quae
3455 1308 3521 1367 in
3560 1308 3739 1369 omni

2166 1405 2332 1461 statu
2376 1399 2593 1461 eadem
2638 1402 3076 1480 perseveravit,
3112 1400 3297 1479 juxta
3338 1400 3493 1463 illud
3538 1403 3581 1463 2
3626 1402 3739 1463 Co-

2164 1494 2387 1555 rinth.:
2418 1495 2728 1558 Habentes
2768 1496 3033 1557 eumdem
3060 1493 3353 1577 spiritum
3390 1496 3572 1573 fidei;
3598 1503 3665 1556 et
3702 1500 3733 1559 1

2166 1590 2443 1651 Corinth.
2490 1592 2568 1651 10
2600 1610 2615 1649 ε
2668 1590 2881 1653 Omnes
2908 1592 3169 1655 eamdem
3209 1608 3406 1655 escam
3432 1592 3743 1673 spiritua·

2166 1683 2283 1745 lom
2308 1684 2861 1757 manducaverimu-
2882 1684 2961 1747 de
2982 1703 3107 1764 quo
3136 1692 3302 1747 recte
3326 1686 3741 1764 AugustinuS,

2170 1778 2247 1839 19
2272 1784 2495 1838 contra·
2514 1778 2833 1853 Faustum,
2870 1779 3057 1856 capit.
3088 1779 3187 1839 40.
3214 1779 3377 1852 Quin
3406 1779 3639 1858 potiuS,
3668 1784 3745 1841 ut

2166 1882 2354 1949 sapia
2398 1872 2667 1931 sectione
2705 1870 3073 1949 praecedenti
3115 1871 3409 1945 indicavi,
3440 1873 3633 1933 etiam
3672 1870 3743 1933 in

2168 1964 2369 2044 patria
2419 1963 2636 2025 eadem
2686 1963 2955 2027 Ecclesia
3002 1964 3457 2044 perseverabit,
3503 1982 3649 2044 quae
3704 1982 3746 2025 a

2170 2054 2460 2137 praes'enti
2518 2063 2819 2137 tanquam
2881 2057 2977 2119 vir
3026 2076 3065 2119 a
3127 2076 3322 2137 puero
3368 2056 3633 2134 differt,·
3670 2064 3747 2119 ut

2169 2150 2395 2212 Paulus
2426 2150 2732 2229 significat
2758 2150 2837 2213 ad
2866 2150 3091 2231 Ephes.
3116 2154 3200 2213 4:
3232 2154 3427 2216 Donec
3454 2170 3748 2216 occurra-

2166 2262 2303 2307 mus
2350 2260 2573 2316 omnes,
2624 2250 2741 2307 etc.
2758 2290 2777 2321 ,
2821 2245 2893 2307 in
2932 2245 3135 2307 vio-um
3171 2250 3519 2327 perfectum,
3576 2252 3743 2321 etc.;

2168 2339 2337 2417 quia,
2370 2337 2515 2399 licet
2541 2337 2695 2399 fides
2736 2344 3013 2399 mutetur
3050 2338 3119 2397 in
3158 2337 3482 2414 visionem,
3520 2345 3749 2399 tamen

2168 2430 2333 2506 finis,
2361 2431 2467 2510 qui
2496 2436 2589 2492 est
2614 2432 2789 2512 quasi
2824 2430 3026 2493 forma
3064 2431 3254 2491 totius
3280 2430 3577 2511 corporis,
3606 2449 3749 2491 ma-

2171 2530 2279 2585 net
2307 2524 2469 2585 idem
2510 2543 2809 2601 numer03
2831 2530 2895 2586 et
2918 2524 3207 2585 similiter
3228 2525 3393 2587 idem
3424 2532 3519 2587 e‘st
3562 2526 3751 2604 prin-

2170 2635 2312 2697 ceps
2338 2624 2403 2679 et
2428 2624 2634 2698 caput,
2662 2618 2831 2698 quod
2857 2617 3024 2679 idem
3060 2617 3249 2680 etiam
3278 2618 3461 2680 debet
3488 2636 3749 2698 semper

2170 2728 2391 2791 corpus
2426 2711 2715 2773 retinere.

2800 2956 3015 3009 SECTIO
3048 2948 3109 3008 V.

2170 3141 2277 3205 An
2312 3139 2521 3204 unitas
2559 3141 2859 3206 Ecclesia·
2894 3160 2966 3205 em
3000 3142 3280 3206 ”umbris
3322 3144 3565 3208 diversa
3608 3162 3739 3207 mu-

2283 3252 2433 3298 nera
2459 3238 2519 3298 et
2545 3234 2871 3315 facultates
2903 3236 3251 3301 habentibus
3280 3245 3628 3323 consuo-yut.

2256 3460 2313 3517 1.
2366 3455 2527 3530 Quid
2547 3456 2647 3519 liic
2678 3456 3171 3519 tractandwm.—
3185 3456 3493 3517 Hactenus
3518 3456 3599 3517 de
3626 3457 3757 3517 Ec-

2174 3549 2361 3611 clesia
2390 3549 2723 3611 universali
2747 3549 3017 3633 quadam
3040 3552 3281 3612 ratione
3309 3550 3758 3623 disseruimus3

2176 3662 2340 3704 nunc
2380 3660 2529 3704 vero
2556 3642 2635 3703 ad
2680 3661 2825 3705 eum
2860 3650 3091 3705 statum
3120 3661 3305 3723 quem
3349 3650 3487 3724 post
3512 3642 3757 3703 Christi

2174 3736 2423 3797 Domini
2453 3736 2910 3799 institutionem
2953 3736 3165 3812 habet,
3205 3754 3551 3799 sermonem
3597 3755 3759 3799 con-

2176 3830 2496 3907 vertimus,
2522 3831 2671 3911 quia
2698 3830 2884 3911 hujus
2914 3828 3198 3893 Ecclesiae
3226 3830 3497 3909 cognitio
3520 3839 3584 3891 et
3608 3832 3758 3910 plu-

2175 3942 2245 3985 ra
2270 3924 2553 4003 requirit,
2572 3942 2721 3986 cum
2741 3924 2874 4004 ipsa
2898 3924 3225 4004 perfectior
3246 3924 3348 3999 sit,
3372 3928 3435 3983 et
3454 3926 3761 4003 praesenti

2176 4016 2461 4077 instituto
2488 4016 2687 4095 magis
2715 4025 2861 4078 sunt
2888 4017 3251 4092 neccssaria,
3278 4018 3563 4096 quamvis
3588 4036 3760 4079 non-

2177 4108 2349 4171 nulla
2394 4127 2472 4169 ex
2498 4109 2769 4171 dicendis
2812 4111 3049 4189 possint
3084 4109 3287 4186 facile,
3332 4100 3574 4171 servata
3604 4128 3761 4188 pro·

2178 4203 2484 4281 portione,
2512 4200 2591 4262 ad
2618 4202 2769 4263 alios
2790 4202 3071 4265 Ecclesiae
3092 4210 3287 4264 status
3316 4203 3763 4264 accommoda-

2178 4296 2257 4356 ri.
2286 4296 2565 4356 Diximus
2592 4302 2802 4357 autem
2827 4296 2988 4357 banc
3024 4294 3353 4357 Ecclesiam
3382 4314 3513 4357 esse
3539 4314 3761 4357 unum

2179 4407 2423 4471 corpus,
2465 4394 2526 4451 et
2552 4389 2693 4453 ideo
2732 4390 3171 4470 explicandum
3210 4399 3487 4470 superest
3518 4409 3605 4451 an
3632 4390 3762 4452 ho-

2179 4500 2554 4562 mogeueum
2582 4482 2737 4544 illud
2766 4484 2867 4560 sit,
2890 4491 3001 4545 aut
3022 4484 3547 4563 heterogeneum:
3576 4484 3761 4563 quod

2181 4576 2248 4637 in
2276 4575 2457 4638 titulo
2486 4578 2935 4657 proposuimus.
2977 4576 3125 4651 Quoe
3156 4576 3410 4657 quaestio
3437 4578 3489 4637 si
3510 4594 3625 4655 pro
3654 4578 3765 4637 di-

2182 4669 2418 4749 gnitate
2462 4670 2835 4751 disputanda
2856 4672 3037 4733 ‘esset
3056 4715 3077 4744 ,
3130 4675 3443 4749 oporteret
3487 4670 3563 4730 de
3616 4676 3765 4731 tota

2182 4762 2465 4824 Ecclesiae
2493 4763 2863 4840 hierarchia,
2888 4763 2964 4825 de
2992 4762 3331 4843 EpiscopiS,
3356 4761 3431 4823 de
3455 4762 3767 4825 Sacerdo-

2183 4856 2371 4933 tibus,
2406 4876 2479 4919 ac
2518 4855 2594 4918 de
2622 4857 2860 4918 caeteris
2896 4854 3313 4917 ecclesiasticis
3338 4854 3599 4916 statibus
3628 4856 3765 4917 dis-

2184 4967 2407 5025 serere,
2435 4950 2601 5030 quod
2629 4952 2777 5030 quia
2813 4956 3039 5031 praeter
3078 4959 3357 5010 nostrum
3386 4955 3475 5009 est
3501 4949 3767 5011 institu-

2186 5050 2343 5119 tum,
2370 5044 2569 5105 solum
2606 5044 2877 5105 breviter
2917 5044 3238 5105 veritatem
3276 5040 3759 5120 explicabimus,

2184 5143 2489 5216 quantum
2518 5138 2933 5211 necessarium
2962 5143 3052 5199 est
3072 5136 3152 5198 ad
3176 5152 3385 5199 veram
3413 5135 3761 5197 Ecclesiam

2184 5230 2689 5309 dignoscendam.

2264 5326 2325 5383 2.
2370 5324 2820 5389 Hoereticorum
2852 5340 3023 5388 error
3056 5321 3289 5386 varius.
3336 5352 3417 5368 --
3456 5320 3763 5383 Haeretici

2183 5416 2373 5495 igitur
2417 5416 2603 5495 hujus
2644 5418 2941 5498 temporis
2980 5420 3047 5478 in
3076 5416 3195 5479 hoc
3238 5414 3765 5491 conveniuntrut:

2184 5509 2673 5591 pulcherrimum
2720 5510 3003 5572 Ecclesiae
3057 5510 3363 5587 ordinem,
3408 5515 3470 5572 et
3514 5509 3766 5569 hierar-
