3900 6217
646 403 816 457 SECT.
854 402 932 453 lv.
972 402 1053 453 DE
1087 397 1556 453 RESERVATIONE
1588 393 1778 447 nulus
1810 391 2127 453 CENSURAE,
2164 390 2364 454 DEQUE
2397 389 2839 442 ABSOLUTIONE.

163 511 399 571 sarium.
447 506 718 585 Denique
745 504 829 564 ita
855 502 1042 564 etiam
1087 501 1426 562 declarasse
1478 499 1706 576 Grego-

164 603 314 664 rium
339 599 466 661 XIII
491 603 553 658 et
573 599 752 658 Pium
768 595 844 670 V,
867 601 928 658 et
946 596 1013 656 in
1042 594 1203 676 stylo
1228 595 1424 655 Curiae
1441 592 1557 653 hoc
1576 609 1706 651 esse

162 699 483 772 receptum,
517 689 667 750 dicti
709 694 990 750 auctores
1012 687 1329 762 referunt3
1367 684 1524 746 nihil
1557 701 1706 762 ergo

164 791 428 866 superest
456 781 888 843 dubitandum.
943 781 1019 841 Et
1060 779 1534 841 fundamentum
1565 794 1706 837 con-

163 879 356 942 trariae
383 876 702 938 sententias
732 879 943 936 manet
966 873 1262 949 solutum,
1291 872 1438 952 quia
1465 869 1708 932 clausu-

162 975 218 1034 la
250 968 609 1031 univ'ersalis
623 970 805 1048 juxta
832 965 1082 1046 regulas
1122 965 1282 1046 juris
1318 971 1380 1027 et
1400 969 1711 1044 receptam

163 1062 656 1126 cousuetudinem
708 1058 1097 1121 extendenda
1151 1065 1264 1135 est,
1310 1064 1374 1120 et
1419 1075 1545 1118 non
1577 1061 1712 1116 arn-

163 1159 334 1239 plius,
381 1155 624 1216 etiamsi
666 1152 1024 1214 favorabilis
1059 1153 1158 1216 sit.
1195 1155 1404 1232 Neque
1434 1151 1710 1230 exceptio

163 1249 401 1312 alterius
446 1264 622 1307 casus
649 1245 928 1306 extendit
974 1243 1073 1306 vel
1125 1243 1335 1306 firmat
1374 1243 1712 1304 concessio-

163 1359 296 1404 nem
341 1345 618 1420 respectu
672 1337 947 1413 haeresis,
992 1355 1132 1417 quae
1179 1335 1373 1399 veluti
1405 1337 1549 1416 jure
1581 1335 1712 1415 ipso

164 1441 402 1514 excepta
423 1433 814 1512 supponitur.

233 1529 331 1588 22.
368 1525 667 1600 Quartum
701 1531 994 1608 punctum
1039 1527 1108 1590 de
1141 1523 1467 1590 Sacerdote
1506 1524 1714 1607 quovis

164 1622 225 1684 in
245 1618 500 1684 articulo
546 1619 784 1683 mortis.
804 1619 1129 1694 -Quarto
1166 1625 1228 1681 et
1255 1619 1474 1680 ultimo
1508 1618 1717 1679 dicen·

165 1715 301 1775 dum
328 1718 422 1773 est
453 1711 532 1773 de
567 1711 856 1773 facultate
897 1709 1249 1773 absolvendi
1297 1709 1377 1773 ab
1405 1709 1624 1773 haeresi
1648 1713 1714 1770 in

167 1804 408 1866 articulo
472 1803 688 1866 mortis
717 1850 733 1876 ‚
803 1805 1052 1884 quando
1117 1804 1449 1866 necessitas
1510 1809 1710 1882 urget.

165 1902 308 1961 Nam
347 1897 567 1978 regula
599 1895 904 1976 generalis
943 1905 1055 1972 est,
1100 1898 1166 1958 in
1195 1897 1302 1958 illo
1330 1915 1474 1958 casu
1505 1915 1715 1976 qnem-

165 1992 303 2053 libet
362 1991 746 2052 sacerdotem
793 2009 968 2070 posse
1014 1991 1329 2053 absolvere
1382 1991 1720 2071 quemlibet

167 2085 561 2166 poenitentem
594 2101 632 2144 a
661 2083 937 2163 quolibet
963 2090 1212 2162 peccato
1242 2091 1304 2145 et
1331 2102 1613 2161 censura,
1649 2089 1720 2145 ut

167 2179 283 2239 fere
323 2177 561 2238 eisdem
603 2176 807 2236 verbis
841 2175 1030 2236 tradit
1073 2177 1430 2241 Concilium.
1466 2177 1721 2238 Triden-

167 2271 379 2344 tinum,
404 2287 558 2331 sess.
599 2271 693 2342 14,
717 2287 769 2331 c.
803 2271 865 2340 7,
896 2275 956 2328 et
974 2266 1172 2329 videri
1195 2276 1445 2350 possunt
1472 2268 1636 2330 dicta
1651 2269 1719 2330 in

167 2370 320 2424 tomo
340 2363 415 2424 de
437 2363 802 2436 Poenitent.,
833 2361 1061 2442 disput.
1090 2363 1192 2435 30,
1211 2369 1358 2423 sect.
1381 2363 1443 2437 3,
1471 2380 1715 2423 numer.

170 2461 220 2520 2.
255 2455 546 2518 Dubitare
575 2463 783 2516 autem
825 2455 1048 2536 aliquis
1075 2463 1278 2538 posset
1320 2473 1392 2516 ex
1443 2457 1721 2536 proxime

170 2549 352 2624 dictis,
382 2567 466 2610 an
507 2549 571 2610 in
601 2549 718 2611 hac
746 2551 1136 2612 concessione
1165 2548 1723 2630 comprehendatur

171 2643 420 2719 haeresiS,
457 2650 719 2724 propter
745 2645 1049 2704 rationem
1077 2661 1264 2724 supra
1301 2644 1547 2704 factam.
1602 2641 1722 2704 Sed

170 2737 404 2797 omnino
453 2735 888 2798 indubitatum
943 2744 1034 2798 est
1081 2735 1146 2796 in
1206 2737 1462 2798 articulo
1509 2735 1721 2797 mortis

173 2829 602 2911 comprehendi
633 2829 939 2893 haeresim.
967 2831 1058 2892 Ita
1085 2832 1307 2894 docent
1337 2847 1552 2890 omnes
1582 2847 1724 2890 auc-

175 2933 318 2987 tores
345 2925 545 3000 citati,
598 2927 766 2998 8010,
799 2925 1054 2986 Navarr.
1092 2931 1155 2985 et
1185 2923 1316 2997 alii,
1351 2930 1413 2985 et
1433 2925 1721 2998 Guttier.,

181 3019 314 3082 libro
345 3023 370 3079 1
406 3019 772 3080 Canonicar.
821 3025 1057 3097 quaest.,
1088 3035 1220 3096 cap.
1249 3019 1309 3088 1,
1339 3033 1583 3076 numer.
1614 3017 1725 3095 593

183 3121 232 3175 et
273 3117 474 3189 Azor.,
506 3119 664 3174 tom.
720 3116 778 3190 1,
826 3112 966 3174 libr.
1011 3113 1074 3187 8,
1109 3129 1240 3192 cap.
1276 3115 1379 3186 19,
1412 3118 1626 3192 quaest.
1656 3113 1723 3186 ὃς

178 3208 440 3284 SanciuS,
463 3207 634 3268 dicto
675 3206 832 3267 libro
871 3207 934 3280 2,
965 3207 1150 3288 capit.
1189 3208 1285 3269 13.
1317 3207 1395 3268 Ε1
1417 3206 1574 3266 ratio
1609 3211 1723 3279 est,

179 3303 305 3382 quia
347 3307 633 3362 extrema
659 3300 1006 3372 necessitaS,
1034 3307 1286 3380 propter
1310 3318 1498 3380 quam
1536 3300 1602 3358 in
1627 3318 1728 3359 ar·

179 3393 343 3456 ticulo
392 3393 618 3454 mortis
661 3393 734 3454 fit
786 3393 1098 3454 concessio
1126 3391 1287 3468 haec,
1327 3411 1454 3453 non
1498 3393 1725 3466 minus,

180 3489 288 3546 imo
331 3487 532 3566 magis
584 3485 1040 3565 quodammodo
1093 3485 1319 3546 militat
1366 3485 1435 3546 in
1481 3484 1727 3558 haeresi,

181 3596 346 3658 quam
370 3579 437 3639 in
485 3578 630 3639 aliis
675 3579 940 3657 peccatis
963 3577 1064 3638 vel
1103 3579 1412 3658 censuris;
1446 3596 1596 3656 ergo
1620 3596 1732 3639 ne-

181 3689 322 3734 cesse
349 3679 440 3734 est
467 3677 540 3733 ut
579 3673 694 3734 sub
721 3672 828 3733 tali
858 3674 1249 3734 concessione
1285 3673 1538 3733 haeresis
1562 3692 1730 3734 com-

182 3765 610 3844 prehendatur,
644 3763 872 3844 alioqui
915 3771 1152 3826 aeterna
1193 3765 1356 3826 salus
1397 3767 1731 3845 peccatoris

183 3875 390 3938 magno
433 3859 715 3939 periculo
770 3864 1204 3938 exponeretur,
1259 3865 1321 3918 et
1359 3877 1485 3919 non
1530 3863 1732 3938 posset

183 3960 476 4032 praecepta
527 3959 1098 4028 sacramentorum,
1147 3969 1286 4032 quae
1333 3951 1472 4032 jure
1521 3952 1731 4012 divino

183 4051 314 4105 tunc
355 4046 664 4125 obligant,
709 4045 1067 4125 adimplere.
1114 4044 1366 4106 Accedit
1417 4043 1605 4124 quod,
1664 4043 1731 4104 in

179 4138 303 4214 jure
330 4137 677 4212 communi,
708 4138 896 4199 etiam
932 4138 1036 4198 1110
1083 4155 1260 4200 casus
1301 4144 1391 4198 est
1434 4139 1499 4198 in
1533 4139 1734 4217 specie

189 4247 511 4308 expressus,
541 4238 618 4292 ut
644 4231 838 4292 videri
862 4236 1059 4310 potest
1087 4233 1186 4304 26,
1209 4250 1269 4310 q.
1295 4229 1356 4304 6,
1382 4248 1492 4311 per
1515 4236 1730 4290 totam.

258 4325 351 4386 23.
395 4323 748 4388 observatio
803 4324 1008 4406 prima
1067 4326 1232 4388 circa
1295 4326 1402 4386 hoo
1453 4327 1738 4405 quartum

179 4417 758 4495 punctum—Circa
788 4418 949 4477 hanc
972 4436 1118 4479 vero
1142 4417 1494 4478 facultatem
1525 4422 1587 4478 et
1605 4417 1739 4496 ejus

193 4527 378 4588 usum,
426 4510 738 4572 nonnulla
783 4509 1054 4571 notanda
1082 4519 1247 4570 sunt.
1291 4511 1567 4571 Primum
1621 4518 1733 4584 est,

192 4603 292 4663 sub
335 4603 606 4666 articulo
651 4603 867 4663 mortis
918 4603 1354 4682 comprehendi
1384 4602 1578 4664 solere
1609 4622 1736 4664 non

194 4699 418 4758 tantum
474 4703 708 4758 statum
757 4695 1143 4774 aegritudiuis
1169 4741 1184 4768 ,
1246 4695 1495 4776 quando
1548 4694 1736 4756 1101110

197 4791 496 4866 proximus
540 4789 732 4850 morti
769 4807 900 4849 esse
928 4799 1231 4862 censetur,
1263 4789 1362 4848 vel
1385 4789 1450 4848 in
1479 4789 1654 4866 gravi
1676 4794 1740 4849 et

197 4881 400 4941 morali
445 4881 723 4962 periculo
761 4881 951 4958 iuius,
1003 4881 1110 4942 sed
1155 4881 1342 4942 etiam
1377 4881 1528 4942 alias
1569 4900 1740 4942 occa-

195 4975 379 5036 siones
405 4977 472 5035 in
500 4975 728 5056 quibus
754 4973 942 5036 homo
970 4975 1223 5035 inchoat
1251 4974 1351 5035 vel
1377 4973 1739 5053 aggreditur

196 5068 484 5129 actionem
514 5069 817 5150 aliquam,
850 5086 987 5148 quae
1015 5085 1221 5128 secum
1255 5067 1408 5128 solet
1433 5067 1556 5128 tale
1579 5067 1742 5147 peri-

197 5160 389 5222 culum
417 5161 666 5235 afferre,
697 5168 767 5221 ut
795 5167 908 5236 est,
939 5161 1111 5221 verbi
1157 5159 1379 5238 gratia,
1427 5161 1742 5238 navigatio

199 5252 257 5312 in
281 5254 543 5326 Indiam,
577 5261 720 5327 etc.,
771 5254 917 5332 quia
949 5254 999 5313 si
1042 5258 1253 5332 postea
1288 5272 1416 5313 non
1461 5262 1743 5333 speratur

202 5348 358 5424 copia
384 5347 767 5421 confessoris,
797 5346 898 5406 ille
929 5351 1249 5425 reputatur
1275 5351 1572 5426 tanquam
1596 5345 1746 5407 arti-

206 5437 366 5499 culus
395 5442 636 5512 mortiS,
667 5444 738 5499 ut
759 5439 888 5500 dixi
917 5441 981 5500 in
1013 5445 1181 5500 tomo
1209 5440 1270 5510 4,
1289 5438 1446 5518 disp.
1468 5439 1569 5509 26,
1594 5446 1740 5501 sect.

209 5533 259 5604 4,
292 5533 447 5594 etin
493 5540 646 5596 tom.
677 5537 748 5618 5,
788 5533 1016 5616 disput.
1060 5533 1123 5606 2,
1174 5537 1320 5594 sect.
1368 5534 1426 5592 1.
1469 5530 1645 5592 Unde
1679 5532 1747 5593 in

3234 382 3353 444 549

1788 495 2370 574 praesenti,'propter
2390 489 2825 570 specialitatem
2854 491 3124 565 hoeresiS,
3160 491 3348 550 inter-

1785 605 2004 666 rogare
2032 590 2169 668 quis
2210 593 2407 667 potest
2434 607 2515 648 an
2554 587 2773 648 codem
2804 584 2987 646 modo
3018 585 3101 645 sit
3128 588 3346 644 exten-

1787 681 2026 742 dendus
2072 681 2365 743 articulus
2406 681 2641 741 mortiS.
2698 681 2936 740 Tamen
2978 679 3110 738 sine
3157 675 3347 736 dubio

1788 774 2224 836 affirmandum
2256 781 2367 848 est,
2398 779 2469 835 ut
2510 789 2648 834 cum
2679 771 2887 832 multis
2915 770 3145 848 optime
3172 769 3350 829 docet

1788 869 2070 942 Saucius,
2108 868 2273 929 dicto
2300 867 2485 948 capit.
2518 869 2618 939 13,
2649 871 2711 927 01
2742 864 2900 925 ratio
2926 863 3087 923 facta
3114 861 3177 921 id
3203 880 3345 941 pro-

1789 962 1916 1037 bat,
1949 963 2095 1041 quia
2122 961 2464 1044 periculum
2500 958 2714 1020 salutis
2767 963 3014 1017 aeterna}
3041 953 3185 1014 inde
3207 956 3343 1033 ,iam

1790 1055 2029 1135 incipit,
2084 1061 2147 1115 et
2201 1054 2515 1115 moraliter
2566 1051 2887 1122 imminet,
2941 1049 3202 1128 ideoque
3260 1047 3349 1108 illi

1792 1149 1979 1210 etiam
2022 1149 2341 1228 provisum
2380 1155 2493 1210 est.
2550 1149 2701 1210 Item
2753 1147 2899 1225 quia
2944 1145 3085 1223 jura
3133 1142 3350 1204 eodem

1793 1243 1977 1304 modo
2002 1243 2341 1324 loquuntur
2366 1244 2444 1304 de
2481 1241 2740 1305 articulo
2770 1241 2987 1302 mortis
3008 1256 3118 1318 pro
3142 1238 3260 1299 hoc
3288 1240 3350 1297 et

1793 1355 1906 1418 pro
1935 1336 2072 1397 aliis
2095 1337 2354 1398 casibus.
3270 1321 3283 1330 ’

1873 1431 1975 1490 24.
2024 1429 2372 1497 observatio
2401 1434 2683 1497 secunda.
2708 1465 2787 1477 ·—
2807 1428 3114 1504 Secundo,
3146 1427 3351 1488 obser-

1792 1529 2068 1591 vandum
2118 1533 2211 1590 est
2246 1531 2529 1608 oportere
2572 1532 2642 1586 ut
2695 1524 3021 1588 necessitas
3072 1540 3198 1584 non
3249 1525 3385 1581 so-‘

1793 1623 1924 1684 lum
1969 1637 2045 1684 ex
2092 1627 2265 1702 parte
2306 1619 2683 1701 poenitentis,
2713 1618 2818 1680 sed
2845 1617 3032 1680 etiam
3070 1633 3148 1677 ex
3184 1619 3353 1694 parte

1795 1715 2155 1778 confessoris
2214 1719 2512 1776 occurrat.
2551 1716 2645 1774 lta
2689 1717 2906 1773 notant
2952 1709 3104 1771 dicti
3143 1713 3352 1770 aucto·

1796 1827 1913 1871 res
1949 1811 2186 1888 ltaque,
2210 1809 2262 1869 si
2296 1808 2374 1869 sit
2402 1807 2577 1888 copia
2604 1804 2965 1868 confessoris
2991 1803 3097 1884 qui
3130 1800 3357 1862 habeat

1797 1903 2154 1966 facultatem
2206 1900 2532 1982 specialem
2570 1897 2927 1962 absolvendi
2977 1898 3056 1960 ab
3108 1895 3352 1970 haeresi,
3454 1967 3463 1974 ,

1799 1995 1901 2059 1110
1947 1995 2111 2058 solus
2153 1996 2376 2076 poterit
2420 1993 2756 2062 absolvere,
2794 1998 2857 2054 et
2887 2009 3013 2053 non
3053 1989 3182 2066 alii,
3213 1988 3360 2068 quia

1799 2096 2081 2170 respectu
2109 2088 2371 2151 aliorum
2402 2093 2594 2148 cessat
2631 2086 2981 2160 necessitas,
3012 2101 3199 2162 quam
3226 2081 3359 2144 Tri·

1798 2183 2127 2244 dentinum
2172 2179 2452 2262 requirit.
2487 2183 2643 2242 Item
2678 2181 2729 2242 si
2780 2180 2861 2241 sit
2901 2185 3148 2258 tempus
3184 2194 3359 2238 acce-

1801 2275 1988 2337 dendi
2038 2274 2115 2336 ad
2154 2281 2572 2336 reservantem
2596 2321 2615 2351 ,
2670 2293 2796 2336 non
2838 2271 3065 2354 poterit
3112 2263 3191 2331 ab
3234 2269 3357 2330 alio

1800 2369 1937 2431 dari
2006 2367 2308 2430 absolutio
2329 2413 2350 2444 ,
2402 2369 2587 2448 quia,
2642 2373 2716 2428 ut
2771 2351 2981 2428 statim
3044 2365 3314 2426 dicemus
3337 2408 3358 2438 ,

1804 2462 2047 2523 etiamsi
2086 2461 2223 2542 quis
2262 2459 2611 2523 absolvatur
2658 2461 2725 2522 in
2772 2461 2881 2522 illo
2934 2457 3194 2519 articulo
3224 2504 3243 2534 ,
3296 2461 3365 2517 et

1803 2561 2014 2636 postea
2039 2555 2441 2630 convalescat,
2476 2560 2722 2619 tenetur
2753 2573 2816 2616 se
2853 2559 3227 2634 praesentare
3257 2569 3363 2612 su-

1804 2648 2031 2732 periori
2050 2664 2071 2726 3
2102 2667 2249 2727 ergo
2288 2649 2335 2707 si
2366 2654 2548 2709 antea
2594 2647 2885 2728 potuerit,
2926 2645 3124 2707 multo
3162 2643 3361 2722 magis

1801 2743 2143 2820 tenebitur,
2168 2748 2230 2804 et
2285 2741 2423 2802 ideo
2464 2760 2623 2822 saepe
2670 2741 2735 2802 in
2768 2741 2909 2821 jure
2958 2739 3206 2801 additur
3258 2736 3365 2799 illa

1805 2837 2113 2900 conditio:
2148 2837 2229 2902 Si
2270 2854 2388 2900 non
2423 2836 2509 2900 sit
2546 2852 2830 2898 ramam
2861 2835 2943 2898 ad
2969 2832 3358 2914 superiorem,

1805 2933 2134 3012 Extravag.
2176 2934 2199 2992 1
2227 2979 2248 3009 ,
2293 2948 2538 3012 paragr.
2593 2927 2980 2994 Decet-nimus
3012 2975 3029 3001 ‚
3075 2925 3151 2986 de
3190 2926 3360 2988 Sent.

1809 3045 2045 3090 excom.
2068 3071 2088 3102 ,
2121 3031 2182 3087 et
2222 3025 2552 3101 Extravag.
2592 3026 2615 3084 1
2654 3067 2675 3097 ,
2722 3022 2759 3103 ἓ
2799 3021 3243 3095 Incendiarios,
3288 3017 3367 3080 de

1811 3119 2127 3196 Privileg.‚
2161 3124 2223 3179 et
2252 3123 2578 3198 propterea
2604 3115 2821 3176 dicunt
2861 3113 3052 3194 aliqui
3086 3131 3166 3174 ex
3194 3113 3371 3174 dictis

1809 3211 2187 3288 auctoribus,
2211 3212 2264 3272 si
2304 3211 2384 3272 sit
2422 3227 2706 3272 recursus
2747 3208 2824 3269 ad
2870 3208 3238 3288 Episcopum
3272 3205 3371 3267 vel

1811 3306 1885 3368 011
1917 3306 2374 3385 Inquisitorem,
2405 3320 2532 3364 uon
2554 3301 2736 3364 licere
2760 3300 2897 3362 aliis
2923 3297 3370 3362 confessoribus

1811 3397 2146 3461 absolvere.
2167 3397 2286 3459 Sed
2313 3397 2432 3458 11οο
2463 3394 2835 3475 procederet,
2855 3392 2906 3454 si
2921 3391 3179 3453 facultas
3198 3391 3371 3472 Epis·

1811 3492 1947 3571 copi
1996 3509 2122 3570 non
2164 3496 2323 3552 esset
2354 3494 2665 3562 revocata,
2694 3491 2803 3546 aut
2839 3485 3170 3565 Inquisitor
3196 3483 3367 3543 illam

1809 3583 2066 3648 haberet
2096 3583 2161 3644 in
2190 3583 2323 3644 foro
2356 3580 2771 3662 poenitentiae3
2806 3576 3134 3658 suppositis
3162 3582 3371 3636 autem

1811 3679 1886 3738 iis
1913 3696 2052 3758 quae
2088 3675 2383 3750 diximus,
2415 3693 2539 3735 non
2582 3672 2771 3734 habet
2796 3671 3004 3732 locum
3033 3669 3166 3730 haec
3205 3667 3372 3729 limi-

1809 3772 1984 3844 tatio,
2019 3767 2123 3831 sed
2162 3769 2229 3828 in
2277 3785 2349 3830 eo
2390 3785 2537 3828 casu
2581 3765 2894 3828 absolvere
2935 3763 3161 3846 poterit
3209 3759 3375 3824 ordi-

1811 3862 2025 3924 narius
2053 3861 2381 3924 confessor.

1891 3957 1994 4018 25.
2046 3954 2391 4018 observ-atio
2432 3953 2633 4017 tertia.
2660 3985 2740 3999 —
2763 3951 2971 4014 Tertio
2988 3995 3005 4025 ,
3046 3949 3375 4012 observan-

1815 4047 1966 4110 dum
2014 4054 2104 4110 est
2145 4046 2601 4109 absolutionem
2642 4045 2709 4107 111
2740 4045 2847 4107 1110
2889 4044 3149 4106 articulo
3190 4043 3377 4104 relin-

1815 4159 2004 4220 quere
2033 4140 2475 4218 obligationem
2493 4138 2889 4220 comparendi
2933 4155 3138 4199 coram
3167 4137 3377 4197 Ponti-

1817 4233 1952 4307 fice,
1985 4232 2037 4294 si
2083 4233 2397 4314 poenitens
2429 4231 2770 4312 periculum
2818 4230 2973 4291 illud
3024 4230 3265 4304 evadat,
3314 4236 3378 4290 et

1819 4327 2011 4408 possit
2043 4325 2449 4406 personaliter
2478 4343 2855 4404 comparere.
2890 4325 2977 4384 Ita
3005 4323 3271 4384 sumitur
3302 4341 3379 4383 ex

1818 4437 1955 4499 cap.
1982 4421 2114 4483 Eos
2152 4420 2280 4500 qui,
2322 4417 2397 4480 de
2440 4419 2716 4480 Sentent.
2750 4433 3081 4492 excomm„
3114 4417 3181 4477 in
3210 4415 3286 4492 63
3320 4421 3383 4476 et

1817 4514 1978 4574 ratio
2006 4517 2119 4588 est,
2145 4512 2295 4590 quia
2318 4517 2586 4590 potestas
2610 4509 2970 4571 absolvendi
3002 4508 3114 4570 sub
3143 4528 3215 4569 ea
3243 4515 3380 4568 tan-

1819 4614 1955 4667 tum
2004 4603 2356 4665 conditione
2386 4604 2593 4678 datur,
2626 4609 2688 4664 et
2730 4609 2822 4663 est
2864 4603 3031 4680 justa
3072 4601 3377 4675 0011111110,

1818 4699 1965 4778 quia
1990 4697 2096 4758 illo
2133 4697 2314 4757 modo
2358 4697 2733 4758 sufficienter
2775 4695 3136 4756 subvenitur
3171 4712 3382 4754 neces-

1820 4791 1989 4852 sitati
2040 4793 2403 4870 peccatoris,
2437 4800 2500 4852 et
2528 4809 2635 4870 per
2664 4790 2835 4851 illam
2867 4789 3225 4868 providetur
3251 4805 3380 4848 me-

1818 4883 1941 4944 lius
1988 4883 2213 4944 animae
2269 4883 2432 4963 ejus,
2485 4890 2546 4946 01
2596 4882 2931 4945 consulitur
2976 4883 3164 4942 etiam
3218 4879 3382 4940 bono

1818 4976 1967 5038 fidei
1994 4981 2058 5038 01
2081 4975 2384 5037 Ecclesiae.
2429 4977 2606 5038 Unde
2645 4982 2895 5040 tenetur
2936 4973 3244 5036 confessor
3274 4973 3382 5032 ad-

1822 5087 2077 5131 monere
2118 5069 2521 5148 poenitentem
2554 5069 2631 5130 de
2670 5067 3030 5147 hujusmodi
3070 5085 3277 5142 onere,
3323 5072 3387 5126 et

1824 5162 2175 5224 cautionem
2221 5162 2498 5242 aliquam
2542 5161 2618 5222 de
2660 5162 2976 5241 implenda
3020 5159 3387 5240 hujusmodi

1824 5256 2201 5334 obligatione
2246 5255 2325 5317 ab
2374 5255 2481 5316 illo
2528 5255 2815 5333 exigere,
2862 5260 2923 5315 et
2970 5251 3385 5315 communiter

1825 5355 2078 5410 censent
2117 5349 2405 5410 Doctores
2444 5349 2811 5428 juratoriam
2852 5347 3197 5407 cautionem
3253 5361 3385 5404 esse

1825 5442 2283 5524 postulandam,
2320 5449 2390 5503 ut
2431 5443 2625 5506 videri
2670 5447 2871 5522 potest
2909 5439 2976 5500 in
3024 5437 3243 5500 Sancio
3284 5454 3385 5496 su-

1827 5554 1961 5618 pra,
1994 5535 2063 5598 in
2103 5554 2213 5597 suo
2250 5555 2493 5599 numer.
2538 5538 2637 5598 17.
2670 5533 2807 5598 Dixi
2834 5539 3078 5596 autem:
3134 5529 3213 5594 Si
3250 5547 3388 5613 per-
