3900 6217
762 349 933 402 sssc'r.
970 350 1097 402 vm.
1135 347 1217 399 AN
1238 347 1532 402 ‘JUDICIUH
1567 349 1857 404 PRAEvum
1891 351 1974 403 An
2011 349 2426 404 *sommum
2459 351 2782 412 annENm,
2819 351 2952 404 Ere.

240 445 399 508 ferri
446 445 571 509 nisi
597 449 665 508 in
692 449 1035 528 cognitum,
1066 453 1129 509 et
1156 447 1295 508 ideo
1335 447 1721 527 simpliciter,
1748 454 1811 510 ct

238 557 387 600 cum
412 558 805 621 quacumque
832 541 1094 616 ratione,
1142 541 1433 622 supponit
1471 547 1679 602 actum
1717 543 1811 602 in-

238 631 549 708 tellectus,
593 633 684 694 illi
724 633 1037 713 objectum
1076 638 1557 714 proponentem;
1584 653 1735 713 ergo
1758 635 1808 695 si

238 731 419 786 actus
448 724 598 787 fidei
622 725 795 788 nullo
825 728 1010 789 modo
1037 727 1325 808 proponit
1347 726 1655 807 objectum
1702 743 1809 788 vo-

236 817 468 880 luntati
512 839 553 880 a
594 839 717 900 qua
740 821 1037 900 procedit,
1071 821 1168 882 vel
1204 837 1239 881 e
1270 838 1563 882 converso
1592 821 1642 880 si
1671 839 1809 901 pro-

236 917 423 992 ponit
476 911 789 992 objectum
852 914 1069 994 primae
1112 913 1421 974 voluntati
1471 913 1759 974 credendi
1785 959 1805 990 ,

237 1022 369 1064 nou
399 1011 605 1084 potest
632 1025 765 1068 esse
792 1006 924 1086 ipse
947 1007 1330 1068 voluntarius
1360 1013 1424 1066 et
1468 1006 1643 1069 liber.

320 1100 383 1160 9.
436 1098 722 1164 Secunda
764 1099 983 1164 evasio.
1016 1133 1099 1146 —
1128 1101 1541 1181 Impquatwr
1575 1101 1797 1182 primo.

238 1190 419 1252 Unde
444 1197 541 1252 oet
566 1190 721 1253 alter
744 1191 1157 1272 respondendi
1182 1193 1422 1270 modus,
1457 1193 1564 1273 qui
1590 1212 1805 1256 conce-

232 1284 329 1344 dit
342 1291 557 1346 actum
578 1285 781 1361 illum,
809 1286 1048 1349 etiamsi
1071 1293 1274 1348 certus
1306 1293 1369 1350 et
1386 1286 1679 1348 obscurus
1700 1287 1802 1365 sit,

234 1375 659 1440 nihilominus
686 1397 813 1442 esse
840 1378 1283 1458 necessarium,
1318 1399 1446 1442 non
1477 1400 1553 1444 ex
1586 1381 1809 1442 intrin-

230 1487 382 1532 seco
400 1469 612 1534 medio
631 1478 743 1534 aut
768 1473 1019 1554 propria
1036 1473 1291 1549 virtute,
1324 1474 1429 1536 sed
1458 1491 1535 1534 ex
1564 1473 1808 1536 influxu

228 1563 455 1624 divino
465 1580 489 1642 ;
527 1582 675 1626 nam
704 1566 867 1628 Deus
886 1567 1160 1645 potentia
1188 1585 1301 1628 sua
1326 1565 1607 1628 immittit
1628 1565 1807 1628 illum

228 1661 447 1718 actum
478 1657 548 1718 in
587 1657 907 1720 intellectu
946 1677 1053 1738 per
1080 1657 1333 1720 modum
1386 1659 1605 1738 gratias
1648 1659 1808 1720 exci-

228 1749 451 1823 tantis,
483 1768 649 1828 quai,
704 1757 777 1812 ut
802 1757 1044 1814 constat
1089 1770 1167 1813 ex
1198 1751 1461 1814 materia
1482 1750 1559 1812 de
1583 1751 1805 1828 gratia,

230 1843 577 1904 antevertit
616 1850 892 1906 nostram
932 1844 1304 1907 libertatem.
1338 1844 1455 1920 Qui
1482 1852 1692 1905 autem
1720 1843 1809 1906 sic

126 1986 133 1990 ,
230 1935 617 2014 respondent
630 1937 837 1998 nonin
858 1935 979 1998 alio
994 1936 1361 2013 tundantur,
1390 1935 1509 1997 nisi
1522 1935 1672 2016 quia
1690 1933 1809 1998 hoc

234 2047 365 2090 non
380 2036 719 2110 repugnat,
751 2036 814 2091 et
832 2029 1085 2092 aliunde
1104 2031 1346 2092 videtur
1368 2030 1805 2107 necessarium,

236 2129 379 2182 tum
414 2124 499 2184 ad
532 2123 962 2204 explicandam
1008 2125 1381 2186 excitantem
1410 2123 1673 2203 gratiam
1704 2125 1809 2186 in-

236 2221 511 2290 ternam,
540 2235 677 2296 quae
705 2217 772 2278 in
797 2217 1117 2280 intellectu
1160 2217 1469 2278 antecedit
1490 2218 1571 2277 ad
1592 2217 1810 2278 volun-

234 2315 431 2372 tatem
450 2310 769 2386 credendi,
808 2316 946 2372 tum
978 2311 1165 2372 etiam
1195 2312 1341 2390 quia
1366 2309 1471 2371 ille
1516 2317 1691 2371 actus
1722 2311 1810 2370 vi·-

234 2401 418 2463 detur
438 2404 699 2466 omnino
725 2405 1129 2478 necessariuS,
1152 2409 1222 2464 ut
1242 2401 1460 2464 fundet
1483 2402 1666 2464 talem
1696 2421 1811 2464 vo-

232 2493 569 2557 luntatem.
606 2495 726 2558 Sed
760 2496 891 2558 haec
913 2496 1227 2578 responsio
1248 2496 1404 2557 mihi
1424 2497 1610 2556 etiam
1631 2494 1809 2558 valde

232 2586 568 2668 displicet:
604 2591 834 2670 primo,
881 2591 1031 2670 quia
1064 2596 1156 2651 est
1193 2588 1397 2651 aliena
1454 2606 1492 2649 a
1529 2588 1809 2650 doctrina

230 2683 593 2760 Augustini,
610 2683 902 2746 dicentis:
934 2682 1164 2748 Coetera
1172 2688 1372 2764 potest
1391 2682 1559 2744 homo
1574 2681 1803 2750 nolens.

236 2776 475 2838 credere
500 2782 702 2840 autem
728 2774 973 2840 nonnisi
993 2776 1217 2852 volem,
1244 2792 1433 2856 quam
1451 2775 1520 2836 D.
1541 2775 1807 2835 Thomas

236 2874 297 2930 et
322 2886 547 2932 omnes
572 2870 859 2930 Doctores
884 2867 1365 2948 amplectuntur,
1386 2873 1449 2930 et
1464 2887 1649 2948 supra
1672 2887 1807 2948 pro-

245 2961 387 3020 bavi
424 2979 561 3024 aese
589 2961 769 3024 valde
798 2968 1273 3024 consentaneam
1304 2959 1471 3022 fidei.
1525 2961 1669 3022 Haec
1698 2981 1807 3022 au-

251 3061 371 3114 tem
398 3055 685 3116 doctrina
702 3073 830 3117 non
858 3055 1043 3118 datur
1061 3057 1138 3117 de
1166 3074 1294 3117 uno
1316 3055 1416 3116 vel
1443 3055 1637 3118 altero
1663 3061 1807 3116 actu

240 3145 404 3226 fidei,
426 3149 541 3210 sed
564 3147 929 3229 simpliciter
960 3149 1037 3214 de
1062 3157 1191 3213 tota
1232 3149 1379 3226 fide,
1408 3150 1555 3230 quia
1592 3168 1809 3211 revera

232 3239 425 3304 habet
440 3243 731 3306 eamdem
752 3244 1057 3308 rationem
1078 3245 1145 3308 in
1174 3243 1461 3308 omnibus
1482 3243 1717 3304 actibus
1736 3241 1809 3304 fi-

234 3335 363 3412 dei,
402 3343 465 3398 et
504 3335 647 3398 ideo
678 3335 1017 3398 Concilium
1040 3337 1487 3399 Arausicanum
1508 3335 1803 3416 simplici-

236 3435 331 3490 ter
348 3428 535 3492 dixit.
568 3429 856 3509 affectum
884 3428 1157 3498 credendi
1194 3449 1319 3494 esso
1358 3427 1605 3492 initium
1630 3429 1799 3506 fidei.

232 3522 561 3598 Quocirca,
590 3521 734 3585 licet
766 3541 984 3584 verum
1021 3525 1101 3587 sit
1138 3543 1265 3584 non
1292 3523 1615 3603 implicare
1660 3540 1804 3584 con-

234 3615 677 3678 tradictionem
698 3661 717 3691 ,
759 3617 955 3678 Deum
998 3617 1364 3680 necessitate
1414 3614 1800 3678 intellectum

234 3709 315 3770 ad
336 3709 534 3772 talem
554 3715 789 3785 actum,
812 3708 933 3770 hoc
949 3716 1161 3771 tamen
1189 3727 1316 3770 non
1345 3715 1438 3770 est
1458 3708 1683 3770 secund
1694 3725 1800 3768 um

232 3809 529 3864 naturam
556 3801 695 3864 talis
714 3809 913 3880 acuis,
942 3810 1002 3865 et
1021 3803 1162 3864 ideo
1186 3821 1313 3864 non
1340 3809 1432 3866 est
1458 3800 1800 3864 secundum

234 3894 623 3956 ordinariam
667 3893 1118 3975 providentiam
1142 3895 1282 3970 Dei;
1327 3894 1605 3974 alioquin
1633 3893 1801 3954 idem

236 3987 359 4048 dici
382 3994 592 4068 posset
605 3987 682 4050 de
711 3987 987 4070 quolibet
1008 3994 1155 4050 actu
1181 3987 1363 4066 fidei3
1392 3988 1619 4049 namin
1646 4005 1803 4068 quo-

236 4079 393 4142 libet
422 4079 745 4144 invenitur
771 4081 879 4144 illa
901 4099 1030 4144 non
1052 4081 1467 4163 repugnantia
1497 4081 1565 4143 in
1588 4081 1804 4142 ordine

234 4173 317 4236 ad
342 4173 697 4238 absolutam
724 4175 1064 4256 potentiam
1094 4175 1221 4238 Dei.
1273 4173 1449 4236 Unde
1476 4171 1803 4236 confirma-

234 4274 363 4342 tur,
393 4269 549 4350 quia
586 4267 949 4332 incredibile
987 4275 1079 4330 est
1124 4286 1254 4331 non
1278 4285 1455 4348 posse
1478 4267 1799 4332 hominem

237 4361 450 4424 induci
480 4359 560 4422 ad
578 4359 953 4424 credendum
978 4360 1214 4442 aliquid
1238 4361 1454 4432 libere,
1480 4361 1603 4423 nisi
1630 4363 1802 4442 prius

236 4456 648 4518 necoesitetur
664 4455 744 4517 ad
772 4453 1008 4535 aliquid
1026 4453 1405 4518 credendum
1435 4455 1649 4516 eadem
1680 4454 1802 4518 fide

234 4558 297 4611 et
314 4567 394 4611 ex
420 4547 642 4610 eadem
680 4548 1043 4610 auctoritate
1072 4548 1203 4626 Dei,
1258 4566 1400 4612 cum
1448 4548 1552 4610 ille
1582 4549 1802 4610 modus

228 4641 529 4704 credendi
556 4660 635 4704 ex
666 4642 1029 4706 necessitate
1056 4643 1136 4704 sit
1176 4650 1236 4704 et
1264 4648 1488 4724 praeter
1513 4650 1803 4706 naturam

230 4737 409 4813 fidei,
442 4742 509 4798 et
525 4743 755 4817 praeter
774 4737 1194 4801 conditionem
1218 4735 1491 4800 hominis
1516 4735 1720 4800 liberi.

314 4834 419 4894 10.
468 4831 887 4912 Impuyuatm·
934 4829 1187 4895 secundo
1228 4829 1679 4912 principaliter.
1723 4863 1806 4876 -

240 4921 481 4986 Deinde
520 4923 837 5004 interrogo
876 4942 957 4984 an
1000 4941 1077 4984 ex
1104 4921 1213 4984 illo
1241 4929 1381 4986 actu
1420 4922 1565 4984 fidei
1594 4939 1801 4984 neces-

236 5017 425 5090 sario,
456 5023 753 5096 sequatur
796 5015 987 5078 etiam
1017 5015 1487 5078 ex-necessitate
1520 5015 1803 5078 voluntas

238 5111 677 5177 credendieflse
708 5129 953 5188 verum,
988 5109 1157 5191 quod
1174 5111 1311 5190 jam
1330 5109 1679 5188 judicatum
1711 5115 1803 5170 est

242 5222 365 5266 esse
388 5203 727 5278 credibile3
754 5223 838 5266 an
855 5222 1025 5279 vero,
1056 5209 1259 5266 stante
1290 5203 1397 5264 illo
1430 5203 1631 5283 primo
1658 5207 1801 5262 actu

238 5296 405 5370 fidei,
459 5299 656 5376 possit
700 5296 985 5358 voluntas
1031 5315 1158 5358 non
1198 5294 1469 5358 credere.
1500 5297 1801 5357 Neutrum

238 5389 359 5454 dici
382 5398 585 5470 potest
610 5387 1047 5470 probabiliter3
1078 5409 1251 5470 ergo.
1284 5389 1485 5452 Minor
1508 5388 1803 5468 probatur

238 5485 445 5566 quoad
468 5486 739 5566 primam
765 5490 1031 5564 partem,
1052 5503 1201 5546 nam
1228 5481 1373 5562 inde
1401 5484 1679 5564 sequitur
1697 5499 1803 5545 vo·-

3339 352 3456 413 ⁴95

1890 448 2194 512 luntatem
2209 449 2496 512 credendi
2516 468 2642 510 non
2667 468 2797 512 esse
2815 450 3101 526 liberam,
3127 453 3274 532 quia
3299 453 3454 516 illud

1889 542 2377 622 priusjudicium
2401 561 2528 604 non
2550 553 2643 604 est
2662 543 2954 620 liberum,
2973 551 3057 620 et,
3088 544 3197 606 illo
3227 547 3449 626 posito,

1889 635 2228 696 necessario
2276 636 2558 716 sequitur
2600 635 2886 696 voluntas
2937 636 3224 699 credendi
3241 656 3261 716 3
3305 659 3453 720 ergo

1892 734 1986 788 est
2013 727 2120 788 illa
2151 729 2481 790 necessitas
2503 729 2865 808 simpliciter
2891 729 3282 808 antecedam,
3315 751 3451 812 quae

1890 819 2051 882 tollit
2077 820 2448 896 libertatem,
2475 829 2544 882 ut
2565 827 2802 884 constat
2825 840 2903 884 ex
2928 823 3187 884 materia
3211 825 3287 886 de
3303 825 3456 888 Gra-

1890 914 2001 974 tia.
2039 914 2216 975 Unde
2251 916 2440 974 etiam
2484 915 2761 994 sequitur
2805 933 3055 976 omnem
3105 916 3448 994 hominem,

1892 1007 2002 1085 qui
2039 1025 2168 1068 non
2197 1007 2600 1068 necessitatur
2630 1026 2668 1068 a
2695 1009 2818 1068 Deo
2851 1008 2928 1068 ad
2963 1009 3142 1070 illum
3175 1011 3451 1089 primum

1884 1103 2094 1160 actum
2113 1099 2280 1177 fidoi,
2313 1102 2468 1180 quod
2487 1101 2574 1162 sit
2595 1102 2947 1164 credendam
2970 1102 3062 1165 vel
3087 1104 3364 1167 credibile
3386 1107 3456 1168 ia

1884 1192 2044 1274 quod
2073 1193 2456 1272 proponitur,
2510 1212 2636 1254 non
2687 1193 2913 1256 habere
2960 1195 3342 1258 voluntatem
3371 1199 3450 1261 ad

1884 1284 2287 1362 credendum,
2336 1287 2485 1366 quia
2517 1305 2646 1348 non
2672 1286 2860 1348 habet
2903 1287 2970 1348 in
3011 1306 3122 1350 sua
3150 1296 3449 1370 potestate

1885 1376 2041 1438 illud
2065 1378 2396 1457 judicium,
2423 1378 2544 1439 nisi
2576 1397 2614 1439 a
2640 1379 2763 1440 Deo
2784 1380 3206 1456 necessitetur,
3232 1388 3295 1443 et
3317 1383 3450 1444 sine

1885 1468 1996 1530 illo
2021 1487 2147 1530 non
2167 1475 2368 1550 potest
2393 1471 2642 1533 credere
2654 1487 2675 1549 3
2707 1490 2912 1552 neque
2935 1479 3132 1552 potest
3179 1473 3307 1536 dici
3328 1476 3448 1538 hoc

1886 1579 2018 1623 esse
2059 1562 2126 1622 in
2161 1561 2325 1624 illius
2343 1570 2666 1643 potestate.
2699 1565 2941 1626 ratione
2959 1565 3219 1644 alicujus
3244 1566 3449 1648 dispo·

1886 1656 2126 1717 sitionis
2157 1663 2431 1732 remotae,
2473 1658 2620 1736 quia
2657 1657 2738 1719 ad
2764 1657 2939 1718 illam
2969 1659 3158 1719 etiam
3188 1660 3449 1740 requiri-

1888 1753 1994 1808 tur
2019 1749 2486 1828 supernaturale
2528 1749 2858 1828 judicium,
2891 1757 2953 1812 et
2979 1751 3207 1813 redibit
3230 1753 3447 1815 eadem

1887 1843 2169 1921 quaestio.
2229 1842 2295 1902 Si
2346 1860 2491 1902 vero
2529 1843 2724 1904 altera
2763 1859 2900 1920 pars
2941 1842 3227 1924 eligatur,
3259 1865 3449 1925 quam

1889 1936 2090 2016 magis
2129 1941 2473 2014 sequuntur
2505 1937 2612 2016 qui
2649 1937 2738 1996 ita
2760 1937 3118 2015 opinantur,
3174 1939 3450 2020 sequitur

1886 2027 2209 2090 hominem
2230 2029 2416 2090 simul
2441 2029 2685 2092 credere
2706 2028 2942 2109 aliquid
2957 2027 3077 2091 fide
3098 2049 3242 2094 vera
3265 2039 3327 2094 et
3346 2033 3449 2096 in-

1889 2120 2051 2198 fusa,
2092 2129 2155 2182 et
2189 2121 2325 2182 fieri
2353 2121 2668 2184 infidelem
2699 2121 2967 2184 nolendo
3000 2123 3236 2203 aliquid
3279 2126 3450 2189 aliud

1889 2212 2165 2290 credere,
2193 2213 2358 2295 quod
2387 2221 2716 2296 repugnat,
2749 2215 2895 2294 quia
2927 2215 3036 2294 qui
3063 2216 3294 2298 aliquid
3323 2239 3450 2283 non

1890 2305 2110 2383 credit,
2142 2326 2214 2370 eo
2257 2311 2390 2388 ipso
2413 2315 2609 2370 totam
2659 2307 2846 2370 fidem
2875 2310 3141 2388 amittit3
3201 2315 3450 2394 sequela

1890 2406 2081 2480 patet,
2105 2401 2252 2482 quia
2269 2399 2423 2462 illud
2438 2401 2772 2481 judicium:
2801 2401 2936 2466 Hoc
2957 2409 3045 2468 est
3068 2403 3342 2470 credibile
3358 2427 3450 2472 ee·

1890 2495 2147 2557 cundum
2186 2498 2414 2558 rectam
2447 2495 2766 2570 rationem,
2806 2503 2898 2558 est
2930 2515 3114 2560 verus
3154 2507 3325 2562 actus
3379 2501 3450 2564 fi-

1886 2586 2012 2664 dei,
2049 2589 2234 2666 juxta
2269 2589 2432 2650 hanc
2458 2589 2844 2670 opinionem,
2872 2597 2935 2652 et
2963 2591 3070 2654 illo
3099 2595 3294 2674 posito
3329 2603 3450 2658 stat

1890 2679 2056 2741 nolle
2106 2679 2352 2742 credere
2403 2699 2533 2744 esse
2586 2700 2799 2744 verum
2847 2683 3013 2764 quod
3058 2688 3444 2767 proponitur,

1890 2790 2002 2852 per
2027 2789 2216 2852 quam
2232 2773 2620 2836 voluntatem
2646 2774 2719 2835 fit
2751 2774 2940 2837 homo
2965 2776 3268 2850 infidelis3
3299 2797 3448 2860 ergo

1888 2864 2075 2925 simul
2109 2866 2305 2927 credit
2330 2865 2454 2928 fide
2473 2865 2702 2944 infusa,
2729 2879 2792 2930 et
2809 2874 2901 2930 est
2927 2869 3212 2934 infidelis,
3237 2873 3368 2934 Imo
3395 2873 3448 2934 si

1888 2965 2126 3021 attente
2161 2961 2606 3038 consideretur,
2639 2980 2764 3022 non
2792 2969 2990 3042 potest
3017 2963 3150 3026 fleri
3181 2965 3448 3028 infidelis

1886 3053 2298 3134 culpabiliter,
2355 3056 2473 3116 nisi
2508 3055 2679 3136 prius
2721 3057 2800 3118 sit
2854 3055 3053 3119 fidelis
3097 3066 3159 3121 et
3205 3061 3412 3122 credat
3422 3077 3444 3140 3

1888 3148 2056 3228 quia,
2113 3147 2310 3209 donec
2329 3149 2563 3227 judicet
2594 3147 2712 3210 hoc
2733 3167 2862 3212 esse
2887 3151 3199 3229 credibile,
3230 3171 3340 3232 per
3365 3153 3448 3215 il-

1888 3241 2022 3302 lum
2040 3247 2247 3303 actum
2263 3242 2704 3318 necessarium,
2727 3261 2854 3304 non
2871 3249 3069 3322 potest
3084 3245 3245 3307 male
3263 3265 3448 3326 agere

1883 3352 2011 3395 non
2035 3333 2368 3411 credendo,
2396 3335 2544 3415 quia
2567 3335 2846 3398 nondum
2875 3335 3060 3398 habet
3098 3337 3445 3402 libertatem

1882 3427 1962 3488 ad
2011 3427 2345 3490 volendum
2387 3427 2656 3504 credere,
2708 3429 2856 3509 quia
2887 3431 3020 3491 sine
3067 3429 3171 3492 illo
3211 3431 3446 3511 judicio

1886 3538 2017 3581 non
2039 3527 2242 3602 potest
2272 3523 2460 3582 bomo
2490 3521 2669 3596 velie,
2715 3528 2778 3584 et
2808 3521 2956 3583 illud
2993 3523 3294 3602 judicium
3319 3543 3446 3588 non

1882 3614 2096 3692 habet,
2123 3615 2321 3676 donec
2335 3614 2414 3674 ad
2433 3614 2586 3676 illud
2607 3616 3028 3679 necessitatur.
3049 3618 3322 3680 Tandem
3353 3619 3449 3680 in-

1880 3706 1958 3769 de
1988 3713 2350 3788 sequeretur
2377 3706 2623 3769 nullum
2648 3707 2962 3770 infidelem
2994 3709 3272 3772 resistere
3303 3711 3447 3774 fidei

1881 3801 2004 3863 sibi
2052 3802 2402 3883 propositae,
2463 3819 2607 3862 cum
2653 3799 3033 3864 infidelitatis
3076 3805 3281 3886 culpa,
3327 3808 3445 3868 nisi

1884 3896 2056 3976 prius
2101 3896 2336 3975 judicet
2363 3895 2500 3956 illas
2533 3913 2633 3956 res
2662 3897 3000 3976 propositas
3023 3917 3148 3960 esse
3185 3901 3446 3963 credibi-

1882 3989 1973 4050 les
2019 3993 2082 4049 et
2117 3987 2452 4050 credendas
2479 3988 2819 4050 secundum
2842 3998 3072 4052 rectam
3101 3994 3442 4074 rationem;

1883 4081 2050 4162 quod
2079 4083 2212 4142 sine
2256 4080 2449 4143 dubio
2485 4088 2576 4143 est
2623 4083 2810 4144 nimis
2852 4084 3102 4162 salsum,
3132 4099 3193 4147 et
3227 4096 3444 4150 contra

1883 4192 2280 4236 communem
2301 4173 2668 4248 doctrinam,
2687 4183 2748 4237 et
2773 4177 2946 4254 quasi
2971 4181 3440 4258 experientiam.

1965 4271 2035 4328 Η
2049 4312 2064 4328 .
2106 4266 2522 4346 Impuqnatur
2557 4269 2735 4331 tortio
2765 4267 3196 4350 principaliter
3231 4271 3444 4339 induo-

1882 4359 2060 4426 tione.
2081 4391 2164 4405 —-
2184 4359 2260 4420 Et
2287 4359 2432 4420 hinc
2460 4359 2638 4421 facile
2661 4359 2910 4440 probari
2936 4369 3136 4442 potest
3160 4383 3286 4426 non
3307 4367 3444 4429 dari

1884 4455 2175 4515 virtutem
2211 4451 2480 4514 infusam
2507 4499 2528 4529 ,
2579 4471 2686 4515 seu
2716 4454 2951 4516 donum
2980 4455 3395 4522 intellectuale
3418 4508 3435 4537 ,

1883 4549 1963 4610 ad
1994 4547 2156 4627 quod
2184 4546 2307 4607 tale
2327 4545 2630 4624 judicium
2657 4547 2965 4626 pertinere
2994 4551 3202 4629 possit.
3238 4551 3440 4614 Primo

1884 4643 2052 4704 enim
2099 4659 2226 4702 non
2277 4643 2544 4722 pertinet
2585 4641 2662 4702 ad
2708 4642 3100 4722 prudentiam
3143 4645 3437 4724 infusam,

1884 4737 2032 4816 quia
2057 4735 2191 4796 haec
2218 4734 2508 4815 supponit
2536 4733 2749 4809 fidem,
2789 4741 2852 4795 et
2886 4735 2950 4795 in
2980 4737 3084 4797 illa
3119 4738 3433 4804 fundatur.

1886 4827 2060 4890 Unde
2089 4828 2359 4890 rationes
2385 4825 2562 4888 factae
2589 4827 2664 4887 de
2697 4825 2817 4888 fide
2845 4847 2882 4888 a
2909 4828 3146 4891 fortiori
3177 4833 3441 4912 probant

1882 4921 1958 4982 de
1983 4921 2308 5000 prudentia
2329 4919 2535 4980 infusa
2559 4942 2577 4994 3
2609 4937 2754 4980 nam
2787 4920 3076 4998 judicium
3097 4926 3442 5004 prudentia!

1884 5015 2102 5075 infusae
2133 5013 2320 5074 etiam
2353 5019 2448 5074 est
2477 5013 2804 5073 obscurum
2847 5020 2908 5074 et
2947 5023 3184 5078 certum
3213 5037 3228 5090 ;
3274 5020 3440 5082 ideo-

1882 5125 2002 5188 que
2022 5104 2381 5184 simpliciter
2405 5110 2494 5165 est
2518 5112 2689 5166 actus
2715 5104 2894 5181 liber,
2938 5113 3002 5168 et
3023 5109 3219 5170 solum
3245 5119 3440 5190 potest

1882 5199 2111 5261 habere
2133 5198 2551 5260 necessitatem
2573 5215 2647 5259 ex
2668 5199 3081 5278 propositione
3097 5201 3241 5264 fidei
3248 5220 3267 5281 3
3291 5224 3436 5267 cum

1882 5311 2031 5372 ergo
2080 5297 2226 5353 ante
2267 5291 2651 5352 voluntatem
2703 5291 2989 5353 credendi
3037 5313 3164 5354 non
3216 5314 3439 5378 suppo-

1882 5391 2113 5447 nantur
2140 5385 2442 5467 principia
2465 5383 2612 5446 fidei
2639 5384 2873 5446 credita
2893 5431 2913 5460 ,
2952 5404 3081 5447 non
3115 5393 3318 5468 potest
3343 5391 3438 5453 in·

1884 5477 2160 5542 tellectus
2207 5479 2554 5540 necessitari
2607 5478 2684 5538 ad
2731 5479 3034 5560 judicium
3093 5480 3439 5562 prudentiae
