3900 6217
1064 415 1235 470 SECT.
1271 417 1353 470 m.
1389 415 1759 479 Quorum-:x
1792 416 1889 468 sn·
1920 415 2120 470 AcTus
2155 415 2337 470 Hom.

92 513 240 578 ratio
269 515 419 576 talis
456 523 633 577 actus
679 512 956 576 consistit
1000 513 1063 576 in
1115 511 1434 575 voluntate
1466 513 1656 576 confi-

92 608 253 670 tendi
288 607 487 669 fidem
514 656 537 684 ‚
569 608 647 670 de
675 627 798 689 qua
828 609 1145 670 voluntate
1186 607 1419 688 inquiri
1458 613 1658 688 potest

96 719 271 782 quam
324 701 733 764 honestatem
789 701 1015 764 habeat
1038 748 1058 776 ,
1112 707 1175 762 et
1220 718 1409 781 quam
1444 718 1621 763 neces
1638 735 1656 744 -

96 800 365 872 sitatem,
394 803 459 858 et
486 797 569 858 ad
608 815 798 877 quam
828 799 1124 859 virtutem
1154 797 1477 878 pertineat,
1518 813 1657 876 quae

92 899 295 973 postea
336 891 411 952 in
453 890 740 952 discursu
783 891 1083 968 materiae,
1116 898 1177 952 et
1204 889 1540 971 praesertim
1587 888 1654 952 in

90 989 261 1064 parte
288 983 519 1044 morali
546 983 866 1045 tractanda
889 990 1055 1059 sunt,
1086 985 1151 1045 in
1182 984 1413 1066 disput.
1445 987 1541 1047 u.

166 1079 229 1138 Ξ.
276 1077 569 1141 Secunda
596 1077 816 1140 divisio
844 1079 1209 1142 trimembris
1234 1085 1405 1142 actus
1422 1079 1656 1142 creden-

86 1174 151 1234 di
176 1173 327 1249 Deo,
352 1171 555 1233 Deum
598 1177 653 1234 et
679 1173 745 1234 in
777 1173 991 1235 Deum.
1024 1204 1105 1218 —
1130 1171 1409 1234 Secunda
1436 1171 1657 1233 divisio

84 1271 255 1324 actus
306 1263 611 1326 credendi
652 1283 779 1326 esse
822 1264 975 1327 solet
1020 1265 1085 1326 in
1124 1273 1331 1326 actum
1369 1265 1659 1327 credendi

82 1360 229 1432 Deo,
260 1359 467 1419 Deum
520 1365 585 1418 et
624 1360 693 1420 in
732 1360 946 1423 Deum.
975 1360 1145 1420 Hanc
1172 1359 1362 1421 tradit
1394 1360 1464 1420 D.
1498 1358 1659 1420 Tho·

82 1470 217 1511 mas
242 1451 375 1524 hic,
410 1457 627 1530 quzaet.
660 1453 723 1526 2,
752 1452 928 1515 artic.
958 1453 1033 1530 23
1058 1457 1121 1515 et
1148 1452 1382 1527 Alens„
1404 1451 1443 1511 3
1466 1455 1655 1531 part„

80 1550 303 1624 quaest.
337 1543 447 1620 68,
482 1543 715 1606 memb.
748 1547 813 1622 7,
844 1547 997 1634 artic
1051 1547 1112 1620 3,
1144 1551 1207 1608 et
1232 1544 1338 1606 alii
1386 1543 1657 1606 scholas-

80 1639 189 1698 tici
228 1655 380 1698 cum
414 1637 738 1716 Magistro,
766 1638 835 1698 in
866 1640 926 1713 3,
971 1638 1240 1702 distinct.
1270 1639 1375 1710 23,
1403 1655 1658 1718 praeser-

80 1734 197 1791 tim
248 1730 613 1806 Durandus,
658 1737 875 1810 quaest.
930 1734 996 1808 7,
1049 1737 1110 1792 et
1140 1733 1536 1812 sumpserunt
1583 1747 1661 1792 ex

82 1822 441 1903 Augustino
487 1825 557 1885 in
614 1824 763 1886 locis
821 1825 1029 1886 statim
1076 1823 1437 1886 referendis.
1487 1822 1659 1885 Circa

86 1937 269 1998 quam
311 1917 597 1980 dubitari
648 1919 957 2000 imprimis
1011 1918 1163 1980 solet
1203 1936 1285 1980 an
1342 1917 1660 1980 contineat

88 2015 361 2074 diversos
398 2019 581 2074 actus
618 2011 789 2090 fidei,
827 2016 1071 2076 necne!
1102 2015 1178 2075 Et
1215 2013 1510 2075 resolutio
1539 2020 1657 2088 est,

86 2125 217 2168 non
238 2125 369 2168 esse
394 2107 775 2168 necesarios
800 2108 1009 2188 plures
1055 2113 1226 2168 actus
1276 2105 1355 2168 ad
1406 2105 1513 2167 illa
1536 2106 1660 2166 tria

88 2201 371 2261 membra
418 2199 783 2280 explicanda
816 2217 833 2261 ε
870 2216 1019 2262 nam
1074 2199 1143 2261 in
1190 2201 1396 2278 rigore
1437 2199 1659 2261 distin·

88 2300 365 2374 guantur
414 2299 663 2354 tantum
713 2293 1051 2356 secundum
1100 2295 1303 2355 varias
1348 2293 1660 2356 habitudi-

90 2407 195 2450 Μ
220 2389 299 2449 ad
344 2387 647 2448 eumdem
692 2387 928 2464 Deum3
960 2405 1129 2462 uam,
1165 2392 1237 2448 ut
1283 2405 1471 2467 supra
1497 2387 1659 2449 dixi-

88 2501 245 2556 ωας,
274 2483 442 2543 Deus
480 2487 581 2542 est
620 2480 933 2559 obJeetum
962 2480 1279 2544 materiale
1308 2486 1370 2542 et
1396 2481 1657 2544 formale

90 2575 251 2648 fidei,
272 2580 343 2633 et
368 2579 685 2653 praeterea
714 2580 805 2635 ost
852 2572 997 2635 finis
1044 2573 1299 2635 ultimus
1336 2575 1405 2636 in
1446 2593 1654 2654 quem,

94 2675 151 2728 et
186 2668 317 2747 ipsa
342 2663 531 2743 fidoe,
567 2670 630 2728 et
683 2667 813 2747 ipse
842 2665 1063 2743 fidelis,
1092 2673 1157 2728 et
1214 2667 1515 2748 quidquid
1547 2668 1658 2728 ha-

94 2760 213 2834 bet,
244 2759 581 2821 referenda
612 2765 794 2837 sunt3
838 2777 981 2821 cum
1028 2777 1176 2838 ergo
1220 2759 1490 2822 dicimur
1532 2779 1659 2823 cre-

100 2853 239 2913 dere
254 2853 399 2926 Deo,
423 2851 811 2932 intelligitur
831 2853 1061 2915 dicenti
1095 2859 1157 2915 et
1178 2853 1556 2929 testificanti,
1595 2860 1659 2917 et

108 2947 194 3006 ita
236 2945 615 3022 significatur
670 2945 970 3006 habitudo
1026 2945 1104 3007 ad
1160 2947 1471 3024 objectum
1537 2948 1658 3010 for-

116 3039 267 3099 male
284 3061 303 3112 3
348 3057 481 3100 cum
535 3045 755 3100 autem
810 3039 1073 3100 dicimur
1122 3040 1369 3101 credere
1425 3042 1618 3102 Deum
1642 3087 1659 3116 ‚

112 3131 469 3210 significatur
494 3132 819 3212 objectum
851 3132 1192 3209 materiale,
1216 3139 1278 3195 et
1296 3133 1383 3194 ita
1404 3133 1511 3195 illa
1536 3135 1661 3196 duo

104 3225 565 3303 conjunguntur
604 3227 675 3286 in
706 3243 903 3286 unum
932 3231 1161 3302 actum,
1192 3243 1315 3304 quo
1351 3227 1662 3290 credimus

104 3320 275 3378 Deum
314 3335 477 3392 me,
510 3318 618 3380 vel
658 3337 789 3379 esse
814 3319 1104 3393 Trinum,
1137 3319 1285 3397 quia
1312 3319 1441 3399 ipse
1468 3320 1657 3397 dicit3

106 3413 327 3472 eredere
354 3419 577 3474 autem
613 3415 683 3473 in
738 3413 954 3489 Deum,
984 3413 1157 3476 addit
1184 3414 1551 3475 relationem
1592 3415 1662 3476 in

105 3506 421 3584 ipsummet
438 3507 671 3579 Deum,
700 3513 1003 3586 tanquam
1032 3506 1096 3567 in
1120 3506 1413 3568 ultimum
1437 3507 1656 3583 finem,

102 3617 221 3678 φη
242 3599 473 3660 relatio
504 3599 749 3678 optime
781 3600 968 3660 etiam
1001 3599 1164 3661 cadit
1192 3601 1259 3661 in
1298 3607 1503 3662 actum
1536 3619 1659 3682 quo

104 3692 395 3754 credimus
420 3693 553 3754 Deo
584 3692 663 3754 de
692 3711 755 3755 se
783 3693 1100 3774 loquenti3
1129 3713 1277 3775 ergo
1306 3695 1384 3755 ad
1410 3695 1515 3756 illa
1542 3696 1661 3756 tria

104 3803 213 3845 non
254 3791 349 3847 est
389 3787 747 3847 necoesaria
774 3786 1093 3867 pluralitas
1132 3795 1378 3849 actuum
1408 3788 1661 3850 creden·

104 3881 179 3939 eli.
204 3881 349 3942 Dico
368 3887 590 3942 autem
630 3899 759 3942 non
786 3899 917 3943 esse
945 3881 1375 3957 necessariam,
1394 3882 1540 3961 quia
1566 3883 1663 3942 in-

106 3973 329 4035 terdum
358 3981 575 4054 potest
621 3975 758 4037 dari
799 3983 971 4038 actus
1016 3975 1302 4038 credendi
1346 3977 1495 4054 Deo,
1553 3979 1663 4058 qui

108 4085 217 4127 uon
242 4069 321 4128 sit
342 4077 525 4130 actus
546 4067 843 4130 credendi
872 4070 1091 4144 Deum,
1110 4075 1180 4130 ut
1200 4087 1340 4131 cum
1358 4072 1537 4132 credo
1566 4089 1664 4133 re-

108 4161 543 4222 surrectionem
592 4161 873 4223 futuram
898 4207 918 4237 ,
966 4163 1249 4242 quamvis
1280 4183 1315 4224 e
1364 4181 1661 4226 converso

110 4271 221 4313 aon
250 4253 443 4334 possit
484 4253 628 4316 dari
670 4261 841 4315 actus
892 4255 1185 4330 credendi
1214 4257 1409 4318 Deum
1440 4303 1461 4334 ,
1509 4257 1662 4338 quin

116 4365 213 4424 ptr
235 4349 413 4410 illum
442 4349 739 4411 credatur
764 4351 912 4424 Deo,
937 4351 989 4411 si
1033 4356 1125 4412 est
1164 4369 1347 4413 verus
1382 4359 1556 4413 actus
1589 4351 1663 4412 fl-

116 4441 235 4517 dei3
272 4449 335 4503 et
384 4442 553 4503 ratio
582 4447 676 4503 eet
697 4490 714 4516 ,
760 4443 905 4522 quia
944 4461 1054 4523 per
1088 4443 1458 4521 particulam
1488 4445 1611 4509 Deo
1638 4490 1659 4520 ‚

114 4533 481 4610 signifioetnr
521 4533 839 4616 objectum
886 4535 1147 4598 formale
1188 4536 1334 4599 fidei
1372 4538 1662 4617 adaequa·

114 4633 259 4702 tum,
280 4635 343 4690 et
368 4634 827 4708 consequenter
853 4629 1162 4690 indicatur
1188 4629 1453 4691 essentia
1492 4635 1665 4691 actus

118 4719 271 4794 fidei,
306 4741 443 4800 quoe
482 4721 833 4782 necessario
860 4721 1201 4782 includitur
1252 4723 1320 4783 in
1372 4720 1663 4782 omnibus

116 4814 356 4874 actibus.
392 4816 511 4876 Per
538 4813 905 4893 particulam
935 4819 1146 4874 autem
1177 4815 1391 4887 Deum,
1424 4813 1662 4875 indica·

118 4913 219 4964 tur
240 4905 545 4986 objectum
583 4905 929 4981 materiale,
982 4912 1044 4967 ct
1084 4923 1210 4967 non
1232 4906 1662 4985 adaequatum,

118 4995 223 5056 sed
252 4999 594 5079 principale,
644 5004 707 5059 et
758 4998 897 5059 ideo
925 4999 1057 5059 dari
1108 5003 1308 5079 potest
1334 5006 1508 5060 actus
1536 5017 1667 5060 cre·

122 5088 301 5150 dendi
330 5091 473 5167 Deo,
502 5093 614 5171 qui
656 5107 783 5152 non
812 5093 895 5152 sit
920 5091 1170 5180 credere
1198 5091 1389 5153 Deum
1414 5115 1432 5167 ;
1464 5097 1528 5153 et
1563 5109 1663 5152 ea-

124 5181 265 5240 dem
296 5185 523 5246 ratione
552 5189 751 5264 potest
795 5201 929 5246 esse
956 5189 1129 5246 actus
1154 5185 1445 5247 credendi
1469 5186 1665 5248 Deum

128 5281 189 5333 et
216 5275 347 5351 Dec,
372 5277 477 5356 qui
506 5293 634 5338 non
664 5278 743 5338 sit
792 5278 861 5338 in
908 5279 1128 5353 Deum,
1156 5280 1304 5358 quia
1352 5278 1572 5340 relatio
1599 5279 1664 5339 in

126 5367 395 5431 ultimum
412 5371 605 5438 anem
636 5374 731 5449 (ut
761 5390 891 5434 eme
922 5380 1118 5452 potest
1145 5391 1183 5435 a
1204 5372 1513 5450 credente)
1538 5390 1664 5434 non

130 5469 223 5521 est
260 5463 327 5522 de
358 5465 615 5526 mutia
640 5472 818 5526 actus
846 5465 1019 5541 fidei,
1055 5465 1159 5527 sed
1190 5471 1285 5526 est
1308 5464 1666 5545 separabilis

132 5551 213 5614 ab
236 5553 353 5634 illo,
384 5557 619 5621 etiamsi
655 5557 817 5624 circa
835 5558 1062 5636 Betim,
1094 5563 1165 5619 ut
1188 5558 1505 5644 objectum
1534 5577 1663 5626 cre·

3185 403 3293 473 m

1736 512 1963 590 ditum,
1993 521 2303 592 versetur3
2349 521 2412 576 et
2449 515 2594 577 ideo
2625 511 2811 576 etiam
2857 513 2987 576 dixi
3033 513 3139 577 illa
3187 517 3306 578 tria

1738 625 1866 670 non
1914 609 2258 670 necessario
2300 607 2620 670 includere
2656 607 2864 689 plures
2907 616 3079 670 actus
3120 607 3303 686 fidei,

1740 703 1911 783 quia,
1948 709 2252 784 quantum
2282 702 2360 763 ad
2389 702 2645 763 tertium
2691 700 3067 779 membrum,
3100 702 3308 782 plures

1743 803 1916 858 actus
1964 795 2391 877 requiruntur,
2425 795 2567 857 licet
2620 813 2748 856 non
2779 793 2946 857 fidei.
2983 795 3087 857 Est
3135 795 3304 856 enim

1737 889 2116 951 necessarius
2143 887 2367 968 aliquis
2390 893 2565 950 actus
2593 887 2952 964 voluntatis,
2981 907 3091 968 per
3119 906 3305 968 quem

1740 982 1853 1046 fiat
1877 984 1984 1045 illa
2011 983 2226 1046 relatio
2252 983 2321 1044 in
2337 983 2555 1058 Deum,
2574 989 2645 1042 ut
2664 982 2732 1043 in
2758 981 3052 1042 ultimum
3075 980 3303 1060 finem3

1741 1082 1806 1139 et
1848 1077 1986 1140 ideo
2030 1078 2190 1139 circa
2237 1077 2342 1138 illa
2391 1075 2516 1136 duo
2565 1075 2772 1156 priora
2821 1074 3098 1137 membra
3146 1075 3304 1138 nihil

1741 1169 1912 1232 aliud
1955 1171 2158 1233 dicere
2186 1187 2433 1232 necesse
2461 1175 2572 1231 est.

1822 1266 1882 1328 3.
1938 1265 2032 1328 De
2077 1265 2255 1330 tertio
2302 1264 2558 1328 membro
2615 1281 2694 1326 an
2742 1263 2828 1326 sit
2871 1269 3044 1327 actus
3101 1279 3307 1326 revera

1740 1361 2097 1433 intellectus,
2137 1378 2218 1422 απ
2243 1360 2448 1437 potius
2477 1359 2832 1423 voluntatis.
2857 1389 2939 1404 —
2961 1358 3307 1421 Discidium

1749 1454 2034 1536 Cajetani
2059 1473 2190 1518 cum
2222 1449 3028 1518 Durando.—Conoiliatur.
3046 1485 3122 1496 —-
3137 1451 3308 1513 Circa

1738 1548 1994 1609 tertium
2044 1553 2254 1609 autem
2301 1545 2571 1608 dubitari
2615 1544 2771 1607 solet
2831 1563 2915 1607 an
2963 1543 3308 1606 formaliter

1740 1644 1904 1706 dicat
1947 1650 2154 1705 actum
2199 1641 2555 1715 voluntatis,
2587 1638 2686 1702 vel
2734 1638 3110 1714 intellectus,
3140 1636 3306 1718 quod

1740 1743 1961 1799 tractat
1987 1736 2337 1815 cajetanus,
2369 1733 2534 1795 dicto
2563 1733 2742 1794 artic.
2784 1733 2849 1807 2,
2875 1737 2938 1792 et
2966 1731 3155 1793 refert
3187 1732 3308 1792 Du·

1740 1831 2010 1894 randum
2064 1847 2249 1909 supra
2298 1828 2604 1891 dicentem
2634 1873 2653 1903 ,
2705 1825 3049 1889 formaliter
3104 1824 3310 1886 dicere

1740 1933 1949 1988 actum
1975 1923 2318 2000 charitatis,
2341 1941 2464 2006 quo
2493 1921 2744 1985 credens
2767 1919 2969 1982 tendit
2995 1919 3065 1982 in
3087 1921 3304 1995 Deum,

1740 2025 2041 2100 tanquam
2081 2019 2149 2080 in
2193 2016 2383 2078 finem
2423 2015 2715 2077 ultimum
2733 2037 2750 2090 3
2797 2015 2925 2094 ipse
2967 2029 3115 2075 vero
3141 2013 3310 2092 Caje-

1738 2120 1925 2175 tanus
1948 2113 2067 2174 hoc
2103 2108 2414 2191 reprobat,
2459 2107 2670 2170 dicens
2708 2107 2914 2188 potius
2958 2105 3308 2186 significare

1742 2212 1950 2269 actum
1978 2205 2185 2286 ipsum
2211 2203 2582 2276 intellectus,
2604 2207 2674 2262 ut
2697 2200 2961 2263 relatum
2984 2199 3062 2261 ad
3085 2201 3305 2276 Deum,

1739 2307 2042 2378 tanquam
2092 2298 2170 2359 ad
2223 2295 2412 2359 finem
2463 2295 2793 2370 ultimum;
2826 2294 2984 2355 sicut
3003 2292 3158 2356 fides
3187 2293 3312 2355 tor-

1743 2401 1911 2458 mata
1944 2413 2073 2456 non
2119 2399 2210 2456 est
2238 2391 2368 2475 ipse
2404 2391 2698 2466 charitas,
2743 2389 2851 2452 sed
2888 2396 2982 2452 est
3022 2389 3200 2465 fides,
3239 2395 3310 2452 ut

1740 2489 2114 2572 participans
2153 2507 2192 2550 a
2219 2487 2519 2549 charitate
2556 2487 2842 2548 ordinem
2890 2484 2971 2546 ad
3015 2483 3307 2545 ultimum

1740 2583 1957 2646 finem.
1989 2583 2066 2644 Et
2093 2581 2159 2642 in
2189 2581 2575 2656 universum,
2629 2586 2800 2641 actus
2848 2578 3206 2659 imperatus,
3227 2576 3306 2638 li·

1740 2681 1836 2739 cet
1865 2675 2184 2738 moraliter
2204 2673 2537 2756 participet
2564 2672 2953 2735 honestatem
2981 2677 3154 2734 actus
3191 2671 3310 2732 im·

1742 2769 2017 2852 perantia
2049 2787 2160 2848 per
2201 2767 2562 2828 relationem
2597 2765 2676 2827 ad
2724 2765 2914 2827 finem
2959 2764 3118 2844 ejus,
3169 2782 3310 2844 pro-

1739 2863 1874 2943 prie
1924 2868 1987 2923 et
2037 2859 2377 2922 formaliter
2423 2877 2549 2920 non
2596 2865 2689 2921 est
2732 2859 2864 2939 ipse
2903 2862 3078 2920 actus
3122 2857 3312 2936 impe·

1740 2974 1927 3030 rans3
1981 2971 2121 3034 quoe
2177 2951 2483 3016 sententia
2531 2953 2685 3014 mihi
2731 2951 2957 3032 placet,
3027 2952 3311 3031 quamvis

1742 3050 1998 3130 quaestio
2033 3048 2114 3110 sit
2157 3053 2403 3109 tantum
2433 3045 2510 3108 de
2542 3045 2723 3108 modo
2751 3044 3067 3125 loquendi,
3118 3049 3182 3106 et
3212 3061 3309 3106 re·

1741 3160 1889 3203 vera
1930 3140 2256 3203 Durandus
2304 3158 2432 3201 non
2477 3137 2868 3214 contradicit,
2893 3137 3000 3199 sed
3033 3137 3312 3215 loquitur

1741 3252 1914 3297 more
1947 3233 2304 3312 Augustini,
2335 3239 2397 3295 et
2423 3232 2689 3294 aliorum
2715 3233 3070 3306 Doctorum,
3101 3229 3312 3291 dicen-

1746 3329 1904 3389 tium
1935 3328 2186 3390 credere
2217 3328 2284 3388 in
2325 3327 2519 3388 Deum
2563 3343 2692 3388 esse
2733 3324 3039 3387 credendo
3067 3339 3304 3392 amare,

1742 3439 1849 3483 seu
1891 3421 1982 3482 ire
2006 3421 2070 3482 in
2097 3423 2289 3483 Deum
2314 3437 2334 3499 ;
2366 3420 2528 3499 quod
2553 3425 2753 3500 potest
2777 3416 3108 3498 dupliciter
3141 3415 3308 3491 fieri,

1743 3515 1970 3596 primo,
2015 3513 2339 3577 referendo
2371 3514 2437 3573 in
2483 3511 2676 3574 Deum
2725 3511 3060 3590 ipsummet
3096 3516 3306 3571 actum

1743 3607 2060 3683 credendi,
2093 3608 2182 3668 ita
2210 3611 2280 3667 ut
2321 3605 2566 3667 credere
2607 3605 2672 3666 in
2725 3605 2918 3665 Deum
2947 3603 3025 3663 sit
3060 3601 3312 3664 credere

1741 3707 1992 3782 propter
2013 3699 2303 3762 dilectum
2323 3699 2542 3772 Deum,
2567 3704 2629 3759 et
2652 3696 2772 3758 hoc
2788 3697 3032 3757 videtur
3049 3695 3312 3758 voluisse

1742 3793 2090 3872 Cajetanus.
2133 3793 2210 3854 Et
2240 3798 2333 3853 est
2365 3792 2514 3853 satis
2554 3789 2808 3872 propria
2839 3789 3092 3865 locutio,
3132 3790 3314 3869 juxta

1742 3905 1929 3967 quam
1977 3891 2178 3966 potest
2226 3885 2362 3966 quis
2405 3883 2652 3948 credere
2691 3883 2758 3945 in
2799 3883 2989 3944 Deum
3035 3899 3146 3961 per
3180 3897 3312 3942 om·-

1745 3997 1888 4041 nem
1929 3985 2138 4040 actum
2168 3977 2337 4054 fidei,
2375 3975 2620 4039 etiamsi
2654 3995 2767 4057 per
2797 3975 2977 4037 illum
3019 3993 3146 4036 non
3182 3993 3313 4036 cre·

1742 4072 1927 4135 datur
1938 4073 2124 4148 Deus,
2149 4071 2297 4151 quia
2323 4071 2523 4133 omnis
2551 4075 2721 4132 actus
2745 4069 2893 4130 fidei
2912 4073 3116 4149 potest
3142 4086 3316 4130 exer-

1742 4165 1867 4226 ceri
1897 4169 2149 4243 propter
2179 4166 2373 4226 Deum
2400 4163 2716 4225 dilectum.
2749 4162 2887 4224 Alio
2915 4161 3103 4222 etiam
3125 4162 3313 4223 modo

1744 4263 1948 4337 potest
1992 4258 2130 4337 quis
2160 4257 2407 4318 credere
2441 4257 2505 4317 in
2539 4257 2759 4326 Deum,
2793 4253 3061 4316 amando
3105 4253 3309 4333 ipsum

1744 4353 1996 4430 propter
2037 4369 2124 4424 se,
2163 4351 2280 4410 etsi
2317 4348 2664 4430 specialiter
2686 4367 2811 4410 non
2845 4346 3074 4410 referat
3103 4353 3312 4409 actum

1745 4441 1889 4504 fidei
1928 4443 1995 4503 in
2040 4442 2270 4523 ipsum,
2301 4450 2364 4504 et
2389 4447 2538 4504 tunc
2564 4443 2753 4503 etiam
2781 4441 3027 4503 dicetur
3067 4439 3313 4501 credere

1745 4535 1812 4595 in
1833 4535 2052 4612 Deum,
2079 4537 2255 4616 juxta
2287 4541 2557 4596 mentem
2601 4533 2955 4615 Augustini,
2997 4532 3146 4613 quia
3185 4551 3314 4594 cre-

1745 4628 1837 4689 dit
1884 4628 2196 4690 tendendo
2226 4628 2409 4690 simul
2454 4629 2521 4690 in
2558 4630 2751 4690 Deum
2781 4632 2853 4688 ut
2897 4627 2965 4687 in
3012 4625 3227 4701 finem,
3253 4629 3317 4687 et

1747 4728 1895 4781 tuuc
1929 4720 2179 4782 videtur
2212 4720 2561 4783 formaliter
2589 4720 2875 4783 denotari
2911 4726 3086 4782 actus
3115 4716 3315 4780 chari·

1744 4814 1911 4884 tatis,
1940 4817 2014 4874 ut
2040 4815 2408 4894 coniunctus
2435 4814 2603 4875 actui
2636 4811 2804 4876 fidei.

1823 4910 1885 4970 4.
1936 4909 2283 4973 Discidium
2319 4909 2577 4972 alterum
2619 4911 2688 4972 de
2715 4909 2904 4972 eodem
2929 4909 3107 4971 tertio
3135 4925 3316 4970 mm-

1746 5003 1871 5078 brv,
1904 5021 1986 5065 an
2012 5005 2288 5084 requirat
2315 5001 2837 5065 charitatem-A
2845 5003 3073 5064 notoria
3092 5001 3316 5064 resolv-

1743 5099 1828 5161 tio
1860 5098 2210 5161 concilians.
2234 5129 2317 5143 --
2337 5095 2504 5158 Solet
2539 5101 2749 5158 autem
2783 5095 3004 5157 ultimo
3043 5091 3317 5156 dubitari

1744 5209 1825 5251 an
1862 5189 2111 5252 credere
2140 5191 2206 5252 in
2233 5189 2428 5252 Deum
2466 5189 2629 5250 dicat
2657 5193 2864 5250 actum
2895 5185 3040 5247 fidei
3084 5184 3316 5248 forma·-

1745 5288 1823 5344 tae
1858 5299 2008 5343 vera
2037 5281 2335 5344 charitate
2373 5282 2504 5358 Dei,
2530 5281 2628 5344 vel
2653 5281 2843 5362 possit
2863 5279 3054 5340 etiam
3081 5277 3148 5337 in
3179 5295 3318 5358 pec-

1744 5381 1951 5438 catore
1996 5375 2276 5455 reperiri.
2317 5375 2477 5437 Nam
2505 5376 2670 5455 quod
2712 5374 2816 5436 ille
2849 5377 3020 5433 actus
3058 5369 3136 5431 sit
3173 5387 3316 5450 pro·

1744 5469 1918 5550 prius
1962 5467 2316 5547 justorum,
2369 5467 2601 5529 indicat
2651 5468 2720 5528 D.
2774 5465 3046 5526 Thomas
3072 5508 3091 5536 ,
3147 5463 3316 5525 dicto

1748 5561 1922 5630 artic.
1975 5563 2039 5644 2,
2087 5567 2150 5628 et
2191 5562 2388 5643 magis
2418 5577 2699 5643 expresse
2742 5560 2808 5622 in
2835 5561 3058 5639 quest.
3111 5561 3169 5632 1,
3218 5573 3318 5622 ar·
