3900 6217
853 446 1019 497 SECT.
1057 446 1161 498 vn.
1197 444 1337 509 QUIS
1370 444 1464 495 SIT
1500 441 1759 496 DEBITUS
1790 440 1996 495 Munus
2029 444 2293 497 GERENDI
2328 442 2587 495 BELLUM.

72 543 369 623 signum
396 550 509 620 est,
544 545 687 622 quia
718 546 1000 620 Samson,
1028 546 1131 623 qui
1157 544 1273 605 hoc
1304 543 1472 616 fecit,
1502 559 1541 601 a
1563 541 1675 601 Pa-

68 639 341 715 tribus,
378 639 749 717 AugustinO,
802 642 824 697 1
882 638 957 699 de
996 638 1275 713 Civitate,
1322 656 1455 715 cap.
1508 638 1578 697 21
1615 639 1676 694 et

70 734 203 807 26,
247 734 597 805 Bernardo,
630 730 791 791 libro
828 730 904 791 de
941 732 1245 809 Praecepto
1287 740 1351 789 et
1376 729 1671 809 dispens„

72 824 251 883 divo
277 827 523 887 Thoma
548 828 608 887 Ξ.
640 828 701 898 2,
726 832 938 903 quaest.
972 824 1073 896 64,
1114 842 1151 883 a
1182 840 1357 883 num.
1406 822 1467 895 5,
1508 820 1582 880 ad
1611 822 1672 895 5,

68 918 315 979 solum
379 924 745 994 excusatur,
812 917 977 997 quod
1050 916 1349 977 instinctu
1410 914 1677 993 Spiritus

68 1010 329 1071 Sancti
353 1010 587 1073 fecerit.
612 1010 845 1085 Tertio,
876 1011 1023 1089 quia
1064 1028 1191 1069 nou
1226 1014 1371 1069 sunt
1395 1008 1677 1069 facienda

71 1104 277 1164 mala
306 1111 379 1165 ut
404 1104 659 1165 veniant
690 1102 879 1164 bona.
906 1102 1152 1178 Quarto,
1182 1102 1399 1163 Matth.
1432 1100 1675 1163 decimo

71 1197 329 1272 tertio,
368 1196 771 1276 prohibentur
806 1196 1104 1257 eradicari
1144 1195 1415 1271 zizania,
1461 1212 1541 1255 ne
1598 1192 1676 1254 si-

72 1289 243 1350 mul
272 1290 623 1351 eradicetur
658 1288 955 1351 triticum.
982 1287 1231 1363 Quinte,
1265 1287 1358 1349 illi
1380 1289 1676 1349 innocen-

74 1386 195 1441 tes
218 1383 397 1460 juste
422 1399 486 1443 se
526 1381 953 1458 defenderent,
997 1381 1049 1443 si
1092 1387 1337 1461 possent
1352 1396 1375 1459 3
1406 1398 1554 1459 ergo
1584 1382 1678 1441 iu-

70 1474 279 1552 justa
316 1483 409 1539 est
436 1482 651 1539 contra
692 1476 829 1539 11105
870 1477 1204 1556 aggressio.
1245 1476 1453 1550 Sexte,
1484 1481 1677 1537 retor-

74 1580 343 1650 quetur
364 1577 829 1649 argumentum,
858 1572 1008 1650 quia
1036 1589 1161 1631 non
1202 1569 1347 1630 licet
1376 1568 1557 1628 matri
1584 1568 1679 1629 uti

74 1664 422 1727 medicina
446 1683 569 1743 qua
599 1670 768 1725 certo
798 1664 974 1725 novit
1005 1664 1391 1725 interfectam
1420 1662 1498 1723 iri
1542 1680 1678 1741 pro-

76 1756 261 1834 lem,
310 1760 583 1819 maxime
619 1763 757 1837 post
786 1758 1013 1817 animae
1055 1756 1377 1817 rationalis
1417 1754 1675 1815 infusio-

76 1866 285 1921 nem,
336 1850 498 1928 quod
548 1850 792 1911 videtur
834 1849 1063 1911 habere
1102 1848 1491 1909 communior
1538 1865 1675 1908 sen-

80 1944 335 2018 tentia,
360 1942 684 2017 Antonin„
714 1946 753 2005 3
773 1950 961 2023 part„
990 1943 1086 2003 tit.
1114 1943 1177 2018 6,
1200 1960 1253 2003 c.
1282 1945 1320 2003 2
1343 1964 1360 2016 3
1380 1939 1673 2020 Sylvest„

76 2036 301 2097 verbo
334 2036 630 2107 Medicus,
678 2042 897 2115 quaest.
931 2039 969 2095 4
993 2051 1013 2111 3
1046 2036 1317 2097 -Navarr.
1338 2080 1355 2109 ,
1386 2054 1441 2095 0.
1473 2035 1575 2108 25,
1608 2051 1673 2092 n.

80 2130 209 2189 62.
241 2129 424 2191 Ratio
449 2148 593 2191 vero
622 2139 735 2205 est,
765 2130 912 2209 quia
941 2130 994 2189 si
1022 2146 1147 2189 non
1177 2146 1423 2207 possum
1458 2127 1677 2189 subve-

80 2223 247 2283 nire
303 2223 456 2298 uni,
508 2222 633 2283 nisi
669 2223 935 2283 alterum
977 2222 1207 2283 laedam
1233 2266 1253 2297 ,
1314 2222 1537 2283 melius
1586 2230 1679 2281 est

88 2322 409 2375 neutrum
430 2317 677 2393 juvare,
705 2333 839 2394 cap.
874 2317 1159 2397 Denique,
1188 2316 1285 2389 14,
1320 2333 1381 2392 (1.
1415 2318 1473 2374 l.

199 2412 300 2471 19.
343 2408 445 2473 Ad
459 2409 749 2489 primum.
770 2409 965 2471 -Ad
992 2410 1329 2471 secundum.
1350 2405 1540 2469 —Ad
1566 2412 1679 2470 ter-

92 2510 297 2571 tium.
334 2540 406 2553 —
428 2507 537 2571 Aa
584 2511 887 2588 quartum.
912 2503 1111 2567 -Ad
1152 2505 1450 2585 quintum.
1477 2536 1557 2549 --
1582 2503 1689 2565 Aa

92 2607 373 2664 sextum.
401 2635 479 2645 -
499 2599 923 2679 Respondetur
966 2598 1045 2659 ad
1076 2600 1351 2678 primum
1383 2613 1398 2657 ε
1432 2597 1483 2657 51
1523 2596 1682 2677 phy-

96 2696 241 2757 sice
270 2712 369 2755 res
398 2694 837 2767 consideretur,
878 2694 1073 2753 victor
1101 2709 1228 2753 non
1256 2692 1499 2766 occidit,
1534 2692 1682 2770 quia

93 2804 243 2848 non
286 2792 377 2847 est
424 2803 607 2847 causa
635 2804 745 2865 per
793 2804 879 2861 se,
920 2786 1027 2845 sed
1055 2803 1164 2864 per
1192 2784 1515 2858 accidens3
1547 2802 1678 2843 mo-

92 2879 329 2941 raliter
356 2884 565 2941 autem
590 2880 779 2940 etiam
808 2879 865 2938 ei
894 2896 1020 2939 non
1048 2878 1393 2957 imputatur
1418 2876 1677 2937 homici-

100 2976 315 3048 dium,
344 2975 491 3053 quia
518 2974 716 3033 utitur
738 2974 879 3050 jure
903 2991 1041 3047 suo,
1080 2990 1281 3052 neque
1311 2976 1556 3032 tenetur
1584 2969 1675 3029 vi-

96 3074 248 3127 tare
276 3068 502 3127 damna
531 3066 795 3145 proximi
814 3084 953 3144 quae
978 3065 1123 3133 iude
1144 3069 1509 3143 sequuntur,
1536 3081 1678 3125 cum

107 3166 292 3221 tanto
316 3160 707 3221 detrimento,
740 3159 835 3221 Ad
864 3158 1233 3231 secundum,
1266 3175 1425 3235 nego
1453 3156 1513 3215 id
1546 3173 1677 3215 esse

102 3254 445 3313 intrinsece
474 3252 737 3326 malum,
766 3258 1015 3333 propter
1040 3251 1320 3313 eamdem
1345 3250 1672 3323 rationem,

102 3347 285 3426 quod
316 3347 415 3407 ille
442 3365 657 3407 revera
690 3365 814 3407 non
844 3363 908 3405 se
944 3345 1199 3414 occidat,
1228 3344 1333 3405 sed
1364 3344 1678 3423 permittat

102 3440 607 3518 mortem3quod
655 3458 737 3499 an
772 3446 917 3499 tunc
956 3438 1181 3512 liceat,
1228 3436 1677 3497 attendendum

114 3540 216 3595 est
264 3551 339 3593 ex
367 3533 583 3594 ordine
624 3532 959 3607 charitatis,
1001 3531 1323 3605 nimirum,
1343 3548 1427 3591 an
1458 3528 1545 3589 ibi
1584 3528 1678 3588 in-

110 3627 392 3689 tercedat
430 3632 560 3687 tam
610 3642 939 3686 commune
968 3624 1245 3697 bonum,
1294 3630 1365 3683 ut
1411 3641 1522 3701 pro
1571 3620 1676 3681 illo

110 3720 353 3781 tuendo
400 3719 619 3780 debeat
660 3738 725 3779 se
777 3735 1085 3797 exponere
1140 3722 1313 3776 tanto
1358 3714 1672 3794 periculo;

106 3820 303 3891 atquc
354 3831 477 3873 non
526 3811 749 3873 desunt
803 3811 912 3889 qui
942 3816 1161 3889 putent
1187 3810 1305 3870 1130
1358 3808 1459 3868 via
1504 3824 1677 3885 posse

110 3906 394 3967 excusari
421 3906 651 3967 factum
684 3904 1031 3976 Samsouis;
1064 3902 1139 3963 de
1164 3919 1286 3981 quo
1315 3908 1523 3962 tamen
1548 3918 1675 3961 non

108 3999 362 4057 videtur
390 3998 647 4059 omnino
686 3997 953 4057 militare
976 4014 1051 4055 ea
1082 3995 1265 4072 ratio,
1296 3994 1443 4072 quia
1476 3994 1525 4052 si
1563 3992 1677 4052 1111-

110 4110 305 4153 mano
346 4091 527 4151 modo
558 4108 656 4151 res
681 4088 1193 4163 consideraretur,
1246 4106 1373 4149 non
1420 4086 1675 4147 videba-

112 4198 223 4247 tur
248 4193 372 4245 tam
423 4184 659 4263 grande
695 4182 929 4243 bouum
954 4182 1227 4243 vindicta
1262 4181 1339 4241 dc
1384 4180 1672 4254 inimicia,

114 4285 193 4341 ut
252 4284 495 4358 propter
552 4276 662 4339 illa
726 4278 985 4337 Samson
1038 4276 1205 4335 licite
1254 4293 1319 4335 se
1372 4274 1677 4335 occideret

119 4374 307 4433 etiam
342 4390 447 4450 per
478 4371 785 4433 accidens.
837 4370 929 4431 Ad
956 4370 1234 4429 tertium.
1268 4367 1433 4428 111313
1474 4384 1678 4427 111013-

116 4466 203 4526 lia
230 4483 350 4525 nou
389 4482 513 4525 csse
539 4464 822 4525 facienda
850 4468 921 4523 ut
963 4463 1252 4523 eveniant
1282 4461 1467 4535 bona,
1514 4458 1679 4519 mala

119 4564 323 4619 autem
358 4576 559 4636 poeuae
586 4556 725 4616 fieri
754 4574 955 4635 posse,
984 4556 1268 4633 quamvis
1296 4554 1359 4613 in
1388 4552 1678 4632 praesenti

118 4670 261 4711 casu
292 4650 727 4729 permittantur
754 4650 959 4727 potius
988 4648 1162 4727 sequi
1190 4665 1375 4726 quam
1406 4646 1673 4706 effician-

123 4751 245 4805 tur.
290 4744 377 4803 Ad
404 4748 722 4821 quartum,
749 4741 1055 4821 imprimis
1096 4759 1257 4816 nego
1295 4739 1466 4799 illam
1492 4738 1677 4798 fuisse

120 4836 459 4914 legitimam
507 4838 964 4908 necessitatem,
1006 4834 1215 4893 deerat
1248 4832 1435 4893 etiam
1478 4838 1678 4909 potes-

122 4936 253 5000 tas;
301 4945 499 5006 neque
528 4933 827 5007 111-3113133
857 4926 1188 5005 expediens
1216 4932 1347 4985 erat
1378 4925 1453 4985 ad
1485 4924 1675 4983 finem

120 5021 597 5102 patrisfamilias
630 5020 723 5081 Ad
764 5020 1077 5099 quintum,
1128 5018 1383 5097 quidam
1424 5036 1677 5095 respon-

120 5118 289 5188 dent,
316 5132 424 5193 per
452 5113 733 5174 accidens
750 5120 929 5193 posse
957 5118 1107 5171 tunc
1128 5130 1257 5171 esse
1286 5110 1518 5170 bellum
1541 5110 1679 5187 jus-

122 5216 257 5268 tum
286 5225 360 5267 ex
400 5212 661 5286 utraque
690 5211 903 5285 parte;
950 5204 1057 5265 sed
1106 5204 1225 5265 1100
1273 5220 1399 5263 11011
1431 5202 1677 5261 videtur

119 5318 296 5381 posse
322 5299 591 5378 accidere
622 5298 861 5359 seclusa
888 5298 1263 5376 ignorantia.
1312 5296 1489 5357 Unde
1537 5295 1674 5355 dico

122 5393 261 5453 illos
295 5392 651 5453 innocentes
698 5408 871 5469 posse
920 5390 1171 5469 quidem
1223 5406 1289 5449 se
1343 5387 1675 5449 defendere

122 5503 279 5565 pura
304 5485 677 5559 defensione,
713 5483 775 5543 id
810 5489 924 5558 est,
957 5480 1349 5561 impediendo
1400 5499 1479 5541 ne
1529 5480 1679 5540 civi-

122 5586 241 5654 tas,
286 5577 455 5638 verbi
481 5577 704 5656 gratia,
736 5576 1156 5648 comburatur,
1186 5580 1293 5634 aut
1332 5591 1445 5633 arx
1470 5572 1680 5633 dirua-

3201 432 3316 498 757

1754 546 1881 615 tur,
1904 550 2050 620 etc.‚
2074 546 2219 624 quia
2245 545 2361 605 1100
2387 545 2584 605 solum
2605 547 2694 603 est
2720 543 2912 603 vitam
2940 541 3126 613 tueri,
3148 542 3310 621 quod

1755 634 1919 697 licite
1964 646 2214 716 possunt
2255 638 2479 712 facere,
2511 656 2637 697 uon
2677 643 2885 696 tamen
2916 652 3087 715 posse
3116 654 3179 694 se
3211 636 3314 695 dc·

1758 728 2008 791 tendere
2043 731 2218 809 quasi
2260 730 2699 809 aggi-edicam,
2730 729 2792 789 id
2823 735 2938 803 est,
2975 728 3310 807 pugnando

1758 830 1970 885 contra
2001 825 2166 903 juste
2210 831 2555 905 pugnant-es
2574 838 2592 899 3
2626 824 2773 901 quia
2801 840 3016 883 revera
3042 840 3168 881 non
3205 839 3313 900 pa-

1756 918 1998 977 tiuntur
2032 918 2109 978 ab
2156 918 2278 979 illis
2319 918 2614 997 injuriam
2644 937 2658 975 :
2691 922 2938 995 possent
2969 924 3180 975 tamen
3219 917 3313 975 in-

1756 1016 2049 1071 nocentes
2071 1010 2160 1071 1111
2187 1029 2464 1091 pugnare
2493 1015 2704 1071 contra
2723 1027 2847 1084 eos,
2893 1010 3001 1089 qui
3030 1008 3097 1069 in
3127 1026 3310 1068 causa

1755 1108 1902 1163 sunt
1936 1104 2078 1163 talis
2120 1104 2290 1177 belli,
2341 1122 2486 1165 113111
2531 1103 2610 1165 ab
2644 1103 2766 1163 illis
2799 1120 2944 1164 vere
2989 1103 3315 1181 patiuntur

1755 1196 2074 1275 injuriam.
2115 1198 2206 1258 Ad
2241 1196 2558 1272 ultimum,
2603 1196 2911 1259 sententia
2950 1196 3058 1257 1113
3087 1195 3312 1255 intelli-

1756 1291 1960 1369 genda
1989 1296 2104 1367 est,
2135 1290 2234 1353 vel
2260 1292 2508 1371 quando
2533 1290 2676 1351 talis
2715 1288 3022 1351 medicina
3061 1307 3186 1349 non
3222 1297 3316 1349 est

1755 1385 2119 1465 simpliciter
2173 1385 2512 1447 necessaria
2549 1386 2626 1446 ad
2677 1385 2870 1446 vitam
2913 1384 3152 1458 matris,
3208 1382 3312 1443 sed

1756 1472 2014 1539 fortasse
2043 1483 2284 1540 tantum
2333 1477 2413 1538 ad
2453 1478 2792 1561 firmiorem
2835 1477 3121 1552 salutem,
3169 1477 3317 1555 quia

1758 1579 1905 1633 tnnc
1935 1572 2060 1635 vita
2092 1574 2282 1653 prolis
2309 1580 2464 1635 esset
2494 1573 2878 1653 praeferenda
2895 1595 2914 1648 ;
2948 1571 3114 1651 quod
3145 1572 3314 1633 vide-

1756 1671 1861 1726 tur
1892 1665 2114 1727 docere
2135 1666 2521 1742 Ambrosius,
2551 1668 2588 1727 3
2613 1667 2688 1728 de
2717 1666 2968 1741 01110115,
2995 1684 3050 1727 0.
3073 1668 3134 1727 9.
3161 1666 3314 1727 Item

1758 1758 2164 1838 intelligenda
2195 1760 2270 1821 de
2311 1761 2718 1841 applicatione
2759 1760 3080 1821 medicinae
3105 1760 3317 1819 animo

1758 1852 2174 1915 interficiendi
2213 1853 2478 1929 foetum3
2511 1854 2784 1932 alioquin
2811 1870 2979 1927 veru,
3017 1853 3068 1912 si
3109 1869 3318 1913 neces-

1756 1945 1905 2006 sitas
1930 1945 2243 2021 subsistat,
2297 1945 2582 2025 honoque
2611 1947 2822 2007 animo
2863 1945 2994 2017 fiat,
3041 1945 3174 2007 sine
3209 1945 3321 2005 du-

1758 2039 1861 2101 bio
1910 2040 2078 2116 licet,
2133 2040 2296 2119 quod
2331 2046 2554 2119 111-31131
2603 2040 2768 2101 dicta
2811 2044 3014 2119 patet,
3063 2040 3211 2117 quia
3263 2038 3316 2099 si

1758 2151 1925 2193 mors
1956 2133 2170 2193 matris
2195 2134 2610 2212 permittatur,
2637 2132 3002 2211 regulariter
3029 2139 3156 2191 tam
3186 2131 3318 2208 ipsa

1759 2244 1945 2305 quam
1978 2226 2141 2286 filius
2168 2227 2466 2287 morietur
2491 2245 2506 2299 ;
2542 2244 2691 2303 ergo
2723 2225 2944 2286 melius
2973 2230 3083 2299 est,
3109 2223 3318 2283 5111311

1758 2327 1998 2401 potest,
2044 2336 2290 2381 servare
2357 2321 2548 2381 vitam
2602 2320 2857 2394 matris,
2905 2316 3320 2398 permittendo

1762 2423 2027 2475 mortem
2067 2413 2206 2485 filii,
2244 2431 2433 2493 quam
2461 2415 2785 2492 utriusque
2825 2430 3038 2473 necem
3070 2412 3324 2490 permit-

1762 2512 1913 2569 tere.
1946 2506 2330 2569 Nonnullum
2359 2525 2509 2567 vero
2545 2506 2806 2567 dubium
2837 2512 3014 2575 essct,
3059 2505 3110 2563 si
3155 2522 3321 2563 com-

1761 2608 2015 2681 paretur
2053 2602 2182 2661 vita
2217 2599 2550 2680 corporalis
2579 2602 2795 2661 matris
2821 2616 2964 2659 cum
2990 2597 3117 2656 vita
3147 2597 3324 2675 spiri-

1760 2695 1914 2755 tuali
1942 2695 2147 2772 prolis,
2174 2696 2320 2773 quia
2348 2694 2600 2755 fortasse
2623 2700 2825 2772 posset
2854 2689 3186 2770 baptizari:
3214 2689 3317 2749 sed

1756 2789 1823 2850 in
1854 2788 1972 2849 hoc
2003 2789 2318 2849 servandae
2350 2794 2496 2847 sunt
2522 2786 2754 2865 regulae
2795 2784 2872 2846 de
2919 2784 3133 2845 ordine
3177 2782 3319 2845 cha·

1758 2882 1987 2953 litatis,
2015 2882 2090 2943 de
2117 2882 2344 2959 quibus
2367 2900 2576 2961 supra.

1837 2977 1917 3037 ΞΟ
1992 2973 2274 3053 Septima
2331 2972 2622 3039 conclusio
2682 2973 3032 3036 communis.
3069 3004 3150 3017 -
3178 2970 3323 3031 Dico

1758 3068 2022 3147 septimo
2056 3088 2070 3126 :
2104 3074 2328 3147 praeter
2377 3068 2588 3127 omnia
2617 3066 2847 3127 damna
2875 3064 3218 3127 necessaria
3243 3063 3316 3122 ad

1759 3162 2236 3223 satisfactionem
2273 3178 2458 3239 supra
2493 3165 2887 3234 enumerata,
2920 3164 3118 3237 potest
3145 3156 3322 3235 prin-

1758 3271 1919 3331 ceps,
1950 3253 2058 3331 11111
2093 3254 2326 3331 justam
2355 3253 2678 3314 victoriam
2721 3262 2814 3313 est
2851 3258 3182 3323 assecutuS,
3219 3258 3320 3309 to—

1758 3352 1891 3405 tum
1922 3346 1987 3406 id
2017 3346 2214 3407 facere
2265 3347 2328 3407 111
2372 3346 2552 3406 bonis
2601 3345 2905 3419 hostium,
2953 3342 3124 3416 salva
3169 3342 3316 3413 vita,

1758 3438 1924 3517 quod
1963 3439 2378 3499 necessarium
2418 3446 2510 3499 est
2552 3438 2630 3499 ad
2671 3436 3066 3516 tranquillam
3105 3452 3318 3515 pacem

1756 3531 1822 3591 in
1863 3532 2147 3603 futurum
2199 3532 2705 3595 conservandam.
2759 3530 2934 3593 Unde
2979 3530 3028 3589 si
3075 3545 3320 3589 necesse

1758 3625 1859 3699 sit,
1909 3625 2029 3686 hoc
2073 3625 2255 3685 titulo
2285 3631 2483 3703 potest
2517 3642 2816 3705 occupare
2843 3623 3152 3698 civitates,
3185 3640 3322 3700 pro-

1758 3719 2016 3793 vinciaS,
2045 3724 2162 3779 etc.
2197 3719 2285 3779 lta
2314 3718 2542 3778 docent
2571 3734 2788 3777 omncs
2805 3738 2823 3791 ;
2856 3723 2919 3777 et
2947 3715 3103 3775 ratio
3132 3714 3320 3773 sumi-

1756 3818 1859 3871 tur
1906 3830 1981 3871 ex
2033 3812 2166 3889 ipso
2218 3811 2342 3872 fine
2389 3811 2628 3871 honesti
2667 3810 2850 3885 belli3
2879 3826 3023 3869 nam
3069 3813 3320 3887 propter

1756 3903 1872 3965 hoc
1902 3906 2176 3965 maxime
2199 3904 2344 3965 licet
2369 3904 2628 3977 bellum,
2671 3909 2742 3961 ut
2780 3902 2858 3962 sit
2888 3902 3067 3980 quasi
3107 3901 3210 3960 via
3243 3900 3322 3959 ad

1756 3996 2078 4057 honestam
2139 4000 2374 4075 pacem.
2441 3995 2854 4057 confirmatur
2881 4043 2896 4063 ‚
2955 4012 3098 4054 nam
3157 3993 3324 4054 intra

1756 4089 2038 4151 eamdem
2097 4089 2544 4169 rempublicam
2610 4088 2698 4147 ita
2759 4088 3108 4166 puniuntur
3161 4086 3322 4147 male

1754 4183 1937 4258 facta,
1965 4190 2151 4263 prout
2179 4201 2422 4245 necesse
2449 4190 2542 4243 est
2571 4181 2886 4241 communi
2911 4180 3075 4259 paci,
3096 4186 3156 4239 et
3185 4180 3322 4239 ideo

1756 4295 1915 4357 saepe
1944 4276 2191 4355 jubetur
2231 4277 2536 4356 quispiam
2581 4273 2865 4347 exulare,
2911 4273 3010 4333 vel
3051 4272 3320 4333 similem

1760 4370 1945 4431 aliam
1995 4388 2242 4448 poenam
2295 4370 2524 4443 subire,
2556 4374 2675 4429 etc.
2730 4369 2816 4425 Ex
2863 4384 2986 4444 quo
3037 4364 3322 4445 exemplo

1759 4463 2152 4542 intelligitur,
2205 4463 2256 4523 si
2306 4462 2542 4540 aliquid
2587 4458 2942 4538 hujusmodi
2972 4458 3103 4531 fiat,
3155 4457 3322 4537 quod

1758 4555 1941 4617 simul
1975 4556 2164 4635 possit
2210 4555 2417 4615 subire
2448 4554 2752 4615 rationem
2792 4570 2988 4631 poenae
3003 4596 3026 4627 ,
3059 4558 3322 4631 utroque

1758 4648 1940 4709 titulo
1969 4648 2362 4709 efficiendum
2392 4664 2542 4717 esse,
2575 4664 2690 4705 nec
2717 4644 2901 4705 licere
2925 4644 3154 4704 damna
3181 4643 3322 4705 hos-

1758 4743 1913 4803 tium
1944 4742 2080 4801 sine
2107 4758 2290 4801 causa
2329 4740 2764 4818 multiplicare.

1838 4836 1939 4894 21.
2000 4831 2232 4897 Ultima
2263 4834 2560 4895 conclusio
2593 4832 2907 4912 bipartita.
2939 4865 3021 4877 -
3044 4832 3189 4892 Dico
3231 4833 3324 4891 31-

1760 4928 1913 4987 timo
1946 4944 1962 4987 z
1995 4926 2046 4985 si
2075 4926 2287 4985 omnia
2315 4924 2471 4997 haec,
2513 4941 2652 5003 quac
2697 4924 2991 4997 cavimus,
3039 4924 3106 4983 in
3157 4923 3320 4984 bello

1762 5024 2084 5079 serventur
2108 5062 2126 5091 ,
2180 5017 2484 5094 simulque
2549 5015 2756 5076 adsint
2807 5014 3126 5094 generales
3187 5016 3321 5075 31130

1758 5112 2142 5171 conditiones
2187 5110 2475 5187 justitiae,
2522 5108 2752 5169 bellum
2803 5126 2928 5167 non
2985 5110 3102 5168 erit
3131 5107 3323 5186 injus-

1758 5210 1917 5278 tum,
1948 5202 2174 5281 poterit
2201 5208 2409 5261 tamen
2439 5200 2710 5279 aliquam
2741 5199 2968 5261 habere
3014 5199 3318 5261 malitiam

1758 5296 2137 5357 contrariam
2179 5294 2489 5369 charitati,
2537 5293 2634 5353 vel
2676 5292 2856 5353 alteri
2879 5293 3117 5354 virtuti.
3149 5294 3322 5353 Prior

1756 5406 1899 5468 pars
1925 5388 2073 5449 satis
2110 5392 2350 5447 constat
2399 5404 2472 5447 ex
2505 5386 2687 5447 dictis
2741 5403 2758 5445 ε
2799 5385 3084 5446 secuudae
3130 5386 3319 5463 partis

1758 5480 1968 5558 aliqua
1993 5478 2276 5558 exempla
2307 5480 2372 5539 in
2399 5484 2548 5539 sect.
2577 5480 2642 5550 4,
2667 5496 2706 5538 a
2737 5496 2800 5537 n.
2836 5478 2898 5551 8,
2927 5482 3072 5537 sunt
3097 5477 3315 5557 posita,

1758 5574 1825 5633 in
1869 5573 2096 5652 quibus
2147 5571 2380 5632 bellum
2422 5570 2753 5651 suscipitur
2797 5575 3011 5631 contra
3051 5569 3321 5633 charita-
