3900 6217
522 367 642 428 616

524 473 806 554 perantia
837 474 1065 551 infusa,
1097 481 1160 536 et
1187 476 1418 537 similes
1445 477 1726 554 virtuteS,
1759 497 1898 558 quae
1945 497 2077 540 ma-

526 574 679 628 nent
715 586 840 627 uon
867 567 1066 628 solum
1097 571 1164 630 in
1192 569 1432 647 babitu,
1464 572 1567 632 sed
1599 572 1786 632 etiam
1815 573 1880 632 in
1907 579 2073 646 actu,

525 663 722 742 quoad
763 662 1068 742 simplices
1149 669 1351 724 motus
1422 665 1800 739 voluntatis,
1847 669 2077 746 quibus

524 756 908 836 complacent
949 758 1016 816 in
1053 757 1308 836 objectis
1343 759 1470 818 suis
1491 804 1510 834 ,
1551 765 1612 819 et
1653 759 2079 820 honestatibus

527 867 765 924 eorum,
796 855 858 909 et
885 849 1264 911 detestantur
1293 852 1478 911 etiam
1509 852 1846 914 contrarias
1887 860 1950 913 tu
1961 855 2081 933 rpi-

527 943 795 1017 tudineS,
827 943 988 1020 quod
1027 943 1096 1003 in
1119 961 1348 1021 genere
1385 945 1755 1024 explicatum
1791 951 1886 1005 est
1929 949 1984 1007 1.
2016 949 2076 1018 9.,

523 1036 590 1095 in
641 1036 896 1096 materia
935 1036 1011 1096 de
1053 1038 1409 1099 virtutibus.
1444 1039 1631 1100 Actus
1659 1057 1804 1100 vero
1845 1040 2082 1102 timoris

525 1127 729 1188 filialis
757 1129 956 1208 quoad
993 1129 1423 1206 substantiam,
1457 1137 1759 1210 quatenus
1801 1139 1892 1193 est
1933 1134 2081 1194 sim-

527 1219 670 1299 plex
707 1221 858 1301 fuga
907 1221 1150 1284 oflensae
1187 1225 1290 1284 Dei
1337 1223 1641 1302 possibilis
1683 1225 1746 1285 in
1789 1243 1929 1286 mea
1972 1245 2084 1288 na-

525 1319 688 1388 tura,
721 1321 932 1375 manet
958 1317 1144 1376 etiam
1176 1318 1244 1377 in
1281 1319 1499 1390 Beatis,
1531 1319 1679 1397 quia
1716 1323 1788 1379 ut
1825 1319 1912 1379 sic
1943 1321 2083 1380 nul-

525 1406 650 1467 lam
694 1407 845 1468 dicit
884 1409 1434 1488 imperfectionem.
1486 1411 1553 1472 D.
1585 1411 1851 1472 Thomas
1901 1415 1961 1474 2.
2000 1415 2040 1474 2
2064 1463 2079 1486 ‚

525 1519 584 1578 q.
621 1502 697 1561 19
724 1547 744 1578 ,
777 1506 896 1563 art.
931 1505 994 1564 11
1035 1548 1051 1577 ,
1083 1511 1146 1564 et
1189 1505 1404 1566 eodem
1451 1504 1634 1564 modo
1674 1507 2079 1583 Augustinus,

530 1596 605 1654 ⁴4
651 1594 726 1654 de
768 1595 1052 1672 Civitate,
1083 1616 1214 1679 cap.
1247 1600 1310 1672 9,
1348 1597 1548 1658 dicere
1579 1597 1871 1658 videntur
1903 1599 2085 1660 timo-

525 1705 658 1747 rem
687 1688 872 1748 istum
902 1688 1220 1759 beatorum
1244 1709 1374 1752 esse
1396 1691 1800 1761 voluntatem,
1827 1709 1950 1770 qua
1974 1711 2082 1754 ne·

527 1781 788 1840 cessario
819 1782 1034 1843 volunt
1057 1803 1181 1844 non
1211 1803 1477 1863 peccare,
1511 1803 1627 1845 non
1661 1784 2081 1850 sollicitudine

524 1873 906 1953 infirmitatis
954 1922 974 1950 ‚
1031 1880 1138 1940 scd
1187 1879 1633 1960 tranquillitate
1693 1880 2021 1945 charitatis
2057 1898 2077 1959 3

525 1969 809 2046 quamvis
836 1970 936 2029 hic
963 1977 1134 2032 actus
1159 1973 1360 2050 magis
1387 1975 1672 2038 videatur
1701 1977 1912 2038 odium
1943 1995 2083 2057 pec-

523 2060 665 2136 cati,
697 2077 884 2140 quam
912 2063 1123 2138 timor,
1153 2064 1294 2125 licet
1334 2067 1545 2147 aliquo
1573 2071 1757 2132 modo
1783 2069 2085 2149 disti'ngui

527 2156 758 2230 possit3
792 2173 936 2216 nam
969 2157 1180 2216 odium
1226 2166 1320 2220 est
1355 2163 1594 2224 aversio
1631 2182 1669 2224 a
1705 2169 1955 2242 peccato
1993 2181 2085 2223 se-

527 2247 798 2307 cundum
841 2267 926 2323 se,
965 2257 1214 2330 propter
1256 2252 1558 2316 malitiam
1589 2257 1721 2336 ejus
1743 2272 1762 2334 ;
1798 2257 1898 2317 hic
1937 2273 2085 2316 vero

527 2346 700 2400 actus
725 2347 816 2402 est
842 2349 1138 2422 tanquam
1170 2344 1318 2424 fuga
1350 2349 1656 2427 quaedam,
1688 2333 2097 2410 consideran-'

525 2433 604 2494 do
645 2441 988 2513 peccatum,
1023 2443 1094 2497 ut
1141 2438 1502 2518 simpliciter
1541 2443 1826 2522 possibile
1865 2442 2001 2503 fieri
2048 2459 2087 2503 a

529 2545 667 2613 mea
699 2528 1036 2600 voluntate,
1069 2539 1132 2591 et
1158 2532 1297 2591 ideo
1327 2539 1420 2592 est
1458 2553 1568 2613 per
1603 2536 1858 2596 modum
1903 2536 2088 2595 timo·

527 2620 631 2680 ris.
666 2621 864 2694 Quare
915 2622 983 2682 in
1037 2625 1161 2685 Deo
1198 2624 1544 2704 intelligere
1594 2629 1844 2708 quidem
1877 2645 2085 2706 possu-

526 2731 666 2773 mus
693 2714 902 2774 odium
930 2719 1184 2797 peccati,
1216 2737 1338 2778 non
1370 2728 1580 2782 tamen
1619 2724 1798 2783 istam
1843 2721 2082 2798 fugam,

525 2806 670 2884 quia
713 2807 886 2868 nulla
935 2810 1172 2871 ratione
1215 2820 1306 2871 est
1351 2812 1438 2872 illi
1477 2814 1761 2892 possibile
1795 2816 1920 2875 tale
1961 2831 2087 2874 ma·-

525 2897 679 2960 lum.
723 2899 838 2974 Qui
875 2901 1065 2962 etiam
1096 2904 1280 2963 timor
1320 2922 1430 2984 per
1471 2905 1947 2968 conditionalem
1980 2925 2085 2967 ac·-

525 2999 656 3051 tum
705 2993 864 3055 bene
906 2997 1290 3075 explicatur:
1345 2999 1626 3061 Etiamsi
1665 3001 2089 3062 beatitudinem

523 3103 644 3147 non
667 3087 997 3168 impediret,
1029 3093 1265 3154 omnino
1293 3095 1548 3156 citarem
1575 3094 1816 3172 culpam
1842 3100 2091 3174 propter

523 3179 748 3253 Dauom
781 3183 888 3260 qui
917 3189 1092 3244 actus
1119 3189 1212 3245 est
1240 3186 1514 3264 ejusdem
1547 3186 1904 3246 substantias
1945 3205 2086 3246 cum

523 3271 743 3332 timore
774 3274 948 3334 filiali
971 3277 1118 3351 viae,
1148 3278 1434 3356 quamvis
1458 3297 1584 3338 non
1611 3278 1838 3339 habeat
1861 3279 2087 3356 imper-

525 3364 818 3427 fectiones
851 3368 1202 3446 adjunctas,
1245 3371 1482 3432 scilicet
1502 3416 1522 3445 ,
1569 3373 1930 3443 anxietateS,
1962 3377 2079 3432 etc.

523 3457 731 3518 Dices:
763 3461 980 3522 codem
997 3462 1182 3523 modo
1207 3469 1410 3542 posset
1429 3463 1551 3523 dici
1577 3465 1866 3524 timorem
1895 3464 2089 3525 servi-

519 3549 644 3610 lem
665 3569 918 3614 manere
951 3555 1015 3613 in
1057 3555 1245 3615 Beato
1273 3556 1339 3615 in
1385 3555 1752 3631 substantia,
1780 3557 1928 3635 quia
1958 3574 2087 3616 ma-

520 3649 628 3704 net
681 3643 832 3723 fuga
889 3645 1039 3706 mali
1094 3663 1285 3724 poenoe
1329 3648 1667 3708 secundum
1709 3667 1774 3710 se
1830 3648 2087 3728 possibi-

517 3737 596 3796 lis
616 3751 638 3815 ;
676 3739 840 3817 quod
866 3745 1076 3800 tamen
1103 3740 1395 3802 videntur
1417 3760 1646 3820 negare
1676 3743 2081 3820 AugustinuS,

519 3829 698 3890 divus
725 3831 1015 3906 Thomas.
1055 3838 1117 3893 et
1147 3832 1276 3894 alii.
1309 3833 1735 3913 Respondetur
1763 3834 1942 3894 illum
1984 3853 2082 3895 ac·-

517 3929 674 3998 tum,
709 3931 778 3985 ut
805 3933 895 3985 est
921 3926 1184 4006 simplex
1209 3927 1360 4005 fuga
1387 3945 1612 4008 poenae.
1650 3947 1825 4007 posse
1864 3946 2079 3990 mane-

517 4035 624 4088 re;
657 4016 1020 4097 simpliciter
1057 4027 1266 4082 tamen
1299 4038 1427 4081 non
1457 4039 1586 4082 esse
1627 4022 1959 4084 dicendum
1998 4023 2075 4081 ti·

519 4125 754 4170 morem
797 4110 1083 4172 servilem
1107 4157 1126 4186 ,
1158 4112 1306 4192 qnia
1354 4113 1418 4172 in
1463 4114 1568 4174 illo
1608 4121 1772 4175 statu
1799 4118 1932 4175 tota
1969 4112 2079 4174 illa

520 4202 670 4282 fuga
698 4221 896 4282 poenae
929 4204 1236 4283 possibilis
1259 4204 1667 4283 imperabitur
1691 4225 1730 4268 a
1751 4206 2075 4282 charitate,

520 4301 582 4354 et
611 4295 914 4357 referetur
947 4298 1014 4357 in
1041 4297 1154 4358 Dei
1195 4296 1480 4374 gloriam.

1150 4501 1366 4553 sssc'rlo
1400 4503 1457 4552 V.

535 4663 756 4728 Utrum
785 4667 1025 4748 operari
1051 4668 1283 4732 intuitu
1311 4675 1552 4734 oetcrnoe
1567 4671 1985 4734 retributionis
2003 4672 2091 4735 sit

958 4765 1133 4824 actus
1171 4763 1300 4841 spei
1351 4764 1652 4826 nonestus.

606 4958 664 5015 1.
711 4955 996 5017 Primum
1052 4955 1466 5018 ltoercticorum
1513 4962 1950 5037 aryumentmn.
2007 4989 2089 5003 -

534 5046 898 5109 Sec-undum.
925 5081 1003 5092 -
1027 5047 1249 5110 Prima
1285 5047 1606 5110 conclusio.
1646 5081 1728 5096 —-
1755 5048 2093 5110 Lutberani

527 5137 828 5200 damnant.
852 5139 1022 5199 hunc
1054 5145 1284 5214 actum,
1329 5145 1624 5219 tanquam
1665 5141 1920 5200 omnino
1962 5159 2093 5202 ma-

531 5231 686 5307 lum,
713 5234 859 5314 quia
881 5252 1004 5295 non
1028 5235 1174 5296 licet
1195 5233 1366 5294 illam
1399 5253 1571 5314 spem
1601 5251 1833 5313 ponere
1857 5237 1922 5295 in
1952 5252 2095 5296 nos-

529 5325 644 5384 tris
695 5327 982 5404 operibus
1047 5333 1110 5388 et
1166 5327 1402 5388 meri-tis
1419 5342 1440 5404 3
1495 5333 1589 5387 est
1651 5327 1818 5387 enim
1881 5333 2097 5388 contra

533 5415 758 5478 Christi
797 5419 1187 5498 dignitatem,
1227 5425 1291 5480 et
1339 5423 1496 5480 esset
1541 5419 1607 5479 in
1637 5437 1702 5480 se
1729 5419 1864 5499 ipso
1905 5419 2099 5480 confi-

530 5508 695 5569 dere.
729 5510 1032 5584 Secundo,
1059 5511 1206 5590 quia
1234 5511 1534 5591 quidquid
1563 5529 1688 5572 non
1717 5512 1996 5592 procedit
2014 5529 2095 5573 ex

964 373 1198 428 msru'r.
1237 377 1275 428 1.
1311 375 1733 430 SPECULATIVA
1769 379 1848 430 DE
1882 379 2153 432 VmTU'rE
2185 379 2319 433 spi-:1
2354 381 2695 434 coNTmENs
2728 379 3061 434 suc'noNEs
3094 381 3269 436 OCTO.

2156 499 2313 559 puro
2382 500 2590 543 amore
2646 487 2711 542 et
2766 480 3192 544 benevolentia
3259 483 3397 558 Dei,
3460 487 3673 550 ordinat

2158 575 2348 635 Deum
2388 575 2467 636 ad
2494 593 2629 649 nos,
2670 573 2835 653 quod
2870 581 2963 635 est
2998 574 3433 638 inordinatum.
3470 579 3675 642 Nihilo·

2158 669 2363 728 minus
2388 668 2527 729 dico
2558 669 2799 747 primo:
2830 670 3071 748 operari
3098 677 3343 748 propter
3358 674 3673 736 mercedem

2162 767 2222 820 et
2264 762 2759 834 retributionem,
2802 763 3108 840 praecipue
3142 769 3453 838 aeternam,
3492 783 3589 845 per
3622 787 3676 828 se

2160 853 2393 915 honum
2420 862 2515 916 est
2541 861 2603 916 et
2625 856 2973 915 honestum.
2992 844 3094 914 Est
3122 856 3198 916 dc
3228 855 3350 916 fide
3376 857 3608 919 definita
3622 861 3679 922 in

2162 948 2471 1024 Trident„
2500 966 2645 1008 sess.
2676 951 2739 1022 6,
2768 965 2902 1027 cap.
2938 951 3040 1022 11,
3073 955 3137 1009 et
3154 965 3288 1010 can.
3322 952 3389 1010 31
3413 965 3433 1025 ;
3456 952 3583 1010 etin
3602 954 3685 1012 Di-

2163 1043 2422 1102 rectorio
2466 1042 2847 1120 Inquisitor.,
2896 1044 2937 1102 2
2980 1048 3169 1122 part.,
3208 1051 3419 1122 quaest.
3454 1046 3495 1106 9
3520 1049 3681 1122 etio,

2160 1135 2430 1196 refertur
2455 1134 2731 1196 definitio
2763 1137 3101 1196 innocentii
3146 1137 3223 1196 111
3266 1136 3345 1196 de
3370 1137 3571 1198 eadem
3608 1157 3683 1199 re.

2161 1228 2331 1289 Idem
2377 1228 2781 1290 confirmatur
2812 1247 2897 1290 ex
2937 1229 3123 1290 variis
3166 1246 3355 1290 aecrae
3390 1230 3685 1310 Scriptura

2162 1321 2332 1396 locis,
2368 1341 2443 1381 ac
2472 1323 2721 1382 Patrum
2770 1322 3122 1397 traditione,
3178 1328 3255 1383 ut
3284 1323 3479 1384 videri
3518 1331 3689 1403 potest

2165 1415 2231 1476 in
2262 1415 2515 1476 materia
2554 1413 2631 1474 da
2660 1419 2883 1476 merito
2931 1419 2975 1475 ¹.
3016 1415 3195 1477 Ratio
3232 1431 3383 1476 vero
3422 1420 3528 1491 est,
3566 1418 3691 1496 quia

2165 1527 2339 1570 amor
2376 1509 2911 1589 concupiscentiae,
2940 1509 3041 1570 vel
3078 1511 3269 1572 timor
3288 1509 3577 1589 gebennae
3614 1519 3689 1572 est

2162 1608 2335 1662 actus
2361 1621 2473 1682 per
2508 1621 2572 1663 se
2599 1603 2915 1672 honestus,
2945 1609 3016 1662 ut
3038 1621 3223 1682 supra
3246 1611 3553 1664 ostensum
3580 1609 3682 1679 est3

2164 1713 2313 1774 ergo
2336 1698 2578 1777 operari
2606 1713 2682 1758 ex
2710 1697 2969 1778 imperio
2999 1696 3139 1758 talis
3160 1697 3395 1758 amoris
3427 1696 3520 1758 vel
3538 1697 3689 1758 timo-

2162 1789 2247 1850 ris
2274 1807 2383 1870 per
2422 1807 2487 1850 se
2523 1809 2651 1850 non
2678 1796 2769 1851 est
2806 1789 3065 1864 malum,
3106 1790 3257 1869 quia
3286 1807 3485 1869 neque
3522 1788 3689 1850 bonus

2164 1890 2332 1942 actus
2373 1902 2484 1962 per
2534 1900 2599 1944 se
2643 1883 2906 1962 imperat
2940 1883 3197 1958 malum,
3246 1899 3365 1942 nec
3404 1883 3577 1942 etiam
3618 1890 3691 1944 est

2166 1975 2330 2036 mala
2356 1975 2843 2048 circumstantia,
2868 1982 2941 2035 ut
2964 1975 3196 2055 patebit
3218 1976 3453 2036 statim.

2244 2071 2307 2128 2.
2356 2069 2639 2132 Secunda
2674 2069 2999 2132 conclusio.
3030 2087 3123 2118 —-·
3152 2067 3417 2148 objectio
3470 2069 3693 2130 solvitur

2165 2181 2239 2225 cm
2258 2165 2339 2224 D.
2366 2163 2614 2226 mama.
2646 2197 2729 2210 -
2758 2163 2903 2224 Dico
2934 2163 3199 2224 secundo
3222 2181 3351 2223 non
3378 2161 3565 2222 solum
3588 2179 3693 2223 esse

2165 2256 2401 2317 bonum
2429 2257 2671 2336 operari
2700 2275 2775 2316 ex
2804 2275 3015 2318 amore
3045 2256 3143 2317 vel
3167 2257 3422 2328 timore,
3452 2257 3611 2334 quasi
3632 2274 3695 2317 ex

2168 2352 2403 2411 motivo
2430 2351 2800 2425 extrinsece,
2835 2349 3029 2412 veluti
3072 2356 3325 2429 sumpta
3374 2349 3515 2411 inde
3554 2367 3694 2410 occa-

2168 2445 2362 2518 sione,
2386 2445 2491 2504 sed
2520 2444 2709 2505 etiam
2738 2449 3038 2522 tanquam
3064 2444 3145 2504 ob
3166 2443 3362 2503 finem
3384 2443 3695 2523 proximum

2168 2545 2229 2598 et
2254 2539 2709 2598 immediatum.
2750 2536 3073 2598 Conclusio
3099 2543 3195 2598 est
3230 2545 3445 2599 contra
3472 2538 3694 2616 aliquos,

2167 2631 2275 2709 qui
2298 2631 2595 2692 dixerunt
2621 2631 2803 2692 licere
2832 2631 3083 2709 quidem
3122 2649 3199 2690 ex
3227 2631 3697 2711 promissionibus

2166 2723 2265 2782 vel
2294 2723 2477 2784 minis
2520 2725 2629 2785 Dei
2670 2725 2925 2784 excitari
2962 2723 3041 2785 ad
3082 2725 3494 2803 operandum,
3534 2725 3610 2782 ita
3642 2731 3699 2783 ut

2166 2816 2321 2876 illud
2358 2816 2555 2876 solum
2606 2819 2687 2878 sit
2734 2817 2929 2878 veluti
2968 2818 3258 2897 quaedam
3302 2817 3603 2896 dispositio
3637 2835 3695 2876 ex

2167 2916 2341 2987 parte
2396 2908 2692 2988 stibJecti3
2748 2916 2959 2972 tamen
3010 2911 3319 2990 respicere
3386 2909 3695 2970 mercedem

2169 3007 2467 3081 tanquam
2508 3002 2721 3077 finem,
2754 3003 2973 3063 dicunt
3012 3021 3143 3064 esse
3186 3004 3447 3080 malum.
3478 3001 3699 3064 Conclu-

2170 3095 2259 3153 sio
2278 3105 2487 3155 tamen
2514 3097 2709 3174 posita
2750 3111 2845 3156 est
2874 3097 3227 3156 communis
3252 3095 3695 3173 Theologorum,

2168 3186 2233 3245 in
2260 3189 2316 3260 3,
2351 3187 2493 3248 dist.
2530 3191 2632 3264 29,
2669 3189 2775 3250 ubi
2800 3189 3145 3263 Diu-andus,
3176 3195 3405 3268 quoest.
3436 3191 3507 3262 33
3536 3190 3701 3249 Bona-

2167 3287 2453 3357 ventura,
2476 3283 2617 3343 dist.
2645 3287 2760 3359 ΥΠ
2791 3283 3118 3358 AdrianuS,
3144 3283 3497 3356 Quodlibet.
3518 3285 3577 3358 4,
3594 3284 3629 3342 8
3650 3285 3703 3340 et
3819 3335 3820 3370 ἶ

2165 3376 2226 3450 9,
2252 3379 2313 3435 et
2334 3375 2547 3436 favent
2570 3377 2785 3437 eadem
2811 3377 3165 3437 testimonia
3190 3393 3385 3437 sacrae
3408 3377 3699 3455 Scripturas
3819 3383 3820 3388 ’

2165 3473 2228 3527 et
2274 3469 2549 3544 Patrum,
2602 3475 2667 3530 et
2717 3470 2986 3530 maxime
3032 3487 3173 3548 quae
3228 3471 3297 3529 iu
3340 3470 3602 3530 doctrina
3638 3467 3699 3526 dc

2164 3562 2477 3622 attritione
2506 3562 2711 3623 afferri
2750 3563 2949 3624 solent
2980 3565 3031 3623 2.
3074 3564 3259 3624 Ratio
3288 3569 3403 3637 est,
3442 3564 3579 3642 quia
3608 3562 3697 3624 ille

2164 3653 2307 3714 finis
2331 3659 2423 3714 est
2454 3654 2651 3714 bonus
2662 3671 2682 3732 3
2714 3673 2864 3732 ergo
2892 3655 3135 3716 additus
3162 3659 3337 3718 actui
3388 3675 3507 3717 non
3554 3673 3699 3715 com-

2168 3747 2510 3807 municabit
2537 3747 2628 3807 illi
2663 3747 3005 3826 malitiam3
3056 3765 3198 3828 quae
3250 3750 3413 3810 ratio
3438 3748 3695 3828 procedit,

2163 3841 2291 3900 sive
2314 3840 2457 3901 finis
2484 3841 2565 3900 sit
2592 3843 2931 3920 proximus,
2976 3843 3105 3902 sive
3146 3849 3447 3916 remotus,
3476 3841 3595 3902 sive
3616 3841 3695 3898 in-

2161 3937 2357 4009 teger,
2396 3936 2523 3994 sive
2543 3933 2842 4013 partialis,
2866 3943 2927 3995 et
2954 3936 3228 3996 maxime
3254 3935 3473 4014 probat
3498 3934 3565 3994 de
3590 3932 3695 3992 fine

2153 4025 2553 4087 beatitudinis
2565 4033 2629 4088 et
2642 4027 3065 4090 retributionis
3078 4033 3334 4089 aeternae
3348 4049 3367 4102 3
3386 4042 3525 4088 nam
3540 4043 3695 4103 opera

2157 4126 2367 4180 nostra
2390 4121 2567 4198 quasi
2593 4127 2813 4180 natura
2850 4139 2963 4182 sua
2994 4127 3141 4181 sunt
3170 4121 3383 4182 media
3416 4120 3491 4181 ad
3528 4118 3683 4179 talem

2159 4211 2387 4288 finem3
2432 4229 2580 4289 ergo
2632 4213 2811 4273 illum
2870 4213 3192 4274 intendere
3236 4233 3349 4294 per
3382 4213 3511 4273 haec
3539 4227 3691 4290 opera

2157 4323 2285 4366 non
2340 4311 2431 4365 est
2480 4305 2740 4366 malum.
2794 4307 3069 4366 Tandem
3106 4305 3217 4366 illa
3270 4305 3572 4368 beatitudo
3618 4306 3691 4362 est

2158 4397 2309 4476 quid
2344 4397 2749 4459 excellentius
2777 4399 3004 4459 nostris
3046 4400 3378 4479 operibus;
3410 4416 3547 4477 ergo
3590 4412 3693 4455 me·

2159 4489 2279 4550 rito
2305 4496 2504 4568 potest
2531 4509 2641 4570 per
2666 4491 2801 4552 haec
2830 4492 3098 4553 intendi.
3142 4493 3266 4554 Sed
3314 4499 3538 4565 contra,
3570 4503 3691 4548 nam

2169 4583 2384 4644 saltem
2409 4601 2619 4646 amare
2637 4586 2833 4646 Deum
2856 4603 3039 4664 super
3058 4587 3231 4646 omni
3238 4607 3275 4646 a
3294 4595 3536 4665 propter
3550 4583 3689 4642 hunc

2168 4676 2359 4737 finem
2394 4677 2637 4738 videtur
2660 4678 3107 4755 inordinatum,
3138 4680 3289 4758 quia
3328 4687 3415 4739 est
3444 4677 3691 4738 ordinare

2169 4768 2443 4830 nobilius
2474 4771 2553 4831 ad
2606 4771 2964 4850 ignobilius,
3006 4779 3197 4852 atque
3246 4772 3403 4832 adeo
3434 4769 3689 4850 quodam-

2170 4863 2354 4922 modo
2378 4864 2474 4929 uti
2504 4865 2647 4924 Deo.
2682 4865 3109 4945 Respondetur
3140 4883 3217 4924 ex
3262 4865 3333 4924 D.
3360 4863 3601 4935 Thoma,
3636 4859 3687 4916 in

2173 4956 2234 5029 3,
2260 4955 2401 5016 dist.
2438 4958 2536 5030 29,
2570 4959 2741 5016 artic..
2774 4960 2839 5032 4,
2868 4959 2949 5017 ad
2976 4961 3040 5030 2,
3072 4959 3141 5018 in
3182 4963 3325 5017 actu
3358 4955 3571 5017 amoris
3604 4950 3691 5010 Dei

2172 5047 2297 5108 duo
2318 5065 2493 5126 posse
2518 5049 2837 5128 distingui.
2870 5051 3071 5111 Unum
3098 5055 3189 5110 est
3210 5049 3535 5128 obiectum,
3548 5041 3689 5124 quod

2174 5147 2265 5201 est
2305 5143 2495 5220 Deus;
2544 5151 2607 5204 et
2653 5143 2772 5204 hoc
2818 5144 2889 5203 si·
2922 5149 3168 5205 amatur
3214 5144 3527 5216 charitate,
3582 5155 3691 5197 non

2262 5329 2277 5364 ²
2325 5327 2457 5390 Lib.
2493 5330 2571 5390 12
2595 5327 2673 5388 de
2699 5328 2895 5402 Grat.,
2920 5346 2977 5388 c.
3012 5329 3111 5403 12,
3144 5326 3289 5388 late.

2254 5421 2281 5458 ²
2321 5421 2581 5482 Consule
2644 5425 2999 5497 auctorem,
3054 5419 3209 5501 disp.
3263 5421 3303 5481 5
3348 5417 3422 5479 dc
3470 5414 3689 5485 Poenit„

2174 5521 2321 5575 sect.
2350 5518 2415 5576 2.
