3900 6217
790 346 960 402 sssc'r.
997 348 1059 401 1¹.
1094 349 1180 402 AN
1211 350 1574 404 HAERETICUS
1605 351 1742 404 ipso
1773 347 1975 404 FACTO
2007 347 2289 404 ΑΜΙΤΤΑΤ
2326 351 2434 404 Jus
2467 348 2846 406 PosslnENm.
2883 348 3017 404 mc,

291 443 474 506 semel
501 444 722 522 malus,
760 464 989 527 semper
1019 449 1418 526 proesmniwr
1445 449 1668 524 malus,
1700 448 1865 531 quod

289 535 641 614 specialiter
681 539 758 600 de
795 539 1081 600 haeretico
1122 540 1280 602 dixit
1309 542 1538 618 Felin.‚
1572 543 1640 602 in
1677 543 1858 622 capit.

291 626 606 703 Scribam,
639 630 716 690 de
742 632 1249 711 Praesumptione,
1275 651 1535 696 numero
1565 635 1772 708 tertio,
1797 633 1862 695 in

290 717 444 795 fine,
479 723 606 782 nisi
651 725 1050 803 contrarium,
1083 727 1309 805 inquit,
1333 725 1640 809 probetur.
1691 727 1862 800 Quod

291 819 460 873 certe
489 813 565 875 de
589 814 877 878 haeretico
907 819 1072 896 apud
1097 819 1429 880 Ecclesiam
1460 817 1706 900 probari
1737 838 1863 881 non

290 911 531 984 potest,
596 907 742 987 quia
764 955 785 985 ,
847 911 990 970 licet
1043 911 1266 991 aliquis
1320 919 1493 974 actus
1549 915 1864 976 exterioris

289 1000 712 1060 conversionis
747 1000 998 1080 probari
1038 1006 1253 1082 possit,
1289 1024 1416 1066 non
1448 1011 1660 1068 tamen
1699 1007 1862 1087 quod

289 1108 370 1152 ex
415 1093 600 1155 corde
647 1094 837 1156 fuerit
878 1096 1076 1157 faetus
1095 1114 1116 1175 3
1154 1098 1281 1159 imo
1329 1106 1528 1179 potest
1577 1101 1863 1180 praesumi

290 1187 462 1264 quod
491 1185 602 1246 flat
640 1187 716 1249 ad
749 1189 1066 1250 vitandam
1108 1209 1354 1270 poenam
1395 1193 1861 1255 confiscationis

289 1277 370 1337 Et
409 1279 547 1341 idco
577 1287 842 1360 oportet,
883 1288 955 1343 ut
991 1283 1133 1345 talis
1161 1287 1478 1347 conversio
1507 1285 1615 1348 fiat
1641 1289 1707 1349 in
1732 1292 1865 1366 foro

287 1371 610 1450 Ecclesiae,
643 1380 706 1436 et
740 1377 924 1436 modo
953 1396 1063 1456 per
1089 1377 1260 1439 illam
1304 1381 1679 1461 praescriptO.
1717 1382 1864 1442 Dico

291 1472 505 1526 antem
526 1467 595 1528 in
609 1472 740 1546 foro
760 1469 1057 1532 Ecclesiae
1072 1487 1093 1548 3
1125 1471 1274 1552 quia
1300 1474 1366 1533 in
1393 1472 1524 1534 foro
1553 1473 1861 1534 conscien-

289 1557 409 1652 tize
433 1567 632 1638 posset
667 1560 946 1639 fortasse,
978 1565 1085 1644 qui
1125 1581 1201 1626 ex
1239 1565 1421 1627 corde
1457 1567 1855 1642 convertitur,

292 1652 670 1715 consormari
723 1663 960 1736 quartae
1005 1657 1304 1736 opinioni,
1337 1677 1474 1738 31113
1527 1659 1861 1738 probabilis

293 1749 410 1806 est.
457 1747 534 1806 Et
573 1766 682 1826 per
715 1747 852 1809 haec
877 1749 1264 1810 satisfactum
1309 1758 1402 1812 est
1442 1751 1862 1813 fundamentis

289 1837 559 1900 aliarum
580 1841 966 1921 opinionum.
991 1842 1204 1904 Solum
1229 1846 1393 1905 circa
1412 1843 1518 1904 illa
1531 1847 1698 1923 jura,
1724 1865 1862 1926 quae

290 1933 566 1993 secunda
580 1933 790 2012 opinio
805 1934 1122 2012 affert-bat,
1141 1937 1298 2016 quod
1311 1937 1626 2002 haereticus
1646 1941 1863 2002 testari

289 2043 411 2086 non
438 2032 662 2108 potest,
692 2027 1140 2088 advertendum
1175 2037 1266 2092 est
1295 2030 1698 2110 intelligenda
1730 2051 1861 2094 esse

287 2119 396 2181 vel
415 2119 496 2182 de
511 2119 689 2182 bonis
712 2122 1082 2195 confiscatiS,
1106 2133 1179 2182 ut
1204 2143 1388 2205 supra
1407 2124 1556 2186 dicit
1571 2126 1859 2202 Guttier.,

287 2211 336 2274 1.
371 2215 447 2278 Is
471 2215 594 2290 cui,
617 2213 681 2276 ff.
716 2214 792 2278 de
823 2217 1122 2290 Testem„
1147 2217 1244 2278 vel
1272 2225 1434 2280 certe
1463 2219 1864 2299 intelligenda

291 2326 426 2368 esse
471 2309 548 2370 de
587 2309 878 2370 haeretieo
923 2309 1202 2372 Ecclesiae
1253 2330 1380 2373 non
1435 2315 1857 2389 reconciliato,

292 2418 445 2461 nam
478 2401 907 2464 reconciliatus
938 2403 1066 2481 jam
1109 2403 1282 2465 nullo
1315 2405 1498 2466 modo
1539 2406 1864 2468 haereticus

295 2499 411 2554 est.

382 2589 481 2650 16.
509 2589 810 2654 Hoeretici
831 2591 980 2655 bona
999 2593 1098 2654 oui
1117 2595 1263 2672 fisco
1283 2593 1514 2669 cedant,
1544 2593 1866 2658 Ecclesia*-

289 2701 406 2756 πο,
455 2701 536 2747 cm
582 2687 745 2765 regis
779 2686 810 2745 ἓ
843 2717 922 2728 -—
963 2684 1196 2746 Ultimo
1248 2687 1615 2766 interrogari
1675 2694 1869 2766 potest

297 2775 404 2836 eui
450 2775 598 2838 fisco
625 2777 992 2857 applicanda
1027 2777 1152 2838 sint
1179 2778 1286 2840 illa
1321 2777 1486 2840 bona
1500 2797 1521 2858 3
1553 2799 1699 2842 nam
1729 2801 1862 2863 cap.

301 2867 454 2932 Cum
490 2871 814 2934 secundum
843 2871 995 2953 leyes
1047 2871 1402 2933 indistincte
1469 2873 1762 2954 loquitur,
1806 2881 1868 2935 et

291 2961 508 3042 potius
545 2961 850 3042 signifieat
889 2963 1034 3026 fisco
1071 2963 1350 3026 saeculari
1381 2965 1768 3046 applicanda,
1797 2973 1868 3026 nt

293 3059 476 3115 notat
511 3054 744 3132 Glossa,
772 3057 839 3117 in
863 3055 1163 3120 Clement.
1197 3061 1260 3135 2,
1296 3057 1372 3120 de
1403 3061 1658 3136 Haeret„
1687 3059 1860 3120 verb.

297 3147 615 3212 Ecclesioe.
649 3141 728 3210 At
754 3149 821 3210 in
851 3151 1037 3230 capit.
1070 3149 1706 3228 Excommunicamus‚
1736 3153 1866 3232 pri-

291 3259 422 3310 mo,
453 3259 700 3322 paragr.
733 3243 1052 3317 Damnati,
1083 3248 1146 3304 et
1187 3245 1369 3324 capit.
1420 3245 1758 3327 Ver-pentir,
1784 3247 1861 3306 de

271 3335 551 3409 Haeret„
590 3333 754 3396 bona
804 3335 1167 3397 clericorum
1218 3337 1612 3417 applicantur
1657 3339 1858 3400 Eccle-

291 3427 423 3502 siae,
458 3425 759 3489 laicorum
801 3435 1011 3490 autem
1039 3428 1186 3490 fisco
1213 3429 1408 3508 regio.
1448 3433 1682 3492 Tamen
1725 3451 1860 3512 pos-

293 3527 400 3581 tea
427 3520 566 3585 aliae
603 3523 1070 3584 distributiones
1099 3541 1210 3603 per
1238 3525 1440 3585 varias
1466 3524 1672 3586 Bullas
1711 3544 1861 3605 pou-

293 3613 521 3676 tificias
548 3615 722 3677 iactae
769 3621 934 3688 sunt,
981 3623 1044 3679 et
1096 3618 1162 3676 in
1221 3616 1477 3679 diversis
1533 3619 1861 3698 provinciis

293 3709 483 3770 varioe
511 3719 658 3770 sunt
697 3709 1213 3786 3035331111111135,
1249 3729 1387 3790 quae
1433 3711 1597 3773 licite
1635 3713 1865 3773 servari

299 3807 600 3882 possunt,
631 3809 704 3862 nt
731 3801 934 3864 videri
963 3808 1165 3882 potest
1217 3803 1286 3864 111
1333 3804 1606 3880 Covarr.,
1638 3803 1798 3866 libro
1827 3808 1866 3866 2

294 3895 571 3971 variar„
602 3896 800 3976 capite
837 3913 1028 3971 non0‚
1059 3914 1321 3958 numero
1358 3898 1436 3957 12
1473 3903 1535 3958 et
1567 3901 1678 3975 143
1711 3899 1867 3961 Ρ311-

295 4007 417 4065 113,
451 3991 490 4050 3
533 3996 694 4068 part.
743 3989 1098 4066 Directorii,
1148 3996 1552 4052 commentar.
1586 3993 1662 4052 15
1675 4009 1698 4069 3
1740 3992 1864 4053 Jul.

297 4082 490 4158 Clar.,
521 4083 682 4144 libro
708 4083 950 4164 quinto,
978 4083 1166 4145 verbo
1203 4085 1506 4159 Hoeresis,
1537 4104 1713 4146 num.
1752 4089 1864 4165 123

298 4175 537 4250 Farin.,
568 4175 646 4236 de
681 4175 946 4248 Haeresi‚
979 4183 1200 4255 quaest.
1231 4179 1350 4240 190
1381 4223 1398 4252 ,
1427 4197 1466 4239 3
1516 4196 1690 4238 num.
1724 4181 1861 4254 154,

297 4287 496 4350 usque
525 4269 603 4331 ad
637 4271 775 4344 492,
807 4275 868 4330 et
896 4270 1058 4346 aliis,
1099 4289 1254 4350 quos
1282 4271 1400 4351 ipsi
1429 4271 1719 4360 allegant.

919 4515 1136 4567 Sssc‘rto
1170 4517 1230 4568 ΙΙ.

313 4697 539 4761 Utrum
581 4699 899 4763 hoereticus
936 4701 1068 4780 ipso
1097 4703 1265 4775 sacto
1308 4700 1555 4763 amittat
1587 4701 1702 4781 jus
1733 4719 1872 4782 pos-

383 4791 620 4854 sidendi
675 4793 827 4854 bona
871 4809 1010 4863 sua,
1051 4792 1295 4873 ideoque
1335 4799 1474 4856 ante
1520 4795 1873 4857 sententiam

381 4891 656 4948 teneatur
685 4888 758 4947 in
799 4887 1166 4948 conscientia
1207 4887 1326 4950 illa
1361 4888 1509 4964 fisco
1555 4887 1814 4952 tradere.

383 5115 412 5170 1
429 5155 443 5170 .
489 5108 712 5172 Prima
753 5109 952 5192 opinio
993 5111 1332 5192 affirmans.
1355 5143 1434 5156 —
1456 5110 1744 5173 Prc’mum
1774 5129 1874 5173 ar-

299 5205 676 5284 qumentum.
705 5234 786 5248 —
807 5201 1172 5266 Secundum.
1205 5237 1284 5247 —
1301 5201 1593 5267 Tertium.
1620 5237 1700 5250 --
1722 5205 1876 5284 Sup-

301 5293 598 5380 ponimus
645 5314 774 5356 non
820 5313 991 5374 posse
1049 5295 1264 5356 fiscum
1307 5303 1450 5356 ante
1505 5299 1875 5359 sententiam

299 5391 547 5452 auferre
571 5387 739 5451 bona
771 5388 850 5452 ab
890 5391 1220 5464 haeretic03
1254 5389 1342 5450 ita
1387 5391 1556 5450 enim
1591 5409 1875 5471 expresse

299 5483 670 5567 prohibetur
709 5482 776 5544 in
803 5482 968 5544 dicto
1014 5481 1198 5563 capit.
1238 5483 1388 5546 Cum
1429 5485 1748 5548 secundum
1795 5483 1876 5548 le-

626 5606 735 5652 ΧΠ.

3392 345 3501 410 561

1942 468 2087 532 aer,-
2115 456 2177 511 et
2224 449 2363 511 ideo
2405 447 2607 510 solum
2654 455 2955 512 tractatur
2988 449 3243 529 quaestio
3262 495 3281 524 ,
3322 469 3404 511 an
3434 469 3510 512 ex

1942 549 2117 622 parte
2146 543 2562 622 delinquentis
2591 543 2671 602 sit
2709 541 3001 622 obligatio
3031 543 3096 604 in
3140 544 3513 605 conscientia

1943 632 2050 694 illa
2087 634 2249 694 bona
2289 634 2653 696 restituendi
2686 635 2850 710 fisco,
2885 635 3168 714 quamvis
3206 653 3316 715 per
3344 653 3512 698 eoac-

1941 727 2177 787 tionem
2218 747 2341 788 non
2388 729 2623 808 possint
2652 728 2732 788 ab
2773 729 2879 789 illo
2920 729 3118 807 eripi3
3166 728 3297 790 haee
3342 731 3509 790 enim

1943 820 2069 880 duo
2117 819 2403 881 distincta
2433 830 2603 895 sunt,
2630 829 2690 881 et
2731 821 3090 901 frequenter
3120 829 3507 900 separantur.

1945 911 2122 973 Unde
2150 915 2353 993 prima
2397 913 2610 993 opinio
2634 913 2903 974 affirmat
2924 913 3125 974 teneri
3148 913 3509 975 hoereticum

1945 1011 2299 1078 externum,
2344 1007 2743 1086 quantumvis
2798 1025 2913 1087 per
2978 1006 3261 1066 accidens
3316 1007 3511 1067 occul-

1945 1105 2107 1174 tum,
2134 1100 2341 1159 statim
2371 1117 2436 1160 se
2481 1099 2767 1159 abdicare
2796 1098 2995 1174 bonis,
3022 1107 3085 1160 et
3121 1099 3230 1160 illa
3268 1100 3511 1160 tradere

1943 1190 2110 1253 fisco.
2145 1193 2235 1252 Ita
2278 1193 2469 1252 sensit
2520 1190 2971 1266 Panormitan.‚
3006 1191 3073 1251 in
3102 1211 3235 1270 cap.
3282 1192 3508 1271 primo,

1945 1283 2023 1345 de
2049 1285 2403 1357 Constitut.‚
2432 1301 2675 1345 numer.
2712 1287 2811 1358 11,
2846 1290 2907 1345 31
2937 1282 3025 1345 ibi
3066 1284 3289 1356 Felin.‚
3330 1303 3505 1346 num.

1944 1379 2048 1450 43,
2086 1396 2239 1457 quos
2286 1379 2564 1456 sequitur
2590 1379 2819 1438 Anton.
2860 1377 3107 1452 Gomez,
3136 1377 3291 1438 libro
3322 1379 3359 1438 3
3382 1379 3509 1438 Va-

1943 1471 2119 1546 riar.,
2146 1489 2277 1550 cap.
2312 1474 2373 1546 2,
2406 1489 2581 1532 num.
2616 1474 2676 1545 5,
2714 1477 2776 1532 et
2798 1471 2921 1533 late
2967 1471 3241 1532 defendit
3267 1477 3510 1533 senten-

1943 1563 2099 1624 tiam
2128 1563 2290 1624 hanc
2321 1565 2537 1639 Gastr„
2566 1564 2727 1626 libro
2750 1567 2789 1626 2
2818 1565 2895 1626 de
2919 1565 3065 1644 Leg.
3095 1563 3347 1645 poenal..
3371 1583 3505 1643 cap.

1942 1657 1983 1716 8
2004 1661 2067 1716 et
2089 1658 2164 1732 93
2196 1656 2356 1717 libro
2384 1658 2424 1718 Ξ
2461 1658 2537 1718 de
2564 1658 2597 1718 J
2604 1664 2741 1718 usta
2764 1657 2978 1718 haeret.
3012 1657 3317 1737 punition.
3325 1700 3345 1731 ‚
3373 1674 3505 1734 cap.

1941 1752 2001 1812 6.
2034 1748 2533 1810 Fundamentum
2565 1752 2837 1830 primum
2860 1767 2931 1810 ac
2960 1752 3347 1829 praecipuum
3372 1751 3510 1829 ejus

1941 1851 2033 1904 est
2056 1888 2076 1919 ‚
2108 1844 2256 1923 31113
2286 1843 2616 1905 hoereticus
2652 1845 2785 1924 ipso
2826 1844 2991 1905 facto
3038 1843 3270 1904 amittit
3314 1843 3510 1904 domi-

1941 1937 2123 1997 nium
2166 1955 2376 1997 rerum
2408 1955 2660 1998 suarum
2679 1953 2699 2014 3
2733 1955 2880 2014 ergo
2906 1937 3138 1998 amittit
3174 1936 3277 2013 jus
3321 1937 3509 2016 possi·

1943 2031 2133 2091 dendi
2160 2028 2342 2104 111353
2378 2049 2527 2108 ergo
2567 2036 2815 2092 tenetur
2845 2031 3054 2090 statim
3089 2029 3226 2088 illas
3266 2029 3511 2090 tradere

1941 2141 2089 2183 vero
2136 2123 2411 2198 domin0,
2450 2123 2511 2184 id
2544 2131 2659 2200 est,
2700 2122 2846 2184 fisco
2868 2169 2886 2199 ,
2928 2123 2995 2182 in
3034 2139 3220 2202 quem
3260 2120 3511 2182 illarum

1941 2235 2152 2277 rerum
2192 2215 2540 2277 dominium
2570 2236 2644 2277 ex
2690 2217 2754 2276 vi
2802 2216 2955 2295 legis
2994 2213 3363 2275 translatum
3392 2222 3502 2276 est.

1941 2310 2330 2372 Antecedens
2364 2311 2732 2390 supponitur
2768 2329 2843 2371 ex
2885 2309 3049 2370 dicto
3078 2329 3212 2389 cap.
3248 2307 3394 2372 Cum
3424 2327 3513 2372 se-

1946 2405 2206 2468 cundum
2251 2405 2430 2485 leym,
2468 2410 2529 2465 et
2558 2422 2635 2464 ex
2664 2402 2800 2463 aliis
2826 2402 3067 2482 legibus
3096 2402 3377 2464 civilibus
3398 2404 3515 2463 im-

1944 2497 2323 2578 ponentibus
2352 2515 2597 2578 poenam
2640 2495 3124 2572 confiscationis3
3156 2515 3301 2556 nam
3340 2496 3511 2558 illam

1947 2591 2262 2670 explicant
2290 2609 2399 2669 per
2426 2589 2802 2651 ablationem
2824 2589 3118 2651 dominii.
3140 2588 3343 2649 Prima
3368 2608 3514 2649 vero

1949 2683 2390 2763 consequentia
2414 2681 2660 2743 videtur
2686 2682 2877 2758 clara,
2905 2685 3052 2761 quia
3074 2683 3175 2760 jus
3202 2681 3514 2761 possiden-

1946 2778 2011 2839 di
2066 2795 2141 2838 ex
2192 2776 2468 2836 dominio
2510 2775 2709 2836 oritur
2738 2822 2755 2849 ,
2800 2774 2899 2836 vel
2949 2777 3157 2854 potius
3199 2779 3290 2835 est
3337 2775 3515 2854 quasi

1945 2888 2088 2950 pars
2117 2869 2307 2949 ipsius
2350 2867 2636 2930 dominii.
2670 2868 2850 2930 Unde
2879 2867 3059 2929 facile
3088 2865 3387 2947 probatur
3425 2885 3518 2927 se-

1946 2962 2150 3024 cunda
2200 2961 2659 3041 consequentia,
2692 2961 2840 3042 31113
2884 2979 3068 3022 113310
3119 2966 3319 3038 potest
3368 2959 3514 3019 alie-

1945 3073 2093 3118 nam
2132 3073 2267 3118 rem
2292 3055 2455 3134 juste
2504 3055 2811 3136 possidere
2840 3055 2974 3116 sine
3016 3053 3252 3114 domini
3289 3052 3506 3113 volun-

1945 3154 2095 3211 tate.
2139 3149 2421 3211 Secundo
2460 3154 2956 3228 argumentatur,
2997 3147 3143 3228 quia
3190 3152 3512 3226 peccatum

1945 3242 2201 3303 haeresis
2226 3243 2489 3320 dignum
2508 3249 2599 3303 est
2626 3243 2744 3303 hac
2772 3259 2979 3322 poe-na,
3012 3259 3115 3301 sen
3138 3240 3513 3322 privatione,

1940 3345 2003 3398 et
2063 3335 2163 3396 lex
2215 3337 2420 3415 potuit
2476 3335 2649 3397 illam
2692 3336 3013 3415 imponere
3073 3335 3239 3394 dicto
3288 3332 3512 3407 modo,

1941 3431 2089 3510 qnia
2136 3430 2307 3490 nulla
2355 3430 2768 3511 repugnantia
2816 3427 2913 3488 vel
2970 3428 3279 3502 iniustitia
3327 3429 3395 3487 in
3442 3445 3515 3487 co

1941 3521 2280 3584 involvitur
2300 3545 2318 3598 3
2368 3541 2517 3601 ergo
2558 3523 2635 3583 de
2670 3521 2833 3582 facto
2879 3522 2969 3581 ita
3001 3520 3295 3599 imposuit
3324 3526 3386 3580 ct
3429 3521 3515 3579 ita

1946 3615 2202 3694 obligat.
2240 3615 2543 3676 Probatur
2591 3613 3031 3693 consequentia
3062 3659 3083 3688 ,
3138 3613 3283 3692 quia
3329 3611 3517 3672 verba

1945 3708 2100 3788 legis
2127 3710 2459 3770 ostendunt
2488 3716 2763 3770 mentem
2806 3709 2941 3786 ejus
2965 3725 3093 3768 esse
3122 3705 3363 3786 privare
3390 3705 3517 3765 1131-

1946 3803 2205 3864 reticum
2234 3804 2361 3864 suis
2400 3803 2601 3878 bonis,
2635 3808 2940 3882 quantum
2970 3805 3190 3882 potest.
3222 3797 3397 3859 Unde
3420 3817 3515 3860 ar-

1951 3900 2357 3973 gumentatur
2402 3896 2608 3969 tertio,
2643 3895 2789 3975 quia
2820 3894 2972 3956 alias
3000 3891 3307 3972 superflue
3337 3891 3519 3952 adde-

1948 3995 2121 4050 retur
2147 3991 2212 4050 in
2247 3991 2383 4070 lege
2412 3991 2519 4050 1113
2544 3989 2844 4070 particula
2875 3989 3006 4068 ipso
3032 3988 3203 4068 Jure,
3234 4005 3339 4048 seu
3382 3987 3515 4067 ipso

1945 4090 2132 4164 facco,
2165 4084 2216 4144 si
2256 4083 2634 4164 expectanda
2666 4087 2823 4143 esset
2864 4083 3210 4157 sententia,
3258 4086 3327 4139 ut
3374 4099 3517 4140 reus

1948 4197 2061 4238 sua
2077 4176 2240 4237 bona
2254 4176 2495 4238 tradere
2525 4181 2869 4250 teneretur,
2899 4176 3047 4256 quia
3074 4175 3152 4235 ad
3175 4175 3291 4235 1103
3316 4176 3517 4254 ipsum

1947 4269 2332 4348 obligaretur
2358 4276 2494 4350 post
2534 4269 2932 4344 sententiam,
2966 4267 3207 4329 etiamsi
3235 4267 3338 4328 lex
3381 4285 3517 4328 ver-

1945 4361 2027 4424 ba
2076 4363 2185 4424 illa
2212 4382 2339 4424 non
2368 4363 2719 4424 addidisset.

2025 4460 2087 4518 2.
2154 4455 2437 4520 Secunda
2502 4457 2703 4538 opinio
2759 4460 3086 4537 affirmans
3158 4459 3227 4520 de
3279 4457 3516 4520 lacereti-

1950 4568 2016 4612 σο
2054 4555 2213 4624 noto,
2256 4557 2311 4612 et
2356 4567 2581 4632 nepam
2617 4551 2686 4612 de
2733 4549 2978 4614 occulto.
3013 4582 3094 4595 -
3134 4549 3302 4629 Ejus
3342 4550 3517 4610 moti-

1949 4663 2113 4708 vum.
2144 4677 2227 4690 —
2254 4641 2689 4720 Confirmacur.
2710 4677 2785 4690 —
2827 4642 3107 4704 Secunda
3138 4643 3349 4720 opinio
3396 4641 3513 4702 dis·

1951 4737 2185 4816 tinguit
2211 4737 2375 4798 inter
2416 4736 2705 4797 haeresim
2740 4735 3074 4816 publicam,
3100 4741 3161 4796 et
3188 4735 3517 4809 occultam,

1956 4831 2143 4891 etiam
2188 4847 2298 4910 per
2325 4829 2629 4907 3331113115,
2664 4835 2727 4890 et
2769 4829 2845 4890 de
2890 4830 3010 4891 hac
3052 4829 3369 4908 posteriori
3411 4846 3518 4888 ne·

1951 4929 2062 5004 gat
2109 4923 2309 4984 teneri
2356 4923 2718 4984 haereticum
2754 4923 2841 4983 sic
2879 4922 3189 4983 occultum
3233 4921 3413 4981 bonis
3453 4939 3517 4981 se

1954 5015 2287 5097 expoliare,
2333 5023 2397 5077 et
2423 5015 2570 5078 fisco
2599 5015 2866 5091 tradere,
2900 5014 3153 5076 fortasse
3182 5031 3257 5076 ex
3285 5013 3392 5074 illa
3420 5033 3517 5075 re—

1954 5109 2104 5190 gula
2148 5115 2393 5190 sumpta
2438 5128 2508 5171 ex
2560 5109 3016 5188 Chrysostomo,
3069 5107 3285 5168 homil.
3322 5107 3387 5168 31
3447 5105 3525 5167 ad

1961 5202 2187 5264 Heba:
2220 5203 2366 5268 Non
2403 5203 2531 5265 dico
2574 5203 2707 5276 tibi,
2732 5209 2801 5264 ut
2842 5205 2897 5263 te
2921 5202 3151 5282 prodas
3175 5223 3200 5272 ,·
3233 5218 3377 5260 nam
3422 5197 3524 5259 ille

1954 5295 2285 5358 haereticus
2332 5299 2417 5357 sic
2447 5293 2745 5370 0331111115,
2779 5294 3075 5355 tradendo
3108 5293 3273 5355 bona
3298 5309 3430 5368 sua,
3460 5311 3525 5354 se

1954 5389 2266 5468 proderet.
2299 5390 2379 5450 At
2404 5406 2551 5451 vero
2585 5387 2831 5467 quando
2866 5387 3158 5448 delictum
3193 5392 3285 5448 est
3302 5391 3520 5446 notum

1958 5489 2021 5542 et
2071 5481 2412 5564 publicum,
2459 5479 2727 5542 affirmat
2771 5481 2905 5541 haec
2933 5480 3141 5561 opinio
3170 5478 3365 5540 teneri
3398 5478 3523 5541 1113-

3160 5591 3239 5650 313
