3900 6217
551 480 621 543 in
646 478 775 545 fide
810 496 1147 559 possumus
1174 478 1557 561 distinguere
1592 500 1607 541 ε
1640 480 1879 560 primus
1904 486 2000 543 est
2019 482 2120 559 ju-

552 572 785 637 dicium
804 574 1147 652 practicum
1174 574 1555 639 antecedens
1578 573 1962 636 voluntatem
1988 590 2120 635 cre-

552 665 765 739 dendi,
814 683 939 745 qua
966 667 1193 747 aliquis
1232 668 1475 746 judicat
1504 666 1891 729 credendum
1931 682 2110 740 esse;

550 759 867 823 secundus
892 767 988 823 est
1013 762 1301 823 voluntas
1329 762 1465 841 ipsa
1496 760 1795 823 credendi
1822 779 1839 834 ς
1867 760 2112 834 tertius,

546 854 841 935 proprius
880 872 1175 918 assensus
1204 854 1432 936 objecti
1472 854 1779 934 propositi
1804 898 1821 926 ‚
1872 854 1938 915 in
1990 871 2115 931 quo

546 948 889 1011 formaliter
919 949 1055 1028 ipsa
1082 948 1241 1011 fides
1268 950 1572 1022 consistit,
1598 954 1663 1010 et
1686 954 1984 1028 respectu
2013 967 2117 1011 cu-

542 1044 652 1122 jus
670 1041 935 1105 formale
972 1042 1287 1119 objectum
1318 1042 1733 1123 assignamus,
1784 1043 1875 1103 De
1913 1041 2116 1120 primo

546 1141 691 1200 actu
727 1134 1003 1198 fatentur
1024 1134 1089 1195 hi
1112 1136 1411 1199 Doctores
1446 1154 1631 1215 posse
1662 1153 1799 1198 esse
1832 1133 2118 1213 ejusdem

544 1228 805 1291 rationis
868 1227 935 1291 in
986 1247 1138 1291 casu
1185 1228 1527 1308 proposito,
1593 1228 1846 1307 quando
1886 1226 2116 1307 aliquis

546 1320 988 1383 invincibiliter
1032 1320 1371 1399 decipitur;
1419 1321 1589 1401 quia,
1636 1341 1765 1383 non
1821 1322 2112 1383 obstante

546 1413 651 1479 illa
678 1413 1069 1493 deceptione,
1098 1414 1405 1495 judicium
1440 1413 1593 1475 illud
1632 1414 1695 1477 in
1728 1432 1840 1478 suo
1891 1413 2112 1475 ordine

544 1524 769 1573 verum
802 1513 917 1580 est,
964 1507 1179 1587 utique
1211 1506 1505 1587 practice.
1553 1508 1630 1569 Et
1676 1506 1889 1588 quoad
1941 1507 2113 1569 hunc

544 1604 777 1675 actum,
826 1600 1162 1664 admittunt
1214 1600 1573 1679 exemplum
1620 1600 1701 1663 de
1748 1600 2106 1681 prudentia,

542 1693 1019 1774 namjudicium
1051 1694 1189 1774 ejus
1212 1712 1465 1773 semper
1492 1699 1589 1755 est
1616 1712 1837 1757 verum
1876 1694 2112 1774 practi-

540 1807 637 1863 ce,
693 1787 977 1868 quamvis
1026 1788 1343 1851 interdum
1400 1787 1701 1867 procedat
1748 1805 1828 1849 ex
1867 1787 2108 1867 Judicio

538 1880 697 1947 falso
726 1880 1131 1961 speculative,-
1166 1898 1247 1943 ex
1284 1898 1497 1943 errore
1548 1881 1889 1960 operantis,
1936 1880 2110 1961 quod

542 1974 728 2039 etiam
770 1979 869 2035 est
906 1991 1020 2053 per
1060 1973 1389 2045 assideri-53
1430 1991 1581 2035 nam
1621 1973 1687 2035 in
1730 1974 1938 2053 rigore
1978 1992 2107 2037 non

540 2072 677 2131 erat
700 2068 1123 2131 necessarium
1154 2066 1307 2129 illud
1322 2067 1629 2146 judicium
1658 2067 1911 2143 falsum,
1930 2068 2107 2130 verbi

538 2162 763 2243 gratia,
795 2158 967 2239 quod
1015 2160 1118 2223 hic
1168 2161 1247 2221 sit
1273 2179 1535 2240 pauper,
1582 2179 1730 2221 nam
1780 2160 1930 2221 satis
1971 2167 2107 2223 erat

530 2254 817 2335 judicare
862 2253 1055 2315 talem
1094 2253 1503 2333 probabiliter
1555 2272 1885 2333 apparere,
1932 2254 2105 2333 quod

535 2365 757 2412 verum
788 2349 905 2409 est.
944 2347 1105 2410 Item
1138 2346 1217 2409 de
1246 2353 1390 2409 actu
1442 2346 1779 2411 voluntatis
1810 2346 2106 2409 concedi-

536 2446 639 2505 tur
684 2458 823 2503 esse
854 2439 1139 2519 ejusdem
1176 2440 1433 2501 ratio-nis
1482 2440 1548 2500 in
1594 2440 1698 2501 illo
1750 2459 1925 2515 casu,
1962 2458 2106 2501 cum

534 2552 682 2597 vera
728 2534 831 2613 pia
858 2532 1191 2598 affectione
1218 2532 1299 2593 ad
1336 2532 1561 2605 fidem3
1606 2534 1751 2613 quia
1780 2534 1883 2595 hic
1924 2540 2105 2597 actus

534 2628 867 2691 comitatur
886 2625 1195 2705 judicium
1228 2625 1645 2707 prudentiale,
1674 2632 1737 2689 et
1761 2644 1982 2689 revera
2010 2630 2109 2688 est

531 2720 613 2785 de
659 2721 905 2801 objecto
940 2720 1227 2792 honesto,
1270 2718 1417 2798 quia
1448 2719 1511 2779 in
1554 2719 1663 2781 tali
1706 2720 1960 2781 homine
1991 2721 2104 2781 bo-

532 2820 785 2879 nestum
828 2820 923 2877 est
965 2812 1247 2887 credere,
1292 2830 1441 2876 cum
1486 2813 1565 2875 sit
1604 2819 2102 2875 consentaneum

530 2908 792 2980 rationi;
836 2912 902 2970 et
940 2906 1153 2986 quoad
1189 2906 1353 2969 banc
1398 2911 1641 2985 partem
1687 2906 2103 2969 admittuntur

532 3002 819 3080 exempla
854 3000 935 3062 de
970 2999 1295 3063 virtutibus
1334 2998 1677 3063 moralibus
1706 3017 1819 3061 seu
1862 2999 2102 3061 affecti-

530 3096 645 3167 vis,
690 3112 831 3174 quae
880 3094 1105 3157 eodem
1146 3092 1335 3155 modo
1378 3100 1737 3172 operantur.
1782 3094 1872 3155 De
1916 3093 2098 3155 tertio

528 3208 680 3253 vero
712 3195 853 3250 actu
880 3193 1119 3267 negant
1142 3204 1280 3249 esse
1308 3186 1455 3249 fidei
1480 3186 1723 3260 insum,
1744 3186 1893 3266 quia
1920 3185 2101 3247 deest

528 3283 615 3347 illi
639 3283 963 3363 proprium
990 3281 1345 3359 objectum
1374 3285 1435 3341 et
1456 3278 1811 3341 declaratur
1836 3280 1902 3339 in
1929 3280 2098 3343 hunc

526 3376 809 3449 modum,
836 3374 983 3453 quia
1017 3374 1121 3435 hic
1154 3390 1451 3435 assensus
1477 3372 1693 3433 baberi
1728 3391 1857 3435 non
1891 3378 2098 3453 potest

527 3470 663 3533 sine
700 3467 953 3549 speciali
982 3467 1259 3529 motione
1290 3466 1553 3545 Spiritus
1586 3466 1793 3528 Sancti
1822 3456 2093 3541 interna,

524 3580 731 3642 neque
764 3562 899 3625 sine
924 3560 1029 3621 illa
1058 3559 1284 3621 sufficit
1313 3577 1723 3638 quaecumque
1753 3560 2096 3639 propositio

526 3664 815 3730 externa3
850 3653 1118 3738 Spiritus
1156 3659 1369 3715 autem
1402 3653 1667 3715 Sanctus
1712 3671 1839 3713 non
1888 3659 2094 3731 potest

524 3750 877 3831 specialiter
903 3766 1161 3811 movere
1204 3745 1287 3808 ad
1330 3745 1394 3809 id
1436 3744 1607 3827 quod
1646 3746 1711 3809 in
1757 3764 1825 3809 re
1862 3744 2092 3810 falsum

525 3850 619 3906 est
636 3865 655 3920 3
698 3842 855 3907 alias
884 3842 1114 3905 virtute⁴
1153 3845 1215 3902 et
1260 3839 1425 3901 facto
1470 3839 1608 3919 ipso
1658 3838 2093 3903 testificaretur

518 3936 787 4010 falsum3
820 3942 878 4001 et
909 3936 975 3997 in
1001 3935 1123 3997 boc
1148 3939 1247 3996 est
1270 3950 1503 4013 magna
1536 3932 1887 3995 differentia
1928 3933 2092 3995 inter

522 4030 691 4095 hunc
713 4034 923 4093 actum
950 4033 1015 4089 et
1040 4024 1501 4107 praeeedentes3
1528 4043 1675 4087 nam
1698 4026 1797 4087 hic
1827 4032 1921 4089 est
1946 4043 2090 4106 spe-

520 4123 847 4196 culativas,
888 4126 957 4185 et
994 4120 1135 4199 ejus
1164 4118 1395 4181 veritas
1434 4120 1702 4197 sumitur
1738 4137 1820 4181 ex
1844 4119 2090 4181 confor-

518 4217 735 4283 nitate
763 4214 1007 4281 adrem
1028 4213 1257 4293 ipsam,
1284 4218 1347 4273 et
1370 4230 1500 4273 non
1530 4211 1613 4275 ad
1638 4211 1958 4289 affectum,
1986 4212 2086 4275 vel

518 4311 602 4379 ad
628 4314 1037 4391 apparentem
1080 4304 1591 4387 propositionem,
1624 4312 1693 4369 ut
1736 4306 1801 4367 in
1844 4308 2086 4371 actibus

517 4403 807 4485 practicis
854 4408 919 4465 et
962 4400 1309 4465 moralibus
1360 4399 1701 4481 contingit;
1754 4406 2084 4481 potestque

515 4500 650 4561 hac
693 4496 909 4563 ultima
934 4495 1095 4559 ratio
1125 4493 1287 4557 sumi
1316 4510 1395 4555 ex
1422 4493 1783 4556 auctoribus
1826 4494 2086 4557 dicenti-

514 4590 641 4653 bus
681 4594 917 4654 certam
964 4586 1413 4650 mselutionem
1461 4586 1607 4649 fidei
1658 4587 1891 4654 debere
1942 4588 2082 4651 fieri

514 4685 739 4749 saltem
778 4700 859 4745 ex
883 4686 1061 4760 parte
1096 4680 1163 4741 in
1206 4678 1519 4741 internam
1548 4680 1889 4741 motionem
1918 4687 1983 4742 et
2009 4681 2084 4743 il-

514 4774 991 4841 luminationem
1018 4772 1155 4845 Dei,
1186 4778 1255 4836 ut
1282 4790 1471 4851 supra
1498 4771 1685 4835 retuli
1714 4791 1793 4835 ex
1821 4775 2011 4849 Cano,
2041 4775 2082 4835 2

516 4871 599 4935 de
637 4869 837 4943 Locis,
864 4884 1003 4947 cap.
1034 4866 1093 4939 8,
1122 4880 1313 4945 quem
1348 4865 1473 4938 bic,
1500 4864 1675 4927 artic.
1712 4869 1771 4939 l,
1804 4884 2082 4947 sequun-

514 4969 619 5027 tur
658 4963 907 5028 Bannes
938 4962 1005 5024 et
1046 4947 1260 5039 &834
1294 4964 1357 5019 et
1402 4957 1573 5022 idem
1606 4958 1924 5023 insinuant
1957 4962 2084 5022 Ho-

514 5058 668 5131 sius,
702 5056 765 5117 in
794 5052 1102 5127 Confess„
1136 5070 1273 5131 cap.
1308 5052 1411 5126 16,
1436 5058 1501 5115 et
1536 5055 1785 5131 Torres,
1828 5054 1909 5117 de
1947 5056 2082 5117 Tri-

512 5151 731 5224 nitaete,
762 5153 978 5227 quest.
1020 5146 1126 5221 32,
1154 5144 1395 5213 articul.
1424 5147 1489 5220 t,
1524 5145 1589 5210 in
1623 5146 1663 5207 3
1688 5153 1867 5227 pane
1912 5166 2079 5210 com-

508 5242 825 5315 mentarii,
856 5240 923 5305 in
956 5238 1369 5320 responsione
1402 5238 1661 5307 secundi
1694 5241 2070 5321 argumenti..

591 5338 652 5401 8.
696 5335 875 5406 Eu.
900 5332 1209 5415 mnemia
1254 5333 1489 5411 partim
1538 5333 1794 5409 incerta,
1836 5336 2076 5417 partim

510 5428 813 5509 difficilis.
839 5454 930 5478 ——·
943 5427 1087 5492 Haec
1118 5426 1441 5505 responsio
1466 5426 1807 5507 probabilis
1834 5434 1950 5503 est,
1982 5434 2077 5491 ta·-

510 5541 661 5588 men
700 5522 933 5587 iucem
977 5519 1189 5599 quoad
1232 5518 1389 5581 duas
1438 5520 1672 5599 primas
1725 5527 1958 5601 partes.
1999 5522 2075 5585 Et

1032 378 1269 433 mSPU'r.
1304 381 1389 434 111.
1427 381 1505 433 ΒΕ
1537 380 1803 435 omsc‘ro
1834 376 2108 433 Folium
2139 380 2324 443 mum,
2359 381 2438 433 ET
2471 377 2764 445 Quouono
2798 378 2882 429 An
2915 376 3118 438 laun,
3147 374 3283 429 E'rc.

2199 480 2357 543 ratio
2387 481 2600 554 etiam,
2631 496 2826 559 quam
2852 495 2966 559 pro
2998 475 3176 537 tertia
3203 473 3482 548 adhibet,
3504 490 3624 535 non
3649 490 3744 535 ca-

2197 580 2296 638 ret
2343 574 2734 648 difficultate,
2783 571 2988 652 primo
3033 569 3180 648 quia
3201 613 3218 641 ,
3267 574 3335 630 ut
3376 584 3560 647 supra
3602 566 3740 639 dixi,

2196 668 2389 729 motio
2440 667 2687 730 interna
2733 682 2848 729 seu
2889 661 3298 739 illuminatio,
3341 665 3640 741 quatenus
3680 676 3744 719 se

2197 766 2372 825 tenet
2411 780 2488 825 ex
2526 767 2704 843 parte
2734 756 3019 839 principii
3065 755 3353 829 effectivi,
3397 772 3525 816 non
3555 758 3746 833 potest

2195 856 2510 935 pertinere
2559 854 2642 917 ad
2693 852 3002 915 rationem
3053 847 3386 924 credendi,
3429 851 3492 910 et
3539 863 3748 907 conse-

2197 953 2466 1027 quenter
2489 966 2610 1009 nec
2637 946 2720 1008 ad
2761 943 3022 1006 tormale
3055 942 3406 1022 objectum;
3438 943 3568 1002 tum
3607 940 3745 1019 quia

2197 1048 2396 1106 totum
2421 1041 2796 1122 principium
2821 1039 3097 1101 efficiens
3123 1034 3417 1115 supponit
3448 1033 3746 1095 sufficiens

2199 1136 2548 1216 objectum;
2583 1141 2718 1199 tum
2751 1134 2942 1197 etiam
2981 1132 3128 1211 quia
3171 1129 3323 1195 illud
3361 1128 3742 1210 principium,

2195 1229 2545 1309 praesertim
2593 1229 2752 1291 utin
2795 1224 3150 1307 particulari
3181 1228 3392 1285 movet
3435 1222 3598 1283 bunc
3640 1220 3748 1283 ho-

2193 1322 2456 1396 minem,
2487 1323 2588 1385 hic
2619 1328 2682 1385 et
2709 1338 2878 1383 nunc
2905 1337 3036 1383 nen
3067 1323 3160 1381 est
3188 1316 3367 1381 nobis
3395 1316 3482 1377 ita
3515 1320 3746 1377 certum

2193 1415 2356 1478 sicut
2379 1415 2516 1497 ipsa
2539 1414 2724 1489 fides,
2753 1432 2873 1477 nec
2911 1412 3104 1477 etiam
3145 1411 3510 1491 proponitur
3533 1416 3600 1471 ut
3624 1426 3748 1469 me-

2193 1508 2368 1570 dium
2411 1514 2476 1571 et
2513 1508 2672 1571 ratio
2719 1506 3052 1580 credendi;
3102 1512 3165 1567 et
3209 1504 3348 1567 ideo
3390 1506 3555 1565 recte
3603 1501 3750 1563 dixit

2191 1602 2364 1675 soto,
2395 1602 2462 1663 in
2493 1601 2823 1681 Apologet.
2865 1606 3062 1663 contr.
3093 1598 3431 1669 catharin„
3466 1595 3642 1675 capit.
3682 1596 3745 1667 2,

2189 1696 2626 1757 certitudinem
2681 1694 2828 1756 fidei
2880 1711 3008 1756 non
3067 1710 3205 1757 esse
3254 1688 3620 1753 sumendam
3673 1707 3750 1749 ex

2187 1790 2463 1855 motione
2505 1788 2756 1851 interna
2801 1788 3088 1851 effectiva
3123 1791 3429 1865 quantum
3456 1782 3536 1859 ad
3565 1783 3750 1844 ratio-

2187 1899 2338 1946 nem
2365 1882 2699 1953 credendi;
2733 1900 2884 1963 ergo
2915 1899 2992 1943 ex
3033 1882 3154 1943 bac
3192 1884 3370 1961 parte
3399 1896 3525 1939 non
3551 1876 3751 1939 reddi-

2187 1982 2291 2039 tur
2331 1976 2489 2039 ratio
2537 1975 2876 2049 sufficiens,
2915 1979 3173 2054 propter
3211 1990 3396 2053 quam
3435 1971 3536 2035 ille
3577 1975 3749 2033 actus

2187 2088 2316 2131 non
2343 2070 2422 2133 sit
2450 2087 2636 2131 verus
2675 2074 2853 2129 actus
2879 2066 3030 2129 fidei
3053 2066 3306 2137 infusae3
3337 2082 3484 2125 nam
3513 2064 3578 2125 in
3604 2080 3748 2123 casu

2185 2163 2506 2243 proposito
2543 2162 2610 2223 in
2657 2165 3056 2241 argumente,
3095 2160 3340 2221 videtur
3367 2154 3450 2219 ibi
3485 2156 3746 2235 proponi

2187 2256 2567 2317 sufficienter
2594 2254 2909 2335 obJ'ectum
2935 2252 3198 2317 formale
3227 2250 3396 2323 fidei,
3417 2268 3584 2323 nam,
3607 2250 3750 2309 licet

2185 2350 2614 2422 materialiter,
2643 2355 2712 2411 ut
2742 2350 2828 2410 sic
2854 2347 3082 2421 dicam,
3114 2349 3177 2409 et
3205 2365 3241 2410 a
3281 2350 3456 2425 parte
3499 2346 3586 2407 rei
3625 2343 3748 2407 tale

2189 2460 2318 2503 non
2350 2442 2449 2515 sit,
2471 2441 2880 2505 nihilominus
2899 2440 3204 2519 objective
3226 2445 3296 2501 ut
3321 2439 3442 2501 tale
3465 2437 3752 2519 proponi-

2187 2542 2290 2597 tur
2315 2535 2690 2609 intellectui;
2719 2553 2870 2615 ergo
2895 2534 3014 2596 hoc
3043 2534 3192 2595 satis
3221 2538 3315 2595 est
3336 2537 3407 2593 ut
3431 2550 3508 2593 ex
3527 2536 3752 2593 natura

2185 2627 2278 2691 rei
2295 2634 2478 2693 actus
2495 2629 2683 2691 etiam
2702 2628 2930 2691 debeat
2950 2646 3087 2689 esse
3107 2625 3280 2689 fidei.
3303 2625 3516 2688 Dicere
3537 2631 3750 2685 autem

2183 2723 2384 2785 Deum
2413 2721 2822 2785 nihilominus
2847 2720 3015 2783 nolle
3057 2736 3430 2784 concurrere
3470 2717 3567 2779 vel
3611 2736 3750 2779 mo-

2181 2834 2352 2889 vere,
2381 2814 2530 2895 quia
2556 2816 2766 2897 ipsum
2800 2832 2932 2877 non
2959 2812 3162 2886 decet,
3193 2830 3318 2875 non
3360 2811 3602 2873 videtur
3647 2828 3751 2873 sa-

2182 2907 2505 2981 tisfacere3
2535 2907 2681 2986 quia
2709 2909 2876 2971 Deus
2904 2906 3138 2987 praebet
3165 2923 3536 2969 coneursum
3559 2910 3750 2983 prout

2183 3001 2428 3082 objecta
2467 3002 2807 3083 postulant,
2842 3008 2902 3063 et
2931 3000 3077 3081 quia
3105 2998 3262 3061 alias
3302 3016 3488 3063 nemo
3531 3004 3750 3079 posset

2182 3112 2320 3157 esse
2367 3114 2652 3169 securus,
2702 3102 2766 3159 et
2815 3100 3022 3157 certus
3073 3093 3242 3173 quod
3293 3112 3440 3155 vere
3490 3092 3742 3165 credat;

2181 3188 2328 3267 quia
2361 3207 2489 3251 non
2535 3195 2632 3253 est
2675 3196 2884 3251 certus
2927 3207 3008 3251 an
3041 3207 3256 3257 verum
3304 3187 3536 3257 credat,
3566 3188 3742 3265 quia,

2177 3282 2326 3345 licet
2366 3282 2705 3363 propositio
2757 3282 2982 3360 obiecti
3028 3281 3106 3345 sit
3155 3282 3488 3355 sufficiens,
3535 3280 3747 3341 adhuc

2178 3375 2464 3441 dubitare
2489 3381 2692 3457 potest
2720 3394 2802 3437 an
2829 3375 2917 3437 illi
2947 3375 3146 3439 subsit
3165 3374 3415 3438 falsum.

2259 3473 2320 3532 9.
2365 3468 2654 3535 Auctoris
2689 3470 3018 3549 responsio.
3051 3500 3134 3515 -
3157 3468 3233 3529 Et
3266 3467 3406 3530 ideo
3454 3467 3750 3548 probabi-

2177 3563 2318 3625 liter
2339 3562 2494 3625 mihi
2531 3562 2778 3623 videtur
2827 3562 2893 3623 in
2940 3580 3010 3623 re
3059 3562 3195 3641 ipsa
3231 3578 3560 3641 nunquam
3601 3560 3748 3623 dari

2179 3656 2594 3723 sufficientem
2627 3655 3116 3735 propositionem
3139 3652 3230 3719 rei
3260 3653 3458 3729 falsae,
3485 3671 3628 3733 quas
3659 3652 3752 3715 ad

2171 3749 2558 3814 credendum
2595 3768 2710 3829 per
2735 3748 2928 3812 tidem
2953 3747 3224 3815 infusam
3253 3748 3542 3821 sufficiat,
3583 3766 3750 3809 nam

2172 3844 2223 3905 si
2275 3844 2354 3905 sit
2393 3860 2600 3905 sermo
2645 3842 2724 3905 de
2765 3842 3044 3923 generali
3079 3842 3525 3923 propositione,
3557 3842 3748 3903 verbi

2168 3937 2396 4019 gratia,
2421 3935 2585 3999 facta
2605 3954 2644 3997 a
2670 3937 2800 3999 Deo
2819 3935 3202 4009 immediate,
3223 3935 3461 3997 clarum
3487 3939 3581 3997 est
3609 3953 3750 3995 non

2171 4050 2358 4111 posse
2389 4030 2473 4092 illi
2500 4028 2725 4097 falsum
2759 4030 3052 4107 subesse3
3079 4028 3250 4109 quod
3268 4029 3328 4099 si
3345 4028 3622 4094 mediate
3644 4027 3752 4089 fa-

2169 4130 2268 4187 cta
2305 4125 2383 4187 sit
2411 4143 2448 4184 a
2472 4124 2601 4185 Deo
2626 4131 2915 4204 respectu
2951 4123 3267 4199 Ecclesiae,
3299 4122 3364 4183 in
3403 4120 3508 4183 illa
3542 4122 3752 4183 etiam

2168 4217 2856 4297 semperinterveniunt
2883 4216 3090 4297 aliqua
3124 4214 3334 4277 divina
3361 4233 3586 4295 opera,
3623 4234 3754 4295 per

2167 4329 2307 4390 quae
2325 4312 2492 4373 Deus
2505 4328 2634 4372 non
2651 4317 2853 4391 potest
2867 4308 3096 4371 falsum
3111 4308 3428 4371 testificari
3446 4324 3466 4387 ;
3489 4314 3552 4370 et
3569 4308 3754 4369 infra

2167 4404 2495 4467 ostendam
2523 4404 2642 4466 hoc
2673 4404 2858 4465 etiam
2888 4402 2969 4465 ad
3009 4403 3348 4483 specialem
3375 4402 3486 4466 Dei
3524 4403 3756 4481 provi-

2167 4496 2443 4559 dentiam
2469 4498 2815 4577 pertinere:
2846 4496 2899 4559 si
2936 4515 3085 4559 vero
3126 4497 3461 4577 loquamur
3489 4495 3570 4558 de
3591 4514 3752 4575 par—

2165 4590 2404 4653 ticulari
2445 4595 2507 4651 et
2535 4591 2776 4671 privata
2805 4591 3250 4671 propositione,
3303 4608 3417 4651 seu
3457 4589 3754 4669 applica-

2161 4683 2330 4749 tione
2383 4683 2606 4745 divinae
2637 4684 2784 4747 fidei
2829 4683 2910 4745 ad
2951 4684 3230 4763 singulos
3279 4684 3594 4755 homineS,
3657 4682 3750 4745 de

2161 4796 2286 4859 qua
2315 4785 2758 4859 argumentum
2797 4776 3204 4859 procedebat,
3235 4777 3323 4839 sie
3367 4777 3506 4839 dico
3557 4776 3755 4838 illam

2159 4891 2292 4935 non
2319 4891 2457 4935 esse
2483 4864 2897 4937 sufficientem
2928 4874 3008 4935 ad
3035 4873 3418 4949 credendum
3461 4892 3756 4935 assensu

2161 4964 2306 5028 fidei
2349 4966 2598 5039 infusae,
2639 4966 2757 5029 nisi
2799 4972 2970 5031 certo
3011 4972 3074 5029 et
3113 4965 3541 5029 indubitanter
3585 4986 3756 5029 con-

2161 5063 2326 5119 stare
2356 5058 2568 5139 possit,
2581 5077 2719 5123 esse
2758 5058 3146 5127 conformem
3179 5059 3474 5122 doctrinm
3511 5059 3757 5123 Eccle—

2159 5151 2294 5226 siae,
2325 5152 2392 5213 in
2418 5171 2542 5233 qua
2567 5152 2806 5218 falsitas
2851 5170 2991 5223 esse
3019 5172 3146 5218 non
3187 5159 3412 5235 potest.
3446 5154 3640 5239 Unde
3675 5156 3755 5217 in

2158 5242 2262 5305 illo
2289 5262 2460 5319 casu,
2495 5247 2558 5315 in
2583 5254 2954 5329 argumento
2979 5248 3318 5329 proposito,
3353 5246 3454 5312 ille
3482 5247 3598 5325 qui
3629 5248 3756 5311 de-

2157 5337 2404 5418 cipitur,-
2439 5339 2492 5406 si
2514 5342 2704 5405 vellet
2719 5342 3068 5417 advertere,
3091 5342 3376 5406 dubitare
3405 5348 3638 5423 posset
3657 5362 3758 5405 an

2156 5430 2264 5494 illa
2299 5431 2580 5502 doctrina
2625 5435 2708 5497 sit
2746 5434 3082 5498 conformis
3116 5435 3426 5509 Ecclesiae,
3475 5454 3706 5499 necne
3729 5454 3754 5516 ;

2155 5528 2220 5587 et
2241 5523 2382 5589 ideo
2412 5545 2539 5592 non
2567 5527 2772 5590 stasim
2802 5547 2916 5609 per
2941 5528 3132 5593 fidem
3161 5528 3428 5595 infusam
3457 5530 3760 5591 assenti-
