3900 6217
621 409 790 463 ssscT.
828 412 867 463 1.
903 411 988 463 AN
1019 413 1098 464 ΕΤ
1130 413 1254 476 Quo
1283 415 1435 468 mals:
1465 413 1770 467 HAERETICI
1803 413 1942 466 sm·
1973 413 2109 467 {rso
2140 411 2341 466 F'Ac‘ro
2371 409 2891 466 excomuumcer

191 509 418 574 randum
445 525 569 570 non
601 527 730 570 esse
748 511 910 588 juris
935 511 1129 572 divini
1164 514 1410 593 positivi
1429 521 1698 588 tantum,

191 603 274 664 sed
297 601 596 674 naturaliS,
619 603 859 664 etiamsi
881 605 948 664 in
967 606 1282 686 Scriptura
1306 608 1491 669 fuerit
1513 610 1701 670 etiam

187 695 546 769 declaratum,
577 697 726 774 quia
745 698 812 756 in
838 697 972 777 lege
997 699 1214 776 gratiae
1245 717 1372 762 non
1393 707 1537 761 sunt
1559 701 1704 762 data

187 788 438 868 specialia
460 795 761 868 praecepta
795 793 1060 868 positiva
1095 792 1452 854 immediate
1481 812 1518 854 a
1551 795 1696 866 De0,

185 886 378 960 praeter
401 886 696 959 praec-,epta
731 881 873 942 fidei
912 891 973 944 et
1009 892 1562 948 sacramentorum.
1599 888 1704 946 Est

183 983 361 1036 autem
397 973 524 1032 haec
558 975 892 1052 prohibitio
934 977 1252 1054 naturalis,
1277 979 1376 1040 vel
1399 985 1702 1058 quatenus

179 1069 244 1129 ad
276 1069 590 1145 „ipsammet
625 1068 836 1144 fidem,
871 1071 970 1132 vel
1011 1074 1088 1134 ad
1136 1074 1492 1135 charitatem
1536 1093 1704 1152 spec-

178 1167 272 1222 tat.
297 1160 544 1222 Ratione
579 1161 726 1224 fidei
753 1164 954 1243 primo
995 1183 1067 1227 ac
1095 1167 1400 1247 praecipue
1428 1169 1702 1248 prohibi-

175 1263 228 1316 ta
264 1261 346 1316 est
389 1257 866 1317 communicatio
911 1276 1056 1318 cum
1103 1259 1398 1321 haeretico
1452 1263 1518 1322 in
1565 1264 1702 1343 ipsa

173 1349 452 1421 doctrina3
483 1349 752 1409 secundo
787 1350 1151 1428 prohibetur
1185 1355 1372 1414 etiam
1416 1372 1702 1415 commu-

172 1443 370 1504 nicatio
395 1441 460 1500 in
487 1442 760 1502 externis
783 1442 1004 1504 ritibus
1029 1443 1352 1522 haereticis,
1379 1448 1542 1526 quod
1573 1467 1700 1510 non

173 1535 346 1596 solum
389 1532 466 1594 ad
519 1532 707 1594 fidem
727 1575 764 1611 ,·
795 1535 900 1596 sed
951 1538 1139 1599 etiam
1198 1540 1275 1601 ad
1335 1541 1699 1618 religionem

172 1631 376 1706 spectat
392 1640 412 1702 3
445 1627 654 1702 tertio,
686 1629 1050 1707 prohibetur
1097 1637 1270 1692 tanta
1311 1632 1702 1694 familiaritas

171 1737 292 1780 cum
323 1719 646 1795 haereticis,
690 1727 759 1780 ut
794 1725 1354 1786 communicantem
1383 1727 1596 1787 reddat
1624 1729 1702 1789 de

171 1813 274 1876 fide
309 1830 416 1872 sua
439 1820 829 1892 suspectum3
863 1834 1010 1876 nam
1060 1817 1180 1878 hoc
1207 1819 1396 1880 etiam
1425 1825 1516 1880 est
1556 1838 1700 1881 con·

169 1915 248 1968 tra
273 1907 406 1968 fidei
446 1906 932 1983 confessionem;
969 1911 1047 1972 de
1087 1929 1212 1990 quo
1257 1915 1454 1974 videri
1503 1923 1703 1994 potest

166 2001 477 2080 specialiter
499 2003 626 2062 Leo
653 2005 836 2082 Papa,
861 2021 1046 2065 serm.
1071 2007 1148 2066 18
1179 2006 1254 2066 de
1301 2008 1614 2084 Passione,
1642 2021 1702 2070 et

166 2114 325 2155 serm.
373 2101 590 2157 contra
630 2095 922 2174 Eutych„
949 2106 1015 2157 et
1053 2098 1194 2158 idco
1227 2099 1294 2159 in
1331 2102 1465 2179 jure
1513 2119 1698 2160 cauo-

163 2187 305 2262 nico,
329 2187 434 2266 qui
459 2205 544 2248 ex
581 2187 700 2249 hac
731 2186 1150 2252 familiaritate
1197 2200 1512 2272 suspectus
1551 2193 1697 2254 red-

164 2280 327 2354 ditur,
367 2286 429 2341 et
467 2281 752 2358 punitur,
778 2289 840 2342 et
875 2283 954 2342 ad
987 2286 1417 2362 purgationem
1449 2288 1697 2347 canoni-

165 2389 276 2434 cam
303 2375 565 2452 cogitur,
595 2393 730 2454 cap.
759 2376 937 2438 Inter
957 2377 1414 2455 sollicitudines,
1449 2381 1525 2441 de
1553 2399 1697 2461 pur-

164 2471 380 2545 gatione
417 2470 742 2531 canonica.
788 2471 865 2530 Et
890 2471 1087 2531 videri
1137 2479 1328 2550 potest
1371 2474 1588 2548 Castr.,
1629 2475 1692 2536 d.

163 2561 280 2622 libr.
308 2564 366 2637 2,
391 2581 445 2622 c.
479 2564 587 2625 17.
615 2563 875 2625 Ratione
898 2571 1108 2625 autem
1131 2565 1444 2627 charitatis
1463 2568 1697 2645 obligat

162 2654 260 2716 hoc
281 2659 702 2736 praeceptum,
731 2657 934 2736 primo
969 2655 1046 2717 ad
1080 2659 1404 2720 vitandum
1443 2661 1696 2721 scanda-

161 2748 270 2808 lum
299 2750 648 2828 proprium,
697 2767 777 2811 ne
818 2750 1024 2828 quivis
1051 2753 1116 2811 in
1142 2752 1415 2831 periculo
1445 2753 1695 2813 errandi

163 2859 215 2901 se
233 2844 604 2903 constituant
617 2857 638 2918 3
668 2845 961 2919 secunda,
991 2844 1068 2905 ad
1091 2845 1416 2905 vitandum
1442 2847 1695 2906 scanda-

165 2933 274 2994 lum
303 2936 752 3012 proximorum,
785 2937 896 3016 qui
929 2937 1038 2998 illo
1068 2937 1349 3017 exemplo
1389 2939 1568 3000 facile
1613 2941 1692 3001 ad

167 3027 498 3088 familiarem
527 3031 1155 3092 communicationem
1196 3031 1588 3108 inducentur,
1629 3038 1691 3094 et

163 3122 216 3180 iu
251 3122 506 3200 periculo
563 3123 1038 3184 constituentur.
1087 3124 1319 3199 Terti0,
1367 3125 1447 3186 ad
1491 3127 1692 3186 vitan-

159 3215 286 3274 dum
309 3221 754 3276 nocumentum
782 3217 1102 3296 ipsiusmet
1126 3216 1419 3292 haeretici,
1445 3219 1555 3298 qui
1581 3235 1693 3299 per

160 3306 480 3386 hujusmodi
507 3309 1138 3371 communicationem
1171 3310 1242 3370 fit
1268 3311 1584 3387 audacior,
1629 3317 1692 3373 et

159 3399 212 3457 ia
235 3416 337 3460 suo
379 3417 592 3462 errore
629 3401 1024 3480 pertinacior,
1057 3409 1120 3463 et
1151 3401 1262 3463 has
1299 3403 1568 3466 rationes
1597 3406 1690 3466 in·

159 3493 340 3553 dicant
363 3496 576 3556 Patres
606 3494 880 3572 allegati.

219 3589 270 3648 5.
297 3585 656 3652 Ostenditur
667 3591 808 3669 jam
841 3589 1098 3652 assertio
1125 3592 1486 3668 praecedens.
1510 3624 1593 3639 —
1613 3593 1692 3654 At

157 3693 276 3739 vero
290 3682 877 3757 excommunicatio,
905 3681 982 3742 de
1009 3699 1131 3761 qua
1159 3682 1467 3745 conclusio
1495 3685 1692 3764 loqui-

155 3776 260 3846 tur,
304 3791 428 3835 non
469 3781 680 3855 potest
726 3793 854 3836 esse
889 3775 1052 3854 juris
1099 3776 1328 3852 divini;
1373 3779 1519 3858 quia
1547 3779 1693 3841 licet

154 3871 391 3939 potestas
411 3869 997 3929 excommunicandi
1017 3869 1374 3932 immediate
1393 3889 1431 3930 a
1451 3872 1690 3934 Christo

153 3956 274 4018 data
299 3961 396 4035 sit,
427 3967 490 4022 et
514 3962 640 4022 hac
667 3962 906 4023 ratione
941 3963 1102 4040 juris
1141 3964 1337 4024 divini
1369 3981 1498 4026 esse
1526 3964 1692 4026 dica-

152 4054 254 4120 tur,
295 4053 706 4114 nihilominus
741 4056 873 4135 ipsa
912 4073 1171 4117 censura
1191 4101 1210 4131 ,
1263 4063 1448 4136 prout
1489 4067 1581 4119 est
1623 4061 1690 4120 in

152 4159 250 4202 usu
275 4145 577 4222 Ecclesioe,
635 4165 763 4208 non
812 4146 932 4208 fuit
967 4148 1325 4210 immediate
1368 4169 1405 4211 a
1451 4150 1690 4214 Christo

62 4269 65 4306 ς
151 4233 428 4314 instituta,
458 4241 568 4301 sed
603 4257 716 4320 per
744 4239 1078 4301 Ecclesiam
1109 4241 1689 4304 determinationem

149 4331 375 4409 accepit,
423 4338 496 4392 ut
553 4349 638 4393 ex
697 4334 948 4413 propria
992 4335 1256 4394 materia
1289 4335 1364 4396 de
1415 4337 1687 4397 censuris

147 4428 381 4499 constat,
409 4433 476 4486 et
515 4441 596 4486 ex
641 4425 958 4486 effectibus
1008 4426 1198 4506 hujus
1243 4443 1444 4506 poenas
1486 4443 1507 4506 3
1540 4447 1687 4490 nam

148 4515 322 4576 multa
353 4517 670 4596 perillam
713 4519 1142 4598 prohibentur,
1191 4537 1329 4597 quse
1370 4537 1448 4580 ex
1495 4521 1560 4582 vi
1598 4539 1691 4582 so·

148 4604 248 4664 lius
271 4609 461 4670 divini
488 4611 652 4688 juris
673 4629 802 4671 non
824 4617 1004 4672 erant
1025 4611 1358 4691 prohibita,
1388 4621 1458 4672 ut
1484 4631 1685 4689 orare,

149 4699 291 4759 verbi
320 4704 546 4779 gratia.
581 4703 822 4782 publice
849 4721 962 4782 pro
988 4704 1314 4778 haereticis,
1345 4711 1407 4765 et
1435 4705 1682 4767 similia.

148 4789 278 4852 ltem
317 4801 408 4856 est
447 4797 713 4856 evidens
755 4797 1026 4876 signum,
1073 4796 1222 4876 quia
1263 4796 1394 4858 haec
1431 4815 1689 4858 censura

147 4883 300 4947 aliter
337 4907 508 4951 nunc
545 4889 784 4968 obligat
821 4889 1056 4964 fideles,
1079 4907 1268 4969 quam
1298 4897 1442 4951 ante
1473 4893 1688 4951 Extra-

145 4989 448 5055 vagantem
485 4981 596 5046 Aa
627 4983 944 5059 evitanda,
987 4988 1057 5043 ut
1109 4982 1272 5044 infra
1315 4983 1684 5044 videbimus.

145 5069 396 5152 Denique
423 5083 521 5136 est
547 5076 858 5154 optimum
887 5077 1160 5154 signum,
1202 5077 1348 5156 quia
1377 5077 1524 5137 olim
1559 5096 1687 5137 nou

145 5163 560 5242 imponebatur
607 5169 740 5228 haec
778 5185 1039 5231 censura
1073 5170 1206 5247 ipso
1231 5170 1398 5246 jure,
1429 5170 1533 5229 sed
1571 5170 1690 5230 im·

144 5259 270 5332 poni
309 5260 812 5341 praecipiebatur,
853 5279 911 5322 c.
961 5259 1042 5324 Si
1069 5263 1207 5340 quis
1249 5260 1580 5342 episcopus,
1623 5263 1684 5336 1,

147 5367 196 5426 q.
223 5353 278 5425 ¹1,
307 5359 370 5413 et
393 5371 475 5414 ex
519 5355 725 5414 Leone
757 5355 942 5432 Papa,
973 5355 1152 5433 epist.
1204 5355 1308 5429 93,
1339 5373 1392 5414 c.
1441 5353 1585 5428 ult„
1625 5359 1690 5414 et

149 5457 208 5501 ex
236 5459 342 5505 usu
365 5445 774 5526 antiquorum
801 5447 1216 5508 Conciliorum
1244 5446 1308 5506 id
1336 5453 1545 5524 aperte
1567 5446 1689 5507 col-

147 5532 378 5617 ligiturj,
403 5557 556 5600 nam
605 5539 880 5603 haeretici
925 5541 1096 5621 prius
1133 5539 1598 5602 instruebantur
1625 5545 1688 5600 et

3222 407 3338 470 533

1781 516 2224 591 monebantur,
2256 520 2318 576 et
2351 514 2399 574 si
2432 515 2769 594 pertinaces
2806 519 3006 590 erant,
3050 519 3200 575 tuuc
3228 533 3339 594 per

1783 626 2104 670 censuram
2132 609 2584 687 abjiciebantur
2598 625 2617 684 ;
2649 627 2796 688 ergo
2822 610 3070 688 signum
3096 615 3188 669 est
3210 627 3339 671 uon

1782 719 1910 762 esse
1927 703 2281 781 impositam
2309 703 2441 781 ipso
2461 703 2603 780 jure
2633 701 2865 762 divino.

1863 796 1924 854 6.
1962 795 2241 857 Secunda
2264 794 2545 856 assertiO.
2566 827 2650 840 —
2674 793 2978 868 SecundO,
3005 794 3337 855 dicendum

1782 892 1876 947 est
1915 886 2076 946 hanc
2101 905 2423 947 censuram
2466 888 2603 965 jure
2650 886 3055 947 ecclesiastico
3096 887 3339 966 imponi

1782 979 2072 1040 omnibus
2116 980 2445 1041 haereticis.
2494 980 2580 1039 lta
2625 979 2889 1040 habetur
2920 998 2997 1041 ex
3036 999 3091 1041 c.
3138 979 3339 1043 Acha-

1783 1077 1930 1149 tius,
1955 1076 2055 1146 24,
2078 1094 2140 1154 q.
2170 1077 2223 1148 1,
2251 1081 2312 1134 et
2336 1093 2387 1133 c.
2413 1072 2519 1135 Ad
2531 1073 2896 1147 abolendam,
2915 1079 3051 1134 etc.
3074 1073 3339 1137 Excom-

1781 1169 2182 1241 masticamus,
2213 1170 2242 1229 1
2272 1175 2333 1228 et
2356 1167 2398 1226 2
2426 1166 2501 1226 de
2520 1166 2857 1240 Haereticis,
2882 1172 2943 1227 et
2970 1185 3025 1226 c.
3055 1167 3337 1241 Quicum·-

1783 1280 1912 1342 με,
1938 1262 2017 1322 de
2036 1260 2372 1336 Haereticis,
2402 1261 2469 1320 in
2504 1260 2565 1333 6,
2598 1265 2659 1320 et
2685 1279 2737 1320 c.
2770 1259 3051 1335 Noverit,
3081 1261 3156 1321 de
3188 1262 3337 1322 Sen-

1780 1357 1976 1417 tentia
2015 1354 2694 1432 excommunicationis3
2733 1361 2943 1434 estque
2985 1353 3115 1414 haec
3156 1373 3339 1434 poena

1781 1448 2053 1510 maxime
2082 1448 2545 1528 proportionata
2566 1447 2707 1507 huic
2734 1446 2958 1507 delicto
2974 1464 2995 1524 3
3032 1453 3166 1506 tum
3196 1449 3339 1525 quia

1779 1541 1935 1601 sic-ut
1958 1541 2191 1601 crimen
2231 1545 2323 1602 est
2341 1539 2519 1600 valde
2552 1538 2893 1618 spirituale,
2922 1539 3014 1605 ita
3032 1546 3093 1600 et
3111 1557 3293 1619 poena
3318 1555 3337 1616 ;

1781 1641 1842 1695 et
1875 1637 2034 1695 sicut
2085 1636 2321 1695 crimen
2364 1641 2455 1694 est
2503 1633 2839 1710 maximum
2888 1633 3051 1693 iuter
3092 1651 3163 1694 ea
3204 1651 3340 1711 quae

1781 1733 2035 1807 possunt
2068 1744 2197 1788 esse
2230 1725 2511 1788 Ecclesiae
2552 1725 2901 1799 mauisesta,
2934 1725 3019 1786 ita
3060 1727 3245 1786 etiam
3276 1735 3339 1787 et

1781 1839 1965 1901 poena
2011 1821 2377 1897 gravissima
2422 1825 2514 1879 est
2546 1841 2563 1894 ;
2595 1825 2729 1880 tum
2774 1820 2961 1880 etiam
3010 1818 3156 1898 quia
3204 1818 3335 1897 ipse

1782 1913 2104 1974 haereticus
2127 1931 2190 1972 se
2218 1911 2297 1972 ab
2338 1911 2605 1972 Ecclesia
2645 1920 2907 1992 separat,
2935 1919 2998 1974 et
3032 1913 3171 1973 ideo
3193 1912 3337 1992 jure

1781 2008 1912 2087 ipsa
1939 2007 2207 2067 Ecclesia
2233 2007 2431 2084 magis
2464 2006 2637 2067 illum
2666 2025 2705 2068 a
2729 2025 2794 2068 se
2836 2006 3107 2068 excludit
3140 2025 3213 2066 ac
3246 2024 3338 2067 se-

1779 2109 1979 2179 parat.
2010 2099 2287 2179 Denique
2325 2099 2471 2178 quia
2501 2097 2629 2160 haec
2660 2117 2844 2178 poena
2877 2099 3014 2160 aliis
3056 2097 3337 2158 fidelibus

1778 2197 1870 2254 est
1900 2192 2169 2252 maxime
2198 2191 2390 2264 utilis,
2416 2195 2667 2272 propter
2692 2210 2762 2252 ea
2792 2209 2930 2272 quae
2952 2193 3083 2271 jam
3108 2191 3340 2252 iudica·

1779 2286 2006 2360 vimuS,
2039 2289 2102 2344 et
2129 2285 2247 2363 ipsi
2275 2283 2560 2347 haeretieo
2586 2290 2786 2364 potest
2830 2302 2958 2344 esse
3003 2283 3339 2344 medicina·

1779 2377 1875 2453 lis,
1917 2378 2066 2456 quia
2101 2377 2177 2438 ad
2216 2376 2410 2438 finem
2460 2377 2855 2458 resipiscendi
2906 2377 2964 2438 ei
3004 2375 3331 2450 infligitur.

1857 2473 1916 2532 7.
1952 2471 2165 2535 Porcia
2193 2473 2468 2535 assertio.
2495 2504 2578 2519 —
2604 2470 2906 2551 objicitur
2933 2473 3095 2534 locus
3120 2471 3332 2534 Pauli.

1773 2596 1856 2611 -
1881 2564 2105 2628 Prima
2130 2567 2419 2647 expositio
2458 2583 2531 2630 ea>
2582 2565 3021 2646 chrysostomo,
3070 2563 3227 2628 Cano
3280 2569 3339 2627 et

1780 2659 2069 2723 Cornelio.
2100 2692 2183 2707 —
2208 2659 2512 2722 Secunda.
2554 2695 2632 2705 —
2690 2660 2920 2724 Tertia.
2974 2691 3055 2705 ·-
3103 2659 3333 2731 Tertio,

1775 2751 2104 2812 dicendum
2128 2757 2218 2813 est
2241 2751 2404 2812 hanc
2432 2769 2756 2814 censuram
2780 2753 3012 2813 incurri
3043 2751 3175 2831 ipso
3208 2751 3331 2812 fac·

1771 2851 1837 2905 to
1849 2861 1870 2922 3
1900 2863 2050 2906 nam
2080 2846 2145 2906 in
2196 2845 2501 2924 praedictis
2551 2845 2834 2925 capitulis
2874 2845 2961 2906 ita
3002 2845 3197 2906 fertur
3217 2862 3237 2922 ;
3274 2851 3337 2906 et

1773 2937 1892 2997 boc
1939 2938 2311 2999 addiderunt
2352 2957 2512 3000 nova
2552 2939 2697 3018 jura
2745 2937 3221 3018 antiquioribus,
3252 2937 3333 2999 ad

1777 3051 1915 3112 quae
1951 3033 2306 3110 antiquiora
2340 3033 2411 3093 D.
2444 3031 2666 3094 Thom.
2708 3034 2769 3094 2.
2804 3035 2869 3106 ⁶2,
2903 3051 2964 3112 q.
3002 3035 3099 3106 11,
3130 3038 3245 3092 art.
3273 3034 3333 3109 1,

1772 3123 1973 3185 solum
1997 3124 2280 3199 attendit,
2312 3143 2455 3185 cum
2484 3126 2830 3204 oppositum
2862 3125 3139 3185 docuisse
3164 3125 3335 3186 vide-

1772 3225 1896 3278 tur.
1931 3219 2049 3278 Sed
2090 3217 2274 3297 objici
2296 3223 2495 3297 potest
2527 3216 2680 3277 illud
2711 3217 2908 3291 Pauli,
2940 3217 3019 3277 ad
3061 3219 3183 3278 Tit.
3230 3219 3267 3278 3
3306 3233 3323 3278 z

1771 3311 2149 3374 Haereticam
2186 3312 2479 3373 hominem
2506 3317 2650 3392 post
2682 3327 2873 3372 unam
2912 3316 2971 3374 et
3011 3313 3331 3375 secundam

1773 3405 2199 3485 correptionem
2238 3405 2439 3466 devita
2446 3426 2473 3474 ;
2519 3403 2667 3482 quia
2692 3421 2819 3463 non
2845 3403 3090 3464 videtur
3121 3404 3239 3465 boc
3266 3405 3336 3464 in

1772 3497 1952 3558 dietis
1993 3499 2171 3558 novis
2210 3497 2459 3576 juribus
2506 3496 2756 3557 servari.
2804 3495 3165 3574 Respondeo
3210 3497 3334 3577 pri-

1774 3607 1901 3665 mo,
1950 3589 2178 3650 multos
2234 3591 2441 3650 Patres
2487 3593 2735 3650 tantum
2785 3587 2873 3649 ibi
2913 3589 3141 3667 legere,
3196 3595 3333 3668 post

1772 3700 1965 3743 unam
2008 3683 2521 3757 admonitionem,
2568 3688 2639 3742 ut
2682 3683 2968 3758 lrenaens,
3001 3681 3044 3741 l.
3076 3681 3137 3756 3,
3167 3699 3219 3742 c.
3254 3683 3330 3758 33

1771 3775 2211 3851 Tertullianus,
2258 3776 2333 3836 de
2382 3775 2947 3855 Praescriptiouibus
2990 3774 3237 3849 haeret.,
3274 3793 3326 3836 c.

1773 3869 1873 3943 16,
1919 3874 1981 3928 et
2028 3869 2386 3930 Ambrosius
2416 3867 2529 3942 ibi,
2584 3875 2645 3929 et
2694 3868 2741 3928 1.
2786 3873 2824 3930 2
2874 3869 2953 3928 de
2992 3868 3329 3943 Abraham,

1771 3980 1826 4023 c.
1851 3963 1914 4037 6,
1955 3967 2017 4022 et
2042 3961 2085 4021 1.
2134 3963 2175 4023 8
2210 3962 2277 4021 in
2318 3962 2490 4035 Luc.‚
2543 3980 2597 4023 c.
2645 3963 2721 4023 17
2743 3978 2764 4039 ;
2817 3966 2878 4022 et
2921 3961 3326 4038 Augustinus,

1771 4057 1948 4135 epist.
1987 4057 2133 4130 1623
2169 4049 2451 4135 quamvis
2482 4057 2835 4130 Gratianus,
2866 4057 2933 4116 in
2960 4075 3013 4116 c.
3052 4054 3199 4130 Qua·
3236 4057 3327 4118 di-

1767 4149 1973 4230 ym'or,
1999 4155 2060 4210 et
2091 4149 2156 4209 in
2186 4167 2323 4228 cap.
2375 4145 2555 4210 Dixit
2601 4147 2955 4227 Apostolus,
2992 4149 3096 4222 24,
3148 4167 3211 4227 q.
3268 4149 3330 4223 3,

1770 4240 1901 4302 haec
1929 4241 2053 4302 duo
2078 4241 2213 4302 loca
2242 4239 2545 4302 Ambrosii
2578 4247 2640 4300 et
2667 4240 2998 4318 Augustini
3038 4241 3219 4301 aliter
3241 4259 3335 4300 re-

1768 4334 1927 4395 ferat
1940 4357 1957 4408 ;
1977 4334 2155 4412 juxta
2174 4333 2334 4394 hanc
2360 4350 2509 4410 ergo
2535 4333 2862 4394 lectionem
2883 4333 3062 4394 facile
3085 4351 3335 4413 respon-

1770 4427 1977 4501 detur,
2008 4445 2119 4504 per
2148 4425 2352 4503 legem
2385 4424 2586 4504 ipsam
2631 4425 2767 4486 fieri
2807 4425 3180 4488 sufficienter
3202 4443 3335 4486 mo-

1773 4519 2095 4579 nitionem.
2134 4520 2367 4579 Tamen
2396 4533 2523 4578 non
2566 4523 2661 4578 est
2699 4517 3107 4579 recedendum
3151 4536 3189 4578 a
3215 4518 3337 4580 lec-

1770 4611 1939 4672 tione
1968 4610 2246 4688 vulgata,
2276 4628 2420 4690 quas¹
2442 4611 2510 4670 in
2535 4609 2847 4671 codicibus
2878 4611 3105 4672 Graecis
3134 4617 3195 4672 et
3222 4614 3335 4674 La-

1769 4701 1918 4762 tinis
1943 4702 2328 4782 frequentior
2351 4710 2463 4780 est,
2497 4709 2560 4764 et
2610 4703 2905 4782 recipitur
2930 4704 3009 4764 ab
3036 4705 3327 4782 Ecclesia,

1769 4803 1833 4856 et
1861 4795 1966 4855 illa
2009 4797 2208 4857 utitur
2228 4798 2353 4858 Leo
2381 4799 2546 4876 Papa
2588 4798 2656 4858 in
2686 4797 2855 4858 dicto
2886 4816 3168 4859 sermone
3193 4819 3337 4860 con·

1767 4893 1865 4947 tra
1891 4889 2185 4967 Eutych„
2210 4896 2274 4949 et
2293 4890 2545 4964 Athen„
2573 4908 2758 4952 serm.
2780 4893 2816 4950 5
2836 4898 3049 4951 contra
3066 4892 3335 4967 Arrian„

1771 4986 1834 5041 et
1857 4982 2052 5059 Epist.
2114 4987 2331 5042 contra
2386 4984 2774 5063 SerapianoS,
2820 4988 2881 5044 et
2931 4985 3209 5046 oratione
3256 4986 3334 5047 ad

1770 5074 2153 5148 Maximum;
2203 5079 2266 5135 et
2314 5076 2436 5136 late
2484 5077 2900 5155 Hieronymus
2948 5095 3133 5156 super
3182 5079 3335 5138 Pau-

1769 5165 1922 5226 lum.
1951 5167 2083 5240 Qua
2108 5166 2371 5228 lectione
2392 5168 2725 5248 supposita.
2754 5171 3093 5248 respondeo
3128 5171 3332 5248 primo

1769 5277 1910 5319 cum
1948 5258 2407 5340 chrysostomo,
2439 5261 2550 5335 ibi,
2576 5261 2746 5322 hom.
2781 5263 2845 5336 6,
2872 5260 3134 5322 Paulum
3164 5261 3336 5340 loqui

1769 5354 1846 5415 de
1864 5354 2179 5429 hoereticO,
2194 5359 2267 5416 cu
2270 5357 2371 5436 jus
2392 5355 2733 5437 pertinacia
2756 5361 2901 5416 ante
2924 5355 3335 5419 monitionem

1767 5465 1894 5508 non
1921 5449 2069 5509 satis
2094 5453 2244 5510 nota
2274 5455 2429 5524 erat,
2454 5456 2517 5510 et
2535 5450 2701 5511 hunc
2720 5449 2857 5510 vult
2882 5449 3210 5528 Apostolus
3240 5469 3333 5511 se·

1767 5540 1894 5603 mel
1927 5546 1991 5601 et
2032 5541 2259 5604 iterum
2300 5544 2542 5604 moneri
2574 5549 2637 5604 et
2680 5543 2929 5615 instrui,
2982 5548 3046 5604 et
3097 5543 3147 5606 si
3202 5561 3329 5605 nou
