3900 6217
769 405 935 462 SECT.
972 409 1056 462 111.
1093 405 1350 472 QUARUM
1379 407 1593 465 RERUM
1627 405 1802 464 mons
1835 407 2061 465 Fussmr
2093 413 2154 463 ΙΝ
2188 405 2539 472 PRAECEPTO,
2577 405 2714 465 E'l'C.

170 503 472 570 vivendum
522 507 866 566 necessaria
919 513 1096 584 sunt3
1149 514 1214 569 et
1251 508 1393 570 ideo
1429 509 1702 590 oportuit

167 605 440 681 precepta
465 599 758 660 credendi
787 599 896 661 illa
925 602 1218 664 omnibus
1254 596 1516 684 imponi,
1553 603 1703 683 quia

166 695 304 771 leges
323 692 663 772 respiciunt
697 711 773 754 ea
800 713 939 773 quae
963 696 1333 773 regulariter
1361 697 1702 757 necessaria

165 791 301 846 sunt.
329 785 470 844 Alia
517 805 658 865 pars
697 789 896 866 posita
938 794 1032 850 est
1079 796 1328 868 propter
1372 789 1496 851 alia
1536 809 1701 868 quae-

165 881 303 952 dam,
347 897 510 957 quoe,
567 878 711 940 licet
753 881 1110 943 immediate
1169 903 1296 944 non
1345 883 1704 944 contineant

163 981 444 1051 praecepta
487 972 770 1047 moralia,
800 974 1258 1052 quodammodo
1280 982 1426 1037 sunt
1452 976 1702 1036 illorum

163 1063 568 1140 fundamenta,
613 1066 796 1145 quale
832 1073 926 1128 est
977 1069 1224 1131 credere
1267 1070 1701 1132 immortalita-

163 1163 264 1216 tem
289 1157 543 1233 animoe,
597 1166 659 1220 et
687 1165 822 1239 post
851 1169 1235 1240 praesentem
1278 1164 1476 1224 vitam
1513 1163 1704 1224 aliam

163 1269 455 1329 superesse
470 1267 493 1328 3
541 1258 605 1313 et
631 1252 824 1332 aliqui
853 1253 1071 1316 volunt
1097 1257 1166 1316 in
1199 1256 1298 1317 his
1320 1257 1506 1319 etiam
1537 1275 1704 1317 com-

162 1343 440 1422 prehendi
469 1347 982 1408 resurrectionem
1010 1367 1374 1428 corporum3
1417 1349 1522 1409 sed
1586 1350 1705 1411 hoc

159 1438 332 1514 magis
381 1436 647 1501 dubium
676 1445 790 1516 est,
819 1441 970 1521 quia
1017 1459 1220 1522 neque
1255 1461 1368 1523 per
1407 1461 1470 1504 se
1497 1444 1586 1504 ita
1615 1449 1708 1504 est

163 1531 564 1592 necessarium
593 1577 614 1608 ,
663 1551 864 1613 neque
897 1553 1180 1614 expresse
1207 1543 1270 1596 et
1319 1535 1606 1598 distincte
1638 1537 1706 1597 in

160 1621 272 1698 lege
329 1630 576 1686 naturae
627 1627 918 1688 omnibus
965 1629 1443 1709 proponebatur.
1503 1631 1709 1692 Potest

159 1715 320 1776 etiam
383 1717 504 1777 sub
569 1717 686 1781 hoc
741 1721 942 1800 capite
994 1723 1434 1802 comprehendi
1482 1741 1707 1803 praece·

158 1815 306 1887 ptum
343 1810 641 1874 credendi
674 1819 993 1893 peccatum
1024 1815 1351 1893 originale,
1395 1817 1544 1897 quia
1575 1816 1708 1878 haec

159 1903 410 1981 cognitio
459 1906 752 1985 explicita
794 1914 930 1969 erat
961 1911 1298 1972 necessaria
1347 1912 1560 1987 etiam,
1607 1911 1708 1972 vel

157 2003 212 2056 ut
238 1997 440 2058 adulti
461 2003 774 2080 propriam
800 2003 1354 2067 sanctificationem
1373 2023 1707 2085 procurare

157 2097 408 2167 possent,
440 2091 634 2154 velut
658 2098 945 2172 parentes
969 2103 1220 2175 possent
1243 2097 1586 2160 infantibus
1613 2116 1709 2158 re·

153 2183 412 2246 medium
443 2186 765 2248 adhibere.
797 2187 1024 2249 Dicunt
1049 2208 1196 2250 vero
1219 2191 1413 2269 aliqui
1437 2191 1707 2270 potuisse

151 2275 416 2339 homines
442 2279 552 2340 illo
581 2284 860 2360 tempore
892 2299 1002 2360 per
1028 2283 1474 2362 experientiam
1499 2291 1560 2344 et
1585 2283 1704 2345 dis·

148 2389 378 2432 cursum
413 2373 764 2435 naturalem
807 2392 1174 2452 cognoscere
1217 2377 1387 2438 hunc
1431 2377 1702 2458 lapsum,

150 2470 200 2522 et
232 2464 644 2543 indigentiam
677 2475 935 2528 naturae.
984 2468 1102 2530 Sed
1156 2469 1274 2530 hoc
1315 2470 1538 2530 falsum
1590 2478 1703 2546 est,

149 2557 274 2634 quia
303 2557 499 2634 juxta
549 2577 758 2620 veram
817 2560 1162 2621 doctrinam
1193 2563 1404 2623 nullus
1435 2562 1708 2624 defectus

149 2651 418 2726 poenaliS‚
440 2658 506 2711 et
522 2653 944 2732 experimento
964 2655 1413 2733 cognoscibiliS‚
1438 2662 1529 2717 est
1541 2675 1710 2717 nnnc

150 2743 513 2804 inhumana
542 2755 791 2822 natura,
821 2749 927 2826 qui
956 2767 1084 2809 non
1107 2757 1267 2810 esset
1287 2751 1352 2809 in
1382 2751 1551 2829 puris
1591 2770 1708 2811 na-

149 2835 472 2912 turalibus,
501 2839 554 2898 si
601 2839 670 2898 in
695 2839 817 2900 illis
843 2848 1155 2902 crearetur
1182 2841 1382 2910 homo
1405 2844 1539 2905 sine
1575 2862 1710 2924 pec-

149 2934 310 3006 cat03
351 2935 418 2990 et
472 2931 611 2991 ideo
659 2934 1004 2994 necessario
1044 2934 1376 2996 dicendum
1433 2944 1549 3013 est,
1598 2949 1710 3017 per

147 3023 540 3084 traditionem
570 3023 859 3087 habuisse
883 3027 1168 3088 homines
1196 3028 1369 3090 illam
1407 3031 1709 3108 cognitio·

149 3131 280 3174 nem
323 3121 389 3175 et
423 3123 806 3196 praeceptum
847 3119 1006 3197 ejus,
1055 3127 1115 3180 et
1151 3120 1238 3180 ita
1286 3123 1561 3201 potuisse
1601 3121 1710 3182 illo

149 3215 446 3288 praecepto
478 3209 768 3289 obligari,
821 3213 1106 3292 quamvis
1153 3214 1428 3275 discursu
1472 3221 1711 3295 tempo-

151 3303 246 3376 τῖε,
275 3308 337 3362 et
371 3301 697 3366 deficiente
751 3306 1106 3382 traditione,
1158 3307 1336 3370 facile
1374 3314 1712 3387 potuerunt

151 3395 322 3455 multi
349 3415 464 3476 per
491 3397 913 3476 ignorantiam
939 3401 1241 3475 excusari,
1257 3400 1422 3480 quod
1451 3401 1528 3464 de
1550 3402 1708 3463 mul-

151 3487 226 3546 tis
254 3488 390 3548 aliis
418 3492 765 3551 necessario
794 3491 1126 3554 dicendum
1153 3499 1265 3555 est.

227 3583 283 3642 5.
330 3581 570 3655 Quarta
603 3582 858 3646 assertio
913 3586 1228 3665 bipartita.
1245 3587 1530 3650 -Prior
1553 3607 1708 3670 pars

153 3675 452 3750 probatur.
484 3707 567 3722 --
611 3676 842 3737 Praeter
891 3677 1023 3738 haec
1069 3695 1198 3739 non
1265 3679 1518 3740 fuerunt
1566 3682 1710 3740 data

157 3766 220 3824 in
255 3766 382 3846 lege
410 3773 658 3828 naturae
702 3767 827 3830 alia
876 3777 1176 3850 praecepta
1235 3771 1522 3851 specialia
1565 3772 1711 3834 fidei

163 3860 453 3936 explicitas
468 3882 488 3936 ;
517 3861 584 3920 in
607 3860 744 3939 lege
769 3868 977 3923 autem
1008 3865 1236 3943 scripta
1273 3862 1526 3925 luerunt
1553 3884 1707 3926 non-

163 3952 320 4011 nulla
341 3952 418 4012 ad
440 3955 865 4032 operationem
894 3955 1114 4034 magis,
1145 3974 1335 4035 quam
1374 3958 1454 4018 ad
1485 3976 1705 4037 puram

167 4045 564 4120 cognitionem
609 4047 1003 4124 pertinentia.
1059 4049 1229 4108 Prior
1265 4068 1408 4128 pars
1433 4067 1708 4110 commu-

165 4135 257 4193 nis
294 4144 378 4196 est
417 4143 483 4198 et
532 4144 723 4212 certa,
763 4139 1164 4218 sequiturque
1192 4160 1266 4201 ex
1291 4141 1469 4203 dictis
1497 4143 1708 4222 dispu-

165 4228 375 4291 tatIone
414 4231 808 4310 praecedenti,
840 4234 989 4311 quia
1015 4233 1084 4293 in
1111 4233 1220 4294 illo
1246 4241 1408 4294 statu
1433 4254 1558 4296 non
1591 4236 1708 4295 fuit

169 4319 376 4400 aliquid
430 4323 601 4384 aliud
661 4326 1072 4386 necessarium
1124 4333 1195 4386 ut
1253 4328 1526 4387 medium
1558 4373 1578 4403 ,
1637 4334 1707 4387 ut

167 4411 253 4472 ibi
283 4422 584 4477 ostensum
620 4423 744 4493 est;
796 4435 942 4496 ergo
985 4437 1183 4498 neque
1208 4426 1275 4480 ut
1302 4427 1701 4498 preeceptum.

169 4506 446 4571 Probatur
471 4512 935 4589 consequentia,
985 4513 1130 4592 quia
1169 4512 1275 4573 illa
1303 4521 1436 4575 erat
1463 4520 1706 4574 tantum

167 4597 262 4658 lex
307 4609 560 4676 naturae,
608 4609 670 4664 et
719 4604 856 4664 idco
884 4623 1012 4666 non
1053 4605 1273 4666 habuit
1297 4606 1505 4685 aliqua
1545 4625 1700 4686 prae-

171 4699 362 4769 cepta,
415 4701 638 4775 praeter
684 4714 759 4756 ea
811 4716 949 4775 quae
991 4697 1420 4759 connaturalia
1483 4705 1700 4774 erant,

169 4785 320 4860 quod
366 4805 607 4866 semper
661 4788 1137 4868 intelligendum
1197 4795 1290 4851 cst
1353 4791 1428 4852 de
1477 4789 1705 4851 divinis

171 4882 488 4958 praeceptis,
522 4881 673 4960 quia
718 4898 795 4941 ex
819 4881 1114 4944 humanis
1154 4884 1498 4944 necessaria
1530 4890 1706 4946 erant

173 4970 382 5049 aliqua,
443 4993 580 5051 quae
634 4981 836 5036 essent
889 4976 1082 5037 veluti
1135 4976 1705 5052 determinationes,

175 5079 296 5138 quae
327 5083 398 5126 ex
429 5068 496 5128 vi
522 5067 670 5128 fidei
711 5066 911 5128 solum
955 5070 1326 5146 generaliter
1356 5069 1704 5147 dabantur,

175 5160 260 5226 ut,
285 5157 447 5219 verbi
477 5161 706 5238 gratia,
739 5160 892 5222 fides
919 5161 1179 5223 docebat
1224 5161 1549 5223 colendum
1577 5181 1707 5224 esse

179 5242 348 5308 Deum
363 5267 384 5328 3
416 5258 696 5331 poterant
726 5259 934 5315 autem
980 5253 1264 5316 homines
1299 5255 1452 5316 illud
1509 5255 1706 5316 deter-

183 5338 394 5402 minare
419 5345 495 5404 ad
547 5344 717 5405 bunc
750 5345 848 5406 vel
877 5345 954 5406 ad
985 5346 1163 5407 illum
1216 5349 1472 5407 modum
1509 5347 1709 5408 cultus

186 5426 266 5485 rel
289 5435 574 5513 sacrificii,
606 5445 668 5498 et
697 5444 1142 5518 consequenter
1184 5445 1318 5501 erat
1342 5446 1606 5519 potestas
1639 5441 1707 5500 in

191 5523 462 5598 republica
497 5528 772 5592 humana
801 5530 878 5590 ad
907 5532 1355 5612 imponendum
1409 5531 1524 5594 sub
1551 5550 1707 5610 prae-

465 5648 572 5695 111.

3222 407 3341 470 369

1781 515 1955 588 cepto
1978 509 2166 571 talem
2197 510 2448 571 modum
2472 510 2697 585 cultus,
2727 510 2824 572 vel
2853 511 3131 572 sacrificii
3146 526 3166 588 3
3188 517 3339 574 tunc

1780 609 1993 663 autem
2044 605 2193 664 satis
2244 610 2376 664 erat
2422 622 2783 682 cognoscere
2836 605 2985 666 talia
3030 611 3341 685 praecepta

1781 697 2050 776 quadam
2102 696 2221 758 fide
2252 697 2549 772 humana,
2582 699 2863 778 quamvis
2900 698 3109 778 aliquo
3154 684 3343 760 modo

1780 789 2043 850 fundata
2083 789 2151 851 in
2181 790 2571 868 generalibus
2602 790 2917 870 principiis
2940 790 3108 851 fidei.

1863 883 1922 943 6.
1973 883 2255 947 Secunda
2275 901 2427 965 pars
2442 883 2849 964 probatur.--
2874 885 3043 944 Circa
3078 883 3341 945 alteram

1783 981 2021 1056 partem
2046 975 2275 1062 delege
2303 976 2519 1052 veteri,
2550 976 2678 1036 div,
2696 975 2915 1038 Thom.
2942 977 3105 1037 dicta
3123 983 3337 1056 quaest.

1784 1071 1846 1144 6,
1875 1075 1995 1131 art.
2023 1069 2334 1144 l,videtur
2362 1067 2581 1130 docere
2610 1069 2675 1128 in
2703 1068 2811 1129 illa
2834 1069 2969 1148 lege
2999 1087 3124 1131 non
3152 1069 3341 1132 fuisse

1783 1162 2075 1242 specialia
2125 1167 2433 1242 praecepta
2476 1160 2643 1238 fidei,
2675 1180 2813 1241 quae
2856 1181 2982 1223 non
3024 1171 3227 1224 essent
3276 1165 3342 1225 in

1783 1254 1920 1334 lege
1944 1261 2218 1333 naturae3
2242 1256 2345 1316 sed
2370 1255 2845 1333 intelligendum
2868 1263 2959 1317 est
2982 1256 3057 1316 de
3082 1275 3343 1336 praecep-

1784 1349 1866 1410 tis
1894 1367 2033 1427 quae
2074 1367 2182 1428 per
2228 1366 2292 1408 se
2325 1349 2528 1427 primo
2571 1348 2801 1410 dantur
2843 1355 3095 1429 propter
3136 1351 3345 1428 cogni-

1787 1445 2045 1518 tionem,
2078 1447 2147 1503 ut
2182 1449 2273 1504 cst
2304 1449 2681 1523 praeceptum
2732 1442 3021 1522 explicite
3054 1442 3345 1504 credendi

1787 1535 2159 1597 Trinitatem
2201 1535 2301 1597 vel
2333 1536 2867 1609 incarnationem3
2900 1553 3045 1596 nam
3067 1536 3142 1597 de
3183 1536 3341 1612 aliis,

1787 1648 1924 1711 quse
1941 1649 2051 1710 per
2069 1649 2133 1692 se
2152 1629 2521 1690 ordinantur
2548 1629 2624 1690 ad
2649 1631 3092 1708 operationem,
3114 1647 3343 1708 negare

1787 1739 1916 1782 non
1945 1740 2269 1802 possumus
2312 1724 2465 1802 quin
2490 1723 2695 1802 aliqua
2719 1723 2951 1783 fuerint
2976 1725 3044 1782 in
3074 1721 3213 1800 lege
3239 1740 3345 1783 ve·

1787 1817 1925 1876 teri.
1958 1817 2114 1878 Nam
2146 1821 2207 1878 et
2235 1816 2481 1891 Paulus,
2507 1816 2584 1877 ad
2614 1819 2879 1879 Roman.
2911 1816 3117 1892 tertio,
3144 1815 3345 1894 legem

1785 1918 2063 1973 veterem
2090 1916 2269 1972 vocat
2292 1911 2491 1990 legem
2526 1915 2848 1988 factorum,
2868 1912 3025 1971 sicut
3054 1916 3116 1970 et
3142 1909 3343 1988 legem

1786 2022 2015 2064 novam
2042 2004 2189 2066 fidei
2230 2004 2433 2082 legem
2462 2003 2752 2084 appellat,
2789 2009 2851 2063 et
2876 2021 3018 2063 cum
3037 2003 3173 2082 ipsa
3211 2003 3347 2081 lege

1787 2103 1965 2159 erant
2005 2098 2155 2159 talia
2201 2098 2409 2178 aliqua
2444 2103 2751 2177 praecepta
2806 2097 3150 2158 necessario
3205 2115 3348 2158 con-

1786 2208 1948 2251 nexa
1962 2213 1979 2265 3
1996 2209 2145 2252 nam
2172 2191 2241 2252 in
2264 2191 2477 2270 primis
2497 2190 2909 2250 necessarium
2938 2196 3069 2251 erat
3101 2191 3348 2252 credere

1788 2283 1965 2344 illam
2000 2283 2203 2363 legem
2248 2301 2375 2344 esse
2406 2282 2707 2357 divinam,
2758 2288 2821 2343 et
2857 2289 2928 2343 ιιι
2958 2283 3145 2344 talem
3190 2282 3348 2343 obli-

1789 2395 1962 2456 gare,
1995 2378 2142 2454 quia
2165 2377 2283 2437 hoc
2306 2383 2439 2438 erat
2466 2377 2640 2456 quasi
2676 2377 3158 2438 fundamentum
3182 2377 3350 2438 illins

1787 2469 2163 2548 reipublicae.
2225 2469 2399 2530 Unde
2448 2470 2715 2531 secundo
2756 2476 2892 2532 erat
2936 2471 3348 2532 necessarium

1788 2563 1854 2622 in
1893 2562 2139 2642 speciali
2180 2562 2427 2623 credere
2477 2563 3003 2624 circumcisionem
3047 2570 3347 2643 tanquam

1791 2661 2241 2716 sacramentum
2271 2674 2310 2715 a
2337 2657 2459 2716 Deo
2487 2655 2725 2732 datum,
2770 2657 2920 2736 quia
2961 2665 3091 2718 erat
3118 2655 3349 2736 profes·

1789 2746 1880 2806 sio
1900 2746 2067 2808 illius
2090 2753 2305 2824 statua,
2339 2755 2403 2808 et
2424 2749 2598 2829 quasi
2621 2749 2817 2826 janua
2841 2748 2918 2809 ad
2948 2749 3121 2809 illam
3148 2749 3351 2809 Eccle-

1789 2838 1970 2914 siam,
2006 2846 2069 2900 et
2095 2840 2279 2900 simul
2334 2846 2467 2902 erat
2514 2842 2859 2902 remedium
2902 2843 3135 2920 peccati
3163 2841 3349 2920 origi-

1789 2931 1969 2992 nalis.
2007 2933 2213 2992 Tertio
2240 2934 2560 3012 oportebat
2588 2933 2776 2994 etiam
2817 2933 3044 2994 habere
3076 2934 3347 3013 aliquam

1791 3025 2209 3103 coguitionem
2234 3027 2674 3087 sacrificiorum
2691 3027 3193 3101 etsestivitatum‚
3210 3045 3349 3106 quae
3463 3099 3469 3108 Ι

1791 3135 1866 3178 ex
1894 3125 2205 3198 praecepto
2229 3119 2397 3180 illius
2424 3119 2577 3198 legis
2606 3120 3031 3195 servabantur,
3058 3121 3207 3198 quia
3234 3120 3350 3180 hoc

1791 3211 1980 3271 etiam
2005 3217 2140 3272 erat
2168 3211 2579 3272 necessarium
2616 3213 2695 3272 ad
2728 3213 2921 3274 bonos
2949 3212 3112 3274 illius
3138 3211 3352 3292 populi

1790 3322 2012 3364 moreS.
2044 3303 2219 3364 Unde
2267 3304 2411 3384 quia
2462 3305 2570 3366 illa
2601 3305 2833 3366 fiebant
2872 3307 2939 3366 in
2984 3305 3351 3384 recognitio-

1789 3413 1936 3456 nem
1976 3396 2435 3475 praeteritorum
2477 3396 2919 3458 beneficiorum
2971 3398 3104 3472 Dei,
3162 3399 3347 3458 etiam

1790 3489 1868 3549 de
1918 3487 2043 3548 illis
2084 3487 2361 3568 aliquam
2397 3488 2583 3550 fidem
2633 3489 2863 3552 habere
2912 3489 3253 3570 oportebat,
3288 3496 3391 3580 et¹

1790 3587 2116 3660 propterea
2158 3583 2501 3662 specialiter
2552 3582 3098 3644 commendabatur
3131 3601 3351 3662 paren-

1789 3674 1983 3748 tibus,
2012 3680 2085 3735 ut
2122 3693 2195 3734 ea
2240 3675 2557 3736 traderent
2604 3675 2752 3736 filiis
2790 3677 2938 3749 suiS,
2975 3682 3048 3736 ut
3083 3675 3189 3736 illa
3222 3694 3351 3735 me-

1789 3767 1990 3826 moria
2024 3773 2087 3826 et
2108 3766 2263 3827 fides
2285 3767 2353 3827 in
2382 3767 2611 3848 populo
2652 3774 3138 3844 conservaretur,
3157 3767 3348 3828 Exodi

1789 3858 2201 3920 duodecimo:
2235 3857 2384 3922 Cum
2431 3861 2701 3923 dixerint
2746 3861 2909 3923 vobis
2950 3859 3073 3946 fili}
3120 3862 3309 3923 vestri
3326 3887 3347 3921 .-

1794 3948 1941 4024 Quoe
1970 3959 2059 4014 est
2084 3954 2209 4014 ista
2230 3953 2443 4032 reliyio
2463 3951 2833 4032 (celebrandi
2846 3953 3077 4013 scilicet
3095 3953 3349 4032 phase)?

1787 4046 2040 4108 dicetis:
2082 4043 2343 4111 Victima
2366 4049 2669 4108 transitus
2696 4048 2946 4108 Domini
2974 4052 3084 4123 est,
3114 4049 3349 4127 quando

1788 4137 2084 4200 transivit
2099 4155 2211 4216 per
2248 4139 2447 4201 domos
2467 4139 2739 4219 filiorum
2763 4140 2991 4214 Israel,
3007 4140 3349 4218 percutiens

1789 4228 2152 4310 AE'wptios,
2206 4237 2320 4290 etc.
2345 4247 2366 4307 ;
2409 4232 2867 4292 Deuteronomii
2897 4234 2967 4294 6:
3018 4233 3177 4296 Hoeo
3204 4239 3349 4295 sunt

1780 4325 2110 4403 proecepta,
2154 4329 2210 4385 et
2242 4315 2625 4398 ceremoniae,
2674 4327 2852 4405 atque
2892 4326 3161 4404 judicia,
3202 4334 3345 4400 etc„

1785 4433 1917 4494 quoe
1945 4415 2345 4494 eyoproecipio
2372 4416 2501 4489 tibi,
2526 4422 2579 4478 et
2594 4416 2753 4494 filiis
2774 4434 2846 4479 ac
2864 4418 3169 4498 nepotibus
3194 4419 3343 4488 tuis,

1787 4511 2021 4570 cunctis
2078 4509 2303 4583 diebus,
2347 4513 2497 4579 eto„
2536 4514 2599 4568 et
2642 4508 2708 4568 in
2754 4509 2973 4571 eodem
3023 4509 3184 4570 libro
3219 4527 3349 4570 non
3451 4567 3455 4572 ,

1784 4617 1928 4660 raro
1946 4616 1969 4677 3
2004 4598 2243 4661 Psalmo
2277 4601 2731 4680 septuagesimo
2764 4601 3025 4680 septimo
3058 4623 3073 4662 ε
3108 4600 3351 4676 Quanta

1785 4694 2098 4756 mandavit
2162 4695 2446 4776 patribus
2500 4695 2753 4768 nostris,
2809 4701 2953 4759 nota
3031 4699 3228 4775 facere
3280 4714 3351 4760 ea

1779 4787 1938 4866 filiis
1962 4787 2116 4858 suis,
2142 4786 2265 4866 filii
2308 4788 2415 4868 qui
2462 4793 2804 4862 nascentur,
2838 4794 2895 4850 et
2944 4794 3258 4870 comperit,
3295 4796 3352 4852 et

1786 4879 2127 4941 narrabunt
2169 4879 2322 4958 filiis
2369 4879 2521 4954 suis,
2579 4886 2693 4941 etc.
2757 4881 3034 4960 Denique
3072 4899 3349 4943 necessa-

1787 4973 1952 5032 rium
1986 4977 2135 5032 tunc
2162 4972 2283 5032 fuit
2321 4971 2592 5052 aliquam
2622 4973 2808 5034 fidem
2858 4973 3087 5035 habere
3114 4974 3349 5036 Messias

1789 5065 2034 5124 venturi
2078 5064 2260 5142 juxta
2310 5065 2476 5125 dicta
2541 5064 2609 5125 in
2660 5065 3076 5144 disputatione
3120 5083 3350 5145 praecc-

1787 5157 1979 5221 denti.

1867 5254 1927 5316 7.
1976 5253 2061 5314 In
2082 5253 2451 5334 primoribus
2488 5253 2783 5316 Ecclesia»
2808 5271 3039 5336 semper
3074 5257 3203 5334 fuit
3250 5270 3349 5316 ne-

1787 5346 2059 5409 cessaria
2084 5346 2445 5425 amplicatior
2459 5348 2725 5425 fides.-
2748 5346 3212 5408 Advertendum
3240 5365 3349 5408 au-

1787 5445 1914 5500 tem
1970 5443 2060 5499 eat
2104 5438 2264 5498 hanc
2310 5440 2599 5500 ultimam
2653 5439 3079 5515 assertionem,
3128 5445 3191 5500 et
3236 5457 3349 5499 silio

1787 5535 1975 5595 etiam
1998 5531 2179 5592 modo
2207 5531 2618 5611 praecedentes
2645 5530 2911 5610 intelligi
2928 5532 3003 5593 de
3032 5531 3343 5594 communi

2946 5639 3026 5698 24
