3900 6217
695 386 865 439 smr.
886 385 1003 460 yn.
1041 384 1126 437 ΑΝ
1159 384 1456 437 ECCLESIA
1487 382 1730 437 SANGTA
1761 382 2147 437 Aros‘roLmA
2182 382 2280 437 sn·
2309 385 2391 438 ET
2424 383 2794 438 cAmOLtcA.

198 507 290 570 quc
316 486 416 549 hoe
455 485 758 567 precipue
792 503 1012 548 verum
1053 491 1171 560 est,
1217 502 1362 547 cum
1400 485 1562 547 ratio
1600 489 1694 545 to·

197 584 290 643 tius
313 598 405 661 per
433 598 492 641 se
517 580 738 643 salvari
765 584 966 661 potest
992 579 1059 639 in
1093 576 1238 639 solis
1267 578 1546 659 partibus
1569 576 1694 639 dic-

196 684 294 737 tam
323 674 566 735 formam
607 672 1001 747 habentibus,
1039 677 1133 746 ut,
1174 670 1242 731 in
1283 672 1480 750 posito
1521 688 1691 747 casu,

197 770 236 829 εἰ
267 766 436 827 solum
478 764 770 829 darentur
809 766 874 827 in
917 763 1184 829 Ecclesia
1237 763 1344 825 illa
1385 762 1688 839 membra,

195 879 300 943 quae
324 865 450 921 sunt
476 876 616 921 vere
651 864 867 920 sancta
893 862 957 919 81
981 844 1190 935 justa’,
1228 874 1372 917 vere
1414 867 1476 917 81
1511 854 1688 917 abso-

195 956 292 1017 lute
326 952 384 1013 in
431 951 550 1013 illis
596 952 942 1013 salvaretur
995 948 1263 1011 Ecclesia
1283 994 1302 1024 ,
1354 965 1428 1009 ac
1481 954 1694 1011 sancta

193 1054 328 1111 eset.
352 1046 718 1107 Consortium
736 1043 931 1125 igitur
953 1048 1338 1123 peccatorum
1361 1042 1690 1104 hominum

76 1198 78 1203 .
192 1160 288 1203 non
321 1137 559 1219 impedit
592 1135 1166 1201 denominationem
1194 1153 1335 1215 quae
1366 1135 1514 1199 huic
1549 1152 1696 1197 con-

189 1232 479 1312 gregationi
506 1249 618 1311 per
643 1250 710 1295 se
735 1230 1018 1295 debetur.

247 1330 296 1389 1.
336 1324 706 1408 oporteat-m
735 1342 968 1407 canapeo·
997 1341 1123 1388 esso
1148 1324 1218 1387 in
1254 1319 1538 1387 Ecclesia
1551 1320 1700 1402 jus-

76 1446 79 1461 ·
187 1428 276 1485 tos.
308 1452 378 1466 —
405 1418 518 1481 Sed
561 1423 800 1499 quaeret
839 1416 1066 1497 aliquis
1101 1434 1200 1485 an,
1221 1416 1302 1477 sit
1338 1416 1418 1477 de
1455 1414 1700 1477 ratione

185 1514 416 1576 Ecclesia
437 1510 666 1575 habere
695 1510 1036 1573 sanctitatis
1067 1510 1540 1591 proprietatem,
1583 1506 1702 1569 hoc

184 1626 325 1670 seusu
353 1616 418 1667 ut
439 1606 852 1669 necessarium
881 1605 1140 1665 omnino
1177 1604 1259 1665 sit
1292 1620 1426 1665 esse
1453 1618 1702 1682 semper

185 1704 238 1761 in
253 1698 490 1761 Ecclesia
515 1698 732 1777 aliqua
759 1696 1062 1773 membra,
1094 1696 1162 1759 in
1189 1696 1419 1777 quibus
1445 1698 1526 1757 sit
1555 1712 1702 1757 vcra

187 1793 422 1855 sanctitas
445 1797 506 1853 et
527 1790 822 1853 charitas.
868 1788 1262 1870 Respondeo,
1303 1790 1529 1851 dictam
1557 1806 1698 1868 pro-

185 1889 452 1967 prietatem
488 1902 620 1945 non
655 1882 968 1964 pertinere
1005 1882 1083 1945 ad
1122 1882 1484 1963 primariam
1517 1888 1580 1943 et
1608 1898 1702 1943 es-

184 1980 450 2043 sentialem
470 1978 784 2041 rationem
809 1976 1120 2053 Ecclesiae,
1150 1982 1222 2039 ut
1244 1976 1356 2050 sic;
1387 1982 1703 2037 ostensum

185 2082 256 2139 est
283 2074 432 2137 enim
465 2090 688 2153 supra,
729 2078 876 2133 sect.
913 2074 971 2146 1,
1016 2069 1204 2133 fidem
1235 2088 1366 2133 esse
1393 2067 1702 2131 sufficien-

187 2177 280 2229 tem
303 2166 368 2229 ad
397 2164 680 2228 unienda
709 2164 994 2227 Ecclesiae
1021 2163 1302 2227 membra
1325 2182 1342 2235 ;
1385 2162 1704 2226 nihilomi-

187 2280 294 2337 nus,
327 2260 377 2321 si
407 2259 482 2321 de
509 2257 807 2333 Ecclesia,
837 2264 909 2319 ut
942 2275 981 2319 a
1007 2257 1250 2321 Christo
1272 2256 1558 2317 instituta
1585 2261 1700 2331 est,

186 2356 482 2435 loquamur,
545 2358 796 2414 certum
859 2350 1118 2412 omnino
1172 2350 1438 2424 videtur,
1499 2366 1706 2428 neque

185 2448 354 2523 fuisse,
399 2463 596 2525 neque
651 2444 788 2507 fore
831 2440 1112 2523 unquam
1165 2449 1414 2523 tempus
1465 2443 1533 2503 in
1580 2458 1706 2522 quo

187 2560 284 2601 non
299 2542 499 2601 existat
521 2556 686 2601 vera
706 2536 997 2601 sanctitas
1019 2536 1087 2597 in
1109 2553 1364 2617 corpore
1391 2535 1704 2610 Ecclesiae,

189 2642 326 2714 atque
349 2632 490 2695 adeo
514 2631 586 2693 in
616 2630 940 2711 aliquibus
961 2629 1095 2707 ejus
1119 2628 1456 2706 membris3
1487 2645 1708 2708 quam-

191 2729 259 2789 vis
277 2746 380 2789 non
403 2728 478 2787 sit
495 2723 925 2794 necessarium
957 2740 1088 2785 esse
1109 2723 1176 2785 in
1206 2722 1302 2783 his
1329 2722 1430 2789 vel
1449 2721 1574 2783 illis
1599 2722 1706 2783 de·

195 2820 450 2881 tei-minate
475 2816 795 2899 sumpti83
825 2815 916 2877 ita
945 2816 1436 2896 interpretantur
1462 2832 1704 2875 omues.

203 2912 312 2986 lma,
325 2919 374 2973 et
394 2918 520 2973 tota
542 2909 830 2975 Ecclesia
847 2908 933 2971 ita
948 2908 1240 2986 intelligit
1257 2907 1396 2969 illos
1411 2906 1705 2969 articulos

213 3006 430 3083 symboli:
450 3006 655 3071 Credo
669 3009 950 3068 sanctam
973 3002 1346 3079 Ecclesiam,
1362 3006 1422 3066 ct
1448 3018 1704 3065 commu-

209 3098 374 3161 aim
422 3098 810 3163 Sanctorum
840 3124 868 3173 ,·
922 3096 1360 3176 colligiturque
1420 3113 1498 3178 ex
1558 3094 1708 3155 locis

200 3192 477 3271 Scriptura,
553 3194 628 3257 in
695 3191 922 3271 quihus
977 3190 1366 3270 promittitur
1424 3186 1708 3249 Ecclesioe

195 3286 434 3350 Christum
459 3294 522 3352 et
544 3287 862 3367 Spiritum
885 3286 1180 3347 Sanctum
1206 3288 1504 3363 perpetuo
1530 3282 1709 3343 habi·

193 3386 372 3441 taturos
391 3382 456 3442 in
479 3381 616 3445 illa.
656 3399 803 3460 quae
835 3396 1040 3458 supra,
1075 3378 1144 3439 in
1172 3384 1318 3439 sect.
1359 3379 1420 3447 3.
1449 3384 1706 3457 agentes

191 3471 244 3532 de
261 3475 640 3554 perpetuitate
669 3473 976 3549 Ecclesiae,
1003 3470 1405 3551 adduximus3
1436 3470 1500 3532 id
1516 3470 1706 3531 etiam

190 3573 376 3629 constat
395 3584 469 3633 ex
489 3568 777 3630 efficacia
804 3568 1348 3630 sacramentorum
1368 3610 1389 3641 ,
1435 3582 1703 3644 quorum

189 3678 325 3721 vexus
348 3679 488 3723 usus
519 3680 654 3726 non
691 3666 892 3741 potest
917 3661 985 3721 in
1011 3677 1159 3721 vera
1185 3658 1411 3719 Christi
1435 3656 1706 3719 Ecclesia

187 3750 430 3829 deficere3
478 3754 656 3817 unde
695 3752 768 3815 fit
807 3760 881 3815 ut
923 3753 1266 3815 necessario
1307 3750 1534 3830 aliqui,
1587 3748 1709 3811 sal·

187 3850 281 3905 tem
303 3846 554 3911 infantes
581 3848 912 3927 baptizati,
953 3864 1199 3927 semper
1225 3846 1350 3907 sint
1379 3842 1576 3905 sancti
1589 3859 1613 3923 3
1645 3849 1711 3905 et

188 3940 314 4003 idem
337 3942 509 4005 credo
539 3942 890 4007 certissime
917 3943 995 4006 de
1021 3940 1308 4024 plurimis
1337 3937 1568 4001 adultis
1599 3958 1615 3998 ε
1657 3938 1710 3999 si

188 4054 301 4098 vero
320 4038 716 4119 loqueremur
745 4037 822 4099 de
866 4037 1131 4099 Ecclesia
1158 4042 1304 4099 ante
1343 4033 1572 4096 Christi
1600 4031 1710 4095 ad·

188 4136 414 4204 rentum,
443 4130 764 4213 praecipue
791 4130 870 4192 de
901 4130 1084 4192 initio
1119 4130 1308 4202 illius,
1345 4146 1517 4204 cum,
1545 4126 1712 4188 scili-

189 4232 280 4298 cet,
307 4224 562 4287 Ecclesia
591 4224 844 4287 duobus
869 4224 1144 4287 tribusve
1171 4220 1492 4285 constabat
1516 4219 1714 4281 fideli-

187 4313 295 4391 hus,
333 4334 454 4380 non
501 4325 602 4382 est
649 4317 1075 4381 necessarium
1125 4316 1374 4379 credere
1413 4314 1483 4375 in
1536 4312 1712 4375 nullo

189 4408 402 4471 instanti
434 4410 536 4473 vel
575 4417 864 4493 tempore
895 4410 1228 4473 Ecclesiam
1265 4408 1530 4471 caruisse
1571 4424 1714 4485 gra-

191 4502 256 4561 tia
277 4530 308 4577 ,·
335 4503 542 4567 saltem
591 4504 958 4569 immediate
1019 4509 1156 4585 post
1219 4508 1542 4583 peccatum
1585 4500 1714 4581 pri·

191 4614 394 4659 morum
423 4607 760 4679 parentum
795 4622 814 4675 ;
859 4600 940 4661 de
976 4597 1213 4660 caeteris
1244 4613 1392 4658 vero
1417 4600 1543 4658 tem
1551 4594 1712 4673 pori·

191 4686 280 4749 bus
301 4690 446 4756 nihil
469 4700 562 4757 est
589 4694 852 4757 omnino
892 4698 1155 4768 certum,
1193 4690 1478 4769 quamvis
1507 4688 1715 4750 verius

195 4791 326 4845 certe
347 4786 628 4849 videatur
651 4804 976 4891 nunquam
1001 4782 1358 4859 Ecclesiam,
1388 4788 1714 4863 postquam

196 4872 245 4933 in
267 4876 458 4939 multis
479 4880 814 4959 propagari
847 4878 1062 4958 caepit,
1099 4876 1356 4937 omnino
1383 4874 1572 4937 fuisse
1607 4892 1715 4935 va-

197 4984 343 5030 cuam
379 4972 716 5047 charitate,
769 4972 936 5055 quod
984 4989 1063 5033 ex
1109 4970 1392 5031 discursu
1438 4968 1600 5029 facto
1640 4968 1718 5029 de

76 5054 79 5157 ᾗ
201 5057 316 5137 fide,
349 5064 408 5123 in
429 5066 620 5127 citata
646 5073 790 5127 sect
831 5067 894 5142 3,
935 5069 1216 5126 constare
1243 5067 1463 5143 potest.

265 5160 314 5215 5
351 5155 618 5225 Assertio
659 5160 920 5223 secunda
961 5158 1030 5221 dc
1073 5174 1198 5239 qua
1235 5156 1340 5218 lib.
1393 5158 1420 5216 1
1467 5156 1710 5231 Desm-

207 5244 337 5320 m,
365 5268 401 5313 a
423 5270 473 5315 c.
509 5251 918 5315 ¹5».um
939 5266 1123 5316 ema
1158 5266 1268 5312 cm·
1293 5246 1580 5311 Ecclcsia
1621 5248 1717 5311 di-

209 5346 346 5404 catur
380 5348 694 5410 catholica.
741 5378 822 5393 -
867 5344 1012 5406 Dico
1059 5341 1332 5405 secundo
1383 5341 1715 5403 Ecclesiam

211 5432 390 5495 Christi
429 5440 740 5502 verissime
784 5438 906 5499 dici
961 5443 1026 5499 et
1087 5452 1222 5499 esse
1283 5434 1710 5507 Catholicam3

211 5536 284 5587 est
317 5530 384 5591 de
407 5532 524 5593 fide
548 5550 628 5592 ex
669 5530 948 5613 symbolo
975 5527 1408 5611 Apostolorum
1435 5533 1500 5589 et
1522 5528 1716 5588 Nicae-

1772 502 1880 559 ιιο,
1910 502 1985 547 ac
2018 504 2127 565 per
2158 504 2223 549 se
2272 486 2423 551 satis
2470 492 2679 567 patet5
2712 500 2859 547 nam
2908 500 3041 550 esse
3082 486 3349 551 Catholi-

1773 594 1932 651 cam,
1988 578 2156 640 idem
2196 585 2290 641 est
2328 597 2401 641 ac
2448 596 2579 640 esse
2615 576 3043 641 miscrealem.
3086 579 3191 641 Est
3240 600 3349 641 au-

1775 674 1904 731 tem
1937 672 2205 733 Ecclesia
2250 672 2639 749 universalis,
2665 670 2868 752 primo
2906 673 3107 753 quoad
3126 673 3341 749 locum,
3372 722 3381 731 .

1775 764 1924 845 quia
1974 771 2103 826 toto
2132 764 2281 827 orbe
2306 765 2695 839 diffunditur,
2739 769 2810 824 ut
2840 764 3224 843 Augustinus
3250 769 3349 827 in·

1773 856 1912 936 quit
1939 858 2195 937 epistola
2242 861 2379 935 170,
2409 865 2473 921 81
2518 876 2794 923 sermon.
2835 859 2943 919 131
3006 864 3071 920 81
3120 862 3227 921 151
3270 860 3349 923 de

1772 951 2099 1030 Tempore,
2130 958 2193 1013 et
2218 953 2257 1012 2
2278 958 2443 1013 cont.
2468 952 2779 1025 Petiliam,
2806 969 2938 1031 cap.
2964 953 3067 1027 38,
3094 959 3157 1017 et
3184 971 3349 1033 saepe

1773 1042 1965 1119 alias;
1997 1053 2061 1105 et
2084 1050 2253 1125 patet
2280 1062 2355 1105 ex
2402 1045 2509 1107 illo
2550 1044 2767 1110 Matth.
2814 1044 3071 1108 ultimo:
3104 1046 3349 1125 Eume-5

1775 1137 1843 1197 in
1878 1138 2165 1201 mundum
2190 1136 2583 1208 univcrsem;
2608 1143 2672 1199 et
2704 1137 2929 1199 Psalm.
2964 1139 3077 1199 ⁴8:
3112 1139 3197 1203 In
3224 1157 3351 1203 om-

1773 1246 1908 1291 nem
1936 1232 2164 1293 terram
2190 1229 2381 1293 exivit
2410 1248 2619 1308 εοιιω,
2652 1236 2769 1293 818.
2802 1249 2817 1307 ;
2845 1237 2908 1293 81
2944 1233 3069 1303 481
3106 1231 3174 1313 4
3196 1233 3349 1301 solis

1779 1324 1921 1383 ortu
1946 1324 2239 1405 usquead
2276 1341 2575 1398 occasum,
2612 1330 2727 1386 ete..
2753 1347 2773 1401 3
2804 1330 2868 1387 81
2903 1327 2969 1386 ’11
3003 1346 3018 1385 :
3062 1327 3351 1396 Domina-

1779 1415 1946 1479 bitur
1980 1433 2021 1478 a
2049 1416 2209 1481 mari
2228 1434 2417 1498 mque
2442 1418 2729 1483 adosare.
2762 1420 3141 1499 Nequevero
3168 1438 3353 1501 opor-

1781 1514 1876 1571 tet
1919 1508 2009 1569 ita
2038 1526 2169 1571 esse
2212 1508 2549 1573 Ecclesiam
2598 1511 3017 1580 universalem
3074 1512 3230 1587 loco,
3284 1521 3357 1577 ut

1781 1601 1914 1681 jam
1941 1607 2145 1663 totum
2174 1602 2391 1665 orbem
2416 1604 2841 1685 occupaverit;
2870 1606 3019 1668 satis
3058 1613 3153 1669 est
3178 1606 3350 1678 enim

1781 1696 1910 1755 fere
1980 1694 2049 1755 in
2110 1700 2312 1757 totum
2364 1694 2583 1757 orbem
2643 1696 2829 1760 fuisse
2880 1698 3299 1762 introductam
3325 1743 3347 1776 ,

1783 1793 1845 1849 et
1893 1788 2136 1849 nullam
2198 1807 2329 1851 esse
2384 1790 2709 1869 regionem
2750 1791 2927 1871 cujus
2972 1810 3104 1853 non
3142 1792 3355 1874 aliqua

1783 1898 1926 1960 pars
1968 1880 2255 1945 Ecclesiae
2286 1888 2527 1963 partem
2580 1884 2897 1946 contineat
2910 1900 2933 1962 3
2960 1885 3116 1950 item
3142 1930 3158 1961 ‚
3203 1886 3353 1967 qula

1784 1973 1862 2034 de
1911 1974 2092 2037 scita
2146 1974 2345 2037 tendit
2381 1974 2462 2038 ad
2515 1976 2879 2041 universum
2910 1977 3129 2043 orbem
3174 1997 3351 2042 occu·

1785 2066 2087 2145 pandum,
2120 2073 2191 2128 ut
2216 2067 2377 2129 ratio
2409 2068 2543 2149 ipsa
2570 2070 2823 2133 suadeat
2850 2070 3186 2151 aliquando
3218 2073 3353 2143 fore

1784 2164 1858 2219 ut
1902 2165 2107 2223 totum
2149 2166 2425 2241 occupet.
2462 2161 2619 2224 Vide
2660 2164 3083 2247 Augustinum
3110 2211 3131 2243 ‚
3168 2166 3347 2249 epist.

1787 2254 1886 2327 50,
1929 2253 2040 2318 uhi
2078 2272 2212 2317 rem
2261 2253 2425 2317 hanc
2478 2264 2620 2336 apte
2659 2258 2925 2338 explicat
2936 2274 2959 2337 3
2996 2260 3241 2336 Dried.‚
3273 2261 3353 2323 li·-

1785 2344 1900 2407 bro
1931 2347 1975 2409 4
2002 2346 2081 2411 de
2108 2347 2484 2427 Dogmatib„
2516 2349 2700 2429 capit.
2733 2351 3029 2425 secundo,
3054 2358 3229 2434 parte
3254 2370 3353 2417 se-.

1787 2439 2012 2501 cunda.
2047 2439 2145 2501 Ab
2180 2440 2319 2513 aliis
2349 2448 2651 2521 praeterea
2696 2444 3122 2512 consideratur
3148 2447 3353 2509 Eccle-

1787 2532 1882 2596 sia
1932 2534 2302 2596 universalis
2340 2537 2540 2617 quoad
2586 2536 2779 2601 locum
2812 2584 2829 2612 ‚
2888 2540 3035 2619 quia
3073 2539 3141 2603 in
3185 2546 3355 2606 terra

1791 2628 2089 2703 militans,
2133 2626 2201 2689 in
2246 2638 2421 2707 parte
2459 2627 2702 2702 inferni=
2728 2648 3002 2711 purgans
3027 2678 3044 2705 ,
3078 2633 3149 2695 in
3197 2633 3354 2697 coelo

1789 2727 1884 2781 est
1933 2719 2351 2801 triumphans».
2384 2721 2671 2791 Secundo
2712 2725 3097 2804 universalis
3124 2727 3355 2799 dicitnr

1785 2815 1987 2897 quoad
2016 2832 2346 2899 personas,
2382 2816 2531 2895 quia
2576 2832 2795 2881 omnes
2834 2820 3093 2885 omnino
3136 2828 3355 2901 gentes

1785 2914 1848 2969 et
1873 2909 2157 2971 nationes
2182 2908 2263 2969 ad
2290 2926 2355 2969 se
2386 2915 2588 2983 vocat,
2621 2928 2825 2991 neque
2864 2912 3057 2987 aliam
3098 2912 3353 3069 ιιιὶςξ)11

1787 3019 1935 3064 nem
1980 3018 2188 3063 secum
2232 3002 2301 3063 in
2340 3002 2633 3065 universo
2682 3003 2833 3067 orbe
2879 3008 3225 3085 permittit,

1789 3114 1912 3176 quo
1952 3094 2159 3156 differt
2184 3095 2457 3157 maxime
2500 3114 2539 3157 a
2569 3114 2911 3177 synagoga.
2942 3100 3033 3161 lta
3058 3028 3355 3181 Augustin

1791 3207 1911 3249 nus
1949 3186 2112 3251 libro
2153 3187 2233 3252 de
2272 3187 2523 3251 Unitate
2565 3189 2851 3271 Ecclesiae
2910 3199 2975 3254 et
3008 3192 3165 3256 libro
3210 3212 3355 3257 con·

1789 3288 1888 3343 tra
1931 3281 2244 3358 Crescon.,
2274 3289 2337 3343 et
2375 3283 2557 3363 epist.
2588 3288 2707 3358 40,
2758 3286 2879 3360 50,
2928 3288 3029 3361 61,
3062 3294 3355 3371 patetque

1784 3375 2006 3437 Matth.
2040 3374 2169 3437 ult:
2204 3376 2419 3441 Docete
2450 3394 2661 3447 omncs
2674 3383 2919 3467 genten
2955 3380 3145 3444 Marci
3185 3382 3353 3445 ιιΙ1.·

1789 3468 1965 3563 ani
2012 3472 2358 3543 creatura-,-
2402 3468 2671 3545 1111ῼηί
2706 3488 2826 3546 uon
2865 3472 3073 3543 credit
3090 3476 3358 3539 condem-

1784 3564 2074 3635 stabitne-,-
2105 3565 2241 3625 Act.
2280 3565 2379 3641 15,
2415 3564 2567 3633 Luc.
2605 3566 2708 3640 24,
2739 3565 2819 3627 ad
2846 3566 3073 3641 Coloss.
3100 3569 3163 3643 3,
3192 3588 3351 3631 vers.

1791 3660 1889 3731 11,
1922 3656 2002 3717 ad
2051 3658 2261 3719 Titum
2306 3660 2362 3732 1,
2398 3675 2557 3721 vers.
2593 3661 2657 3733 4,
2695 3666 2756 3721 81
2800 3660 3026 3738 ΡειιΙιιι,
3054 3663 3135 3724 2:
3187 3664 3357 3729 Dabo

1791 3750 1900 3815 tibi
1923 3756 2130 3833 acum
2156 3749 2567 3819 hereditatem
2596 3756 2786 3829 ticam,
2826 3761 2889 3818 et
2924 3756 3359 3837 denique-ubi-

1788 3862 2057 3925 cumque
2098 3846 2341 3907 vocatio
2400 3846 2684 3925 gentium
2735 3847 2801 3913 in
2856 3848 3171 3930 Scriptura
3212 3870 3361 3932 pro-

1791 3939 2099 4015 mittitur-3
2144 3938 2398 4005 tandem
2450 3940 2527 4000 ad
2592 3940 2857 4016 Roman,
2892 3944 3023 4005 10·
3088 3942 3236 4011 Non
3266 3949 3366 4011 est·

1790 4031 2105 4097 distinctio
2140 4030 2349 4095 Judoei
2391 4038 2453 4097 et
2502 4030 2779 4141 ῥῑνωρίς
2822 4041 2885 4097 81
2925 4041 3067 4111 Act.
3100 4038 3220 4101 10·
3274 4040 3367 4108 In

1790 4126 2049 4189 veritate
2089 4126 2373 4207 comperi,
2412 4125 2559 4208 quia
2598 4144 2724 4189 non
2772 4133 2864 4195 aet
2898 4137 3173 4213 acceptor
3214 4152 3364 4216 per-

1793 4236 2083 4282 sonarum
2124 4220 2312 4293 Πρω,
2362 4221 2469 4283 scd
2516 4221 2585 4283 in
2636 4222 2799 4297 omni
2822 4230 3016 4304 qesta,
3032 4226 3163 4309 qui
3188 4226 3365 4300 timet

1793 4328 1949 4387 cum,
1982 4317 2043 4374 et
2068 4317 2355 4395 operatua·
2382 4312 2707 4403 justitiam
2720 4362 2739 4390 ,
2764 4321 3061 4400 κοσμίω,
3098 4326 3203 4395 occ,
3232 4320 3353 4391 illi,

1790 4405 1946 4467 Vide
1995 4405 2316 4479 Basiliam,
2350 4410 2379 4467 1
2425 4413 2591 4471 cont.
2624 4408 3005 4485 Eunomium
3026 4456 3043 4487 ,
3090 4419 3155 4480 at
3196 4414 3363 4481 dicta

1792 4517 1981 4579 supra
2036 4498 2114 4561 de
2168 4500 2407 4562 unitate
2466 4500 2749 4568 Ecclesiae
2774 4547 2795 4579 ,
2839 4510 2985 4565 sect,
3043 4508 3106 4567 4.
3154 4504 3361 4573 Tertio

1793 4591 2022 4653 dicitur
2064 4590 2375 4657 catholica
2414 4599 2693 4679 tempore,
2737 4597 2885 4677 quia
2925 4599 3218 4671 omnihus
3246 4602 3363 4663 du-

1793 4690 1892 4745 rat
1943 4686 2371 4765 temporibus:
2402 4688 2733 4752 videantur
2756 4686 3235 4773 dictasnperius
3282 4696 3363 4758 de

1795 4779 2207 4859 perpetuitate
2238 4780 2519 4843 Ecclesiae
2547 4825 2563 4855 ‚
2617 4788 2763 4845 sect.
2803 4786 2862 4845 3.
2894 4784 3127 4859 Quarto
3153 4832 3171 4865 ,
3216 4806 3365 4869 pro-

1795 4874 2101 4952 priissime
2144 4874 2369 4936 dicitur
2419 4872 2731 4943 Catholica
2762 4879 2997 4949 ratione
3032 4882 3362 4963 doctrina-,-

1797 4984 1946 5029 nam
1996 4968 2363 5031 catholicam
2416 4975 2480 5031 et
2535 4970 2946 5045 universalem
3010 4974 3363 5041 doctrinam

1795 5076 2040 5141 semper
2080 5061 2327 5136 retinet,
2374 5077 2565 5142 quam
2605 5063 2855 5141 Paulus,
2901 5066 3089 5132 citato
3120 5068 3257 5132 1080
3280 5071 3363 5132 ad

1793 5154 1940 5229 Tit„
1994 5170 2358 5218 communem
2388 5156 2571 5235 fidem
2608 5157 2965 5238 appellavit,
3028 5168 3102 5221 ut
3148 5162 3291 5225 Glos
3262 5180 3377 5235 esa.

1794 5246 1882 5307 ihi
1917 5246 2233 5323 advertit3
2260 5247 2489 5311 dicitur
2522 5258 2729 5313 autem
2766 5252 3051 5313 Ecclesiae
3084 5254 3366 5321 doctrina

1801 5338 2109 5403 Catholica
2134 5346 2195 5405 ct
2220 5340 2607 5416 universalis,
2630 5350 2764 5405 tum
2788 5345 2933 5423 quia
2964 5364 3091 5407 non
3124 5348 3365 5426 privato

1795 5432 2289 5513 uniuscujusque
2327 5434 2561 5512 judicio
2608 5437 2850 5511 nititur,
2880 5438 2983 5497 sed
3024 5439 3365 5501 universali

1797 5544 2123 5601 consensu,
2156 5532 2220 5587 et
2258 5528 2572 5587 communi
2602 5530 2999 5609 generalique
3042 5532 3260 5612 regula
3290 5534 3367 5595 fi-
