3900 6217
551 410 716 465 sssc'r.
751 413 792 466 1.
827 412 912 466 ΑΝ
947 412 1244 467 CHRISTUS
1276 412 1546 469 norimus
1576 408 2011 467 umvsnsALEn
2044 410 2355 467 ECCLESIAE
2385 412 2593 467 cunm
2626 412 2845 479 Peme,
2880 412 3016 469 mc.

229 512 360 595 quod
378 511 634 573 dicturus
663 516 843 584 esset,
874 528 1077 592 neque
1098 511 1206 574 illa
1233 511 1504 574 nominis
1531 518 1730 573 muta-

229 610 297 669 tio
319 604 385 667 ad
407 611 756 685 praesentem
787 622 1134 667 sermonem
1159 623 1410 685 prorsus
1437 604 1727 679 referret3

225 718 353 763 novo
400 714 535 777 ergo
577 696 860 777 imposito
910 698 1164 761 nomine
1197 744 1217 774 ,
1270 696 1419 760 novi
1463 698 1731 778 provisio

225 791 456 855 muneris
490 789 830 869 significata
851 792 982 853 sine
1017 790 1206 853 dubio
1238 797 1352 865 est,
1389 798 1460 853 ut
1493 792 1732 853 notavit

223 884 465 965 cyrillus,
491 882 646 942 libro
669 886 934 945 secundo
953 885 1018 947 in
1041 886 1368 961 Joannem,
1401 886 1598 965 capite
1625 888 1688 945 2.

287 978 370 1038 13.
407 976 476 1035 Et
502 992 578 1036 ex
611 975 709 1035 his
751 977 938 1037 etiam
967 983 1136 1058 patet
1173 977 1514 1038 secundum
1542 992 1564 1054 3
1592 976 1732 1038 ideo

221 1072 358 1135 enim
396 1070 603 1129 Petrus
631 1076 810 1150 petra
845 1070 1126 1131 Ecclesioe
1170 1072 1554 1141 nominatur,
1587 1072 1733 1151 quia

220 1166 326 1243 ejus
363 1167 554 1241 pastor
599 1168 664 1221 et
705 1170 909 1224 rector
941 1164 1308 1225 universalis
1363 1165 1738 1225 constitutus

217 1266 309 1331 est,
351 1261 413 1316 ut
459 1255 668 1316 Patres
710 1274 928 1319 omnes
972 1264 1314 1337 exponunt.
1366 1258 1526 1319 Hine
1565 1260 1736 1319 enim

217 1348 512 1412 Concilium
569 1346 1106 1426 chalcedonense,
1165 1356 1283 1411 act.
1335 1352 1434 1427 13,
1488 1350 1736 1413 Petrum

213 1448 362 1503 vocat
383 1446 614 1521 petram
639 1450 702 1505 et
723 1444 1102 1523 crepidinem
1126 1442 1430 1506 Ecclesiae.
1462 1443 1736 1505 Athana·

213 1537 337 1611 sius,
355 1534 416 1595 in
444 1536 701 1615 epistola
723 1535 806 1596 ad
840 1537 1104 1598 Felicem
1133 1538 1385 1619 Papam,
1407 1554 1596 1617 quam
1619 1555 1734 1599 suo

212 1635 260 1690 et
281 1626 536 1689 Ecclesiae
571 1628 1004 1692 Alexandrinas
1043 1631 1296 1692 nomine
1321 1630 1603 1711 scripsit:
1637 1632 1735 1695 Pu

213 1741 288 1795 es,
333 1723 527 1803 inquit
543 1770 563 1800 ‚
619 1725 849 1789 Petrus
873 1772 890 1799 ,
943 1732 1002 1791 et
1053 1744 1232 1805 super
1281 1728 1735 1805 fundamentum

213 1822 369 1890 tuum,
417 1816 716 1881 Ecclesioe
765 1820 1083 1893 columnae,
1137 1820 1208 1883 id
1253 1825 1361 1895 est,
1409 1818 1732 1901 Episcopi,

213 1916 326 1973 sunt
357 1911 645 1991 firmatoe.
701 1912 1192 1993 Chrysostomus,
1237 1914 1496 1975 homilia
1547 1916 1625 1975 55
1668 1912 1734 1973 in

214 2002 416 2079 Metili,
453 2010 514 2064 et
540 2002 656 2065 alii
688 2008 1084 2085 expositor-ea,
1115 2008 1304 2085 graeci
1337 2014 1399 2069 et
1431 2006 1634 2081 latini,
1666 2005 1734 2069 in

212 2094 356 2155 illum
371 2094 428 2156 lo
440 2114 581 2157 eum
603 2113 627 2177 3
646 2099 1050 2177 Augustinus,
1069 2118 1253 2163 serm.
1278 2102 1349 2162 11
1375 2098 1452 2161 de
1469 2100 1731 2176 Sanctis,

215 2194 261 2249 et
287 2188 390 2249 Leo
421 2190 610 2269 Papa,
641 2210 925 2254 sermone
961 2196 1001 2254 2
1029 2192 1096 2255 in
1126 2194 1450 2256 Annivers.
1477 2210 1606 2255 suoe
1640 2212 1736 2255 as-

215 2282 556 2362 sumptionis,
587 2290 656 2345 et
681 2284 1013 2363 MaximuS,
1039 2304 1321 2348 sermone
1349 2286 1426 2349 de
1456 2288 1636 2349 Petro
1672 2293 1736 2349 et

215 2374 394 2455 Pau103
426 2376 748 2457 Paulinus,
780 2378 1038 2460 epistola
1071 2382 1114 2441 4
1155 2380 1234 2441 ad
1273 2380 1594 2455 Severum,
1627 2380 1735 2441 Pe·-

215 2474 346 2527 imm
385 2478 552 2531 vocat
601 2471 1084 2535 fundamentum
1134 2472 1416 2535 Ecclesioe
1427 2489 1450 2551 3
1487 2478 1550 2535 et
1591 2474 1736 2535 Am·

216 2558 428 2639 hrosius,
461 2564 526 2624 in
568 2562 818 2643 hymno
860 2585 1046 2647 quem
1095 2565 1360 2628 Ecclesia
1397 2566 1736 2647 saepissime

221 2653 368 2729 canit,
408 2656 668 2717 Petrum
711 2666 890 2719 vocat
934 2660 1216 2722 Ecclesiae
1249 2662 1492 2723 Petram
1526 2678 1542 2722 ε
1575 2662 1734 2735 Hoc,

221 2745 407 2825 inquit,
446 2749 586 2831 ipsa
633 2754 814 2833 petra
851 2753 1152 2817 Ecclesia.»
1193 2758 1455 2829 canente,
1499 2754 1740 2835 eulpam

229 2838 378 2911 danie,
415 2844 576 2921 quod
633 2846 872 2906 notavit
913 2840 1318 2925 Augustinus,
1348 2844 1510 2908 libro
1546 2848 1576 2908 1
1622 2846 1741 2909 Re-

236 2936 379 3009 tract,
402 2952 531 3017 cap.
567 2937 879 3017 vigesimo
906 2940 1129 3020 primo.
1155 2940 1387 3001 Eadem
1416 2940 1740 3021 expositis>

239 3040 288 3083 ne
307 3033 538 3089 utuntur
567 3030 1072 3110 frequentissime
1116 3034 1326 3097 Patres
1343 3078 1364 3109 ,
1407 3034 1742 3095 Anacletus

233 3116 362 3197 Papa,
385 3122 651 3203 epistola
669 3124 874 3203 tertia,
899 3127 1098 3206 capite
1132 3127 1314 3189 tertio
1325 3144 1346 3206 3
1369 3126 1739 3209 CyprianuS,

227 3210 279 3271 de
299 3212 520 3277 Unitate
547 3216 866 3291 Ecclesiae,
891 3218 1160 3281 habetur
1185 3220 1288 3298 24,
1319 3222 1643 3300 quaestion.
1677 3224 1735 3297 1,

225 3320 322 3384 cap.
345 3308 644 3391 Loquitur
657 3312 973 3389 Dominus,
987 3320 1050 3375 et
1074 3315 1251 3395 epist.
1279 3314 1358 3377 ad
1373 3316 1673 3393 Quintum
1693 3319 1735 3376 ¹.

224 3398 336 3459 item
357 3401 398 3461 1.
422 3404 478 3479 4,
504 3405 759 3485 epistol.
782 3408 846 3483 9,
876 3414 937 3467 et
959 3408 1196 3487 epistol.
1224 3408 1304 3469 ad
1331 3409 1701 3488 Jahajanum
1716 3425 1738 3487 ;

223 3490 431 3571 August.
439 3541 459 3572 ,
481 3496 592 3560 lib.
629 3500 670 3559 2
694 3498 771 3561 de
793 3500 1054 3580 Baptis.,
1081 3520 1136 3563 c.
1167 3503 1197 3563 1
1227 3523 1240 3563 :
1271 3500 1562 3566 Coeterum
1579 3504 1740 3585 quis,

221 3584 285 3645 ait
301 3632 318 3659 ,
359 3590 580 3653 nesciat
643 3592 898 3656 Petrum
951 3590 1342 3675 Apo-stolatus
1387 3595 1745 3677 principatu

222 3678 414 3743 cuilibet
449 3685 868 3768 Episcopatus·
917 3704 1041 3749 esse
1083 3690 1562 3769 praeferendum?
1599 3690 1745 3751 Ter-

221 3770 445 3851 tullian„
485 3779 562 3838 de
601 3778 984 3858 Praescript.;
1023 3780 1301 3858 origen„
1331 3781 1550 3845 homil.
1592 3784 1631 3845 5
1677 3782 1744 3843 in

3248 406 3369 473 285

1810 511 2013 573 solum
2036 511 2393 585 adversarii,
2422 512 2527 573 sed
2554 512 2741 575 etiam
2767 514 2977 574 Patres
3003 511 3140 573 aliis
3168 512 3371 578 modis

1809 606 2127 667 interdum
2160 612 2505 686 exponunt,
2535 606 2598 667 id
2627 604 2791 685 quod
2824 610 3065 684 oportet
3098 604 3372 667 breviter

1811 699 2138 777 attingere,
2162 707 2235 760 ut
2260 700 2487 761 veritas
2508 698 2851 761 evidentius
2876 704 3135 759 constet.
3166 698 3372 763 Prima

1812 792 2113 875 expositio
2156 798 2268 868 est,
2297 793 2488 855 verba
2532 792 2661 869 illa,
2696 808 2878 873 super
2917 792 3071 855 hanc
3102 798 3367 874 petram,

1811 902 1939 947 non
1968 885 2048 945 ad
2078 886 2350 962 Petrum,
2374 886 2477 947 sed
2508 886 2587 947 ad
2620 887 2782 947 Petri
2806 885 3249 949 confessionem
3275 906 3372 949 re·

1812 978 1983 1040 terri.
2020 980 2107 1039 lta
2134 979 2448 1050 Ambros„
2482 978 2641 1041 libro
2672 980 2713 1039 6
2756 978 2823 1039 in
2865 979 3038 1056 Luc.,
3068 980 3273 1060 capite
3298 983 3370 1057 93

1816 1071 2307 1151 chrysostomus,
2332 1072 2591 1134 homilia
2620 1073 2698 1133 89
2722 1072 2787 1131 in
2814 1072 3059 1149 Matth.;
3082 1072 3371 1152 Cyrillus,

1814 1164 2045 1245 dialog.
2084 1166 2125 1227 4
2165 1166 2243 1227 de
2277 1166 2579 1229 Trinitate
2605 1181 2628 1243 3
2670 1164 2891 1241 Hilar.,
2922 1165 2967 1225 l.
2998 1167 3039 1227 6
3072 1165 3147 1227 de
3174 1166 3375 1228 Trini-

1813 1263 1963 1321 tate.
2007 1258 2181 1319 Hanc
2225 1260 2672 1338 expositionem
2718 1258 3055 1321 Lutherani
3096 1258 3374 1321 libentis-

1815 1350 1971 1411 sime
2008 1350 2467 1431 amplectuntur
2493 1372 2509 1412 :
2560 1352 2613 1413 si
2670 1358 2879 1412 autem
2926 1368 3055 1413 non
3091 1350 3376 1415 excludat

1815 1444 2089 1523 priorem
2138 1462 2391 1507 sensum
2438 1445 2815 1524 explicatum
2876 1444 2989 1522 (ut
3048 1444 3376 1509 excludere

1813 1536 2060 1599 videtur
2090 1537 2425 1615 Arboreus,
2474 1537 2635 1599 libro
2672 1540 2709 1599 5
2748 1536 3121 1615 Theosoph.,
3174 1540 3375 1619 capite

1815 1633 1900 1709 5),
1942 1633 2051 1711 qui
2081 1638 2177 1693 est
2210 1649 2426 1693 revera
2468 1631 2757 1713 proprius
2790 1637 2852 1693 et
2894 1630 3197 1707 litteralis,
3237 1651 3375 1713 pos·

1814 1731 1906 1785 set
1932 1723 2034 1785 hic
2076 1725 2379 1787 secundus
2420 1725 2693 1803 admitti,
2742 1726 2885 1803 quia
2928 1728 2994 1787 et
3041 1742 3169 1786 una
3210 1725 3375 1787 litte·

1813 1836 1886 1877 ra
1909 1818 2115 1897 plures
2142 1835 2356 1879 sensus
2380 1820 2631 1899 patitur,
2660 1826 2725 1879 et
2749 1824 2949 1879 totum
2974 1819 3139 1896 quod
3162 1818 3229 1879 in
3257 1818 3375 1881 hac

1814 1911 2195 1991 expositione
2230 1910 2507 1987 affertur,
2549 1912 2617 1973 in
2666 1930 2732 1973 se
2778 1927 2997 1972 verum
3048 1916 3177 1989 est3
3226 1930 3373 1975 nam

1815 2005 2005 2065 etiam
2032 2004 2187 2065 fides
2206 2010 2298 2067 est
2324 2023 2434 2065 suo
2463 2004 2647 2066 modo
2670 2004 3149 2071 fundamentum
3174 2004 3377 2067 Eccle-

1813 2098 1940 2173 siae,
1980 2104 2052 2159 ut
2083 2098 2449 2179 praecedenti
2482 2098 2919 2178 disputatione,
2948 2098 3213 2161 sectione
3248 2099 3375 2178 pri-

1814 2210 1919 2255 ma
1960 2192 2252 2267 vidimus,
2284 2198 2349 2253 et
2380 2192 2579 2270 magis
2616 2192 3073 2255 accommodate
3100 2191 3180 2254 ad
3206 2193 3377 2255 huno

1815 2286 2018 2347 locum
2042 2284 2195 2347 fides
2215 2283 2463 2361 Christi,
2484 2302 2671 2365 quam
2695 2286 2910 2347 Petrus
2931 2286 3239 2347 confessus
3258 2293 3371 2364 est,

1816 2378 2043 2441 dicitur
2074 2378 2577 2455 fundamentum,
2606 2396 2737 2441 non
2762 2386 3059 2459 tanquam
3086 2382 3275 2462 quod,
3306 2390 3377 2443 ut

1817 2471 2135 2534 dialectice
2174 2471 2526 2553 loquamur,
2564 2472 2673 2533 sed
2711 2479 3008 2552 tanquam
3041 2492 3198 2554 quo;
3232 2476 3379 2554 quia

1817 2566 2121 2627 nimirum
2150 2564 2448 2627 confessio
2471 2567 2635 2627 Petri
2658 2566 2778 2627 fuit
2801 2566 2892 2627 illi
2920 2567 3377 2645 quodammodo

1817 2659 1979 2720 ratio
2008 2678 2115 2720 seu
2144 2659 2459 2738 dispositio
2488 2658 2567 2720 ad
2595 2660 2929 2740 primatum
2954 2660 3239 2723 Ecclesiae
3266 2661 3378 2723 ob-

1818 2752 2171 2823 tinendum,
2200 2760 2271 2814 ut
2298 2752 2733 2832 Hieronymus,
2762 2753 3032 2815 Hilarius
3060 2759 3124 2817 et
3151 2756 3257 2819 alii
3284 2758 3379 2818 in·

1818 2852 2263 2929 terpretantur.
2293 2847 2371 2909 Et
2400 2846 2518 2909 hoc
2556 2845 2740 2907 modo
2786 2847 3089 2927 expositio
3131 2849 3269 2911 hinc
3312 2850 3381 2913 in

1821 2942 2088 3019 primam
2118 2940 2361 3017 incidit,
2390 2942 2548 3003 sicut
2574 2945 2638 3001 et
2662 2940 2785 3002 alia
2812 2940 3049 3020 Cyrilli,
3078 2942 3383 3005 nimirum

1821 3034 2089 3113 intelligi
2116 3032 2302 3097 fidem
2332 3034 2496 3097 Petri
2523 3034 2755 3095 summi
2782 3032 3065 3095 Ecclesiae
3093 3036 3382 3113 Pastoris,

1821 3144 1961 3207 quas
1990 3126 2251 3189 deficere
2278 3146 2407 3189 non
2445 3134 2670 3209 potest,
2710 3144 2851 3189 cum
2878 3127 3163 3191 Ecclesiae
3196 3128 3383 3191 fidem

1819 3226 2017 3283 totam
2058 3220 2514 3301 quodammodo
2550 3220 2871 3283 sustineat.
2903 3219 3048 3293 Quoe
3085 3222 3385 3302 expositio

1821 3331 1948 3375 non
1978 3304 2175 3375 solum
2211 3315 2521 3375 contraria
2549 3308 2723 3375 nohis
2754 3331 2881 3375 non
2909 3321 3021 3391 est,
3048 3314 3157 3377 sed
3184 3316 3387 3395 potius

1820 3406 1980 3468 bene
2008 3407 2279 3468 ostendit
2304 3406 2457 3487 quid
2483 3408 2563 3469 sit
2593 3408 2843 3469 Petrum
2870 3425 2997 3469 esse
3024 3414 3287 3487 petram.
3319 3409 3386 3471 in

1821 3518 1948 3579 qua
1978 3500 2277 3561 fundatur
2310 3499 2600 3575 Ecclesia,
2640 3500 2941 3563 nimirum
2978 3518 3107 3562 esse
3136 3502 3387 3563 univer·

1825 3596 2016 3655 salem
2060 3601 2391 3675 pastorem,
2435 3613 2513 3656 ex
2540 3612 2663 3674 quo
2697 3592 2975 3655 Ecclesioe
3010 3594 3294 3673 firmitas,
3324 3602 3390 3675 et

1823 3688 1892 3749 in
1922 3706 2070 3750 vera
2098 3688 2377 3749 doctrina
2400 3687 2767 3763 constantia,
2790 3693 3089 3769 tanquam
3115 3706 3194 3749 ex
3218 3694 3387 3751 certa

1824 3787 1888 3842 et
1911 3780 2227 3843 infallibili
2254 3780 2469 3861 regula
2508 3780 2757 3861 pendet,
2787 3798 2974 3861 quem
3000 3798 3251 3845 sensum
3277 3782 3387 3843 ha·

221 3862 400 3943 Exod„
442 3875 502 3930 et
547 3870 774 3933 homil.
807 3875 846 3933 6
891 3874 972 3933 ad
1007 3876 1297 3953 Roman„
1337 3895 1522 3957 quem
1553 3878 1746 3939 refert
1803 3869 1930 3937 “bet
1943 3876 2130 3937 eiiam
2156 3874 2849 3955 Epiphanius,2contra
2874 3874 3167 3949 Haereses,
3190 3875 3257 3936 in
3282 3877 3383 3937 59.

221 3961 370 4021 etiam
403 3962 651 4039 Euseh„
681 3964 824 4027 libr.
857 3968 897 4027 6
925 3966 1179 4046 Biston,
1206 3988 1338 4051 cap.
1379 3970 1456 4032 19
1467 3994 1488 4047 ;
1519 3970 1743 4047 Hilar.,

223 4050 252 4109 6
274 4052 334 4113 de
357 4056 600 4134 Trinit.,
642 4066 708 4121 et
741 4062 974 4122 Canon.
1019 4062 1097 4124 16
1133 4064 1200 4123 in
1239 4062 1486 4137 Matth.;
1529 4065 1744 4141 Basil„

221 4142 306 4206 lib.
325 4150 358 4209 2
383 4151 454 4212 de
481 4152 721 4232 Spiritu
743 4154 967 4217 Sancto
979 4177 998 4231 3
1022 4154 1336 4233 Ambros„
1363 4160 1540 4220 Lucas
1569 4161 1749 4239 quin-

225 4243 291 4311 ιο,
324 4248 377 4301 et
402 4260 684 4307 sermone
715 4249 821 4323 47,
851 4254 915 4311 et
943 4267 1228 4313 sermone
1255 4250 1334 4311 de
1379 4252 1525 4313 Fide
1561 4252 1746 4329 Petri,

225 4336 272 4391 et
323 4332 389 4395 de
425 4336 626 4398 Natali
663 4338 830 4401 Petri
872 4349 934 4401 et
975 4342 1171 4405 Pauli.
1229 4343 1386 4405 Vide
1428 4362 1563 4427 cap.
1607 4345 1753 4413 Nou

227 4426 416 4501 turbat,
446 4430 750 4510 vigesimo
780 4444 1028 4514 quarto,
1051 4426 1274 4515 quaest.
1303 4439 1366 4514 5,
1398 4445 1460 4499 et
1479 4456 1615 4517 cap.
1641 4438 1752 4502 Fi-

227 4516 396 4595 ddior,
417 4522 475 4582 d.
501 4528 579 4587 50
589 4542 612 4603 3
635 4526 890 4588 Hieron.
897 4572 918 4603 ,
940 4528 1006 4589 in
1026 4529 1264 4591 dictum
1283 4530 1487 4593 locum
1504 4531 1750 4609 Matth„

229 4616 276 4667 el
303 4614 326 4669 1
357 4623 560 4678 contra
586 4618 930 4696 Joviuian„
957 4626 1021 4682 et
1046 4622 1276 4685 Jerem.
1307 4624 1408 4699 16,
1435 4629 1498 4684 et
1527 4623 1749 4685 Ezech.

229 4704 278 4777 4,
297 4708 484 4789 Greg„
507 4712 550 4773 1.
575 4714 642 4789 4,
668 4714 844 4793 epist.
873 4718 952 4779 32
978 4722 1038 4778 et
1064 4718 1168 4793 33,
1193 4724 1257 4781 et
1281 4717 1322 4781 l.
1352 4721 1414 4795 3,
1438 4718 1615 4799 epist.
1638 4720 1750 4795 373

233 4800 482 4882 August„
510 4825 780 4869 sermon.
815 4812 920 4886 24,
948 4812 1028 4873 20
1065 4818 1128 4875 et
1169 4815 1250 4875 29
1277 4812 1354 4873 de
1393 4812 1658 4887 Sanctis,
1691 4816 1757 4874 et

235 4908 467 5041 {ermom
510 4901 627 4962 124
667 4900 746 4965 de
791 4904 1116 4987 Tempore,
1147 4911 1210 4969 et
1237 4904 1442 4986 plures
1469 4905 1636 4967 infra
1657 4923 1755 4967 re-

257 5004 418 5049 eram.

305 5082 385 5144 14.
407 5084 864 5155 Examinantur
888 5093 1285 5174 expositiones
1313 5094 1477 5157 alioe.
1523 5094 1666 5160 Vide
1689 5094 1759 5156 ia

245 5170 448 5247 Deseris,
473 5180 642 5257 fidei,
672 5182 810 5245 libr.
840 5184 896 5260 3,
931 5187 1118 5269 capit.
1147 5188 1246 5262 21,
1280 5204 1318 5249 a
1347 5204 1513 5249 num.
1551 5188 1646 5249 10.
1677 5218 1760 5234 -

243 5260 428 5331 Prima
447 5276 756 5354 expositio.
783 5308 866 5323 -
887 5282 974 5340 At
1001 5280 1171 5342 enim
1207 5278 1410 5341 locum
1436 5280 1602 5341 hunc
1629 5297 1758 5343 non

250 5460 328 5606 ᾖ*
365 5460 506 5616 Ἷξὶἱο
534 5466 754 5531 Pamel.
789 5470 856 5531 in
886 5470 1061 5549 epist.
1093 5470 1172 5531 ad
1211 5469 1534 5547 Quintum,
1547 5485 1758 5551 qnaes-

287 5566 376 5611 on.
477 5600 491 5617 .
1471 5572 1486 5587 ·

1909 3972 2008 4032 15.
2058 3966 2345 4033 Secunda
2366 3966 2903 4049 expositio—Alia
2939 3968 3240 4049 expositio
3266 3969 3389 4031 l're·

1826 4083 2026 4145 quens
2052 4065 2238 4126 etiam
2266 4062 2429 4143 apud
2464 4063 2671 4123 Patres
2714 4067 2829 4139 est,
2858 4066 3121 4141 petram,
3149 4062 3215 4123 in
3236 4080 3383 4141 qua,

1827 4167 1899 4219 ut
1921 4157 2197 4219 Christus
2220 4153 2603 4235 pronuntiat,
2624 4152 2922 4215 fundatur
2942 4154 3233 4229 Ecclesia,
3258 4172 3389 4215 esse

1829 4254 2036 4331 ipsum
2060 4268 2245 4331 quem
2268 4250 2482 4311 Petrus
2499 4247 2703 4309 fuerat
2724 4246 3067 4309 confessus:
3094 4264 3238 4309 nam
3258 4254 3330 4309 ut
3352 4252 3383 4311 1

1833 4344 2110 4407 Corinth.
2140 4346 2177 4405 3
2217 4344 2471 4405 dicitur:
2506 4340 2989 4405 Fiandammtum
3028 4340 3206 4403 aliud
3223 4359 3389 4407 nemo

1828 4444 2027 4519 potest
2040 4456 2261 4521 ponere
2280 4440 2510 4519 prester
2534 4435 2621 4509 id,
2649 4431 3081 4516 quodpoeitum
3104 4437 3217 4508 ost,
3236 4436 3397 4517 quod

1834 4539 1926 4597 est
1967 4532 2248 4597 Christus
2284 4532 2468 4593 Jem
2490 4554 2512 4601 ,·
2542 4529 2652 4607 qui
2678 4528 2879 4605 capite
2907 4529 2981 4589 10
3006 4530 3187 4609 petra
3212 4546 3395 4591 voca·

1833 4633 1972 4703 tur;
2004 4633 2069 4688 et
2108 4622 2323 4689 Matth.
2352 4624 2463 4685 21:
2516 4619 2706 4701 Lapis
2738 4620 3079 4700 anqularis.
3128 4620 3220 4682 Ita
3267 4621 3395 4683 Au-

1835 4721 2141 4801 gustinus,
2172 4733 2455 4779 sermone
2488 4716 2565 4777 13
2599 4715 2674 4775 de
2704 4713 2917 4775 Verbis
2936 4714 3205 4789 Domini,
3235 4720 3397 4775 trac·-

1833 4820 1973 4875 tatu
2002 4810 2223 4873 ultimo
2276 4810 2343 4871 in
2370 4809 2579 4884 Joan„
2624 4815 2686 4870 et
2721 4811 2750 4868 1
2806 4812 3015 4883 tract„
3053 4808 3251 4887 capite
3287 4809 3391 4885 21,

1834 4909 2141 4966 memorat
2182 4922 2247 4965 se
2274 4902 2608 4981 aliquando
2648 4901 3000 4980 exposuisse
3028 4917 3208 4978 super
3239 4901 3395 4965 hano

1827 5005 2093 5083 petram,
2140 4996 2210 5059 id
2232 5002 2324 5061 est
2356 4995 2635 5071 Peto-imi,
2688 5002 2751 5057 et
2803 4993 3257 5075 quodammodo
3298 5012 3395 5055 re—

1835 5096 2061 5153 tractat
2098 5091 2301 5171 potius
2325 5089 2660 5151 dicendum
2700 5086 2927 5149 inisse:
2964 5088 3051 5150 Id
3072 5094 3164 5151 est
3190 5085 3397 5149 Chris-

1839 5191 1969 5249 twm
1985 5231 2006 5262 ,
2046 5185 2329 5265 quamvis
2372 5181 2625 5244 tandem
2690 5188 3018 5259 utramque
3059 5181 3398 5259 expositio-

1837 5298 1985 5345 nem
2012 5277 2303 5339 admittat
2338 5282 2637 5355 tanquam
2678 5272 3083 5353 probabilem.
3134 5273 3213 5333 Et
3262 5274 3399 5353 qui·

1840 5370 1986 5435 dem
2018 5372 2069 5433 si
2112 5370 2188 5432 de
2215 5388 2283 5432 re
2310 5369 2445 5449 ipsa
2489 5386 2596 5449 per
2648 5386 2713 5429 se
2762 5367 3117 5445 loquamur,
3157 5376 3398 5429 certum

1841 5473 1934 5528 est
1961 5463 2162 5526 solum
2186 5464 2496 5524 Christum
2528 5460 2861 5521 Dominum
2886 5476 3013 5518 esse
3038 5462 3309 5537 primum
3336 5466 3399 5520 et

1840 5556 2180 5638 principale
2208 5556 2681 5618 fundamentum
2710 5570 2833 5633 quo
2864 5556 2992 5612 tota
3011 5548 3276 5611 Ecclesia
3301 5550 3400 5615 ni-
