3900 6217
574 386 694 447 53⁰

575 492 724 553 bani
749 488 849 564 Ν,
877 488 1022 551 122·oe
1047 488 1304 559 eunctis,
1335 492 1452 549 etc.
1476 485 1831 547 Admonent
1843 500 1991 544 vero
2012 482 2141 561 ple-

577 585 776 663 rique,
808 585 874 643 in
899 580 1122 660 quibus
1149 586 1238 641 est
1270 580 1500 651 Pcnha‚
1531 597 1670 639 cum
1691 578 2041 657 Eymerim,
2076 577 2143 637 in

581 676 934 748 Direetorio,
965 694 1024 753 p.
1059 675 1118 745 3,
1151 679 1364 751 quoest.
1427 675 1494 735 31
1529 672 1825 747 3Molina,
1857 671 1934 733 de
1955 670 2143 733 Justi-

579 773 690 843 tia,
709 776 885 829 tract.
915 770 978 841 5,
995 767 1154 845 disp.
1173 768 1275 841 28,
1297 784 1360 827 n.
1380 767 1495 836 2:23
1527 764 1794 838 CenedO,
1815 762 2137 823 collectan.

583 866 682 937 14,
714 882 778 923 n.
806 863 883 936 23
916 863 1099 934 Azor,
1142 866 1294 921 tom.
1329 863 1388 933 1,
1427 856 1470 917 1.
1503 860 1566 931 8,
1597 875 1730 935 cap.
1777 858 1879 932 18,
1919 860 2136 934 quaest.

580 959 678 1031 13,
711 962 888 1017 caute
929 972 1070 1015 cum
1101 952 1176 1013 iis
1206 970 1336 1013 esse
1363 952 1700 1031 agendum,
1731 951 1840 1029 qui
1866 946 2143 1027 superio-

575 1068 708 1111 rem
736 1045 1140 1126 temporalem
1172 1064 1300 1107 non
1333 1049 1700 1123 agnoscunt,
1731 1041 1946 1121 quales
1994 1046 2141 1101 sunt

575 1142 1000 1220 imperatoreS,
1030 1156 1228 1216 regeS,
1254 1156 1328 1198 ac
1377 1136 1663 1197 nonnulli
1707 1135 1811 1195 alii
1861 1133 2137 1213 ejusdem

573 1233 960 1295 conditionis·
1010 1232 1166 1292 Nam
1194 1232 1261 1291 in
1311 1230 1408 1291 his
1436 1228 1672 1289 casibus
1724 1225 2138 1288 consulendus

575 1328 776 1407 potius
804 1332 960 1387 esset
989 1328 1278 1386 Summus
1306 1323 1606 1404 pontifex,
1647 1322 1699 1383 si
1730 1321 1888 1381 forte
1915 1335 2137 1380 eorum

572 1420 763 1498 aliqui
809 1421 876 1479 in
935 1417 1221 1478 haeresim
1273 1418 1653 1492 inciderent3
1698 1414 2037 1495 praesertim
2082 1410 2136 1470 si

572 1511 956 1585 scandalum,
1005 1511 1246 1586 seditm,
1306 1510 1406 1571 vel
1449 1509 1665 1570 similis
1718 1507 1878 1569 alius
1917 1505 2136 1567 infelix

571 1607 774 1669 exitus
817 1605 1129 1666 timeatur.
1198 1604 1344 1676 Quae
1399 1602 1560 1663 ratio
1604 1602 1682 1663 de
1735 1598 2135 1661 inferioribus

571 1699 852 1778 dynastis
885 1716 1013 1757 non
1035 1714 1210 1775 aeque
1231 1695 1544 1775 procedit3
1570 1692 1875 1772 siquidem
1915 1691 2135 1751 adver-

573 1810 677 1853 sus
703 1791 862 1865 hos»,
883 1790 938 1851 si
984 1788 1382 1867 deliquerint,
1412 1792 1703 1867 poterunt
1737 1784 2137 1865 Inquisitores

573 1884 828 1947 brachio
854 1901 1072 1962 regum
1101 1880 1403 1960 superiori
1429 1880 1732 1958 adjuvari.

653 1979 754 2039 25.
806 1976 967 2051 Quid
1015 1976 1082 2037 do
1145 1974 1459 2062 opisqopis.
1488 2005 1571 2020 —
1591 1972 1729 2034 Jam
1777 1988 1926 2033 vcro
1972 1970 2139 2033 inter

537 2066 546 2073 ’
573 2071 1012 2132 ecclesiasticas
1043 2085 1333 2146 personas
1360 2067 1633 2146 primum
1663 2064 1869 2126 locum
1897 2064 2138 2124 obtinet

575 2164 867 2225 Summus
897 2160 1200 2235 Pontifex,
1231 2159 1306 2220 de
1333 2178 1480 2238 quo,
1511 2162 1563 2219 si
1593 2162 1659 2219 in
1692 2157 1973 2219 haeresim
2010 2154 2137 2219 labi

578 2274 754 2336 posse
791 2255 1098 2329 credatur,
1151 2254 1298 2315 satis
1327 2252 1561 2313 dictum
1594 2256 1689 2313 est
1731 2268 1940 2330 supra,
1972 2249 2131 2328 disp.

585 2352 686 2425 10,
717 2356 860 2411 sect.
883 2352 942 2411 ti.
971 2348 1056 2407 De
1081 2344 1452 2407 consecratis
1480 2346 1546 2405 in
1574 2344 1910 2423 episcopos,
1941 2343 2135 2404 etiam

577 2442 884 2517 titulares,
915 2447 980 2501 et
1006 2440 1084 2499 de
1127 2436 1548 2517 superioribus
1589 2434 1994 2513 dignitatibus
2022 2436 2136 2495 Ar-

575 2534 1126 2613 chiepiscoporum,
1173 2530 1668 2591 patriarcharum
1689 2576 1702 2599 ,
1756 2526 1979 2607 quibus
2026 2526 2136 2587 ad-

576 2628 765 2689 dendi
793 2634 938 2687 sunt
979 2623 1354 2696 cardinales,
1404 2626 1682 2701 exceptio
1728 2622 1932 2700 prima
1974 2620 2137 2681 facta

576 2730 668 2782 est
690 2723 754 2781 in
777 2722 937 2798 jure,
989 2725 1059 2778 ut
1085 2716 1332 2777 nonnisi
1373 2734 1412 2775 a
1455 2716 1712 2775 Summo
1735 2713 2027 2775 Pontifice
2054 2712 2133 2773 de

581 2814 806 2875 liaeresi
835 2812 1217 2892 judicentur,
1247 2826 1382 2887 rap.
1415 2808 1847 2888 Inquisitom,
1892 2807 1969 2867 de
1998 2806 2135 2867 1103-

579 2909 810 2981 reticis,
857 2910 924 2965 in
959 2906 1024 2965 6.
1076 2903 1193 2965 L'bi
1224 2920 1304 2963 ne
1349 2901 1604 2981 quidem
1631 2901 1979 2981 inquirere,
2022 2917 2135 2963 ne.-

579 3002 730 3061 dum
746 2999 1026 3078 judicare
1042 2996 1168 3057 tale
1201 2994 1451 3073 aliquod
1473 2996 1709 3055 crimen
1731 2993 1808 3055 de
1833 2993 2133 3072 episcopis

577 3094 891 3166 definitur,
929 3095 1259 3170 aperteque
1305 3094 1605 3149 notarunt
1636 3087 2017 3165 Villadiego‚
2056 3087 2134 3149 de

576 3185 915 3259 Haereticis,
935 3192 1150 3263 quoest.
1177 3184 1212 3241 7
1226 3198 1248 3258 ;
1273 3179 1652 3254 Calderinns,
1681 3180 1898 3241 eodem
1925 3180 2130 3253 titulo,

576 3300 632 3341 c.
665 3280 729 3355 8,
776 3295 954 3339 num.
981 3278 1058 3353 93
1093 3275 1433 3345 Carrerius,
1464 3292 1640 3335 num.
1689 3274 1769 3335 *14
1783 3290 1806 3351 ;
1841 3274 2134 3353 Reperto-

577 3374 746 3434 rium
777 3370 1242 3449 Inquisitorum‚
1280 3366 1470 3427 verbo
1510 3363 1886 3446 Episcopus,
1927 3366 2007 3427 ad
2052 3368 2131 3442 23

577 3467 916 3537 Simancas,
965 3463 1042 3523 de
1078 3458 1403 3521 Catholicis
1452 3459 1969 3535 institutionibus,
1994 3476 2133 3538 cap.

578 3562 688 3635 253
719 3560 950 3627 Penne,
969 3558 1158 3617 citato
1171 3554 1303 3617 loco
1319 3554 1656 3629 Directorii,
1676 3560 2007 3617 comment.
2030 3556 2137 3630 78,

581 3659 642 3713 et
670 3652 801 3713 alii.
829 3650 1018 3729 Cujus
1044 3647 1366 3709 decisionis
1417 3647 1578 3708 ratio
1611 3647 1800 3727 plana
1842 3654 1967 3724 est,
2006 3648 2139 3727 ipsa

583 3745 882 3807 nimirum
913 3740 1186 3820 dignitas
1212 3740 1384 3801 illius
1427 3744 1644 3815 status,
1691 3745 1754 3801 et
1796 3740 2139 3801 incommo-

583 3840 662 3899 da
683 3856 821 3916 quae
841 3835 1020 3898 facile
1043 3840 1292 3913 possent
1317 3849 1660 3907 occurrere,
1681 3833 1736 3893 si
1755 3832 1910 3893 tales
1931 3850 2139 3912 perso-

583 3950 682 3992 nae
707 3930 775 3991 in
803 3927 1101 3989 tribunali
1127 3925 1550 4007 inquisitionis
1575 3925 1942 4004 respondere
1971 3932 2140 3987 tene-

581 4032 818 4084 rentur.
847 4022 1058 4100 Itaque
1085 4025 1276 4080 tantae
1313 4019 1406 4079 rei
1441 4017 1710 4096 gravitas
1739 4019 1959 4081 merito
1982 4020 2139 4081 Pon·

583 4117 764 4179 tificis
811 4115 1054 4177 Summi
1097 4111 1334 4192 judicio
1384 4118 1737 4173 reservatur
1780 4127 1797 4172 ι
1853 4112 1936 4173 ob
1982 4112 2141 4174 hanc

587 4210 756 4272 enim
785 4208 1068 4269 eamdem
1094 4207 1398 4267 rationem
1425 4204 1740 4283 graviores
1765 4204 1905 4266 aliae
1940 4223 2143 4267 causoe

585 4302 937 4365 criminales
965 4300 1406 4380 Episcoporum
1436 4314 1545 4376 per
1585 4297 1806 4359 Sedem
1838 4297 2143 4377 Apostoli-

586 4416 720 4459 cam
747 4394 1172 4457 terminandas
1197 4411 1326 4453 esse
1358 4393 1651 4453 statuitur
1691 4393 1760 4451 in
1785 4409 1920 4470 cap.
1951 4389 2145 4454 Acm-

589 4494 788 4564 satus,
817 4505 958 4549 cum
987 4485 1410 4565 sequentibus,
1441 4486 1506 4562 3,
1537 4503 1600 4564 q.
1633 4485 1694 4559 6,
1735 4490 1800 4545 et
1835 4484 2006 4545 alibi.
2040 4486 2146 4545 Sa-

588 4586 790 4662 tisque
833 4581 1129 4659 expressit
1172 4578 1630 4651 Tridentinum,
1671 4594 1816 4639 sess.
1866 4578 1970 4649 24,
2003 4596 2057 4637 0.
2106 4580 2145 4639 5

589 4675 952 4749 Reformat„
999 4672 1110 4733 ubi
1147 4670 1321 4731 addit
1374 4669 1728 4748 generalem
1772 4670 2147 4732 commissio·

587 4786 734 4831 nem
789 4764 1146 4846 inquirendi
1203 4762 1282 4825 de
1324 4763 1645 4842 quibusvis
1695 4764 1969 4842 personis
2018 4782 2146 4825 non

591 4860 916 4939 complecti
939 4858 1288 4937 Episcopos,
1319 4863 1720 4935 oportereque
1759 4863 1828 4917 ut
1865 4858 2146 4935 specialis

591 4954 826 5014 mentio
853 4952 930 5014 de
969 4952 1056 5013 eis
1085 4950 1192 5011 fiat
1227 4951 1295 5009 in
1324 4949 1780 5024 commissione,
1803 4968 1876 5011 ac
1899 4950 2149 5011 nonnisi

591 5047 821 5106 virtute
865 5044 1004 5104 talis
1053 5042 1504 5104 commissionis
1547 5059 1627 5102 ex
1669 5042 1948 5121 specialis
2000 5041 2149 5103 facti

591 5138 995 5199 instructione
1028 5154 1343 5215 processus
1369 5135 1544 5196 fiant.
1571 5135 1879 5195 Nimirum
1903 5138 2008 5212 (ut
2034 5154 2149 5215 ego

593 5232 938 5306 existimo),
965 5229 1016 5289 si
1045 5230 1366 5308 negotium
1387 5246 1526 5289 cam
1563 5228 1835 5307 patiatur
1867 5244 2144 5306 moram3

593 5324 870 5401 alioquin
897 5323 950 5381 si
975 5322 1316 5401 periculum
1339 5322 1420 5383 sit
1456 5328 1526 5382 ut
1544 5322 1878 5401 Episcopus
1905 5320 2149 5382 haereti-

595 5436 730 5491 cus,
753 5422 866 5477 aut
886 5415 1069 5494 plane
1101 5416 1177 5477 de
1200 5416 1418 5477 haeresi
1443 5422 1758 5494 suspectus
1784 5414 2066 5475 elabatur
2084 5421 2151 5477 et

594 5511 716 5573 alio
749 5510 970 5591 fugiat,
995 5508 1142 5570 fidei
1167 5524 1352 5571 causa
1393 5526 1508 5571 suo
1533 5510 1709 5587 quasi
1749 5509 1892 5587 jure
1937 5514 2149 5589 postu·

1039 387 1274 442 Disrur.
1311 388 1418 444 XX.
1453 386 1534 439 ΒΕ
1566 384 1856 439 kenenus
1887 382 2201 435 necti-:sm
2230 380 2479 437 CONTRA
2510 384 2805 437 RAERESES
2837 386 2919 437 m·
2949 386 3326 439 BAERETICOS.

2220 481 2333 558 lat,
2374 491 2445 544 ut
2490 489 2704 545 contra
2739 484 3046 563 ejusmodi
3078 485 3437 547 haereticum
3464 504 3627 569 usquc
3651 496 3711 555 ad

3818 370 3820 445 ι

3818 450 3820 497 Ι

3818 504 3820 543 l

2222 592 2529 637 carcerem
2556 577 2919 655 procedatur
2946 596 2961 637 ε
2994 580 3507 657 quemadmodum
3534 590 3587 644 et
3605 584 3713 663 jure
3819 574 3820 643 j

2224 669 2441 731 eodem
2496 684 2711 731 contra
2765 671 2970 750 ipsum
3022 672 3140 733 erit
3198 692 3315 752 pro
3376 675 3714 739 concionibus
3819 660 3820 743 ζ

2225 762 2557 839 agendum,
2616 763 2873 842 aliisque
2922 764 3145 839 modis,
3188 767 3241 825 si
3271 766 3427 827 torte
3470 786 3683 846 pravam
3702 819 3716 847 ,

2222 872 2411 933 quam
2441 856 2743 935 concepit,
2774 856 3119 919 doctrinam
3148 860 3215 919 iu
3244 859 3467 937 vulgus
3494 871 3715 941 spargat,
3819 894 3820 919 l

2220 954 2331 1007 aut
2360 948 2427 1007 in
2456 949 2887 1011 communibus
2916 951 3191 1011 moribus
3231 953 3621 1031 corruptelam
3644 957 3721 1015 in-

2219 1039 2426 1101 ducat.
2456 1042 2657 1121 Atque
2672 1041 2791 1103 hoc
2814 1050 2979 1105 certe
3002 1044 3340 1105 intendunt
3368 1044 3531 1107 citati
3554 1058 3722 1111 aucto-

2218 1152 2341 1204 res,
2386 1133 2535 1195 dum
2584 1134 2761 1197 aiunt
2794 1137 2815 1211 (
2832 1136 3007 1197 nulla
3049 1136 3210 1199 facta
3260 1138 3571 1199 mentione
3592 1158 3724 1201 eom-

2219 1224 2531 1287 missionis
2560 1226 2925 1307 pontificiae)
2954 1230 3149 1308 recipi
3174 1248 3351 1308 posse
3374 1230 3603 1292 testium
3646 1235 3726 1293 de·

2218 1318 2553 1395 positiones
2576 1327 2791 1381 contra
2818 1322 3171 1401 episcopum
3192 1322 3573 1399 haereticum,
3590 1333 3651 1385 ut
3666 1326 3727 1387 ad

2218 1410 2437 1473 Sedem
2492 1411 2901 1491 Apostolicam
2944 1416 3468 1497 transmittantur.
3527 1418 3639 1478 lmo
3676 1420 3726 1480 id

2216 1502 2419 1582 ipsum
2456 1522 2583 1565 non
2630 1506 2887 1569 obscure
2914 1506 3177 1569 habetur
3220 1509 3291 1569 in
3318 1527 3451 1589 cap.
3502 1511 3727 1592 Inquisi-

2214 1601 2397 1674 τοῦτο,
2425 1598 2511 1659 ibi
2542 1617 2556 1659 :
2594 1599 2675 1663 Si
2702 1599 2993 1665 sciverint
3019 1601 3442 1676 calcaverint,
3458 1604 3649 1683 utique
3667 1624 3725 1666 ex

2214 1688 2599 1770 depositione
2624 1692 2924 1767 aliorum;
2966 1693 3147 1755 aliter
3176 1696 3349 1757 enim
3376 1695 3527 1759 scio-e
3554 1698 3637 1757 vel
3657 1700 3727 1759 iu·
3819 1752 3820 1757 ,

2214 1784 2437 1858 conire,
2464 1785 2553 1845 ita
2596 1791 2669 1847 ιιι
2698 1786 3085 1866 probabilem
3124 1804 3379 1850 causam
3429 1789 3495 1849 iu
3534 1789 3724 1868 judicio

2218 1876 2529 1937 Pontificis
2568 1877 2799 1939 faciant
2822 1927 2837 1951 ,
2882 1896 3011 1941 non
3052 1880 3363 1943 dicentur.
3420 1882 3521 1941 Est
3562 1888 3724 1943 autem
3819 1856 3820 1937 ᾗ

2216 1972 2373 2034 adeo
2404 1980 2784 2035 reservatum
2808 1974 3091 2037 Pontifici
3113 1977 3421 2055 judicium
3450 1978 3527 2039 de
3555 1978 3723 2040 haeresi

2220 2064 2653 2145 Episcoporum
2672 2112 2689 2141 ‚
2741 2074 2813 2129 ut
2865 2068 3009 2129 licet
3056 2070 3449 2148 inquisitioni
3490 2072 3726 2133 Cardine-
3819 2044 3820 2107 ἶ

2216 2157 2372 2220 lium
2400 2160 2835 2239 deputatorum
2872 2165 3197 2237 commissa
3222 2164 3305 2223 sit
3331 2164 3625 2225 ordinaria
3648 2182 3727 2244 po-

2216 2259 2399 2315 testas
2449 2254 2807 2332 inquirendi
2830 2300 2849 2327 ,
2904 2262 2967 2316 et
3012 2274 3333 2336 processus
3376 2258 3625 2319 faciendi
3668 2260 3727 2320 de

2214 2346 2437 2409 haeresi
2462 2348 2899 2428 Episcopornm
2918 2394 2937 2422 ‚
2966 2367 3093 2411 non
3116 2358 3331 2412 tamen
3374 2350 3624 2412 finaliter
3652 2354 3727 2429 ju-

2214 2440 2461 2501 dicandi
2484 2440 2711 2519 absque
2730 2460 2981 2503 recursu
3006 2445 3085 2504 ad
3108 2444 3491 2511 Pontificem,
3512 2451 3577 2503 ut
3599 2451 3728 2523 patet

2212 2534 2279 2593 in
2319 2534 2760 2612 Extravaganti
2788 2535 2881 2595 Pii
2910 2536 3011 2609 lv,
3050 2554 3191 2617 quae
3214 2536 3441 2617 incipit
3466 2536 3729 2600 Βοηιιπκε

2214 2625 2535 2703 Pontifex,
2558 2632 2673 2689 etc.

2290 2720 2391 2781 26.
2444 2720 2606 2794 Quid
2652 2723 2723 2785 do
2768 2722 3131 2803 officialibus
3174 2723 3517 2805 Pontifiois.
3558 2752 3629 2767 —
3650 2721 3729 2781 Se-

2212 2815 2415 2874 cunda
2436 2818 2717 2894 exceptio
2758 2820 2823 2877 in
2848 2818 2993 2894 jure
3023 2824 3116 2877 est
3159 2816 3517 2877 officialium
3555 2816 3727 2891 Papae3

2212 2906 2437 2967 horum
2494 2909 2661 2969 enim
2718 2928 2903 2970 causa
2956 2910 3025 2969 in
3088 2909 3309 2969 haeresi
3360 2909 3479 2988 ipsi
3528 2924 3729 2986 quoque

2214 3000 2473 3061 Summo
2501 3001 2781 3063 Pontifici
2800 3010 3169 3077 reservatur,
3192 3009 3267 3062 ut
3284 3010 3460 3083 patet
3478 3002 3537 3061 in
3555 3002 3731 3061 Extra·

2213 3093 2469 3171 vaganti
2512 3092 2663 3157 Cum
2692 3096 3051 3170 Mam-imas,
3094 3094 3171 3157 de
3220 3096 3559 3168 Haereticis,
3600 3094 3731 3151 inter

2212 3202 2597 3261 communes,
2632 3187 3017 3267 traditurque
3064 3188 3145 3247 ab
3190 3186 3545 3249 auctoribus
3582 3184 3729 3264 paulo

2214 3286 2359 3341 ante
2386 3281 2607 3342 citatis.
2642 3282 2837 3360 Hujus
2862 3283 3239 3361 exceptionis
3274 3284 3439 3343 ratio
3471 3278 3731 3359 generalis

2216 3377 2307 3433 est
2346 3372 2741 3451 privilegium
2770 3374 3129 3435 officialium
3172 3376 3471 3454 cujusque
3494 3372 3729 3433 tribuna-

2216 3464 2328 3539 lis;
2370 3482 2579 3525 coram
2602 3466 2709 3527 illo
2736 3468 2905 3527 enim
2932 3468 3418 3543 conveniuntur,
3440 3472 3511 3527 ut
3540 3465 3624 3525 vel
3656 3464 3731 3521 in·

2216 3558 2505 3619 ductione
2547 3566 2736 3639 patetr
2785 3562 2965 3636 Nam,
3020 3568 3083 3622 et
3114 3562 3307 3641 ipsius
3356 3556 3729 3639 Inquisitionis

2218 3652 2534 3727 officiales,
2564 3653 2921 3727 familiares,
2958 3661 3105 3731 etc„
3130 3656 3383 3716 nonnisi
3410 3672 3602 3716 coram
3626 3652 3730 3729 ipso
3819 3716 3820 3719 ,

2220 3745 2637 3824 Inquisitionis
2664 3744 2960 3810 tribunali
3008 3748 3275 3809 citantur
3290 3764 3314 3826 ;
3358 3745 3729 3809 ecclesiasticae

2221 3856 2497 3918 personui
2536 3858 2748 3902 coram
2796 3841 3203 3904 eeclesiastico
3224 3842 3461 3920 judice,
3489 3847 3546 3902 et
3572 3839 3645 3899 sic
3670 3836 3729 3895 de
3819 3876 3820 3895 l

2221 3931 2381 3993 aliis,
2428 3934 2629 4013 Atque
2660 3951 2736 3993 ex
2782 3933 2901 3995 hac
2946 3935 3166 3995 eadem
3208 3935 3483 4014 generali
3532 3932 3727 3993 ratione
3819 3964 3820 4003 3

2219 4024 2627 4102 concluditur,
2653 4044 2851 4106 neque
2874 4028 3301 4107 inquisitorem
3332 4046 3505 4109 posse
3521 4038 3727 4103 cognos—
3819 4014 3820 4075 Ῐ

2222 4135 2361 4179 cere
2380 4117 2458 4177 de
2480 4118 2697 4179 haeresi
2727 4120 2981 4181 alterius
3002 4121 3409 4200 inquisitoris,
3427 4128 3527 4181 aut
3540 4114 3721 4187 nuntii,
3819 4164 3820 4167 ,

2223 4210 2321 4271 vel
2347 4210 2707 4288 collectoris,
2740 4213 3066 4274 alteriusve
3088 4212 3381 4292 delegati,
3416 4214 3554 4273 dum
3582 4207 3723 4270 estin

2222 4301 2461 4375 offiei03
2488 4303 2717 4383 quippe
2742 4304 2852 4383 qui
2880 4304 3169 4367 officiales
3194 4306 3457 4385 delegati
3497 4309 3622 4365 suut
3656 4300 3723 4376 ip-

2224 4395 2353 4455 sius
2381 4395 2711 4473 pontificis,
2736 4403 2807 4458 ut
2833 4414 2913 4458 ex
2934 4400 3074 4477 jure
3092 4398 3305 4477 liquet.

2304 4490 2404 4550 27.
2456 4486 2620 4561 Quid
2636 4491 2705 4551 de
2739 4491 3041 4573 reliyiosis
3085 4498 3141 4555 et
3170 4492 3565 4557 sacerdotibus
3578 4500 3725 4549 coecu-

2225 4580 2477 4645 laribus.
2501 4613 2582 4627 —
2613 4584 2817 4643 Tertia
2854 4586 3153 4663 exceptio,
3186 4584 3264 4645 de
3307 4581 3593 4663 religiosis
3622 4593 3726 4656 per-

2224 4676 2413 4749 soniS,
2442 4674 2626 4735 hodie
2652 4675 2822 4735 nulla
2858 4684 2971 4737 est.
2998 4676 3289 4749 Quamvis
3316 4678 3481 4738 enim
3507 4666 3727 4747 antiqui-

2224 4773 2323 4827 tus
2366 4768 2536 4827 varia
2584 4767 2815 4828 fuerint
2858 4773 3084 4829 statuta
3112 4788 3149 4831 a
3179 4766 3561 4829 Pontificibus
3598 4763 3728 4822 eirea

2224 4857 2579 4920 facultatem
2604 4860 2972 4939 procedendi
2996 4869 3209 4922 contra
3230 4862 3537 4940 religiosos
3562 4868 3727 4916 exem·
3819 4848 3820 4853 ’

2227 4957 2363 5029 ptos
2380 4996 2399 5026 ‚
2458 4957 2530 5011 ut
2578 4959 2747 5031 patet
2786 4970 2863 5013 ex
2911 4952 3245 5015 Directorio
3310 4950 3723 5033 Inquisitorem,

2227 5051 2387 5123 part.
2422 5048 2477 5119 3,
2514 5063 2573 5124 q.
2600 5046 2702 5119 88,
2740 5054 3074 5108 comment.
3111 5051 3224 5123 77,
3260 5047 3373 5108 hos
3408 5054 3597 5107 tamen
3621 5054 3728 5100 om-

2228 5156 2339 5199 nes
2363 5137 2659 5199 tribunali
2678 5139 2917 5201 Sanctae
2936 5139 3355 5219 Inquisitionis
3374 5136 3599 5200 tandem
3612 5128 3727 5190 sub·
3819 5204 3820 5221 ἶ

2227 5231 2505 5309 jecerunt
2548 5232 2909 5309 posteriores
2948 5232 3295 5310 Pontifices,
3326 5233 3584 5295 Clemens
3621 5220 3726 5294 Vll,
3819 5250 3820 5275 1

2228 5324 2541 5403 Rescripto
2585 5322 2733 5387 Cum
2762 5326 2961 5398 sicun-
2990 5332 3053 5385 et
3080 5327 3224 5387 Pius
3250 5327 3353 5401 iv,
3380 5328 3443 5386 in
3468 5318 3725 5385 Constitu-

2227 5417 2397 5477 tione
2422 5416 2711 5479 Pastoris
2755 5419 3006 5490 oetmti;
3046 5418 3382 5480 dummodo
3410 5416 3576 5495 (utin
3599 5412 3727 5469 Con·

2228 5510 2546 5571 stitutione
2594 5510 2684 5571 Pii
2736 5511 2812 5569 iv
2840 5510 3260 5593 subjungitur)
3303 5509 3655 5592 inquisitores
3692 5514 3724 5556 a
