<?xml version="1.0" encoding="UTF-8"?>
<!DOCTYPE html PUBLIC "-//W3C//DTD XHTML 1.0 Transitional//EN"
    "http://www.w3.org/TR/xhtml1/DTD/xhtml1-transitional.dtd">
<html xmlns="http://www.w3.org/1999/xhtml" xml:lang="en" lang="en">
 <head>
  <title>
</title>
<meta http-equiv="Content-Type" content="text/html;charset=utf-8" />
  <meta name='ocr-system' content='tesseract 3.04.00' />
  <meta name='ocr-capabilities' content='ocr_page ocr_carea ocr_par ocr_line ocrx_word'/>
</head>
<body>
  <div class='ocr_page' id='page_1' title='image "./rpfranciscisuar00duvagoog_0300.png"; bbox 0 0 3900 6217; ppageno 0'>
   <div class='ocr_carea' id='block_1_1' title="bbox 515 457 2081 1564">
    <p class='ocr_par' dir='ltr' id='par_1_1' title="bbox 515 457 2081 1564">
     <span class='ocr_line' id='line_1_1' title="bbox 517 457 2077 540; baseline -0.001 -21"><span class='ocrx_word' id='word_1_1' title='bbox 517 460 706 535; x_wconf 69' lang='lat' dir='ltr'><strong>tion„</strong></span> <span class='ocrx_word' id='word_1_2' title='bbox 749 476 883 538; x_wconf 86' lang='lat' dir='ltr'><strong>cap.</strong></span> <span class='ocrx_word' id='word_1_3' title='bbox 915 460 1035 535; x_wconf 61' lang='lat'><strong>2⁴3</strong></span> <span class='ocrx_word' id='word_1_4' title='bbox 1075 457 1397 520; x_wconf 85' lang='lat' dir='ltr'><strong>Salmeron</strong></span> <span class='ocrx_word' id='word_1_5' title='bbox 1428 504 1445 533; x_wconf 88' lang='lat'>‚</span> <span class='ocrx_word' id='word_1_6' title='bbox 1475 466 1538 521; x_wconf 88' lang='lat' dir='ltr'><strong>et</strong></span> <span class='ocrx_word' id='word_1_7' title='bbox 1575 459 1852 540; x_wconf 75' lang='lat' dir='ltr'><strong>plerique</strong></span> <span class='ocrx_word' id='word_1_8' title='bbox 1894 459 2077 520; x_wconf 88' lang='lat' dir='ltr'><strong>initio</strong></span> 
     </span>
     <span class='ocr_line' id='line_1_2' title="bbox 515 551 2079 633; baseline 0.002 -22"><span class='ocrx_word' id='word_1_9' title='bbox 515 551 764 629; x_wconf 86' lang='lat' dir='ltr'><strong>allegati</strong></span> <span class='ocrx_word' id='word_1_10' title='bbox 789 568 808 628; x_wconf 93' lang='lat'>;</span> <span class='ocrx_word' id='word_1_11' title='bbox 839 552 1096 629; x_wconf 77' lang='lat' dir='ltr'><strong>vargas,</strong></span> <span class='ocrx_word' id='word_1_12' title='bbox 1125 551 1344 631; x_wconf 78' lang='lat' dir='ltr'><strong>opusc.</strong></span> <span class='ocrx_word' id='word_1_13' title='bbox 1377 553 1454 614; x_wconf 92' lang='lat' dir='ltr'><strong>de</strong></span> <span class='ocrx_word' id='word_1_14' title='bbox 1480 553 1598 614; x_wconf 86' lang='lat' dir='ltr'><strong>hae</strong></span> <span class='ocrx_word' id='word_1_15' title='bbox 1639 571 1706 613; x_wconf 89' lang='lat' dir='ltr'><strong>re</strong></span> <span class='ocrx_word' id='word_1_16' title='bbox 1738 573 1752 625; x_wconf 92' lang='grc'>;</span> <span class='ocrx_word' id='word_1_17' title='bbox 1803 559 1866 613; x_wconf 87' lang='lat' dir='ltr'><strong>et</strong></span> <span class='ocrx_word' id='word_1_18' title='bbox 1895 553 2079 633; x_wconf 87' lang='lat' dir='ltr'><strong>plane</strong></span> 
     </span>
     <span class='ocr_line' id='line_1_3' title="bbox 519 643 2081 725; baseline 0.001 -20"><span class='ocrx_word' id='word_1_19' title='bbox 519 644 834 723; x_wconf 79' lang='lat' dir='ltr'>colligitur</span> <span class='ocrx_word' id='word_1_20' title='bbox 871 662 947 705; x_wconf 86' lang='lat' dir='ltr'><strong>ex</strong></span> <span class='ocrx_word' id='word_1_21' title='bbox 977 643 1124 705; x_wconf 86' lang='lat' dir='ltr'><strong>locis</strong></span> <span class='ocrx_word' id='word_1_22' title='bbox 1147 644 1479 725; x_wconf 66' lang='lat' dir='ltr'><strong>Scripturas</strong></span> <span class='ocrx_word' id='word_1_23' title='bbox 1508 653 1569 706; x_wconf 89' lang='lat' dir='ltr'><strong>et</strong></span> <span class='ocrx_word' id='word_1_24' title='bbox 1595 648 1844 707; x_wconf 83' lang='lat' dir='ltr'><strong>Petrum</strong></span> <span class='ocrx_word' id='word_1_25' title='bbox 1893 662 2081 724; x_wconf 86' lang='lat' dir='ltr'><strong>supra</strong></span> 
     </span>
     <span class='ocr_line' id='line_1_4' title="bbox 517 736 2078 820; baseline 0.001 -23"><span class='ocrx_word' id='word_1_26' title='bbox 517 737 742 813; x_wconf 84' lang='lat' dir='ltr'><strong>citatis,</strong></span> <span class='ocrx_word' id='word_1_27' title='bbox 771 738 950 799; x_wconf 87' lang='lat' dir='ltr'><strong>Joan.</strong></span> <span class='ocrx_word' id='word_1_28' title='bbox 981 738 1098 799; x_wconf 78' lang='lat'><strong>20:</strong></span> <span class='ocrx_word' id='word_1_29' title='bbox 1133 736 1314 803; x_wconf 80' lang='lat' dir='ltr'><strong>Siout</strong></span> <span class='ocrx_word' id='word_1_30' title='bbox 1335 740 1511 803; x_wconf 76' lang='lat' dir='ltr'><strong>misit</strong></span> <span class='ocrx_word' id='word_1_31' title='bbox 1535 741 1860 812; x_wconf 73' lang='lat' dir='ltr'><strong>maPater,</strong></span> <span class='ocrx_word' id='word_1_32' title='bbox 1892 746 1949 803; x_wconf 77' lang='lat' dir='ltr'><strong>et</strong></span> <span class='ocrx_word' id='word_1_33' title='bbox 1974 755 2078 820; x_wconf 66' lang='lat' dir='ltr'><strong>eqo</strong></span> 
     </span>
     <span class='ocr_line' id='line_1_5' title="bbox 517 829 2078 913; baseline 0.003 -22"><span class='ocrx_word' id='word_1_34' title='bbox 517 830 694 892; x_wconf 76' lang='lat' dir='ltr'><strong>mitto</strong></span> <span class='ocrx_word' id='word_1_35' title='bbox 727 847 834 893; x_wconf 73' lang='lat' dir='ltr'><strong>vos</strong></span> <span class='ocrx_word' id='word_1_36' title='bbox 849 854 876 901; x_wconf 94' lang='lat'><strong>‚·</strong></span> <span class='ocrx_word' id='word_1_37' title='bbox 911 838 975 891; x_wconf 88' lang='lat' dir='ltr'><strong>et</strong></span> <span class='ocrx_word' id='word_1_38' title='bbox 1015 846 1235 909; x_wconf 87' lang='lat' dir='ltr'><strong>supra:</strong></span> <span class='ocrx_word' id='word_1_39' title='bbox 1277 830 1542 905; x_wconf 67' lang='lat' dir='ltr'><strong>Quorum</strong></span> <span class='ocrx_word' id='word_1_40' title='bbox 1563 832 1924 897; x_wconf 70' lang='lat' dir='ltr'><strong>remiseritis</strong></span> <span class='ocrx_word' id='word_1_41' title='bbox 1945 829 2078 913; x_wconf 73' lang='lat' dir='ltr'><strong>pec·</strong></span> 
     </span>
     <span class='ocr_line' id='line_1_6' title="bbox 519 922 2077 1006; baseline 0.002 -21"><span class='ocrx_word' id='word_1_42' title='bbox 519 928 704 993; x_wconf 56' lang='lat' dir='ltr'><strong>cetm-</strong></span> <span class='ocrx_word' id='word_1_43' title='bbox 729 922 836 983; x_wconf 90' lang='lat' dir='ltr'><strong>ubi</strong></span> <span class='ocrx_word' id='word_1_44' title='bbox 884 922 1172 1001; x_wconf 80' lang='lat' dir='ltr'><strong>Cyrillns,</strong></span> <span class='ocrx_word' id='word_1_45' title='bbox 1211 924 1702 1004; x_wconf 77' lang='lat' dir='ltr'><strong>chrysostomus,</strong></span> <span class='ocrx_word' id='word_1_46' title='bbox 1741 926 2077 1006; x_wconf 79' lang='lat' dir='ltr'><strong>Theophy-</strong></span> 
     </span>
     <span class='ocr_line' id='line_1_7' title="bbox 519 1015 2073 1100; baseline 0.002 -22"><span class='ocrx_word' id='word_1_47' title='bbox 519 1016 736 1086; x_wconf 83' lang='lat' dir='ltr'><strong>laetus,</strong></span> <span class='ocrx_word' id='word_1_48' title='bbox 771 1021 834 1077; x_wconf 89' lang='lat' dir='ltr'><strong>et</strong></span> <span class='ocrx_word' id='word_1_49' title='bbox 859 1015 964 1077; x_wconf 90' lang='lat' dir='ltr'><strong>alii</strong></span> <span class='ocrx_word' id='word_1_50' title='bbox 996 1017 1204 1079; x_wconf 84' lang='lat' dir='ltr'><strong>Patres</strong></span> <span class='ocrx_word' id='word_1_51' title='bbox 1227 1018 1290 1079; x_wconf 92' lang='lat' dir='ltr'><strong>id</strong></span> <span class='ocrx_word' id='word_1_52' title='bbox 1319 1025 1540 1081; x_wconf 83' lang='lat' dir='ltr'><strong>notant</strong></span> <span class='ocrx_word' id='word_1_53' title='bbox 1565 1040 1583 1093; x_wconf 92' lang='lat'>;</span> <span class='ocrx_word' id='word_1_54' title='bbox 1614 1030 1676 1081; x_wconf 87' lang='lat' dir='ltr'><strong>et</strong></span> <span class='ocrx_word' id='word_1_55' title='bbox 1703 1018 2073 1100; x_wconf 81' lang='lat' dir='ltr'><strong>Cyprianus,</strong></span> 
     </span>
     <span class='ocr_line' id='line_1_8' title="bbox 517 1107 2077 1191; baseline 0.003 -20"><span class='ocrx_word' id='word_1_56' title='bbox 517 1107 678 1171; x_wconf 85' lang='lat' dir='ltr'><strong>libro</strong></span> <span class='ocrx_word' id='word_1_57' title='bbox 705 1110 782 1171; x_wconf 89' lang='lat' dir='ltr'><strong>de</strong></span> <span class='ocrx_word' id='word_1_58' title='bbox 801 1110 1048 1171; x_wconf 87' lang='lat' dir='ltr'><strong>Unitate</strong></span> <span class='ocrx_word' id='word_1_59' title='bbox 1063 1111 1350 1173; x_wconf 56' lang='lat' dir='ltr'><strong>Ecclesia&amp;</strong></span> <span class='ocrx_word' id='word_1_60' title='bbox 1371 1128 1393 1191; x_wconf 82' lang='lat'>3</span> <span class='ocrx_word' id='word_1_61' title='bbox 1426 1118 1490 1173; x_wconf 87' lang='lat' dir='ltr'><strong>et</strong></span> <span class='ocrx_word' id='word_1_62' title='bbox 1515 1115 1799 1191; x_wconf 84' lang='lat' dir='ltr'><strong>quamvis</strong></span> <span class='ocrx_word' id='word_1_63' title='bbox 1819 1132 1896 1175; x_wconf 87' lang='lat' dir='ltr'><strong>eo</strong></span> <span class='ocrx_word' id='word_1_64' title='bbox 1918 1121 2077 1175; x_wconf 86' lang='lat' dir='ltr'><strong>tem-</strong></span> 
     </span>
     <span class='ocr_line' id='line_1_9' title="bbox 518 1202 2074 1285; baseline 0.004 -23"><span class='ocrx_word' id='word_1_65' title='bbox 518 1218 667 1280; x_wconf 83' lang='lat' dir='ltr'><strong>pore</strong></span> <span class='ocrx_word' id='word_1_66' title='bbox 705 1202 971 1265; x_wconf 79' lang='lat' dir='ltr'><strong>Thomas</strong></span> <span class='ocrx_word' id='word_1_67' title='bbox 996 1203 1296 1280; x_wconf 66' lang='lat' dir='ltr'><strong>{abiner-it,</strong></span> <span class='ocrx_word' id='word_1_68' title='bbox 1327 1206 1528 1285; x_wconf 86' lang='lat' dir='ltr'><strong>potuit</strong></span> <span class='ocrx_word' id='word_1_69' title='bbox 1561 1212 1770 1267; x_wconf 87' lang='lat' dir='ltr'><strong>tamen</strong></span> <span class='ocrx_word' id='word_1_70' title='bbox 1797 1206 2074 1269; x_wconf 81' lang='lat' dir='ltr'><strong>Christus</strong></span> 
     </span>
     <span class='ocr_line' id='line_1_10' title="bbox 519 1294 2075 1376; baseline 0.005 -22"><span class='ocrx_word' id='word_1_71' title='bbox 519 1294 616 1355; x_wconf 84' lang='lat' dir='ltr'><strong>vel</strong></span> <span class='ocrx_word' id='word_1_72' title='bbox 645 1294 738 1355; x_wconf 91' lang='lat' dir='ltr'><strong>illi</strong></span> <span class='ocrx_word' id='word_1_73' title='bbox 769 1296 1005 1357; x_wconf 75' lang='lat' dir='ltr'><strong>absenti</strong></span> <span class='ocrx_word' id='word_1_74' title='bbox 1049 1303 1414 1376; x_wconf 87' lang='lat' dir='ltr'><strong>potestatem</strong></span> <span class='ocrx_word' id='word_1_75' title='bbox 1443 1298 1722 1361; x_wconf 77' lang='lat' dir='ltr'><strong>conform</strong></span> <span class='ocrx_word' id='word_1_76' title='bbox 1726 1344 1745 1375; x_wconf 92' lang='lat'><strong>,</strong></span> <span class='ocrx_word' id='word_1_77' title='bbox 1773 1299 1874 1361; x_wconf 77' lang='lat' dir='ltr'><strong>vel</strong></span> <span class='ocrx_word' id='word_1_78' title='bbox 1907 1308 2075 1362; x_wconf 88' lang='lat' dir='ltr'><strong>certe</strong></span> 
     </span>
     <span class='ocr_line' id='line_1_11' title="bbox 519 1389 2073 1473; baseline 0.005 -25"><span class='ocrx_word' id='word_1_79' title='bbox 519 1394 658 1465; x_wconf 88' lang='lat' dir='ltr'><strong>post</strong></span> <span class='ocrx_word' id='word_1_80' title='bbox 683 1395 822 1451; x_wconf 90' lang='lat' dir='ltr'><strong>octo</strong></span> <span class='ocrx_word' id='word_1_81' title='bbox 852 1389 1004 1465; x_wconf 86' lang='lat' dir='ltr'><strong>dies,</strong></span> <span class='ocrx_word' id='word_1_82' title='bbox 1037 1408 1178 1452; x_wconf 88' lang='lat' dir='ltr'><strong>eum</strong></span> <span class='ocrx_word' id='word_1_83' title='bbox 1213 1390 1303 1453; x_wconf 88' lang='lat' dir='ltr'><strong>illi</strong></span> <span class='ocrx_word' id='word_1_84' title='bbox 1332 1392 1559 1453; x_wconf 87' lang='lat' dir='ltr'><strong>iterum</strong></span> <span class='ocrx_word' id='word_1_85' title='bbox 1592 1394 1902 1473; x_wconf 82' lang='lat' dir='ltr'><strong>apparuit,</strong></span> <span class='ocrx_word' id='word_1_86' title='bbox 1933 1412 2073 1455; x_wconf 84' lang='lat' dir='ltr'><strong>eam</strong></span> 
     </span>
     <span class='ocr_line' id='line_1_12' title="bbox 519 1480 2076 1564; baseline 0.004 -21"><span class='ocrx_word' id='word_1_87' title='bbox 519 1480 759 1559; x_wconf 84' lang='lat' dir='ltr'><strong>largiri,</strong></span> <span class='ocrx_word' id='word_1_88' title='bbox 801 1482 962 1544; x_wconf 87' lang='lat' dir='ltr'><strong>sieut</strong></span> <span class='ocrx_word' id='word_1_89' title='bbox 1003 1501 1080 1545; x_wconf 84' lang='lat' dir='ltr'><strong>ex</strong></span> <span class='ocrx_word' id='word_1_90' title='bbox 1125 1487 1264 1546; x_wconf 83' lang='lat' dir='ltr'><strong>Act.</strong></span> <span class='ocrx_word' id='word_1_91' title='bbox 1307 1488 1342 1548; x_wconf 74' lang='lat'><strong>1</strong></span> <span class='ocrx_word' id='word_1_92' title='bbox 1389 1485 1702 1564; x_wconf 67' lang='lat' dir='ltr'><strong>colligitur</strong></span> <span class='ocrx_word' id='word_1_93' title='bbox 1749 1484 2076 1549; x_wconf 83' lang='lat' dir='ltr'><strong>Matthiam</strong></span> 
     </span>
    </p>
   </div>
   <div class='ocr_carea' id='block_1_2' title="bbox 413 1577 2073 1660">
    <p class='ocr_par' dir='ltr' id='par_1_2' title="bbox 413 1577 2073 1660">
     <span class='ocr_line' id='line_1_13' title="bbox 413 1577 2073 1660; baseline 0.004 -26"><span class='ocrx_word' id='word_1_94' title='bbox 413 1604 418 1611; x_wconf 86' lang='lat'><strong>·</strong></span> <span class='ocrx_word' id='word_1_95' title='bbox 519 1592 648 1637; x_wconf 89' lang='lat' dir='ltr'><strong>nou</strong></span> <span class='ocrx_word' id='word_1_96' title='bbox 695 1593 734 1636; x_wconf 89' lang='lat' dir='ltr'><strong>a</strong></span> <span class='ocrx_word' id='word_1_97' title='bbox 792 1577 970 1639; x_wconf 85' lang='lat' dir='ltr'><strong>Petro</strong></span> <span class='ocrx_word' id='word_1_98' title='bbox 1023 1578 1120 1639; x_wconf 79' lang='lat' dir='ltr'><strong>vel</strong></span> <span class='ocrx_word' id='word_1_99' title='bbox 1172 1578 1478 1658; x_wconf 87' lang='lat' dir='ltr'><strong>Apostolis</strong></span> <span class='ocrx_word' id='word_1_100' title='bbox 1523 1578 1605 1641; x_wconf 87' lang='lat' dir='ltr'><strong>ad</strong></span> <span class='ocrx_word' id='word_1_101' title='bbox 1655 1580 2073 1660; x_wconf 83' lang='lat' dir='ltr'><strong>episcopatum</strong></span> 
     </span>
    </p>
   </div>
   <div class='ocr_carea' id='block_1_3' title="bbox 517 1670 2085 4092">
    <p class='ocr_par' dir='ltr' id='par_1_3' title="bbox 517 1670 2082 3061">
     <span class='ocr_line' id='line_1_14' title="bbox 519 1670 2075 1753; baseline 0.004 -23"><span class='ocrx_word' id='word_1_102' title='bbox 519 1670 787 1731; x_wconf 87' lang='lat' dir='ltr'><strong>electum</strong></span> <span class='ocrx_word' id='word_1_103' title='bbox 818 1715 839 1746; x_wconf 96' lang='lat'><strong>,</strong></span> <span class='ocrx_word' id='word_1_104' title='bbox 892 1670 1000 1733; x_wconf 89' lang='lat' dir='ltr'><strong>sed</strong></span> <span class='ocrx_word' id='word_1_105' title='bbox 1052 1672 1410 1733; x_wconf 88' lang='lat' dir='ltr'><strong>immediate</strong></span> <span class='ocrx_word' id='word_1_106' title='bbox 1453 1690 1492 1733; x_wconf 87' lang='lat' dir='ltr'><strong>a</strong></span> <span class='ocrx_word' id='word_1_107' title='bbox 1545 1672 1789 1734; x_wconf 81' lang='lat' dir='ltr'><strong>Christo</strong></span> <span class='ocrx_word' id='word_1_108' title='bbox 1814 1696 1832 1748; x_wconf 84' lang='lat'><em>3</em></span> <span class='ocrx_word' id='word_1_109' title='bbox 1889 1680 2075 1753; x_wconf 86' lang='lat' dir='ltr'><strong>atque</strong></span> 
     </span>
     <span class='ocr_line' id='line_1_15' title="bbox 517 1762 2079 1844; baseline 0.001 -19"><span class='ocrx_word' id='word_1_110' title='bbox 517 1762 674 1827; x_wconf 86' lang='lat' dir='ltr'><strong>adeo</strong></span> <span class='ocrx_word' id='word_1_111' title='bbox 695 1765 1094 1827; x_wconf 85' lang='lat' dir='ltr'><strong>verisimilius</strong></span> <span class='ocrx_word' id='word_1_112' title='bbox 1107 1764 1187 1826; x_wconf 84' lang='lat' dir='ltr'><strong>ab</strong></span> <span class='ocrx_word' id='word_1_113' title='bbox 1201 1765 1420 1827; x_wconf 88' lang='lat' dir='ltr'><strong>eodem</strong></span> <span class='ocrx_word' id='word_1_114' title='bbox 1440 1765 1933 1844; x_wconf 83' lang='lat' dir='ltr'><strong>jurisdictionem</strong></span> <span class='ocrx_word' id='word_1_115' title='bbox 1958 1768 2079 1827; x_wconf 88' lang='lat' dir='ltr'><strong>im-</strong></span> 
     </span>
     <span class='ocr_line' id='line_1_16' title="bbox 519 1856 2069 1939; baseline 0.003 -20"><span class='ocrx_word' id='word_1_116' title='bbox 519 1856 786 1919; x_wconf 78' lang='lat' dir='ltr'><strong>mediate</strong></span> <span class='ocrx_word' id='word_1_117' title='bbox 807 1859 1132 1938; x_wconf 82' lang='lat' dir='ltr'><strong>accepisse,</strong></span> <span class='ocrx_word' id='word_1_118' title='bbox 1154 1860 1476 1939; x_wconf 85' lang='lat' dir='ltr'><strong>quoniam,</strong></span> <span class='ocrx_word' id='word_1_119' title='bbox 1511 1866 1579 1919; x_wconf 91' lang='lat' dir='ltr'><strong>ut</strong></span> <span class='ocrx_word' id='word_1_120' title='bbox 1607 1861 1678 1921; x_wconf 89' lang='lat' dir='ltr'><strong>D.</strong></span> <span class='ocrx_word' id='word_1_121' title='bbox 1709 1858 2001 1936; x_wconf 80' lang='lat' dir='ltr'><strong>Thomas,</strong></span> <span class='ocrx_word' id='word_1_122' title='bbox 2040 1863 2069 1923; x_wconf 99' lang='grc'><strong>1</strong></span> 
     </span>
     <span class='ocr_line' id='line_1_17' title="bbox 519 1950 2077 2032; baseline 0.001 -19"><span class='ocrx_word' id='word_1_123' title='bbox 519 1950 796 2013; x_wconf 81' lang='lat' dir='ltr'><strong>Corinth.</strong></span> <span class='ocrx_word' id='word_1_124' title='bbox 840 1955 953 2026; x_wconf 79' lang='lat'><strong>12,</strong></span> <span class='ocrx_word' id='word_1_125' title='bbox 987 1959 1164 2014; x_wconf 84' lang='lat' dir='ltr'><strong>notat</strong></span> <span class='ocrx_word' id='word_1_126' title='bbox 1187 1997 1208 2028; x_wconf 93' lang='lat'><strong>,</strong></span> <span class='ocrx_word' id='word_1_127' title='bbox 1258 1954 1532 2032; x_wconf 87' lang='lat' dir='ltr'><strong>primum</strong></span> <span class='ocrx_word' id='word_1_128' title='bbox 1579 1954 1658 2017; x_wconf 86' lang='lat' dir='ltr'><strong>ad</strong></span> <span class='ocrx_word' id='word_1_129' title='bbox 1707 1954 2077 2029; x_wconf 82' lang='lat' dir='ltr'><strong>dignitatem</strong></span> 
     </span>
     <span class='ocr_line' id='line_1_18' title="bbox 519 2043 2077 2126; baseline 0.001 -19"><span class='ocrx_word' id='word_1_130' title='bbox 519 2043 916 2123; x_wconf 82' lang='lat' dir='ltr'><strong>apostolicam</strong></span> <span class='ocrx_word' id='word_1_131' title='bbox 937 2047 1348 2109; x_wconf 84' lang='lat' dir='ltr'><strong>necessarium</strong></span> <span class='ocrx_word' id='word_1_132' title='bbox 1369 2055 1462 2109; x_wconf 87' lang='lat' dir='ltr'><strong>est</strong></span> <span class='ocrx_word' id='word_1_133' title='bbox 1485 2047 1831 2126; x_wconf 82' lang='lat' dir='ltr'><strong>jurisdictio</strong></span> <span class='ocrx_word' id='word_1_134' title='bbox 1857 2055 1922 2109; x_wconf 90' lang='lat' dir='ltr'><strong>et</strong></span> <span class='ocrx_word' id='word_1_135' title='bbox 1933 2066 2077 2109; x_wconf 89' lang='lat' dir='ltr'><strong>auc-</strong></span> 
     </span>
     <span class='ocr_line' id='line_1_19' title="bbox 519 2137 2079 2221; baseline 0.001 -20"><span class='ocrx_word' id='word_1_136' title='bbox 519 2138 736 2201; x_wconf 77' lang='lat' dir='ltr'><strong>toritas</strong></span> <span class='ocrx_word' id='word_1_137' title='bbox 763 2137 1156 2216; x_wconf 81' lang='lat' dir='ltr'><strong>gubernandi</strong></span> <span class='ocrx_word' id='word_1_138' title='bbox 1189 2138 1436 2201; x_wconf 83' lang='lat' dir='ltr'><strong>fidelem</strong></span> <span class='ocrx_word' id='word_1_139' title='bbox 1467 2139 1804 2221; x_wconf 66' lang='lat' dir='ltr'><strong>populum</strong></span> <span class='ocrx_word' id='word_1_140' title='bbox 1847 2160 1926 2202; x_wconf 82' lang='lat' dir='ltr'><strong>ex</strong></span> <span class='ocrx_word' id='word_1_141' title='bbox 1954 2158 2079 2221; x_wconf 90' lang='lat' dir='ltr'><strong>quo</strong></span> 
     </span>
     <span class='ocr_line' id='line_1_20' title="bbox 519 2232 2076 2313; baseline 0.003 -23"><span class='ocrx_word' id='word_1_142' title='bbox 519 2232 788 2291; x_wconf 78' lang='lat' dir='ltr'><strong>sumitur</strong></span> <span class='ocrx_word' id='word_1_143' title='bbox 834 2232 1126 2310; x_wconf 88' lang='lat' dir='ltr'><strong>generale</strong></span> <span class='ocrx_word' id='word_1_144' title='bbox 1179 2238 1622 2313; x_wconf 79' lang='lat' dir='ltr'><strong>argumentum</strong></span> <span class='ocrx_word' id='word_1_145' title='bbox 1653 2278 1672 2310; x_wconf 91' lang='lat'><strong>,</strong></span> <span class='ocrx_word' id='word_1_146' title='bbox 1723 2252 1872 2295; x_wconf 87' lang='lat' dir='ltr'><strong>nam</strong></span> <span class='ocrx_word' id='word_1_147' title='bbox 1905 2242 2076 2295; x_wconf 85' lang='lat' dir='ltr'><strong>certo</strong></span> 
     </span>
     <span class='ocr_line' id='line_1_21' title="bbox 519 2326 2079 2406; baseline 0.003 -21"><span class='ocrx_word' id='word_1_148' title='bbox 519 2330 757 2385; x_wconf 86' lang='lat' dir='ltr'><strong>constat</strong></span> <span class='ocrx_word' id='word_1_149' title='bbox 787 2342 1006 2387; x_wconf 87' lang='lat' dir='ltr'><strong>omnes</strong></span> <span class='ocrx_word' id='word_1_150' title='bbox 1033 2327 1354 2406; x_wconf 78' lang='lat' dir='ltr'><strong>Apostolos</strong></span> <span class='ocrx_word' id='word_1_151' title='bbox 1379 2326 1460 2389; x_wconf 90' lang='lat' dir='ltr'><strong>ab</strong></span> <span class='ocrx_word' id='word_1_152' title='bbox 1485 2327 1618 2405; x_wconf 83' lang='lat' dir='ltr'><strong>ipso</strong></span> <span class='ocrx_word' id='word_1_153' title='bbox 1643 2328 1884 2390; x_wconf 83' lang='lat' dir='ltr'><strong>Christo</strong></span> <span class='ocrx_word' id='word_1_154' title='bbox 1908 2345 2079 2389; x_wconf 83' lang='lat' dir='ltr'><strong>aece-</strong></span> 
     </span>
     <span class='ocr_line' id='line_1_22' title="bbox 521 2419 2079 2502; baseline 0.004 -25"><span class='ocrx_word' id='word_1_155' title='bbox 521 2419 681 2495; x_wconf 82' lang='lat' dir='ltr'><strong>pisse</strong></span> <span class='ocrx_word' id='word_1_156' title='bbox 732 2420 1146 2499; x_wconf 86' lang='lat' dir='ltr'><strong>Apostolieam</strong></span> <span class='ocrx_word' id='word_1_157' title='bbox 1204 2421 1572 2500; x_wconf 84' lang='lat' dir='ltr'><strong>dignitatem</strong></span> <span class='ocrx_word' id='word_1_158' title='bbox 1590 2465 1611 2497; x_wconf 90' lang='lat'><strong>,</strong></span> <span class='ocrx_word' id='word_1_159' title='bbox 1669 2428 1741 2484; x_wconf 89' lang='lat' dir='ltr'><strong>ut</strong></span> <span class='ocrx_word' id='word_1_160' title='bbox 1787 2428 1959 2502; x_wconf 76' lang='lat' dir='ltr'><strong>patet</strong></span> <span class='ocrx_word' id='word_1_161' title='bbox 2002 2440 2079 2484; x_wconf 80' lang='lat' dir='ltr'><strong>ex</strong></span> 
     </span>
     <span class='ocr_line' id='line_1_23' title="bbox 519 2512 2075 2596; baseline 0.003 -23"><span class='ocrx_word' id='word_1_162' title='bbox 519 2512 666 2573; x_wconf 88' lang='lat' dir='ltr'><strong>Luc.</strong></span> <span class='ocrx_word' id='word_1_163' title='bbox 697 2514 760 2585; x_wconf 81' lang='lat'><strong>6,</strong></span> <span class='ocrx_word' id='word_1_164' title='bbox 785 2514 965 2575; x_wconf 86' lang='lat' dir='ltr'><strong>Joau.</strong></span> <span class='ocrx_word' id='word_1_165' title='bbox 993 2516 1058 2587; x_wconf 88' lang='lat'><strong>6,</strong></span> <span class='ocrx_word' id='word_1_166' title='bbox 1083 2517 1113 2576; x_wconf 77' lang='lat' dir='ltr'><strong>l</strong></span> <span class='ocrx_word' id='word_1_167' title='bbox 1143 2514 1426 2579; x_wconf 79' lang='lat' dir='ltr'><strong>Corinth.</strong></span> <span class='ocrx_word' id='word_1_168' title='bbox 1461 2519 1562 2590; x_wconf 76' lang='lat'><strong>¹2,</strong></span> <span class='ocrx_word' id='word_1_169' title='bbox 1599 2514 1678 2575; x_wconf 87' lang='lat' dir='ltr'><strong>ad</strong></span> <span class='ocrx_word' id='word_1_170' title='bbox 1723 2514 1944 2596; x_wconf 80' lang='lat' dir='ltr'><strong>Ephes.</strong></span> <span class='ocrx_word' id='word_1_171' title='bbox 2000 2518 2075 2589; x_wconf 71' lang='lat'><strong>43</strong></span> 
     </span>
     <span class='ocr_line' id='line_1_24' title="bbox 519 2604 2081 2688; baseline 0.002 -21"><span class='ocrx_word' id='word_1_172' title='bbox 519 2604 596 2667; x_wconf 87' lang='lat' dir='ltr'><strong>de</strong></span> <span class='ocrx_word' id='word_1_173' title='bbox 640 2607 876 2667; x_wconf 87' lang='lat' dir='ltr'><strong>ratione</strong></span> <span class='ocrx_word' id='word_1_174' title='bbox 907 2615 1114 2668; x_wconf 84' lang='lat' dir='ltr'><strong>autem</strong></span> <span class='ocrx_word' id='word_1_175' title='bbox 1147 2608 1284 2669; x_wconf 84' lang='lat' dir='ltr'><strong>talis</strong></span> <span class='ocrx_word' id='word_1_176' title='bbox 1313 2608 1636 2687; x_wconf 81' lang='lat' dir='ltr'><strong>dignitatis</strong></span> <span class='ocrx_word' id='word_1_177' title='bbox 1666 2616 1758 2671; x_wconf 86' lang='lat' dir='ltr'><strong>est</strong></span> <span class='ocrx_word' id='word_1_178' title='bbox 1786 2609 2081 2688; x_wconf 83' lang='lat' dir='ltr'><strong>jurisdic-</strong></span> 
     </span>
     <span class='ocr_line' id='line_1_25' title="bbox 519 2700 2082 2781; baseline 0.003 -22"><span class='ocrx_word' id='word_1_179' title='bbox 519 2700 610 2759; x_wconf 85' lang='lat' dir='ltr'><strong>tio</strong></span> <span class='ocrx_word' id='word_1_180' title='bbox 640 2721 657 2773; x_wconf 89' lang='lat'><strong>;</strong></span> <span class='ocrx_word' id='word_1_181' title='bbox 689 2717 839 2778; x_wconf 88' lang='lat' dir='ltr'><strong>ergo</strong></span> <span class='ocrx_word' id='word_1_182' title='bbox 867 2746 886 2775; x_wconf 93' lang='lat'><strong>,</strong></span> <span class='ocrx_word' id='word_1_183' title='bbox 923 2708 1044 2765; x_wconf 81' lang='lat' dir='ltr'><strong>etc.</strong></span> <span class='ocrx_word' id='word_1_184' title='bbox 1094 2701 1370 2763; x_wconf 81' lang='lat' dir='ltr'><strong>Tandem</strong></span> <span class='ocrx_word' id='word_1_185' title='bbox 1419 2702 1484 2763; x_wconf 80' lang='lat' dir='ltr'><strong>id</strong></span> <span class='ocrx_word' id='word_1_186' title='bbox 1525 2702 1674 2763; x_wconf 82' lang='lat' dir='ltr'><strong>satis</strong></span> <span class='ocrx_word' id='word_1_187' title='bbox 1717 2703 2082 2781; x_wconf 85' lang='lat' dir='ltr'><strong>comprobat</strong></span> 
     </span>
     <span class='ocr_line' id='line_1_26' title="bbox 520 2794 2075 2875; baseline 0.001 -18"><span class='ocrx_word' id='word_1_188' title='bbox 520 2794 874 2873; x_wconf 84' lang='lat' dir='ltr'><strong>exemplum</strong></span> <span class='ocrx_word' id='word_1_189' title='bbox 922 2794 1123 2865; x_wconf 87' lang='lat' dir='ltr'><strong>Pauli,</strong></span> <span class='ocrx_word' id='word_1_190' title='bbox 1149 2796 1279 2873; x_wconf 81' lang='lat' dir='ltr'><strong>qui,</strong></span> <span class='ocrx_word' id='word_1_191' title='bbox 1319 2796 1453 2875; x_wconf 82' lang='lat' dir='ltr'><strong>ipso</strong></span> <span class='ocrx_word' id='word_1_192' title='bbox 1479 2802 1634 2857; x_wconf 84' lang='lat' dir='ltr'><strong>teste</strong></span> <span class='ocrx_word' id='word_1_193' title='bbox 1679 2795 1758 2857; x_wconf 88' lang='lat' dir='ltr'><strong>ad</strong></span> <span class='ocrx_word' id='word_1_194' title='bbox 1806 2796 2003 2858; x_wconf 80' lang='lat' dir='ltr'><strong>Galat.</strong></span> <span class='ocrx_word' id='word_1_195' title='bbox 2042 2800 2075 2859; x_wconf 91' lang='grc'><strong>1</strong></span> 
     </span>
     <span class='ocr_line' id='line_1_27' title="bbox 521 2887 2081 2970; baseline 0.001 -23"><span class='ocrx_word' id='word_1_196' title='bbox 521 2893 583 2948; x_wconf 86' lang='lat' dir='ltr'><strong>et</strong></span> <span class='ocrx_word' id='word_1_197' title='bbox 613 2891 652 2950; x_wconf 81' lang='lat'><em>2</em></span> <span class='ocrx_word' id='word_1_198' title='bbox 681 2932 700 2963; x_wconf 89' lang='lat'><strong>,</strong></span> <span class='ocrx_word' id='word_1_199' title='bbox 747 2887 986 2949; x_wconf 84' lang='lat' dir='ltr'><strong>nullam</strong></span> <span class='ocrx_word' id='word_1_200' title='bbox 1033 2887 1528 2966; x_wconf 81' lang='lat' dir='ltr'><strong>jurisdictionem</strong></span> <span class='ocrx_word' id='word_1_201' title='bbox 1573 2889 1655 2949; x_wconf 87' lang='lat' dir='ltr'><strong>ab</strong></span> <span class='ocrx_word' id='word_1_202' title='bbox 1695 2889 1832 2949; x_wconf 80' lang='lat' dir='ltr'><strong>aliis</strong></span> <span class='ocrx_word' id='word_1_203' title='bbox 1880 2890 2081 2970; x_wconf 83' lang='lat' dir='ltr'><strong>Apos-</strong></span> 
     </span>
     <span class='ocr_line' id='line_1_28' title="bbox 519 2980 1301 3061; baseline 0.003 -20"><span class='ocrx_word' id='word_1_204' title='bbox 519 2980 662 3041; x_wconf 86' lang='lat' dir='ltr'><strong>tolis</strong></span> <span class='ocrx_word' id='word_1_205' title='bbox 687 2981 989 3061; x_wconf 85' lang='lat' dir='ltr'><strong>accepisse</strong></span> <span class='ocrx_word' id='word_1_206' title='bbox 1013 2987 1301 3057; x_wconf 77' lang='lat' dir='ltr'><strong>testatur.</strong></span> 
     </span>
    </p>

    <p class='ocr_par' dir='ltr' id='par_1_4' title="bbox 517 3073 2085 4092">
     <span class='ocr_line' id='line_1_29' title="bbox 608 3073 1994 3157; baseline 0.001 -21"><span class='ocrx_word' id='word_1_207' title='bbox 608 3076 640 3136; x_wconf 70' lang='grc' dir='ltr'><strong><em>Δ</em></strong></span> <span class='ocrx_word' id='word_1_208' title='bbox 652 3120 668 3137; x_wconf 89' lang='grc'><strong>.</strong></span> <span class='ocrx_word' id='word_1_209' title='bbox 697 3074 1024 3138; x_wconf 76' lang='lat' dir='ltr'><strong>Contraria</strong></span> <span class='ocrx_word' id='word_1_210' title='bbox 1039 3073 1236 3155; x_wconf 63' lang='lat' dir='ltr'><strong>opinio</strong></span> <span class='ocrx_word' id='word_1_211' title='bbox 1255 3075 1502 3157; x_wconf 74' lang='lat' dir='ltr'><strong>ejusque</strong></span> <span class='ocrx_word' id='word_1_212' title='bbox 1518 3076 1994 3151; x_wconf 70' lang='lat' dir='ltr'><strong>fundamentum.</strong></span> 
     </span>
     <span class='ocr_line' id='line_1_30' title="bbox 517 3166 2081 3251; baseline 0.001 -20"><span class='ocrx_word' id='word_1_213' title='bbox 517 3166 1130 3231; x_wconf 57' lang='lat' dir='ltr'><strong>Ennaton—Non</strong></span> <span class='ocrx_word' id='word_1_214' title='bbox 1147 3167 1242 3231; x_wconf 79' lang='lat' dir='ltr'><strong>ita</strong></span> <span class='ocrx_word' id='word_1_215' title='bbox 1257 3188 1518 3251; x_wconf 71' lang='lat' dir='ltr'><strong>prov-m</strong></span> <span class='ocrx_word' id='word_1_216' title='bbox 1538 3172 1869 3236; x_wconf 70' lang='lat' dir='ltr'><strong>succedant</strong></span> <span class='ocrx_word' id='word_1_217' title='bbox 1890 3172 2081 3250; x_wconf 73' lang='lat' dir='ltr'><strong>Epis-</strong></span> 
     </span>
     <span class='ocr_line' id='line_1_31' title="bbox 520 3259 2083 3343; baseline -0.002 -18"><span class='ocrx_word' id='word_1_218' title='bbox 520 3261 652 3343; x_wconf 81' lang='lat' dir='ltr'><strong>copi</strong></span> <span class='ocrx_word' id='word_1_219' title='bbox 682 3259 992 3343; x_wconf 68' lang='lat' dir='ltr'><strong>Apo-stolis</strong></span> <span class='ocrx_word' id='word_1_220' title='bbox 1029 3266 1105 3325; x_wconf 77' lang='lat' dir='ltr'><strong>ut</strong></span> <span class='ocrx_word' id='word_1_221' title='bbox 1153 3260 1334 3342; x_wconf 81' lang='lat' dir='ltr'><strong>Papa</strong></span> <span class='ocrx_word' id='word_1_222' title='bbox 1375 3262 1585 3327; x_wconf 79' lang='lat' dir='ltr'><strong>Petro.</strong></span> <span class='ocrx_word' id='word_1_223' title='bbox 1607 3298 1688 3309; x_wconf 94' lang='lat'><strong>-—</strong></span> <span class='ocrx_word' id='word_1_224' title='bbox 1709 3262 1936 3325; x_wconf 82' lang='lat' dir='ltr'><strong>Contra</strong></span> <span class='ocrx_word' id='word_1_225' title='bbox 1975 3264 2083 3323; x_wconf 83' lang='lat' dir='ltr'><strong>da-</strong></span> 
     </span>
     <span class='ocr_line' id='line_1_32' title="bbox 519 3353 2085 3430; baseline 0.001 -13"><span class='ocrx_word' id='word_1_226' title='bbox 519 3359 646 3417; x_wconf 76' lang='lat' dir='ltr'><strong>tam</strong></span> <span class='ocrx_word' id='word_1_227' title='bbox 683 3353 1120 3415; x_wconf 80' lang='lat' dir='ltr'><strong>resolutionem</strong></span> <span class='ocrx_word' id='word_1_228' title='bbox 1165 3356 1443 3417; x_wconf 82' lang='lat' dir='ltr'><strong>sentiunt</strong></span> <span class='ocrx_word' id='word_1_229' title='bbox 1477 3358 1893 3430; x_wconf 68' lang='lat' dir='ltr'><strong>Turrecrem„</strong></span> <span class='ocrx_word' id='word_1_230' title='bbox 1925 3357 2085 3419; x_wconf 87' lang='lat' dir='ltr'><strong>libro</strong></span> 
     </span>
     <span class='ocr_line' id='line_1_33' title="bbox 520 3447 2081 3529; baseline 0.004 -22"><span class='ocrx_word' id='word_1_231' title='bbox 520 3448 794 3509; x_wconf 86' lang='lat' dir='ltr'><strong>seeundo</strong></span> <span class='ocrx_word' id='word_1_232' title='bbox 831 3447 1134 3521; x_wconf 68' lang='lat' dir='ltr'><strong>Summas,</strong></span> <span class='ocrx_word' id='word_1_233' title='bbox 1173 3464 1308 3529; x_wconf 86' lang='lat' dir='ltr'><strong>cap.</strong></span> <span class='ocrx_word' id='word_1_234' title='bbox 1342 3450 1462 3523; x_wconf 69' lang='lat'><strong>543</strong></span> <span class='ocrx_word' id='word_1_235' title='bbox 1513 3450 1818 3524; x_wconf 70' lang='lat' dir='ltr'><strong>Jaeobat„</strong></span> <span class='ocrx_word' id='word_1_236' title='bbox 1859 3450 1971 3511; x_wconf 91' lang='lat' dir='ltr'><strong>lib.</strong></span> <span class='ocrx_word' id='word_1_237' title='bbox 2006 3454 2081 3513; x_wconf 83' lang='lat'><strong>10</strong></span> 
     </span>
     <span class='ocr_line' id='line_1_34' title="bbox 519 3540 2085 3623; baseline 0.003 -22"><span class='ocrx_word' id='word_1_238' title='bbox 519 3540 596 3603; x_wconf 90' lang='lat' dir='ltr'><strong>de</strong></span> <span class='ocrx_word' id='word_1_239' title='bbox 625 3540 932 3613; x_wconf 73' lang='lat' dir='ltr'><strong>Consiliis,</strong></span> <span class='ocrx_word' id='word_1_240' title='bbox 965 3548 1082 3604; x_wconf 88' lang='lat' dir='ltr'><strong>art.</strong></span> <span class='ocrx_word' id='word_1_241' title='bbox 1116 3547 1176 3618; x_wconf 82' lang='lat'><strong>7,</strong></span> <span class='ocrx_word' id='word_1_242' title='bbox 1207 3544 1648 3607; x_wconf 80' lang='lat' dir='ltr'><strong>contendentes</strong></span> <span class='ocrx_word' id='word_1_243' title='bbox 1675 3551 1870 3605; x_wconf 85' lang='lat' dir='ltr'><strong>totam</strong></span> <span class='ocrx_word' id='word_1_244' title='bbox 1896 3546 2085 3623; x_wconf 72' lang='lat' dir='ltr'><strong>jin-is·</strong></span> 
     </span>
     <span class='ocr_line' id='line_1_35' title="bbox 517 3634 2081 3710; baseline 0.003 -17"><span class='ocrx_word' id='word_1_245' title='bbox 517 3634 848 3697; x_wconf 87' lang='lat' dir='ltr'><strong>dictionem</strong></span> <span class='ocrx_word' id='word_1_246' title='bbox 871 3634 1060 3697; x_wconf 79' lang='lat' dir='ltr'><strong>fuisse</strong></span> <span class='ocrx_word' id='word_1_247' title='bbox 1083 3635 1290 3697; x_wconf 86' lang='lat' dir='ltr'><strong>datam</strong></span> <span class='ocrx_word' id='word_1_248' title='bbox 1313 3636 1428 3697; x_wconf 89' lang='lat' dir='ltr'><strong>soli</strong></span> <span class='ocrx_word' id='word_1_249' title='bbox 1459 3639 1660 3710; x_wconf 84' lang='lat' dir='ltr'><strong>Petro,</strong></span> <span class='ocrx_word' id='word_1_250' title='bbox 1685 3644 1757 3697; x_wconf 89' lang='lat' dir='ltr'><strong>ut</strong></span> <span class='ocrx_word' id='word_1_251' title='bbox 1781 3639 2081 3699; x_wconf 89' lang='lat' dir='ltr'><strong>nimirum</strong></span> 
     </span>
     <span class='ocr_line' id='line_1_36' title="bbox 517 3727 2081 3811; baseline 0.003 -24"><span class='ocrx_word' id='word_1_252' title='bbox 517 3728 900 3790; x_wconf 71' lang='lat' dir='ltr'><strong>commodius</strong></span> <span class='ocrx_word' id='word_1_253' title='bbox 941 3727 1278 3791; x_wconf 81' lang='lat' dir='ltr'><strong>defendant</strong></span> <span class='ocrx_word' id='word_1_254' title='bbox 1317 3730 1644 3811; x_wconf 86' lang='lat' dir='ltr'><strong>Episcopos</strong></span> <span class='ocrx_word' id='word_1_255' title='bbox 1685 3748 1924 3808; x_wconf 87' lang='lat' dir='ltr'><strong>omnes,</strong></span> <span class='ocrx_word' id='word_1_256' title='bbox 1973 3733 2081 3811; x_wconf 88' lang='lat' dir='ltr'><strong>qni</strong></span> 
     </span>
     <span class='ocr_line' id='line_1_37' title="bbox 521 3821 2083 3903; baseline 0.001 -20"><span class='ocrx_word' id='word_1_257' title='bbox 521 3821 828 3903; x_wconf 72' lang='lat' dir='ltr'><strong>Apo-telis</strong></span> <span class='ocrx_word' id='word_1_258' title='bbox 865 3824 1186 3883; x_wconf 77' lang='lat' dir='ltr'><strong>succedere</strong></span> <span class='ocrx_word' id='word_1_259' title='bbox 1225 3822 1520 3884; x_wconf 86' lang='lat' dir='ltr'><strong>dicuntur</strong></span> <span class='ocrx_word' id='word_1_260' title='bbox 1557 3844 1596 3885; x_wconf 81' lang='lat' dir='ltr'><strong>a</strong></span> <span class='ocrx_word' id='word_1_261' title='bbox 1637 3823 1904 3886; x_wconf 82' lang='lat' dir='ltr'><strong>Concilio</strong></span> <span class='ocrx_word' id='word_1_262' title='bbox 1943 3825 2083 3887; x_wconf 92' lang='lat' dir='ltr'><strong>Flo-</strong></span> 
     </span>
     <span class='ocr_line' id='line_1_38' title="bbox 521 3916 2083 3994; baseline 0.001 -17"><span class='ocrx_word' id='word_1_263' title='bbox 521 3918 790 3992; x_wconf 87' lang='lat' dir='ltr'><strong>rentino,</strong></span> <span class='ocrx_word' id='word_1_264' title='bbox 833 3916 900 3977; x_wconf 90' lang='lat' dir='ltr'><strong>in</strong></span> <span class='ocrx_word' id='word_1_265' title='bbox 941 3916 1346 3978; x_wconf 85' lang='lat' dir='ltr'><strong>instructione</strong></span> <span class='ocrx_word' id='word_1_266' title='bbox 1377 3920 1813 3994; x_wconf 86' lang='lat' dir='ltr'><strong>Armenorum,</strong></span> <span class='ocrx_word' id='word_1_267' title='bbox 1849 3926 1914 3981; x_wconf 87' lang='lat' dir='ltr'><strong>et</strong></span> <span class='ocrx_word' id='word_1_268' title='bbox 1947 3921 2083 3979; x_wconf 86' lang='lat' dir='ltr'><strong>Tri·</strong></span> 
     </span>
     <span class='ocr_line' id='line_1_39' title="bbox 521 4011 2081 4092; baseline 0.003 -24"><span class='ocrx_word' id='word_1_269' title='bbox 521 4011 802 4086; x_wconf 72' lang='lat' dir='ltr'><strong>demine,</strong></span> <span class='ocrx_word' id='word_1_270' title='bbox 833 4028 980 4073; x_wconf 82' lang='lat' dir='ltr'><strong>sess.</strong></span> <span class='ocrx_word' id='word_1_271' title='bbox 1011 4013 1114 4085; x_wconf 75' lang='lat'><strong>23,</strong></span> <span class='ocrx_word' id='word_1_272' title='bbox 1155 4030 1290 4092; x_wconf 87' lang='lat' dir='ltr'><strong>cap.</strong></span> <span class='ocrx_word' id='word_1_273' title='bbox 1323 4014 1386 4087; x_wconf 69' lang='grc' dir='ltr'><strong>ὁ,</strong></span> <span class='ocrx_word' id='word_1_274' title='bbox 1423 4020 1486 4073; x_wconf 89' lang='lat' dir='ltr'><strong>et</strong></span> <span class='ocrx_word' id='word_1_275' title='bbox 1509 4012 1591 4074; x_wconf 85' lang='lat' dir='ltr'><strong>ab</strong></span> <span class='ocrx_word' id='word_1_276' title='bbox 1621 4014 1989 4092; x_wconf 82' lang='lat' dir='ltr'><strong>Augustino,</strong></span> <span class='ocrx_word' id='word_1_277' title='bbox 2018 4014 2081 4073; x_wconf 89' lang='lat' dir='ltr'><strong>in</strong></span> 
     </span>
    </p>
   </div>
   <div class='ocr_carea' id='block_1_4' title="bbox 421 4102 2085 4187">
    <p class='ocr_par' dir='ltr' id='par_1_5' title="bbox 421 4102 2085 4187">
     <span class='ocr_line' id='line_1_40' title="bbox 421 4102 2085 4187; baseline 0.001 -24"><span class='ocrx_word' id='word_1_278' title='bbox 421 4102 435 4110; x_wconf 82' lang='grc'><strong>“</strong></span> <span class='ocrx_word' id='word_1_279' title='bbox 523 4104 586 4163; x_wconf 84' lang='lat' dir='ltr'><strong>id</strong></span> <span class='ocrx_word' id='word_1_280' title='bbox 626 4104 852 4166; x_wconf 83' lang='lat' dir='ltr'><strong>Psalm.</strong></span> <span class='ocrx_word' id='word_1_281' title='bbox 896 4106 976 4165; x_wconf 67' lang='lat' dir='ltr'><strong>ts</strong></span> <span class='ocrx_word' id='word_1_282' title='bbox 1019 4120 1038 4165; x_wconf 74' lang='grc' dir='ltr'>ε</span> <span class='ocrx_word' id='word_1_283' title='bbox 1081 4104 1209 4167; x_wconf 84' lang='lat' dir='ltr'><strong>Pro</strong></span> <span class='ocrx_word' id='word_1_284' title='bbox 1247 4106 1530 4187; x_wconf 63' lang='lat' dir='ltr'><strong>patribus</strong></span> <span class='ocrx_word' id='word_1_285' title='bbox 1569 4108 1718 4180; x_wconf 72' lang='lat' dir='ltr'><strong>tuis,</strong></span> <span class='ocrx_word' id='word_1_286' title='bbox 1765 4112 1908 4181; x_wconf 68' lang='lat' dir='ltr'><strong>etc„</strong></span> <span class='ocrx_word' id='word_1_287' title='bbox 1954 4124 2085 4165; x_wconf 88' lang='lat' dir='ltr'><strong>non</strong></span> 
     </span>
    </p>
   </div>
   <div class='ocr_carea' id='block_1_5' title="bbox 519 4198 2091 5304">
    <p class='ocr_par' dir='ltr' id='par_1_6' title="bbox 519 4198 2091 5304">
     <span class='ocr_line' id='line_1_41' title="bbox 523 4198 2081 4272; baseline 0.001 -15"><span class='ocrx_word' id='word_1_288' title='bbox 523 4198 880 4260; x_wconf 86' lang='lat' dir='ltr'><strong>immediate</strong></span> <span class='ocrx_word' id='word_1_289' title='bbox 907 4218 946 4259; x_wconf 87' lang='lat' dir='ltr'><strong>a</strong></span> <span class='ocrx_word' id='word_1_290' title='bbox 969 4199 1226 4265; x_wconf 83' lang='lat' dir='ltr'><strong>Christo.</strong></span> <span class='ocrx_word' id='word_1_291' title='bbox 1257 4200 1363 4259; x_wconf 84' lang='lat' dir='ltr'><strong>sed</strong></span> <span class='ocrx_word' id='word_1_292' title='bbox 1391 4218 1430 4260; x_wconf 86' lang='lat' dir='ltr'><strong>a</strong></span> <span class='ocrx_word' id='word_1_293' title='bbox 1460 4198 1748 4260; x_wconf 80' lang='lat' dir='ltr'><strong>Pontifice</strong></span> <span class='ocrx_word' id='word_1_294' title='bbox 1779 4200 2081 4272; x_wconf 86' lang='lat' dir='ltr'><strong>Romane,</strong></span> 
     </span>
     <span class='ocr_line' id='line_1_42' title="bbox 523 4292 2079 4371; baseline 0.001 -20"><span class='ocrx_word' id='word_1_295' title='bbox 523 4293 686 4355; x_wconf 83' lang='lat' dir='ltr'><strong>Petri</strong></span> <span class='ocrx_word' id='word_1_296' title='bbox 723 4310 1091 4368; x_wconf 79' lang='lat' dir='ltr'><strong>successore,</strong></span> <span class='ocrx_word' id='word_1_297' title='bbox 1127 4293 1620 4371; x_wconf 85' lang='lat' dir='ltr'><strong>jurisdictionem</strong></span> <span class='ocrx_word' id='word_1_298' title='bbox 1665 4292 1914 4354; x_wconf 88' lang='lat' dir='ltr'><strong>habere.</strong></span> <span class='ocrx_word' id='word_1_299' title='bbox 1960 4292 2079 4355; x_wconf 85' lang='lat' dir='ltr'><strong>Sed</strong></span> 
     </span>
     <span class='ocr_line' id='line_1_43' title="bbox 521 4385 2081 4464; baseline -0.002 -17"><span class='ocrx_word' id='word_1_300' title='bbox 521 4387 638 4447; x_wconf 89' lang='lat' dir='ltr'><strong>hoe</strong></span> <span class='ocrx_word' id='word_1_301' title='bbox 662 4392 824 4448; x_wconf 84' lang='lat' dir='ltr'><strong>certe</strong></span> <span class='ocrx_word' id='word_1_302' title='bbox 851 4405 979 4448; x_wconf 91' lang='lat' dir='ltr'><strong>non</strong></span> <span class='ocrx_word' id='word_1_303' title='bbox 1002 4392 1094 4447; x_wconf 87' lang='lat' dir='ltr'><strong>est</strong></span> <span class='ocrx_word' id='word_1_304' title='bbox 1123 4386 1428 4449; x_wconf 84' lang='lat' dir='ltr'><strong>sufficiens</strong></span> <span class='ocrx_word' id='word_1_305' title='bbox 1455 4387 1480 4446; x_wconf 76' lang='lat' dir='ltr'><strong>i*</strong></span> <span class='ocrx_word' id='word_1_306' title='bbox 1481 4385 1930 4463; x_wconf 77' lang='lat' dir='ltr'><strong>undamentum</strong></span> <span class='ocrx_word' id='word_1_307' title='bbox 1956 4402 2081 4464; x_wconf 85' lang='lat' dir='ltr'><strong>qno</strong></span> 
     </span>
     <span class='ocr_line' id='line_1_44' title="bbox 519 4480 2085 4541; baseline -0.001 -2"><span class='ocrx_word' id='word_1_308' title='bbox 519 4500 556 4539; x_wconf 88' lang='lat' dir='ltr'><strong>n</strong></span> <span class='ocrx_word' id='word_1_309' title='bbox 605 4482 1015 4541; x_wconf 86' lang='lat' dir='ltr'><strong>communiori</strong></span> <span class='ocrx_word' id='word_1_310' title='bbox 1074 4482 1382 4541; x_wconf 84' lang='lat' dir='ltr'><strong>sententia</strong></span> <span class='ocrx_word' id='word_1_311' title='bbox 1433 4481 1774 4540; x_wconf 79' lang='lat' dir='ltr'><strong>recedatur.</strong></span> <span class='ocrx_word' id='word_1_312' title='bbox 1831 4480 2085 4540; x_wconf 85' lang='lat' dir='ltr'><strong>Constat</strong></span> 
     </span>
     <span class='ocr_line' id='line_1_45' title="bbox 521 4573 2077 4635; baseline -0.003 0"><span class='ocrx_word' id='word_1_313' title='bbox 521 4574 688 4635; x_wconf 81' lang='lat' dir='ltr'><strong>enim</strong></span> <span class='ocrx_word' id='word_1_314' title='bbox 717 4574 1188 4635; x_wconf 87' lang='lat' dir='ltr'><strong>similitudinem</strong></span> <span class='ocrx_word' id='word_1_315' title='bbox 1229 4592 1356 4634; x_wconf 89' lang='lat' dir='ltr'><strong>non</strong></span> <span class='ocrx_word' id='word_1_316' title='bbox 1392 4573 1598 4633; x_wconf 79' lang='lat' dir='ltr'><strong>valere</strong></span> <span class='ocrx_word' id='word_1_317' title='bbox 1635 4575 1701 4633; x_wconf 90' lang='lat' dir='ltr'><strong>in</strong></span> <span class='ocrx_word' id='word_1_318' title='bbox 1741 4573 2077 4634; x_wconf 88' lang='lat' dir='ltr'><strong>omnibus:</strong></span> 
     </span>
     <span class='ocr_line' id='line_1_46' title="bbox 523 4666 2083 4746; baseline -0.001 -20"><span class='ocrx_word' id='word_1_319' title='bbox 523 4673 722 4745; x_wconf 83' lang='lat' dir='ltr'><strong>potest</strong></span> <span class='ocrx_word' id='word_1_320' title='bbox 747 4668 914 4729; x_wconf 89' lang='lat' dir='ltr'><strong>enim</strong></span> <span class='ocrx_word' id='word_1_321' title='bbox 939 4684 1108 4727; x_wconf 89' lang='lat' dir='ltr'><strong>nunc</strong></span> <span class='ocrx_word' id='word_1_322' title='bbox 1129 4666 1408 4727; x_wconf 81' lang='lat' dir='ltr'><strong>Pontifex</strong></span> <span class='ocrx_word' id='word_1_323' title='bbox 1433 4667 1876 4746; x_wconf 82' lang='lat' dir='ltr'><strong>Episcoporum</strong></span> <span class='ocrx_word' id='word_1_324' title='bbox 1893 4666 2083 4744; x_wconf 84' lang='lat' dir='ltr'><strong>juris-</strong></span> 
     </span>
     <span class='ocr_line' id='line_1_47' title="bbox 523 4758 2079 4839; baseline 0.001 -21"><span class='ocrx_word' id='word_1_325' title='bbox 523 4758 854 4821; x_wconf 81' lang='lat' dir='ltr'><strong>dictionem</strong></span> <span class='ocrx_word' id='word_1_326' title='bbox 885 4762 1256 4839; x_wconf 77' lang='lat' dir='ltr'><strong>restringere</strong></span> <span class='ocrx_word' id='word_1_327' title='bbox 1279 4760 1374 4821; x_wconf 81' lang='lat' dir='ltr'><strong>vel</strong></span> <span class='ocrx_word' id='word_1_328' title='bbox 1396 4761 1720 4839; x_wconf 87' lang='lat' dir='ltr'><strong>ampliare,</strong></span> <span class='ocrx_word' id='word_1_329' title='bbox 1759 4760 1924 4839; x_wconf 86' lang='lat' dir='ltr'><strong>quod</strong></span> <span class='ocrx_word' id='word_1_330' title='bbox 1955 4776 2079 4819; x_wconf 91' lang='lat' dir='ltr'><strong>non</strong></span> 
     </span>
     <span class='ocr_line' id='line_1_48' title="bbox 523 4852 2087 4933; baseline 0.001 -22"><span class='ocrx_word' id='word_1_331' title='bbox 523 4854 823 4933; x_wconf 84' lang='lat' dir='ltr'><strong>potuisset</strong></span> <span class='ocrx_word' id='word_1_332' title='bbox 877 4854 1092 4917; x_wconf 85' lang='lat' dir='ltr'><strong>Petrus</strong></span> <span class='ocrx_word' id='word_1_333' title='bbox 1135 4853 1334 4915; x_wconf 82' lang='lat' dir='ltr'><strong>faeere</strong></span> <span class='ocrx_word' id='word_1_334' title='bbox 1385 4856 1452 4914; x_wconf 90' lang='lat' dir='ltr'><strong>in</strong></span> <span class='ocrx_word' id='word_1_335' title='bbox 1508 4852 1836 4933; x_wconf 87' lang='lat' dir='ltr'><strong>Apostolis,</strong></span> <span class='ocrx_word' id='word_1_336' title='bbox 1893 4852 2002 4931; x_wconf 88' lang='lat' dir='ltr'><strong>qni</strong></span> <span class='ocrx_word' id='word_1_337' title='bbox 2048 4870 2087 4912; x_wconf 85' lang='lat' dir='ltr'><strong>a</strong></span> 
     </span>
     <span class='ocr_line' id='line_1_49' title="bbox 525 4946 2087 5008; baseline -0.002 -1"><span class='ocrx_word' id='word_1_338' title='bbox 525 4946 765 5008; x_wconf 87' lang='lat' dir='ltr'><strong>Christo</strong></span> <span class='ocrx_word' id='word_1_339' title='bbox 799 4947 970 5007; x_wconf 88' lang='lat' dir='ltr'><strong>missi</strong></span> <span class='ocrx_word' id='word_1_340' title='bbox 997 4946 1252 5008; x_wconf 81' lang='lat' dir='ltr'><strong>fuerunt</strong></span> <span class='ocrx_word' id='word_1_341' title='bbox 1277 4949 1340 5007; x_wconf 92' lang='lat' dir='ltr'><strong>in</strong></span> <span class='ocrx_word' id='word_1_342' title='bbox 1367 4954 1567 5008; x_wconf 85' lang='lat' dir='ltr'><strong>totum</strong></span> <span class='ocrx_word' id='word_1_343' title='bbox 1596 4946 1810 5007; x_wconf 88' lang='lat' dir='ltr'><strong>orbem</strong></span> <span class='ocrx_word' id='word_1_344' title='bbox 1840 4946 1917 5005; x_wconf 89' lang='lat' dir='ltr'><strong>ad</strong></span> <span class='ocrx_word' id='word_1_345' title='bbox 1946 4946 2087 5005; x_wconf 69' lang='lat' dir='ltr'><strong>fun·-⁴</strong></span> 
     </span>
     <span class='ocr_line' id='line_1_50' title="bbox 525 5036 2089 5118; baseline -0.001 -19"><span class='ocrx_word' id='word_1_346' title='bbox 525 5038 794 5101; x_wconf 87' lang='lat' dir='ltr'><strong>dandam</strong></span> <span class='ocrx_word' id='word_1_347' title='bbox 863 5040 1218 5101; x_wconf 75' lang='lat' dir='ltr'><strong>Ecclesiam.</strong></span> <span class='ocrx_word' id='word_1_348' title='bbox 1289 5039 1485 5115; x_wconf 74' lang='lat' dir='ltr'><strong>Aliter</strong></span> <span class='ocrx_word' id='word_1_349' title='bbox 1543 5056 1694 5118; x_wconf 83' lang='lat' dir='ltr'><strong>ergo</strong></span> <span class='ocrx_word' id='word_1_350' title='bbox 1753 5036 2089 5099; x_wconf 80' lang='lat' dir='ltr'><strong>succedunt</strong></span> 
     </span>
     <span class='ocr_line' id='line_1_51' title="bbox 525 5132 2091 5213; baseline -0.001 -22"><span class='ocrx_word' id='word_1_351' title='bbox 525 5132 810 5213; x_wconf 79' lang='lat' dir='ltr'><strong>Episcopi</strong></span> <span class='ocrx_word' id='word_1_352' title='bbox 839 5133 1166 5211; x_wconf 76' lang='lat' dir='ltr'><strong>Apostolis,</strong></span> <span class='ocrx_word' id='word_1_353' title='bbox 1196 5150 1386 5213; x_wconf 84' lang='lat' dir='ltr'><strong>quam</strong></span> <span class='ocrx_word' id='word_1_354' title='bbox 1413 5134 1746 5212; x_wconf 82' lang='lat' dir='ltr'><strong>Episcopus</strong></span> <span class='ocrx_word' id='word_1_355' title='bbox 1773 5132 2091 5192; x_wconf 85' lang='lat' dir='ltr'><strong>Romanus</strong></span> 
     </span>
     <span class='ocr_line' id='line_1_52' title="bbox 528 5223 2085 5304; baseline 0 -19"><span class='ocrx_word' id='word_1_356' title='bbox 528 5226 708 5286; x_wconf 86' lang='lat' dir='ltr'><strong>Petro</strong></span> <span class='ocrx_word' id='word_1_357' title='bbox 733 5230 752 5265; x_wconf 81' lang='lat'><strong>¹</strong></span> <span class='ocrx_word' id='word_1_358' title='bbox 781 5248 800 5301; x_wconf 95' lang='lat'>;</span> <span class='ocrx_word' id='word_1_359' title='bbox 829 5226 935 5287; x_wconf 87' lang='lat' dir='ltr'><strong>hic</strong></span> <span class='ocrx_word' id='word_1_360' title='bbox 953 5227 1150 5303; x_wconf 83' lang='lat' dir='ltr'><strong>enim,</strong></span> <span class='ocrx_word' id='word_1_361' title='bbox 1173 5232 1248 5287; x_wconf 89' lang='lat' dir='ltr'><strong>ut</strong></span> <span class='ocrx_word' id='word_1_362' title='bbox 1267 5226 1542 5287; x_wconf 86' lang='lat' dir='ltr'><strong>dicemus</strong></span> <span class='ocrx_word' id='word_1_363' title='bbox 1563 5228 1632 5286; x_wconf 86' lang='lat' dir='ltr'><strong>in</strong></span> <span class='ocrx_word' id='word_1_364' title='bbox 1661 5223 2085 5304; x_wconf 85' lang='lat' dir='ltr'><strong>sequentibus,</strong></span> 
     </span>
    </p>
   </div>
   <div class='ocr_carea' id='block_1_6' title="bbox 527 5412 2092 5590">
    <p class='ocr_par' dir='ltr' id='par_1_7' title="bbox 527 5412 2092 5590">
     <span class='ocr_line' id='line_1_53' title="bbox 612 5412 2092 5495; baseline -0.002 -21"><span class='ocrx_word' id='word_1_365' title='bbox 612 5414 630 5451; x_wconf 80' lang='lat'>⁸</span> <span class='ocrx_word' id='word_1_366' title='bbox 673 5412 762 5474; x_wconf 87' lang='lat' dir='ltr'><strong>De</strong></span> <span class='ocrx_word' id='word_1_367' title='bbox 787 5430 912 5493; x_wconf 80' lang='lat' dir='ltr'><strong>quo</strong></span> <span class='ocrx_word' id='word_1_368' title='bbox 939 5414 978 5474; x_wconf 82' lang='lat'><strong>3</strong></span> <span class='ocrx_word' id='word_1_369' title='bbox 1008 5430 1102 5495; x_wconf 91' lang='lat' dir='ltr'><strong>p.,</strong></span> <span class='ocrx_word' id='word_1_370' title='bbox 1135 5418 1288 5474; x_wconf 85' lang='lat' dir='ltr'><strong>tom.</strong></span> <span class='ocrx_word' id='word_1_371' title='bbox 1323 5414 1387 5491; x_wconf 71' lang='lat'><strong>4,</strong></span> <span class='ocrx_word' id='word_1_372' title='bbox 1415 5412 1575 5493; x_wconf 83' lang='lat' dir='ltr'><strong>disp.</strong></span> <span class='ocrx_word' id='word_1_373' title='bbox 1607 5414 1709 5488; x_wconf 75' lang='lat'><strong>25,</strong></span> <span class='ocrx_word' id='word_1_374' title='bbox 1739 5416 1888 5474; x_wconf 86' lang='lat' dir='ltr'><strong>sect.</strong></span> <span class='ocrx_word' id='word_1_375' title='bbox 1926 5413 1989 5485; x_wconf 80' lang='grc'><strong>1,</strong></span> <span class='ocrx_word' id='word_1_376' title='bbox 2028 5415 2092 5472; x_wconf 87' lang='lat' dir='ltr'><strong>et</strong></span> 
     </span>
     <span class='ocr_line' id='line_1_54' title="bbox 527 5503 2090 5590; baseline 0 -23"><span class='ocrx_word' id='word_1_377' title='bbox 527 5508 683 5568; x_wconf 85' lang='lat' dir='ltr'><strong>tom.</strong></span> <span class='ocrx_word' id='word_1_378' title='bbox 713 5508 790 5585; x_wconf 74' lang='grc' dir='ltr'><strong>δ,</strong></span> <span class='ocrx_word' id='word_1_379' title='bbox 829 5505 990 5590; x_wconf 78' lang='lat' dir='ltr'><strong>disp.</strong></span> <span class='ocrx_word' id='word_1_380' title='bbox 1023 5512 1086 5587; x_wconf 82' lang='grc'><strong>1,</strong></span> <span class='ocrx_word' id='word_1_381' title='bbox 1113 5513 1264 5572; x_wconf 85' lang='lat' dir='ltr'><strong>sect.</strong></span> <span class='ocrx_word' id='word_1_382' title='bbox 1291 5508 1376 5587; x_wconf 73' lang='lat'><strong>23</strong></span> <span class='ocrx_word' id='word_1_383' title='bbox 1414 5507 1568 5572; x_wconf 85' lang='lat' dir='ltr'><strong>alios</strong></span> <span class='ocrx_word' id='word_1_384' title='bbox 1593 5506 1785 5569; x_wconf 78' lang='lat' dir='ltr'><strong>etiam</strong></span> <span class='ocrx_word' id='word_1_385' title='bbox 1819 5503 2090 5569; x_wconf 80' lang='lat' dir='ltr'><strong>auctoris</strong></span> 
     </span>
    </p>
   </div>
   <div class='ocr_carea' id='block_1_7' title="bbox 1587 358 3788 539">
    <p class='ocr_par' dir='ltr' id='par_1_8' title="bbox 1587 358 3788 539">
     <span class='ocr_line' id='line_1_55' title="bbox 1587 358 2648 414; baseline -0.004 -3"><span class='ocrx_word' id='word_1_386' title='bbox 1587 358 1824 412; x_wconf 75' lang='lat' dir='ltr'><strong>mstT.</strong></span> <span class='ocrx_word' id='word_1_387' title='bbox 1861 360 1921 410; x_wconf 79' lang='lat' dir='ltr'><strong>X.</strong></span> <span class='ocrx_word' id='word_1_388' title='bbox 1956 359 2039 409; x_wconf 75' lang='lat' dir='ltr'><strong>DE</strong></span> <span class='ocrx_word' id='word_1_389' title='bbox 2064 358 2275 411; x_wconf 71' lang='lat' dir='ltr'><strong>Smo</strong></span> <span class='ocrx_word' id='word_1_390' title='bbox 2310 360 2648 414; x_wconf 67' lang='lat' dir='ltr'><strong>PoN‘rirlcE.</strong></span> 
     </span>
     <span class='ocr_line' id='line_1_56' title="bbox 2157 457 3788 539; baseline 0.003 -18"><span class='ocrx_word' id='word_1_391' title='bbox 2157 461 2245 521; x_wconf 86' lang='lat' dir='ltr'><strong>ita</strong></span> <span class='ocrx_word' id='word_1_392' title='bbox 2278 461 2548 522; x_wconf 82' lang='lat' dir='ltr'><strong>succedit</strong></span> <span class='ocrx_word' id='word_1_393' title='bbox 2570 467 2666 537; x_wconf 87' lang='lat' dir='ltr'><strong>ut,</strong></span> <span class='ocrx_word' id='word_1_394' title='bbox 2695 464 2833 539; x_wconf 82' lang='lat' dir='ltr'><strong>post</strong></span> <span class='ocrx_word' id='word_1_395' title='bbox 2858 462 3057 519; x_wconf 87' lang='lat' dir='ltr'><strong>ratam</strong></span> <span class='ocrx_word' id='word_1_396' title='bbox 3084 457 3450 538; x_wconf 84' lang='lat' dir='ltr'><strong>electionem,</strong></span> <span class='ocrx_word' id='word_1_397' title='bbox 3477 466 3656 527; x_wconf 84' lang='lat' dir='ltr'><strong>imme-</strong></span> <span class='ocrx_word' id='word_1_398' title='bbox 3786 458 3788 467; x_wconf 54' lang='lat'><strong>²</strong></span> 
     </span>
    </p>
   </div>
   <div class='ocr_carea' id='block_1_8' title="bbox 2157 552 3659 727">
    <p class='ocr_par' dir='ltr' id='par_1_9' title="bbox 2157 552 3659 727">
     <span class='ocr_line' id='line_1_57' title="bbox 2157 552 3656 636; baseline 0.001 -21"><span class='ocrx_word' id='word_1_399' title='bbox 2157 554 2322 617; x_wconf 88' lang='lat' dir='ltr'><strong>diate</strong></span> <span class='ocrx_word' id='word_1_400' title='bbox 2348 554 2585 635; x_wconf 84' lang='lat' dir='ltr'><strong>abipso</strong></span> <span class='ocrx_word' id='word_1_401' title='bbox 2614 554 2857 614; x_wconf 85' lang='lat' dir='ltr'><strong>Christo</strong></span> <span class='ocrx_word' id='word_1_402' title='bbox 2880 552 3137 631; x_wconf 70' lang='lat' dir='ltr'><strong>recipiat</strong></span> <span class='ocrx_word' id='word_1_403' title='bbox 3162 554 3495 617; x_wconf 83' lang='lat' dir='ltr'><strong>nniversam</strong></span> <span class='ocrx_word' id='word_1_404' title='bbox 3508 560 3656 636; x_wconf 74' lang='lat' dir='ltr'><strong>juris-</strong></span> 
     </span>
     <span class='ocr_line' id='line_1_58' title="bbox 2159 647 3659 727; baseline 0.004 -20"><span class='ocrx_word' id='word_1_405' title='bbox 2159 647 2519 723; x_wconf 85' lang='lat' dir='ltr'><strong>dictionem,</strong></span> <span class='ocrx_word' id='word_1_406' title='bbox 2570 662 2760 727; x_wconf 88' lang='lat' dir='ltr'><strong>quam</strong></span> <span class='ocrx_word' id='word_1_407' title='bbox 2806 647 3019 705; x_wconf 87' lang='lat' dir='ltr'><strong>Petrus</strong></span> <span class='ocrx_word' id='word_1_408' title='bbox 3060 652 3388 726; x_wconf 84' lang='lat' dir='ltr'><strong>receperat,</strong></span> <span class='ocrx_word' id='word_1_409' title='bbox 3432 656 3495 711; x_wconf 87' lang='lat' dir='ltr'><strong>ut</strong></span> <span class='ocrx_word' id='word_1_410' title='bbox 3518 650 3659 713; x_wconf 82' lang='lat' dir='ltr'><strong>illius</strong></span> 
     </span>
    </p>
   </div>
   <div class='ocr_carea' id='block_1_9' title="bbox 2160 738 3790 821">
    <p class='ocr_par' dir='ltr' id='par_1_10' title="bbox 2160 738 3790 821">
     <span class='ocr_line' id='line_1_59' title="bbox 2160 738 3790 821; baseline 0.002 -19"><span class='ocrx_word' id='word_1_411' title='bbox 2160 742 2357 803; x_wconf 81' lang='lat' dir='ltr'><strong>vicem</strong></span> <span class='ocrx_word' id='word_1_412' title='bbox 2386 740 2673 821; x_wconf 85' lang='lat' dir='ltr'><strong>suppleat</strong></span> <span class='ocrx_word' id='word_1_413' title='bbox 2700 756 2719 816; x_wconf 91' lang='lat'>;</span> <span class='ocrx_word' id='word_1_414' title='bbox 2764 738 2869 801; x_wconf 87' lang='lat' dir='ltr'><strong>alii</strong></span> <span class='ocrx_word' id='word_1_415' title='bbox 2902 756 3051 799; x_wconf 81' lang='lat' dir='ltr'><strong>vero</strong></span> <span class='ocrx_word' id='word_1_416' title='bbox 3082 740 3355 820; x_wconf 82' lang='lat' dir='ltr'><strong>Episcopi</strong></span> <span class='ocrx_word' id='word_1_417' title='bbox 3386 745 3661 804; x_wconf 82' lang='lat' dir='ltr'><strong>succedere</strong></span> <span class='ocrx_word' id='word_1_418' title='bbox 3788 774 3790 783; x_wconf 92' lang='lat'>·</span> 
     </span>
    </p>
   </div>
   <div class='ocr_carea' id='block_1_10' title="bbox 2154 832 3669 1195">
    <p class='ocr_par' dir='ltr' id='par_1_11' title="bbox 2154 832 3669 1195">
     <span class='ocr_line' id='line_1_60' title="bbox 2156 832 3665 913; baseline 0 -16"><span class='ocrx_word' id='word_1_419' title='bbox 2156 836 2453 897; x_wconf 83' lang='lat' dir='ltr'><strong>dicuntur</strong></span> <span class='ocrx_word' id='word_1_420' title='bbox 2476 835 2803 913; x_wconf 81' lang='lat' dir='ltr'><strong>Apostolis,</strong></span> <span class='ocrx_word' id='word_1_421' title='bbox 2832 850 2961 894; x_wconf 88' lang='lat' dir='ltr'><strong>non</strong></span> <span class='ocrx_word' id='word_1_422' title='bbox 2986 833 3050 893; x_wconf 89' lang='lat' dir='ltr'><strong>in</strong></span> <span class='ocrx_word' id='word_1_423' title='bbox 3078 832 3195 895; x_wconf 90' lang='lat' dir='ltr'><strong>hoe</strong></span> <span class='ocrx_word' id='word_1_424' title='bbox 3217 846 3287 893; x_wconf 86' lang='lat' dir='ltr'><strong>ut</strong></span> <span class='ocrx_word' id='word_1_425' title='bbox 3308 834 3551 895; x_wconf 81' lang='lat' dir='ltr'><strong>habeant</strong></span> <span class='ocrx_word' id='word_1_426' title='bbox 3570 838 3665 897; x_wconf 90' lang='lat' dir='ltr'><strong>im-</strong></span> 
     </span>
     <span class='ocr_line' id='line_1_61' title="bbox 2158 926 3664 1007; baseline -0.001 -16"><span class='ocrx_word' id='word_1_427' title='bbox 2158 928 2427 991; x_wconf 85' lang='lat' dir='ltr'><strong>mediate</strong></span> <span class='ocrx_word' id='word_1_428' title='bbox 2466 926 2983 1007; x_wconf 85' lang='lat' dir='ltr'><strong>jurisdictionem,</strong></span> <span class='ocrx_word' id='word_1_429' title='bbox 3033 944 3072 987; x_wconf 87' lang='lat' dir='ltr'><strong>a</strong></span> <span class='ocrx_word' id='word_1_430' title='bbox 3116 944 3243 1006; x_wconf 88' lang='lat' dir='ltr'><strong>quo</strong></span> <span class='ocrx_word' id='word_1_431' title='bbox 3281 927 3531 1005; x_wconf 82' lang='lat' dir='ltr'><strong>Apostoli</strong></span> <span class='ocrx_word' id='word_1_432' title='bbox 3574 929 3664 989; x_wconf 85' lang='lat' dir='ltr'><strong>ha·</strong></span> 
     </span>
     <span class='ocr_line' id='line_1_62' title="bbox 2155 1021 3665 1100; baseline 0 -17"><span class='ocrx_word' id='word_1_433' title='bbox 2155 1022 2466 1100; x_wconf 80' lang='lat' dir='ltr'><strong>buerunt3</strong></span> <span class='ocrx_word' id='word_1_434' title='bbox 2508 1021 2711 1084; x_wconf 61' lang='lat' dir='ltr'><strong>caeteri</strong></span> <span class='ocrx_word' id='word_1_435' title='bbox 2736 1037 3001 1100; x_wconf 82' lang='lat' dir='ltr'><strong>namque</strong></span> <span class='ocrx_word' id='word_1_436' title='bbox 3028 1026 3249 1099; x_wconf 78' lang='lat' dir='ltr'><strong>praeter</strong></span> <span class='ocrx_word' id='word_1_437' title='bbox 3268 1022 3523 1089; x_wconf 82' lang='lat' dir='ltr'><strong>Petrum,</strong></span> <span class='ocrx_word' id='word_1_438' title='bbox 3552 1036 3665 1083; x_wconf 86' lang='lat' dir='ltr'><strong>eam</strong></span> 
     </span>
     <span class='ocr_line' id='line_1_63' title="bbox 2154 1112 3669 1195; baseline 0 -18"><span class='ocrx_word' id='word_1_439' title='bbox 2154 1133 2283 1177; x_wconf 88' lang='lat' dir='ltr'><strong>non</strong></span> <span class='ocrx_word' id='word_1_440' title='bbox 2312 1120 2685 1195; x_wconf 87' lang='lat' dir='ltr'><strong>acceperunt</strong></span> <span class='ocrx_word' id='word_1_441' title='bbox 2714 1113 3118 1185; x_wconf 81' lang='lat' dir='ltr'><strong>ordinariam,</strong></span> <span class='ocrx_word' id='word_1_442' title='bbox 3150 1119 3210 1173; x_wconf 85' lang='lat' dir='ltr'><strong>et</strong></span> <span class='ocrx_word' id='word_1_443' title='bbox 3236 1112 3312 1173; x_wconf 91' lang='lat' dir='ltr'><strong>ad</strong></span> <span class='ocrx_word' id='word_1_444' title='bbox 3340 1130 3669 1177; x_wconf 77' lang='lat' dir='ltr'><strong>successores</strong></span> 
     </span>
    </p>
   </div>
   <div class='ocr_carea' id='block_1_11' title="bbox 2154 1204 3794 1285">
    <p class='ocr_par' dir='ltr' id='par_1_12' title="bbox 2154 1204 3794 1285">
     <span class='ocr_line' id='line_1_64' title="bbox 2154 1204 3794 1285; baseline -0.005 -13"><span class='ocrx_word' id='word_1_445' title='bbox 2154 1209 2665 1283; x_wconf 81' lang='lat' dir='ltr'><strong>transferendam,</strong></span> <span class='ocrx_word' id='word_1_446' title='bbox 2695 1213 2766 1267; x_wconf 88' lang='lat' dir='ltr'><strong>nt</strong></span> <span class='ocrx_word' id='word_1_447' title='bbox 2796 1207 3091 1278; x_wconf 86' lang='lat' dir='ltr'><strong>dicemus,</strong></span> <span class='ocrx_word' id='word_1_448' title='bbox 3138 1205 3243 1267; x_wconf 88' lang='lat' dir='ltr'><strong>sed</strong></span> <span class='ocrx_word' id='word_1_449' title='bbox 3268 1204 3438 1285; x_wconf 84' lang='lat' dir='ltr'><strong>quasi</strong></span> <span class='ocrx_word' id='word_1_450' title='bbox 3460 1205 3669 1284; x_wconf 79' lang='lat' dir='ltr'><strong>delega·</strong></span> <span class='ocrx_word' id='word_1_451' title='bbox 3792 1220 3794 1227; x_wconf 90' lang='lat'>·</span> 
     </span>
    </p>
   </div>
   <div class='ocr_carea' id='block_1_12' title="bbox 2153 1298 3669 1383">
    <p class='ocr_par' dir='ltr' id='par_1_13' title="bbox 2153 1298 3669 1383">
     <span class='ocr_line' id='line_1_65' title="bbox 2153 1298 3669 1383; baseline -0.003 -19"><span class='ocrx_word' id='word_1_452' title='bbox 2153 1309 2283 1365; x_wconf 85' lang='lat' dir='ltr'><strong>tam</strong></span> <span class='ocrx_word' id='word_1_453' title='bbox 2310 1302 2637 1383; x_wconf 83' lang='lat' dir='ltr'><strong>privilegio</strong></span> <span class='ocrx_word' id='word_1_454' title='bbox 2664 1298 2915 1380; x_wconf 88' lang='lat' dir='ltr'><strong>speciali</strong></span> <span class='ocrx_word' id='word_1_455' title='bbox 2942 1298 3025 1359; x_wconf 88' lang='lat' dir='ltr'><strong>ob</strong></span> <span class='ocrx_word' id='word_1_456' title='bbox 3054 1298 3419 1378; x_wconf 86' lang='lat' dir='ltr'><strong>peculiarem</strong></span> <span class='ocrx_word' id='word_1_457' title='bbox 3444 1300 3669 1359; x_wconf 82' lang='lat' dir='ltr'><strong>necessi-</strong></span> 
     </span>
    </p>
   </div>
   <div class='ocr_carea' id='block_1_13' title="bbox 2160 1390 3796 1474">
    <p class='ocr_par' dir='ltr' id='par_1_14' title="bbox 2160 1390 3796 1474">
     <span class='ocr_line' id='line_1_66' title="bbox 2160 1390 3796 1474; baseline -0.004 -16"><span class='ocrx_word' id='word_1_458' title='bbox 2160 1402 2346 1458; x_wconf 86' lang='lat' dir='ltr'><strong>tatem</strong></span> <span class='ocrx_word' id='word_1_459' title='bbox 2396 1412 2535 1474; x_wconf 78' lang='lat' dir='ltr'><strong>quoe</strong></span> <span class='ocrx_word' id='word_1_460' title='bbox 2574 1401 2725 1454; x_wconf 90' lang='lat' dir='ltr'><strong>tunc</strong></span> <span class='ocrx_word' id='word_1_461' title='bbox 2772 1392 3035 1453; x_wconf 72' lang='lat' dir='ltr'><strong>dabatm</strong></span> <span class='ocrx_word' id='word_1_462' title='bbox 3078 1390 3451 1471; x_wconf 81' lang='lat' dir='ltr'><strong>propagandi</strong></span> <span class='ocrx_word' id='word_1_463' title='bbox 3490 1390 3667 1465; x_wconf 85' lang='lat' dir='ltr'><strong>fidem,</strong></span> <span class='ocrx_word' id='word_1_464' title='bbox 3794 1434 3796 1441; x_wconf 80' lang='lat'>·</span> 
     </span>
    </p>
   </div>
   <div class='ocr_carea' id='block_1_14' title="bbox 2157 1486 3675 1566">
    <p class='ocr_par' dir='ltr' id='par_1_15' title="bbox 2157 1486 3675 1566">
     <span class='ocr_line' id='line_1_67' title="bbox 2157 1486 3675 1566; baseline -0.003 -16"><span class='ocrx_word' id='word_1_465' title='bbox 2157 1488 2582 1566; x_wconf 79' lang='lat' dir='ltr'><strong>fundandique</strong></span> <span class='ocrx_word' id='word_1_466' title='bbox 2624 1486 2955 1548; x_wconf 85' lang='lat' dir='ltr'><strong>Ecclesiam</strong></span> <span class='ocrx_word' id='word_1_467' title='bbox 2986 1501 3101 1565; x_wconf 88' lang='lat' dir='ltr'><strong>per</strong></span> <span class='ocrx_word' id='word_1_468' title='bbox 3134 1486 3485 1545; x_wconf 81' lang='lat' dir='ltr'><strong>universum</strong></span> <span class='ocrx_word' id='word_1_469' title='bbox 3524 1502 3675 1545; x_wconf 87' lang='lat' dir='ltr'><strong>muu-</strong></span> 
     </span>
    </p>
   </div>
   <div class='ocr_carea' id='block_1_15' title="bbox 2158 1578 3798 1660">
    <p class='ocr_par' dir='ltr' id='par_1_16' title="bbox 2158 1578 3798 1660">
     <span class='ocr_line' id='line_1_68' title="bbox 2158 1578 3798 1660; baseline -0.005 -16"><span class='ocrx_word' id='word_1_470' title='bbox 2158 1582 2345 1658; x_wconf 90' lang='lat' dir='ltr'><strong>dum;</strong></span> <span class='ocrx_word' id='word_1_471' title='bbox 2386 1582 2563 1660; x_wconf 86' lang='lat' dir='ltr'><strong>eujus</strong></span> <span class='ocrx_word' id='word_1_472' title='bbox 2603 1580 2854 1659; x_wconf 82' lang='lat' dir='ltr'><strong>signum</strong></span> <span class='ocrx_word' id='word_1_473' title='bbox 2890 1586 3007 1653; x_wconf 86' lang='lat' dir='ltr'><strong>est,</strong></span> <span class='ocrx_word' id='word_1_474' title='bbox 3053 1584 3189 1639; x_wconf 88' lang='lat' dir='ltr'><strong>tum</strong></span> <span class='ocrx_word' id='word_1_475' title='bbox 3226 1578 3373 1658; x_wconf 86' lang='lat' dir='ltr'><strong>quia</strong></span> <span class='ocrx_word' id='word_1_476' title='bbox 3411 1578 3674 1657; x_wconf 81' lang='lat' dir='ltr'><strong>Episcopi,</strong></span> <span class='ocrx_word' id='word_1_477' title='bbox 3796 1620 3798 1657; x_wconf 58' lang='lat'><em>³</em></span> 
     </span>
    </p>
   </div>
   <div class='ocr_carea' id='block_1_16' title="bbox 2157 1660 3798 1756">
    <p class='ocr_par' dir='ltr' id='par_1_17' title="bbox 2157 1660 3798 1756">
     <span class='ocr_line' id='line_1_69' title="bbox 2157 1660 3798 1756; baseline -0.003 -20"><span class='ocrx_word' id='word_1_478' title='bbox 2157 1676 2267 1756; x_wconf 88' lang='lat' dir='ltr'><strong>qui</strong></span> <span class='ocrx_word' id='word_1_479' title='bbox 2295 1674 2597 1754; x_wconf 78' lang='lat' dir='ltr'><strong>Apostolis</strong></span> <span class='ocrx_word' id='word_1_480' title='bbox 2624 1673 2949 1734; x_wconf 83' lang='lat' dir='ltr'><strong>succedere</strong></span> <span class='ocrx_word' id='word_1_481' title='bbox 2974 1671 3291 1746; x_wconf 85' lang='lat' dir='ltr'><strong>dicuntur,</strong></span> <span class='ocrx_word' id='word_1_482' title='bbox 3332 1688 3453 1732; x_wconf 86' lang='lat' dir='ltr'><strong>non</strong></span> <span class='ocrx_word' id='word_1_483' title='bbox 3481 1668 3680 1731; x_wconf 84' lang='lat' dir='ltr'><strong>hahent</strong></span> <span class='ocrx_word' id='word_1_484' title='bbox 3796 1660 3798 1675; x_wconf 66' lang='lat'><em>²</em></span> 
     </span>
    </p>
   </div>
   <div class='ocr_carea' id='block_1_17' title="bbox 2158 1763 3802 2029">
    <p class='ocr_par' dir='ltr' id='par_1_18' title="bbox 2158 1763 3802 2029">
     <span class='ocr_line' id='line_1_70' title="bbox 2158 1763 3800 1847; baseline -0.003 -20"><span class='ocrx_word' id='word_1_485' title='bbox 2158 1768 2511 1847; x_wconf 81' lang='lat' dir='ltr'><strong>generalem</strong></span> <span class='ocrx_word' id='word_1_486' title='bbox 2532 1822 2536 1827; x_wconf 88' lang='lat'><strong>.</strong></span> <span class='ocrx_word' id='word_1_487' title='bbox 2547 1765 3047 1846; x_wconf 85' lang='lat' dir='ltr'><strong>jurisdictionem</strong></span> <span class='ocrx_word' id='word_1_488' title='bbox 3092 1765 3253 1825; x_wconf 86' lang='lat' dir='ltr'><strong>sicut</strong></span> <span class='ocrx_word' id='word_1_489' title='bbox 3295 1763 3549 1841; x_wconf 74' lang='lat' dir='ltr'><strong>Apostoli</strong></span> <span class='ocrx_word' id='word_1_490' title='bbox 3582 1765 3679 1844; x_wconf 87' lang='lat' dir='ltr'><strong>ipsi</strong></span> <span class='ocrx_word' id='word_1_491' title='bbox 3798 1816 3800 1843; x_wconf 39' lang='grc' dir='ltr'>Ξ</span> 
     </span>
     <span class='ocr_line' id='line_1_71' title="bbox 2158 1857 3800 1937; baseline -0.004 -14"><span class='ocrx_word' id='word_1_492' title='bbox 2158 1862 2555 1936; x_wconf 81' lang='lat' dir='ltr'><strong>habuernnt3</strong></span> <span class='ocrx_word' id='word_1_493' title='bbox 2602 1866 2736 1921; x_wconf 88' lang='lat' dir='ltr'><strong>tum</strong></span> <span class='ocrx_word' id='word_1_494' title='bbox 2780 1859 2971 1919; x_wconf 85' lang='lat' dir='ltr'><strong>etiam</strong></span> <span class='ocrx_word' id='word_1_495' title='bbox 3006 1858 3151 1937; x_wconf 85' lang='lat' dir='ltr'><strong>quia</strong></span> <span class='ocrx_word' id='word_1_496' title='bbox 3190 1857 3241 1917; x_wconf 89' lang='lat' dir='ltr'><strong>si</strong></span> <span class='ocrx_word' id='word_1_497' title='bbox 3280 1858 3515 1937; x_wconf 85' lang='lat' dir='ltr'><strong>propria</strong></span> <span class='ocrx_word' id='word_1_498' title='bbox 3548 1858 3681 1918; x_wconf 82' lang='lat' dir='ltr'><strong>foret</strong></span> <span class='ocrx_word' id='word_1_499' title='bbox 3798 1860 3800 1865; x_wconf 81' lang='grc'>’</span> 
     </span>
     <span class='ocr_line' id='line_1_72' title="bbox 2158 1950 3802 2029; baseline -0.004 -12"><span class='ocrx_word' id='word_1_500' title='bbox 2158 1955 2299 2017; x_wconf 87' lang='lat' dir='ltr'><strong>talis</strong></span> <span class='ocrx_word' id='word_1_501' title='bbox 2316 1954 2638 2027; x_wconf 79' lang='lat' dir='ltr'><strong>successio,</strong></span> <span class='ocrx_word' id='word_1_502' title='bbox 2668 1950 2826 2013; x_wconf 86' lang='lat' dir='ltr'><strong>nulli</strong></span> <span class='ocrx_word' id='word_1_503' title='bbox 2844 1950 3207 2012; x_wconf 85' lang='lat' dir='ltr'><strong>debuissent</strong></span> <span class='ocrx_word' id='word_1_504' title='bbox 3226 1950 3497 2029; x_wconf 76' lang='lat' dir='ltr'><strong>Episcopi</strong></span> <span class='ocrx_word' id='word_1_505' title='bbox 3518 1952 3683 2011; x_wconf 81' lang='lat' dir='ltr'><strong>creari</strong></span> <span class='ocrx_word' id='word_1_506' title='bbox 3800 2022 3802 2029; x_wconf 92' lang='lat'><em>.</em></span> 
     </span>
    </p>
   </div>
   <div class='ocr_carea' id='block_1_18' title="bbox 2157 2044 3806 2592">
    <p class='ocr_par' dir='ltr' id='par_1_19' title="bbox 2157 2044 3806 2592">
     <span class='ocr_line' id='line_1_73' title="bbox 2157 2044 3687 2125; baseline -0.005 -15"><span class='ocrx_word' id='word_1_507' title='bbox 2157 2047 2517 2110; x_wconf 78' lang='lat' dir='ltr'><strong>viventibus</strong></span> <span class='ocrx_word' id='word_1_508' title='bbox 2544 2044 2875 2125; x_wconf 86' lang='lat' dir='ltr'><strong>Apostolis‚</strong></span> <span class='ocrx_word' id='word_1_509' title='bbox 2918 2044 3080 2104; x_wconf 86' lang='lat' dir='ltr'><strong>sicut</strong></span> <span class='ocrx_word' id='word_1_510' title='bbox 3104 2044 3355 2105; x_wconf 79' lang='lat' dir='ltr'><strong>vivente</strong></span> <span class='ocrx_word' id='word_1_511' title='bbox 3384 2044 3549 2105; x_wconf 87' lang='lat' dir='ltr'><strong>Petro</strong></span> <span class='ocrx_word' id='word_1_512' title='bbox 3574 2044 3687 2103; x_wconf 88' lang='lat' dir='ltr'><strong>nul·</strong></span> 
     </span>
     <span class='ocr_line' id='line_1_74' title="bbox 2157 2135 3680 2218; baseline -0.003 -16"><span class='ocrx_word' id='word_1_513' title='bbox 2157 2140 2257 2203; x_wconf 87' lang='lat' dir='ltr'><strong>lus</strong></span> <span class='ocrx_word' id='word_1_514' title='bbox 2282 2146 2523 2203; x_wconf 84' lang='lat' dir='ltr'><strong>creatus</strong></span> <span class='ocrx_word' id='word_1_515' title='bbox 2542 2140 2765 2218; x_wconf 85' lang='lat' dir='ltr'><strong>estqui</strong></span> <span class='ocrx_word' id='word_1_516' title='bbox 2786 2139 2845 2199; x_wconf 89' lang='lat' dir='ltr'><strong>ei</strong></span> <span class='ocrx_word' id='word_1_517' title='bbox 2869 2136 3221 2198; x_wconf 86' lang='lat' dir='ltr'><strong>succederet</strong></span> <span class='ocrx_word' id='word_1_518' title='bbox 3244 2137 3309 2196; x_wconf 89' lang='lat' dir='ltr'><strong>in</strong></span> <span class='ocrx_word' id='word_1_519' title='bbox 3330 2135 3680 2197; x_wconf 76' lang='lat' dir='ltr'><strong>pontificatu.</strong></span> 
     </span>
     <span class='ocr_line' id='line_1_75' title="bbox 2158 2228 3687 2316; baseline -0.007 -17"><span class='ocrx_word' id='word_1_520' title='bbox 2158 2234 2441 2316; x_wconf 84' lang='lat' dir='ltr'><strong>Episcopi</strong></span> <span class='ocrx_word' id='word_1_521' title='bbox 2466 2250 2617 2311; x_wconf 85' lang='lat' dir='ltr'><strong>ergo</strong></span> <span class='ocrx_word' id='word_1_522' title='bbox 2643 2230 2967 2293; x_wconf 82' lang='lat' dir='ltr'><strong>succedere</strong></span> <span class='ocrx_word' id='word_1_523' title='bbox 2990 2230 3285 2290; x_wconf 85' lang='lat' dir='ltr'><strong>dicuntur</strong></span> <span class='ocrx_word' id='word_1_524' title='bbox 3310 2228 3592 2309; x_wconf 82' lang='lat' dir='ltr'><strong>Apostolis</strong></span> <span class='ocrx_word' id='word_1_525' title='bbox 3612 2246 3687 2289; x_wconf 84' lang='lat' dir='ltr'><strong>se-</strong></span> 
     </span>
     <span class='ocr_line' id='line_1_76' title="bbox 2160 2324 3687 2407; baseline -0.005 -16"><span class='ocrx_word' id='word_1_526' title='bbox 2160 2330 2432 2392; x_wconf 85' lang='lat' dir='ltr'><strong>eundum</strong></span> <span class='ocrx_word' id='word_1_527' title='bbox 2462 2326 2797 2407; x_wconf 84' lang='lat' dir='ltr'><strong>quamdam</strong></span> <span class='ocrx_word' id='word_1_528' title='bbox 2824 2324 3452 2387; x_wconf 79' lang='lat' dir='ltr'><strong>accommodationem</strong></span> <span class='ocrx_word' id='word_1_529' title='bbox 3484 2328 3499 2363; x_wconf 83' lang='lat'><strong>¹</strong></span> <span class='ocrx_word' id='word_1_530' title='bbox 3532 2334 3589 2383; x_wconf 84' lang='lat' dir='ltr'><strong>ct</strong></span> <span class='ocrx_word' id='word_1_531' title='bbox 3611 2340 3687 2384; x_wconf 86' lang='lat' dir='ltr'><strong>re-</strong></span> 
     </span>
     <span class='ocr_line' id='line_1_77' title="bbox 2160 2401 3806 2503; baseline -0.005 -20"><span class='ocrx_word' id='word_1_532' title='bbox 2160 2422 2727 2503; x_wconf 71' lang='lat' dir='ltr'><strong>praesentationem,</strong></span> <span class='ocrx_word' id='word_1_533' title='bbox 2758 2418 2837 2479; x_wconf 84' lang='lat' dir='ltr'><strong>nd</strong></span> <span class='ocrx_word' id='word_1_534' title='bbox 2862 2434 3009 2479; x_wconf 90' lang='lat' dir='ltr'><strong>eum</strong></span> <span class='ocrx_word' id='word_1_535' title='bbox 3036 2417 3443 2496; x_wconf 82' lang='lat' dir='ltr'><strong>modum-quo</strong></span> <span class='ocrx_word' id='word_1_536' title='bbox 3472 2416 3687 2495; x_wconf 72' lang='lat' dir='ltr'><strong>presby·</strong></span> <span class='ocrx_word' id='word_1_537' title='bbox 3804 2401 3806 2426; x_wconf 91' lang='lat'>&#39;</span> 
     </span>
     <span class='ocr_line' id='line_1_78' title="bbox 2160 2508 3688 2592; baseline -0.004 -17"><span class='ocrx_word' id='word_1_538' title='bbox 2160 2516 2278 2575; x_wconf 89' lang='lat' dir='ltr'><strong>teri</strong></span> <span class='ocrx_word' id='word_1_539' title='bbox 2307 2514 2632 2575; x_wconf 74' lang='lat' dir='ltr'><strong>siu-cedere</strong></span> <span class='ocrx_word' id='word_1_540' title='bbox 2662 2512 3067 2592; x_wconf 84' lang='lat' dir='ltr'><strong>perhibentur</strong></span> <span class='ocrx_word' id='word_1_541' title='bbox 3098 2512 3177 2572; x_wconf 76' lang='lat'><strong>72</strong></span> <span class='ocrx_word' id='word_1_542' title='bbox 3220 2508 3548 2588; x_wconf 82' lang='lat' dir='ltr'><strong>discipulis,</strong></span> <span class='ocrx_word' id='word_1_543' title='bbox 3562 2509 3688 2586; x_wconf 82' lang='lat' dir='ltr'><strong>quia</strong></span> 
     </span>
    </p>
   </div>
   <div class='ocr_carea' id='block_1_19' title="bbox 2161 2600 3808 2679">
    <p class='ocr_par' dir='ltr' id='par_1_20' title="bbox 2161 2600 3808 2679">
     <span class='ocr_line' id='line_1_79' title="bbox 2161 2600 3808 2679; baseline -0.006 -10"><span class='ocrx_word' id='word_1_544' title='bbox 2161 2610 2461 2669; x_wconf 87' lang='lat' dir='ltr'><strong>nimirum</strong></span> <span class='ocrx_word' id='word_1_545' title='bbox 2490 2624 2707 2667; x_wconf 88' lang='lat' dir='ltr'><strong>eorum</strong></span> <span class='ocrx_word' id='word_1_546' title='bbox 2733 2603 3001 2665; x_wconf 85' lang='lat' dir='ltr'><strong>subeunt</strong></span> <span class='ocrx_word' id='word_1_547' title='bbox 3024 2604 3212 2677; x_wconf 77' lang='lat' dir='ltr'><strong>vices,</strong></span> <span class='ocrx_word' id='word_1_548' title='bbox 3247 2602 3555 2679; x_wconf 84' lang='lat' dir='ltr'><strong>officioque</strong></span> <span class='ocrx_word' id='word_1_549' title='bbox 3572 2600 3689 2660; x_wconf 77' lang='lat' dir='ltr'><strong>fun·</strong></span> <span class='ocrx_word' id='word_1_550' title='bbox 3807 2634 3808 2639; x_wconf 20' lang='grc' dir='ltr'><strong>κ</strong></span> 
     </span>
    </p>
   </div>
   <div class='ocr_carea' id='block_1_20' title="bbox 2160 2694 3713 5113">
    <p class='ocr_par' dir='ltr' id='par_1_21' title="bbox 2160 2694 3697 3627">
     <span class='ocr_line' id='line_1_80' title="bbox 2160 2694 3691 2781; baseline -0.008 -19"><span class='ocrx_word' id='word_1_551' title='bbox 2160 2710 2396 2781; x_wconf 74' lang='lat' dir='ltr'><strong>guntur</strong></span> <span class='ocrx_word' id='word_1_552' title='bbox 2432 2722 2447 2761; x_wconf 76' lang='lat' dir='ltr'><em>z</em></span> <span class='ocrx_word' id='word_1_553' title='bbox 2493 2704 2581 2761; x_wconf 87' lang='lat' dir='ltr'><strong>sic</strong></span> <span class='ocrx_word' id='word_1_554' title='bbox 2614 2699 2785 2760; x_wconf 87' lang='lat' dir='ltr'><strong>enim</strong></span> <span class='ocrx_word' id='word_1_555' title='bbox 2822 2699 2888 2757; x_wconf 90' lang='lat' dir='ltr'><strong>in</strong></span> <span class='ocrx_word' id='word_1_556' title='bbox 2920 2696 3231 2776; x_wconf 83' lang='lat' dir='ltr'><strong>Episcopis</strong></span> <span class='ocrx_word' id='word_1_557' title='bbox 3266 2694 3486 2755; x_wconf 84' lang='lat' dir='ltr'><strong>residet</strong></span> <span class='ocrx_word' id='word_1_558' title='bbox 3518 2694 3691 2771; x_wconf 87' lang='lat' dir='ltr'><strong>ponti-</strong></span> 
     </span>
     <span class='ocr_line' id='line_1_81' title="bbox 2161 2789 3687 2876; baseline -0.005 -18"><span class='ocrx_word' id='word_1_559' title='bbox 2161 2797 2303 2858; x_wconf 84' lang='lat' dir='ltr'><strong>ficia</strong></span> <span class='ocrx_word' id='word_1_560' title='bbox 2330 2802 2395 2858; x_wconf 85' lang='lat' dir='ltr'><strong>et</strong></span> <span class='ocrx_word' id='word_1_561' title='bbox 2430 2794 2792 2876; x_wconf 84' lang='lat' dir='ltr'><strong>episcopalis</strong></span> <span class='ocrx_word' id='word_1_562' title='bbox 2819 2793 3091 2871; x_wconf 80' lang='lat' dir='ltr'><strong>dignitas</strong></span> <span class='ocrx_word' id='word_1_563' title='bbox 3122 2808 3265 2871; x_wconf 77' lang='lat' dir='ltr'><strong>qnoe</strong></span> <span class='ocrx_word' id='word_1_564' title='bbox 3290 2789 3411 2851; x_wconf 81' lang='lat' dir='ltr'><strong>fuit</strong></span> <span class='ocrx_word' id='word_1_565' title='bbox 3436 2791 3499 2849; x_wconf 88' lang='lat' dir='ltr'><strong>in</strong></span> <span class='ocrx_word' id='word_1_566' title='bbox 3527 2790 3687 2868; x_wconf 83' lang='lat' dir='ltr'><strong>Apos-</strong></span> 
     </span>
     <span class='ocr_line' id='line_1_82' title="bbox 2162 2882 3693 2963; baseline -0.008 -12"><span class='ocrx_word' id='word_1_567' title='bbox 2162 2891 2333 2961; x_wconf 82' lang='lat' dir='ltr'><strong>tolis;</strong></span> <span class='ocrx_word' id='word_1_568' title='bbox 2364 2895 2509 2951; x_wconf 85' lang='lat' dir='ltr'><strong>sunt</strong></span> <span class='ocrx_word' id='word_1_569' title='bbox 2540 2890 2730 2950; x_wconf 80' lang='lat' dir='ltr'><strong>etiam</strong></span> <span class='ocrx_word' id='word_1_570' title='bbox 2764 2886 3084 2963; x_wconf 75' lang='lat' dir='ltr'><strong>praecipuas</strong></span> <span class='ocrx_word' id='word_1_571' title='bbox 3110 2882 3421 2944; x_wconf 78' lang='lat' dir='ltr'><strong>columnae</strong></span> <span class='ocrx_word' id='word_1_572' title='bbox 3442 2889 3503 2941; x_wconf 86' lang='lat' dir='ltr'><strong>et</strong></span> <span class='ocrx_word' id='word_1_573' title='bbox 3524 2890 3693 2959; x_wconf 82' lang='lat' dir='ltr'><strong>pasto·</strong></span> 
     </span>
     <span class='ocr_line' id='line_1_83' title="bbox 2161 2974 3691 3063; baseline -0.008 -16"><span class='ocrx_word' id='word_1_574' title='bbox 2161 3004 2261 3047; x_wconf 81' lang='lat' dir='ltr'><strong>rcs</strong></span> <span class='ocrx_word' id='word_1_575' title='bbox 2294 2985 2601 3059; x_wconf 69' lang='lat' dir='ltr'><strong>Ecclesisc,</strong></span> <span class='ocrx_word' id='word_1_576' title='bbox 2638 2981 2863 3063; x_wconf 89' lang='lat' dir='ltr'><strong>quibus</strong></span> <span class='ocrx_word' id='word_1_577' title='bbox 2892 2980 3295 3040; x_wconf 84' lang='lat' dir='ltr'><strong>commissum</strong></span> <span class='ocrx_word' id='word_1_578' title='bbox 3324 2984 3416 3037; x_wconf 88' lang='lat' dir='ltr'><strong>est</strong></span> <span class='ocrx_word' id='word_1_579' title='bbox 3442 2974 3597 3037; x_wconf 88' lang='lat' dir='ltr'><strong>illius</strong></span> <span class='ocrx_word' id='word_1_580' title='bbox 3616 2993 3691 3035; x_wconf 88' lang='lat' dir='ltr'><strong>rc-</strong></span> 
     </span>
     <span class='ocr_line' id='line_1_84' title="bbox 2162 3067 3691 3157; baseline -0.009 -18"><span class='ocrx_word' id='word_1_581' title='bbox 2162 3080 2398 3155; x_wconf 67' lang='lat' dir='ltr'><strong>gimen,</strong></span> <span class='ocrx_word' id='word_1_582' title='bbox 2424 3076 2651 3157; x_wconf 85' lang='lat' dir='ltr'><strong>quibus</strong></span> <span class='ocrx_word' id='word_1_583' title='bbox 2677 3076 2745 3135; x_wconf 90' lang='lat' dir='ltr'><strong>in</strong></span> <span class='ocrx_word' id='word_1_584' title='bbox 2770 3072 3131 3135; x_wconf 83' lang='lat' dir='ltr'><strong>muneribus</strong></span> <span class='ocrx_word' id='word_1_585' title='bbox 3160 3070 3469 3150; x_wconf 84' lang='lat' dir='ltr'><strong>Apostolis</strong></span> <span class='ocrx_word' id='word_1_586' title='bbox 3493 3067 3691 3129; x_wconf 82' lang='lat' dir='ltr'><strong>assimi-</strong></span> 
     </span>
     <span class='ocr_line' id='line_1_85' title="bbox 2161 3162 3681 3248; baseline -0.007 -16"><span class='ocrx_word' id='word_1_587' title='bbox 2161 3173 2389 3247; x_wconf 86' lang='lat' dir='ltr'><strong>lantur,</strong></span> <span class='ocrx_word' id='word_1_588' title='bbox 2431 3170 2879 3248; x_wconf 79' lang='lat' dir='ltr'><strong>succedereque</strong></span> <span class='ocrx_word' id='word_1_589' title='bbox 2916 3167 3235 3227; x_wconf 86' lang='lat' dir='ltr'><strong>dicuntur.</strong></span> <span class='ocrx_word' id='word_1_590' title='bbox 3279 3162 3435 3225; x_wconf 81' lang='lat' dir='ltr'><strong>Vide</strong></span> <span class='ocrx_word' id='word_1_591' title='bbox 3470 3163 3681 3232; x_wconf 71' lang='lat' dir='ltr'><strong>Alcas,</strong></span> 
     </span>
     <span class='ocr_line' id='line_1_86' title="bbox 2163 3256 3687 3345; baseline -0.009 -18"><span class='ocrx_word' id='word_1_592' title='bbox 2163 3268 2204 3327; x_wconf 69' lang='grc' dir='ltr'>ὁ</span> <span class='ocrx_word' id='word_1_593' title='bbox 2231 3284 2291 3345; x_wconf 88' lang='lat' dir='ltr'><strong>p.</strong></span> <span class='ocrx_word' id='word_1_594' title='bbox 2304 3310 2322 3341; x_wconf 88' lang='lat'><strong>,</strong></span> <span class='ocrx_word' id='word_1_595' title='bbox 2344 3284 2407 3343; x_wconf 87' lang='lat' dir='ltr'><strong>q.</strong></span> <span class='ocrx_word' id='word_1_596' title='bbox 2435 3266 2539 3339; x_wconf 70' lang='lat'><strong>49,</strong></span> <span class='ocrx_word' id='word_1_597' title='bbox 2561 3262 2791 3325; x_wconf 88' lang='lat' dir='ltr'><strong>memb.</strong></span> <span class='ocrx_word' id='word_1_598' title='bbox 2815 3263 2877 3335; x_wconf 84' lang='grc'><strong>6,</strong></span> <span class='ocrx_word' id='word_1_599' title='bbox 2906 3264 3023 3321; x_wconf 87' lang='lat' dir='ltr'><strong>art.</strong></span> <span class='ocrx_word' id='word_1_600' title='bbox 3056 3260 3117 3331; x_wconf 82' lang='lat'><strong>3,</strong></span> <span class='ocrx_word' id='word_1_601' title='bbox 3143 3256 3273 3338; x_wconf 70' lang='lat'><strong>§23</strong></span> <span class='ocrx_word' id='word_1_602' title='bbox 3306 3257 3370 3318; x_wconf 86' lang='lat' dir='ltr'><strong>D.</strong></span> <span class='ocrx_word' id='word_1_603' title='bbox 3399 3257 3687 3327; x_wconf 82' lang='lat' dir='ltr'><strong>Thomam,</strong></span> 
     </span>
     <span class='ocr_line' id='line_1_87' title="bbox 2170 3346 3691 3436; baseline -0.011 -15"><span class='ocrx_word' id='word_1_604' title='bbox 2170 3363 2227 3432; x_wconf 73' lang='lat'><strong>4,</strong></span> <span class='ocrx_word' id='word_1_605' title='bbox 2260 3360 2321 3419; x_wconf 89' lang='lat' dir='ltr'><strong>d.</strong></span> <span class='ocrx_word' id='word_1_606' title='bbox 2352 3360 2429 3419; x_wconf 82' lang='lat'><strong>19</strong></span> <span class='ocrx_word' id='word_1_607' title='bbox 2455 3403 2471 3430; x_wconf 89' lang='lat'><strong>‚</strong></span> <span class='ocrx_word' id='word_1_608' title='bbox 2514 3363 2711 3436; x_wconf 77' lang='lat' dir='ltr'><strong>quaest</strong></span> <span class='ocrx_word' id='word_1_609' title='bbox 2771 3357 2830 3430; x_wconf 89' lang='grc'><strong>1,</strong></span> <span class='ocrx_word' id='word_1_610' title='bbox 2860 3359 2979 3413; x_wconf 87' lang='lat' dir='ltr'><strong>art.</strong></span> <span class='ocrx_word' id='word_1_611' title='bbox 3016 3352 3078 3424; x_wconf 80' lang='lat'><strong>3,</strong></span> <span class='ocrx_word' id='word_1_612' title='bbox 3104 3350 3183 3409; x_wconf 84' lang='lat' dir='ltr'><strong>ad</strong></span> <span class='ocrx_word' id='word_1_613' title='bbox 3208 3352 3241 3411; x_wconf 90' lang='grc'><strong>1</strong></span> <span class='ocrx_word' id='word_1_614' title='bbox 3270 3372 3289 3425; x_wconf 90' lang='lat'>;</span> <span class='ocrx_word' id='word_1_615' title='bbox 3322 3348 3621 3422; x_wconf 68' lang='lat' dir='ltr'><strong>Richard„</strong></span> <span class='ocrx_word' id='word_1_616' title='bbox 3642 3346 3691 3405; x_wconf 85' lang='lat' dir='ltr'><strong>d.</strong></span> 
     </span>
     <span class='ocr_line' id='line_1_88' title="bbox 2163 3443 3697 3530; baseline -0.01 -15"><span class='ocrx_word' id='word_1_617' title='bbox 2163 3454 2265 3528; x_wconf 68' lang='lat'><strong>24,</strong></span> <span class='ocrx_word' id='word_1_618' title='bbox 2310 3459 2429 3515; x_wconf 90' lang='lat' dir='ltr'><strong>art.</strong></span> <span class='ocrx_word' id='word_1_619' title='bbox 2472 3452 2534 3526; x_wconf 75' lang='lat'><strong>5,</strong></span> <span class='ocrx_word' id='word_1_620' title='bbox 2579 3453 2795 3530; x_wconf 75' lang='lat' dir='ltr'><strong>quaest.</strong></span> <span class='ocrx_word' id='word_1_621' title='bbox 2834 3449 2908 3523; x_wconf 79' lang='lat'><strong>33</strong></span> <span class='ocrx_word' id='word_1_622' title='bbox 2942 3443 3275 3519; x_wconf 72' lang='lat' dir='ltr'><strong>Paludem,</strong></span> <span class='ocrx_word' id='word_1_623' title='bbox 3322 3443 3403 3505; x_wconf 86' lang='lat' dir='ltr'><strong>de</strong></span> <span class='ocrx_word' id='word_1_624' title='bbox 3430 3444 3697 3505; x_wconf 83' lang='lat' dir='ltr'><strong>Potestate</strong></span> 
     </span>
     <span class='ocr_line' id='line_1_89' title="bbox 2164 3539 2985 3627; baseline -0.01 -21"><span class='ocrx_word' id='word_1_625' title='bbox 2164 3541 2395 3627; x_wconf 71' lang='lat' dir='ltr'><strong>pap&#39;ali,</strong></span> <span class='ocrx_word' id='word_1_626' title='bbox 2432 3550 2551 3605; x_wconf 87' lang='lat' dir='ltr'><strong>art.</strong></span> <span class='ocrx_word' id='word_1_627' title='bbox 2586 3545 2647 3614; x_wconf 70' lang='grc' dir='ltr'><strong>Ξ,</strong></span> <span class='ocrx_word' id='word_1_628' title='bbox 2688 3560 2743 3603; x_wconf 87' lang='lat' dir='ltr'><strong>c.</strong></span> <span class='ocrx_word' id='word_1_629' title='bbox 2776 3542 2812 3602; x_wconf 84' lang='lat'><strong>7</strong></span> <span class='ocrx_word' id='word_1_630' title='bbox 2838 3546 2901 3601; x_wconf 85' lang='lat' dir='ltr'><strong>et</strong></span> <span class='ocrx_word' id='word_1_631' title='bbox 2919 3539 2985 3599; x_wconf 90' lang='lat'><strong>8.</strong></span> 
     </span>
    </p>

    <p class='ocr_par' dir='ltr' id='par_1_22' title="bbox 2160 3627 3713 5113">
     <span class='ocr_line' id='line_1_90' title="bbox 2245 3627 3701 3717; baseline -0.007 -18"><span class='ocrx_word' id='word_1_632' title='bbox 2245 3642 2305 3699; x_wconf 83' lang='lat'><strong>5.</strong></span> <span class='ocrx_word' id='word_1_633' title='bbox 2324 3637 2620 3710; x_wconf 77' lang='lat' dir='ltr'><strong>Quomodo</strong></span> <span class='ocrx_word' id='word_1_634' title='bbox 2640 3634 2911 3717; x_wconf 63' lang='lat' dir='ltr'><strong>dignitas</strong></span> <span class='ocrx_word' id='word_1_635' title='bbox 2926 3630 3177 3695; x_wconf 75' lang='lat' dir='ltr'><strong>Ordinis</strong></span> <span class='ocrx_word' id='word_1_636' title='bbox 3190 3630 3419 3694; x_wconf 76' lang='lat' dir='ltr'><strong>collata</strong></span> <span class='ocrx_word' id='word_1_637' title='bbox 3436 3629 3517 3693; x_wconf 70' lang='lat' dir='ltr'><strong>sit</strong></span> <span class='ocrx_word' id='word_1_638' title='bbox 3534 3627 3701 3709; x_wconf 75' lang='lat' dir='ltr'><strong>Apos-</strong></span> 
     </span>
     <span class='ocr_line' id='line_1_91' title="bbox 2164 3724 3705 3811; baseline -0.008 -16"><span class='ocrx_word' id='word_1_639' title='bbox 2164 3732 2641 3795; x_wconf 76' lang='lat' dir='ltr'><strong>tolis.--Prima</strong></span> <span class='ocrx_word' id='word_1_640' title='bbox 2661 3728 2861 3811; x_wconf 72' lang='lat' dir='ltr'><strong>opinio</strong></span> <span class='ocrx_word' id='word_1_641' title='bbox 2882 3724 3447 3789; x_wconf 60' lang='lat' dir='ltr'><strong>Tonsorem—De</strong></span> <span class='ocrx_word' id='word_1_642' title='bbox 3461 3724 3705 3801; x_wconf 69' lang='lat' dir='ltr'><strong>hocpsn·</strong></span> 
     </span>
     <span class='ocr_line' id='line_1_92' title="bbox 2163 3817 3701 3905; baseline -0.013 -14"><span class='ocrx_word' id='word_1_643' title='bbox 2163 3832 2278 3899; x_wconf 74' lang='lat' dir='ltr'><strong>oto,</strong></span> <span class='ocrx_word' id='word_1_644' title='bbox 2316 3826 2355 3886; x_wconf 84' lang='lat'>3</span> <span class='ocrx_word' id='word_1_645' title='bbox 2384 3843 2472 3905; x_wconf 82' lang='lat' dir='ltr'><strong>p.,</strong></span> <span class='ocrx_word' id='word_1_646' title='bbox 2520 3828 2567 3885; x_wconf 76' lang='lat' dir='ltr'><strong>t.</strong></span> <span class='ocrx_word' id='word_1_647' title='bbox 2605 3825 2665 3892; x_wconf 73' lang='grc'><strong>4,</strong></span> <span class='ocrx_word' id='word_1_648' title='bbox 2694 3823 2853 3899; x_wconf 74' lang='lat' dir='ltr'><strong>disp.</strong></span> <span class='ocrx_word' id='word_1_649' title='bbox 2886 3819 2987 3891; x_wconf 87' lang='grc'><strong>16,</strong></span> <span class='ocrx_word' id='word_1_650' title='bbox 3011 3822 3157 3881; x_wconf 75' lang='lat' dir='ltr'><strong>sect.</strong></span> <span class='ocrx_word' id='word_1_651' title='bbox 3184 3820 3247 3890; x_wconf 88' lang='lat'><strong>3,</strong></span> <span class='ocrx_word' id='word_1_652' title='bbox 3272 3836 3334 3878; x_wconf 71' lang='lat' dir='ltr'><strong>n.</strong></span> <span class='ocrx_word' id='word_1_653' title='bbox 3360 3818 3457 3891; x_wconf 84' lang='lat'><strong>30,</strong></span> <span class='ocrx_word' id='word_1_654' title='bbox 3484 3820 3539 3879; x_wconf 76' lang='lat' dir='ltr'><strong>et</strong></span> <span class='ocrx_word' id='word_1_655' title='bbox 3563 3817 3701 3895; x_wconf 76' lang='lat' dir='ltr'><strong>disp.</strong></span> 
     </span>
     <span class='ocr_line' id='line_1_93' title="bbox 2160 3909 3704 3993; baseline -0.011 -11"><span class='ocrx_word' id='word_1_656' title='bbox 2160 3923 2263 3993; x_wconf 75' lang='lat'><strong>25,</strong></span> <span class='ocrx_word' id='word_1_657' title='bbox 2294 3924 2439 3983; x_wconf 69' lang='lat' dir='ltr'><strong>sect.</strong></span> <span class='ocrx_word' id='word_1_658' title='bbox 2475 3921 2534 3979; x_wconf 84' lang='grc'><strong>1.</strong></span> <span class='ocrx_word' id='word_1_659' title='bbox 2570 3946 2655 3961; x_wconf 92' lang='grc'><strong>--</strong></span> <span class='ocrx_word' id='word_1_660' title='bbox 2691 3916 2777 3976; x_wconf 84' lang='lat' dir='ltr'><strong>De</strong></span> <span class='ocrx_word' id='word_1_661' title='bbox 2806 3918 3103 3993; x_wconf 82' lang='lat' dir='ltr'><strong>potestate</strong></span> <span class='ocrx_word' id='word_1_662' title='bbox 3138 3910 3383 3971; x_wconf 89' lang='lat' dir='ltr'><strong>ordinis</strong></span> <span class='ocrx_word' id='word_1_663' title='bbox 3408 3916 3500 3971; x_wconf 79' lang='lat' dir='ltr'><strong>est</strong></span> <span class='ocrx_word' id='word_1_664' title='bbox 3528 3909 3704 3970; x_wconf 83' lang='lat' dir='ltr'><strong>adhuc</strong></span> 
     </span>
     <span class='ocr_line' id='line_1_94' title="bbox 2162 4003 3701 4092; baseline -0.012 -18"><span class='ocrx_word' id='word_1_665' title='bbox 2162 4014 2365 4092; x_wconf 86' lang='lat' dir='ltr'><strong>major</strong></span> <span class='ocrx_word' id='word_1_666' title='bbox 2388 4008 2713 4071; x_wconf 87' lang='lat' dir='ltr'><strong>dubitatio.</strong></span> <span class='ocrx_word' id='word_1_667' title='bbox 2750 4008 2905 4067; x_wconf 83' lang='lat' dir='ltr'><strong>Nam</strong></span> <span class='ocrx_word' id='word_1_668' title='bbox 2932 4005 3325 4066; x_wconf 85' lang='lat' dir='ltr'><strong>Turrecrem.</strong></span> <span class='ocrx_word' id='word_1_669' title='bbox 3357 4003 3466 4065; x_wconf 85' lang='lat' dir='ltr'><strong>lib.</strong></span> <span class='ocrx_word' id='word_1_670' title='bbox 3498 4004 3559 4076; x_wconf 74' lang='lat'><strong>2,</strong></span> <span class='ocrx_word' id='word_1_671' title='bbox 3584 4016 3701 4079; x_wconf 78' lang='lat' dir='ltr'><strong>cap.</strong></span> 
     </span>
     <span class='ocr_line' id='line_1_95' title="bbox 2166 4093 3705 4181; baseline -0.012 -12"><span class='ocrx_word' id='word_1_672' title='bbox 2166 4109 2267 4181; x_wconf 74' lang='lat'><strong>32,</strong></span> <span class='ocrx_word' id='word_1_673' title='bbox 2306 4102 2521 4165; x_wconf 88' lang='lat' dir='ltr'><strong>multis</strong></span> <span class='ocrx_word' id='word_1_674' title='bbox 2556 4100 2901 4161; x_wconf 85' lang='lat' dir='ltr'><strong>rationibus</strong></span> <span class='ocrx_word' id='word_1_675' title='bbox 2941 4104 3203 4159; x_wconf 87' lang='lat' dir='ltr'><strong>conatur</strong></span> <span class='ocrx_word' id='word_1_676' title='bbox 3236 4097 3499 4177; x_wconf 85' lang='lat' dir='ltr'><strong>probare</strong></span> <span class='ocrx_word' id='word_1_677' title='bbox 3530 4093 3705 4155; x_wconf 88' lang='lat' dir='ltr'><strong>solum</strong></span> 
     </span>
     <span class='ocr_line' id='line_1_96' title="bbox 2167 4189 3707 4261; baseline -0.012 -1"><span class='ocrx_word' id='word_1_678' title='bbox 2167 4203 2417 4261; x_wconf 87' lang='lat' dir='ltr'><strong>Petrum</strong></span> <span class='ocrx_word' id='word_1_679' title='bbox 2470 4195 2661 4255; x_wconf 82' lang='lat' dir='ltr'><strong>fuisse</strong></span> <span class='ocrx_word' id='word_1_680' title='bbox 2698 4211 2735 4252; x_wconf 86' lang='lat' dir='ltr'><strong>a</strong></span> <span class='ocrx_word' id='word_1_681' title='bbox 2776 4192 3018 4252; x_wconf 89' lang='lat' dir='ltr'><strong>Christo</strong></span> <span class='ocrx_word' id='word_1_682' title='bbox 3068 4191 3331 4251; x_wconf 88' lang='lat' dir='ltr'><strong>Domino</strong></span> <span class='ocrx_word' id='word_1_683' title='bbox 3380 4189 3707 4249; x_wconf 87' lang='lat' dir='ltr'><strong>ordinatum</strong></span> 
     </span>
     <span class='ocr_line' id='line_1_97' title="bbox 2160 4278 3707 4373; baseline -0.012 -19"><span class='ocrx_word' id='word_1_684' title='bbox 2160 4294 2527 4373; x_wconf 89' lang='lat' dir='ltr'><strong>Episcopum</strong></span> <span class='ocrx_word' id='word_1_685' title='bbox 2559 4334 2571 4360; x_wconf 90' lang='lat'>‚</span> <span class='ocrx_word' id='word_1_686' title='bbox 2622 4286 2825 4365; x_wconf 87' lang='lat' dir='ltr'><strong>ipsum</strong></span> <span class='ocrx_word' id='word_1_687' title='bbox 2874 4301 3023 4344; x_wconf 85' lang='lat' dir='ltr'><strong>vero</strong></span> <span class='ocrx_word' id='word_1_688' title='bbox 3080 4281 3357 4360; x_wconf 82' lang='lat' dir='ltr'><strong>reliquos</strong></span> <span class='ocrx_word' id='word_1_689' title='bbox 3418 4278 3707 4361; x_wconf 86' lang='lat' dir='ltr'><strong>Apostolos</strong></span> 
     </span>
     <span class='ocr_line' id='line_1_98' title="bbox 2160 4373 3709 4456; baseline -0.011 -9"><span class='ocrx_word' id='word_1_690' title='bbox 2160 4399 2568 4456; x_wconf 83' lang='lat' dir='ltr'><strong>consecrasse,</strong></span> <span class='ocrx_word' id='word_1_691' title='bbox 2601 4386 2671 4439; x_wconf 87' lang='lat' dir='ltr'><strong>ut</strong></span> <span class='ocrx_word' id='word_1_692' title='bbox 2699 4394 2914 4439; x_wconf 81' lang='lat' dir='ltr'><strong>verum</strong></span> <span class='ocrx_word' id='word_1_693' title='bbox 2942 4376 3043 4449; x_wconf 89' lang='lat' dir='ltr'><strong>sit,</strong></span> <span class='ocrx_word' id='word_1_694' title='bbox 3072 4375 3239 4453; x_wconf 85' lang='lat' dir='ltr'><strong>quod</strong></span> <span class='ocrx_word' id='word_1_695' title='bbox 3272 4373 3591 4436; x_wconf 83' lang='lat' dir='ltr'><strong>Pontifices</strong></span> <span class='ocrx_word' id='word_1_696' title='bbox 3612 4390 3709 4431; x_wconf 82' lang='lat' dir='ltr'><strong>soe-</strong></span> 
     </span>
     <span class='ocr_line' id='line_1_99' title="bbox 2160 4468 3705 4558; baseline -0.01 -21"><span class='ocrx_word' id='word_1_697' title='bbox 2160 4480 2301 4558; x_wconf 86' lang='lat' dir='ltr'><strong>pius</strong></span> <span class='ocrx_word' id='word_1_698' title='bbox 2330 4478 2707 4544; x_wconf 83' lang='lat' dir='ltr'><strong>asseverant,</strong></span> <span class='ocrx_word' id='word_1_699' title='bbox 2742 4471 2907 4533; x_wconf 82' lang='lat' dir='ltr'><strong>Petri</strong></span> <span class='ocrx_word' id='word_1_700' title='bbox 2933 4468 3289 4529; x_wconf 80' lang='lat' dir='ltr'><strong>cathedram</strong></span> <span class='ocrx_word' id='word_1_701' title='bbox 3314 4486 3443 4529; x_wconf 87' lang='lat' dir='ltr'><strong>esse</strong></span> <span class='ocrx_word' id='word_1_702' title='bbox 3471 4473 3705 4527; x_wconf 83' lang='lat' dir='ltr'><strong>matrem</strong></span> 
     </span>
     <span class='ocr_line' id='line_1_100' title="bbox 2163 4560 3709 4635; baseline -0.011 -6"><span class='ocrx_word' id='word_1_703' title='bbox 2163 4576 2225 4630; x_wconf 91' lang='lat' dir='ltr'><strong>et</strong></span> <span class='ocrx_word' id='word_1_704' title='bbox 2252 4568 2521 4629; x_wconf 85' lang='lat' dir='ltr'><strong>radicem</strong></span> <span class='ocrx_word' id='word_1_705' title='bbox 2542 4565 2825 4624; x_wconf 87' lang='lat' dir='ltr'><strong>omnium</strong></span> <span class='ocrx_word' id='word_1_706' title='bbox 2854 4561 3288 4635; x_wconf 81' lang='lat' dir='ltr'><strong>Ecclesiamm,</strong></span> <span class='ocrx_word' id='word_1_707' title='bbox 3316 4566 3435 4620; x_wconf 85' lang='lat' dir='ltr'><strong>eta</strong></span> <span class='ocrx_word' id='word_1_708' title='bbox 3455 4560 3709 4621; x_wconf 82' lang='lat' dir='ltr'><strong>Romana</strong></span> 
     </span>
     <span class='ocr_line' id='line_1_101' title="bbox 2165 4653 3711 4731; baseline -0.008 -9"><span class='ocrx_word' id='word_1_709' title='bbox 2165 4659 2429 4724; x_wconf 88' lang='lat' dir='ltr'><strong>Ecclesia</strong></span> <span class='ocrx_word' id='word_1_710' title='bbox 2448 4674 2699 4718; x_wconf 88' lang='lat' dir='ltr'><strong>omnem</strong></span> <span class='ocrx_word' id='word_1_711' title='bbox 2722 4653 3245 4716; x_wconf 86' lang='lat' dir='ltr'><strong>consecrationem</strong></span> <span class='ocrx_word' id='word_1_712' title='bbox 3270 4668 3336 4713; x_wconf 81' lang='lat' dir='ltr'><strong>et</strong></span> <span class='ocrx_word' id='word_1_713' title='bbox 3364 4653 3711 4731; x_wconf 79' lang='lat' dir='ltr'><strong>dignitatem</strong></span> 
     </span>
     <span class='ocr_line' id='line_1_102' title="bbox 2165 4744 3711 4833; baseline -0.008 -19"><span class='ocrx_word' id='word_1_714' title='bbox 2165 4750 2577 4833; x_wconf 88' lang='lat' dir='ltr'><strong>episcopalem</strong></span> <span class='ocrx_word' id='word_1_715' title='bbox 2620 4762 3063 4829; x_wconf 84' lang='lat' dir='ltr'><strong>promanasse3</strong></span> <span class='ocrx_word' id='word_1_716' title='bbox 3108 4746 3275 4825; x_wconf 89' lang='lat' dir='ltr'><strong>quod</strong></span> <span class='ocrx_word' id='word_1_717' title='bbox 3308 4762 3437 4805; x_wconf 86' lang='lat' dir='ltr'><strong>non</strong></span> <span class='ocrx_word' id='word_1_718' title='bbox 3476 4744 3593 4804; x_wconf 88' lang='lat' dir='ltr'><strong>alia</strong></span> <span class='ocrx_word' id='word_1_719' title='bbox 3630 4759 3711 4802; x_wconf 87' lang='lat' dir='ltr'><strong>ra·</strong></span> 
     </span>
     <span class='ocr_line' id='line_1_103' title="bbox 2166 4834 3711 4923; baseline -0.01 -16"><span class='ocrx_word' id='word_1_720' title='bbox 2166 4849 2336 4907; x_wconf 91' lang='lat' dir='ltr'><strong>tione</strong></span> <span class='ocrx_word' id='word_1_721' title='bbox 2384 4855 2551 4907; x_wconf 85' lang='lat' dir='ltr'><strong>stare</strong></span> <span class='ocrx_word' id='word_1_722' title='bbox 2594 4860 2767 4923; x_wconf 82' lang='lat' dir='ltr'><strong>posse</strong></span> <span class='ocrx_word' id='word_1_723' title='bbox 2814 4841 3078 4916; x_wconf 83' lang='lat' dir='ltr'><strong>videtur,</strong></span> <span class='ocrx_word' id='word_1_724' title='bbox 3126 4856 3319 4919; x_wconf 83' lang='lat' dir='ltr'><strong>quam</strong></span> <span class='ocrx_word' id='word_1_725' title='bbox 3369 4840 3515 4917; x_wconf 83' lang='lat' dir='ltr'><strong>quia</strong></span> <span class='ocrx_word' id='word_1_726' title='bbox 3566 4834 3711 4897; x_wconf 88' lang='lat' dir='ltr'><strong>solus</strong></span> 
     </span>
     <span class='ocr_line' id='line_1_104' title="bbox 2170 4934 3713 5011; baseline -0.008 -9"><span class='ocrx_word' id='word_1_727' title='bbox 2170 4942 2389 5002; x_wconf 86' lang='lat' dir='ltr'><strong>Petrus</strong></span> <span class='ocrx_word' id='word_1_728' title='bbox 2414 4957 2453 4999; x_wconf 89' lang='lat' dir='ltr'><strong>a</strong></span> <span class='ocrx_word' id='word_1_729' title='bbox 2484 4937 2727 4999; x_wconf 88' lang='lat' dir='ltr'><strong>Christo</strong></span> <span class='ocrx_word' id='word_1_730' title='bbox 2753 4935 2875 4996; x_wconf 81' lang='lat' dir='ltr'><strong>fuit</strong></span> <span class='ocrx_word' id='word_1_731' title='bbox 2904 4940 3147 4994; x_wconf 83' lang='lat' dir='ltr'><strong>creatus</strong></span> <span class='ocrx_word' id='word_1_732' title='bbox 3182 4934 3249 4993; x_wconf 88' lang='lat' dir='ltr'><strong>in</strong></span> <span class='ocrx_word' id='word_1_733' title='bbox 3278 4934 3651 5011; x_wconf 86' lang='lat' dir='ltr'><strong>episcopum,</strong></span> <span class='ocrx_word' id='word_1_734' title='bbox 3681 4944 3713 4986; x_wconf 82' lang='lat' dir='ltr'><strong>a</strong></span> 
     </span>
     <span class='ocr_line' id='line_1_105' title="bbox 2168 5023 3711 5113; baseline -0.009 -19"><span class='ocrx_word' id='word_1_735' title='bbox 2168 5050 2293 5113; x_wconf 88' lang='lat' dir='ltr'><strong>quo</strong></span> <span class='ocrx_word' id='word_1_736' title='bbox 2338 5048 2555 5093; x_wconf 89' lang='lat' dir='ltr'><strong>omnes</strong></span> <span class='ocrx_word' id='word_1_737' title='bbox 2600 5029 2709 5091; x_wconf 87' lang='lat' dir='ltr'><strong>alii</strong></span> <span class='ocrx_word' id='word_1_738' title='bbox 2762 5044 2869 5106; x_wconf 88' lang='lat' dir='ltr'><strong>per</strong></span> <span class='ocrx_word' id='word_1_739' title='bbox 2913 5028 3361 5089; x_wconf 86' lang='lat' dir='ltr'><strong>successionem</strong></span> <span class='ocrx_word' id='word_1_740' title='bbox 3398 5023 3711 5105; x_wconf 85' lang='lat' dir='ltr'><strong>quamdam</strong></span> 
     </span>
    </p>
   </div>
   <div class='ocr_carea' id='block_1_21' title="bbox 2170 5212 3710 5486">
    <p class='ocr_par' dir='ltr' id='par_1_23' title="bbox 2170 5212 3710 5486">
     <span class='ocr_line' id='line_1_106' title="bbox 2170 5212 3710 5297; baseline -0.01 -16"><span class='ocrx_word' id='word_1_741' title='bbox 2170 5220 2337 5281; x_wconf 86' lang='lat' dir='ltr'><strong>locos</strong></span> <span class='ocrx_word' id='word_1_742' title='bbox 2362 5219 2505 5281; x_wconf 81' lang='lat' dir='ltr'><strong>vide</strong></span> <span class='ocrx_word' id='word_1_743' title='bbox 2536 5234 2745 5297; x_wconf 84' lang='lat' dir='ltr'><strong>supra,</strong></span> <span class='ocrx_word' id='word_1_744' title='bbox 2778 5212 2936 5295; x_wconf 85' lang='lat' dir='ltr'><strong>disp.</strong></span> <span class='ocrx_word' id='word_1_745' title='bbox 2966 5216 3031 5290; x_wconf 88' lang='grc'><strong>9,</strong></span> <span class='ocrx_word' id='word_1_746' title='bbox 3058 5218 3207 5275; x_wconf 82' lang='lat' dir='ltr'><strong>sect.</strong></span> <span class='ocrx_word' id='word_1_747' title='bbox 3236 5215 3302 5287; x_wconf 86' lang='grc'><strong>9,</strong></span> <span class='ocrx_word' id='word_1_748' title='bbox 3350 5212 3518 5273; x_wconf 85' lang='lat' dir='ltr'><strong>circa</strong></span> <span class='ocrx_word' id='word_1_749' title='bbox 3548 5224 3710 5271; x_wconf 88' lang='lat' dir='ltr'><strong>num.</strong></span> 
     </span>
     <span class='ocr_line' id='line_1_107' title="bbox 2172 5315 3709 5486; baseline -0.01 -14"><span class='ocrx_word' id='word_1_750' title='bbox 2172 5315 2272 5447; x_wconf 50' lang='lat' dir='ltr'><strong>wi</strong></span> <span class='ocrx_word' id='word_1_751' title='bbox 2316 5408 2403 5471; x_wconf 89' lang='lat' dir='ltr'><strong>De</strong></span> <span class='ocrx_word' id='word_1_752' title='bbox 2430 5407 2547 5468; x_wconf 85' lang='lat' dir='ltr'><strong>hac</strong></span> <span class='ocrx_word' id='word_1_753' title='bbox 2564 5406 2701 5486; x_wconf 88' lang='lat' dir='ltr'><strong>ipsa</strong></span> <span class='ocrx_word' id='word_1_754' title='bbox 2722 5422 2791 5467; x_wconf 89' lang='lat' dir='ltr'><strong>re</strong></span> <span class='ocrx_word' id='word_1_755' title='bbox 2810 5404 3053 5467; x_wconf 86' lang='lat' dir='ltr'><strong>erudite</strong></span> <span class='ocrx_word' id='word_1_756' title='bbox 3075 5403 3252 5466; x_wconf 69' lang='lat' dir='ltr'><strong>Aser.</strong></span> <span class='ocrx_word' id='word_1_757' title='bbox 3314 5408 3468 5463; x_wconf 75' lang='lat' dir='ltr'><strong>tom.</strong></span> <span class='ocrx_word' id='word_1_758' title='bbox 3496 5396 3624 5474; x_wconf 57' lang='lat'><strong>21.</strong></span> <span class='ocrx_word' id='word_1_759' title='bbox 3656 5396 3709 5469; x_wconf 88' lang='lat'><strong>3,</strong></span> 
     </span>
    </p>
   </div>
   <div class='ocr_carea' id='block_1_22' title="bbox 2169 5503 2598 5583">
    <p class='ocr_par' dir='ltr' id='par_1_24' title="bbox 2169 5503 2598 5583">
     <span class='ocr_line' id='line_1_108' title="bbox 2169 5503 2598 5583; baseline 0 -18"><span class='ocrx_word' id='word_1_760' title='bbox 2169 5520 2226 5565; x_wconf 89' lang='lat' dir='ltr'><strong>c.</strong></span> <span class='ocrx_word' id='word_1_761' title='bbox 2264 5504 2365 5580; x_wconf 87' lang='grc'><strong>30,</strong></span> <span class='ocrx_word' id='word_1_762' title='bbox 2394 5518 2461 5583; x_wconf 83' lang='lat' dir='ltr'><strong>q.</strong></span> <span class='ocrx_word' id='word_1_763' title='bbox 2498 5503 2598 5565; x_wconf 78' lang='grc'><strong>13.</strong></span> 
     </span>
    </p>
   </div>
   <div class='ocr_carea' id='block_1_23' title="bbox 3784 109 3801 1815">
    <p class='ocr_par' dir='ltr' id='par_1_25' title="bbox 3784 109 3801 1815">
     <span class='ocr_line' id='line_1_109' title="bbox 3784 109 3801 1815; baseline 0 0"><span class='ocrx_word' id='word_1_764' title='bbox 3784 109 3801 1815; x_wconf 95' lang='lat' dir='ltr'><strong> </strong></span> 
     </span>
    </p>
   </div>
   <div class='ocr_carea' id='block_1_24' title="bbox 3784 109 3802 2017">
    <p class='ocr_par' dir='ltr' id='par_1_26' title="bbox 3784 109 3802 2017">
     <span class='ocr_line' id='line_1_110' title="bbox 3784 109 3802 2017; baseline 0 0"><span class='ocrx_word' id='word_1_765' title='bbox 3784 109 3802 2017; x_wconf 95' lang='lat' dir='ltr'><strong> </strong></span> 
     </span>
    </p>
   </div>
  </div>
 </body>
</html>
