3900 6217
838 368 1009 421 SECT.
1044 370 1105 423 n.
1140 369 1227 421 AN
1258 367 1641 421 nasei-:aulo
1676 366 1771 419 SIT
1805 366 2005 417 Ac'rus
2039 366 2172 419 sel-:1
2207 366 2610 427 CONTRARIUS,
2647 365 2786 417 ETC.

211 471 265 531 si
302 469 584 542 dubium,
614 467 811 529 veluti
861 470 1225 548 contingens
1269 470 1343 529 ad
1393 469 1777 543 utrumlibet,

206 582 351 626 cum
384 562 493 623 illo
516 568 717 641 posset
746 562 951 640 aliqua
983 582 1117 642 spes
1145 564 1495 623 consistere.
1524 564 1659 643 [psa
1683 568 1780 621 ta-

3299 360 3416 425 627

1941 469 2000 527 4.
2049 468 2309 529 Dubium
2345 484 2533 529 unum
2565 467 2730 529 circa
2758 465 2911 528 hano
2964 466 3418 531 conclusionem.

1859 593 1941 606 —
1986 560 2171 624 Dicta
2221 559 2366 623 tria.
2399 593 2480 605 —
2523 560 2636 621 Sed
2691 566 2854 639 petes
2895 566 3126 637 quanta
3180 560 3260 620 sit
3303 560 3422 620 hu-

205 676 353 719 men
382 655 657 715 formalis
695 654 1038 734 desperatio
1068 675 1195 716 nen
1225 662 1317 716 est
1363 658 1565 735 ipsum
1612 656 1779 735 judi-
1854 657 1962 734 jus
2007 656 2241 734 peccati
2293 655 2584 733 gravitas,
2642 654 3000 732 Respondeo
3047 654 3244 733 prImo
3292 674 3422 715 esse

204 752 396 823 cium,
429 750 534 809 sed
577 754 666 809 est
706 748 857 823 fuga
896 748 1172 827 quaedam
1228 752 1535 829 appetitus
1559 750 1636 809 ab
1670 748 1775 808 illo

204 846 374 907 bono
396 844 843 925 prosequendo,
876 842 1041 923 qnod
1064 844 1405 921 judicatum
1430 852 1521 903 est
1548 844 1776 923 impos-

206 938 414 1013 sibile,
449 936 544 995 vel
586 955 908 1015 nunquam
958 936 1404 1012 obtinendum3
1444 936 1607 997 unde
1638 936 1774 997 fieri

208 1036 440 1109 posset,
474 1030 771 1089 existente
801 1029 909 1089 illo
931 1028 1190 1107 judici0,
1231 1028 1616 1091 voluntatem
1650 1048 1777 1090 non

204 1124 563 1201 desperare,
620 1123 767 1201 quia
808 1141 937 1181 non
984 1122 1387 1182 necessitatur
1428 1140 1465 1181 a
1504 1122 1736 1201 judicio
1752 1139 1775 1199 3

206 1224 280 1277 ut
309 1218 454 1277 licet
479 1218 617 1295 quis
643 1216 947 1295 ,iudicaret
976 1235 1039 1274 se
1071 1233 1194 1275 non
1223 1215 1354 1275 fore
1384 1216 1773 1288 salvandum,

207 1324 414 1391 posset
460 1309 865 1369 nihilominus
904 1309 1133 1369 dicere:
1172 1308 1343 1381 Quod
1358 1327 1610 1390 parsum
1627 1312 1781 1387 saoc-

204 1422 299 1479 re,
330 1402 555 1479 faciam
574 1428 601 1475 ;
650 1402 1022 1481 et'quamvis
1053 1402 1155 1463 ille
1202 1404 1269 1462 in
1297 1402 1407 1462 illo
1450 1402 1782 1463 temerario

202 1496 451 1575 judicio
506 1500 789 1575 peccaret
818 1496 1004 1555 etiam
1052 1501 1265 1557 contra
1306 1513 1504 1574 spem,
1535 1502 1786 1575 propter

214 1588 568 1669 pericnlum
624 1588 1065 1667 desperationis
1116 1589 1215 1648 cui
1264 1608 1326 1648 se
1374 1590 1651 1667 exponit,
1699 1594 1786 1647 ta-

214 1702 367 1743 men
417 1680 761 1742 formaliter
793 1700 915 1741 non
965 1683 1333 1762 desperaret.
1386 1682 1557 1743 Unde
1586 1700 1785 1761 neque

212 1776 471 1836 sortasse
499 1775 809 1835 amitteret
828 1775 1122 1835 virtutem
1150 1776 1303 1855 spei,
1328 1774 1483 1835 sicut
1504 1794 1627 1834 non
1648 1793 1785 1853 per·

212 1870 308 1931 dit
360 1868 546 1930 fidem
598 1888 705 1949 qui
760 1887 822 1929 se
879 1870 1137 1947 exponit
1198 1868 1467 1947 periculo
1511 1868 1780 1945 haeresia,

212 1964 496 2043 quandiu
536 1981 661 2021 non
706 1968 889 2023 errat.
935 1962 1077 2035 Quae
1119 1962 1366 2041 quidem
1412 1960 1785 2042 speculative

216 2076 368 2118 vera
396 2064 573 2129 sunt3
627 2056 945 2116 moraliter
994 2063 1203 2116 tamen
1243 2074 1368 2115 non
1399 2060 1654 2135 possunt
1681 2054 1785 2115 isti

218 2156 395 2211 actus
423 2149 715 2229 separari.
754 2150 911 2209 Hinc
961 2150 1193 2229 optime
1237 2149 1607 2226 intelligitur
1635 2166 1785 2227 quo-

220 2245 409 2304 modo
456 2243 803 2321 desperatio
846 2250 1036 2322 possit
1092 2242 1308 2302 haberi
1355 2242 1487 2301 sine
1540 2241 1781 2301 haeresi.

216 2340 379 2399 Nam
412 2338 463 2397 si
492 2338 730 2407 oriatur
778 2354 857 2397 ex
892 2336 1007 2397 hoc
1030 2337 1299 2416 judicio:
1347 2338 1508 2398 Deus
1546 2353 1665 2395 non,
1692 2354 1787 2397 re-

218 2433 423 2493 mittet
452 2431 602 2491 milti
620 2434 887 2511 peccata,
919 2432 1211 2513 quidquid
1226 2448 1327 2512 eqo
1357 2428 1595 2501 fficiam,
1641 2437 1789 2489 tunc

216 2524 525 2603 judicium
555 2532 645 2583 est
674 2523 1062 2599 haereticum,
1096 2520 1165 2582 ‘et
1193 2524 1668 2583 committuntur
1712 2525 1791 2584 si-

224 2618 363 2677 mul
405 2618 529 2677 duo
559 2616 838 2697 peccata;
877 2618 928 2676 si
972 2634 1118 2676 vero
1170 2617 1406 2677 oriatur
1439 2635 1509 2674 ex
1546 2616 1663 2677 hoc
1690 2618 1791 2695 ju-

223 2712 423 2771 dicio:
458 2711 597 2794 Eyo
618 2713 684 2773 de
721 2714 889 2788 facto
918 2728 1036 2771 non
1064 2710 1364 2785 salvabor,
1396 2710 1521 2769 sive
1548 2710 1607 2769 id
1630 2710 1793 2788 judi·

226 2810 403 2864 cetur
459 2806 748 2883 practice,
806 2803 934 2862 sive
976 2802 1353 2882 speculative
1376 2848 1392 2875 ,
1449 2803 1792 2882 desperatio

226 2917 355 2959 esse
390 2905 591 2979 potest
627 2898 758 2957 sine
811 2894 1209 2971 infidelitate;
1263 2896 1410 2975 quia
1448 2896 1599 2954 illud
1629 2896 1794 2975 judi·

229 2992 400 3052 cium
454 2990 799 3053 formaliter
852 3006 979 3049 non
1050 2995 1140 3050 est
1193 2996 1574 3049 contrarium
1626 2988 1785 3063 fidei,

227 3086 514 3166 quamvis
558 3084 823 3165 practice
876 3084 1160 3143 videatur
1194 3083 1593 3163 ,contrarium
1645 3102 1789 3162 pro-

230 3178 634 3239 missionibus
658 3178 787 3257 spei
816 3182 875 3237 et
900 3176 1249 3240 efficacitati
1278 3178 1512 3255 gratiae.

312 3276 373 3335 3.
422 3272 706 3337 Secunda
737 3270 1055 3334 conclusio.
1080 3271 1318 3330 —Dico
1343 3268 1636 3329 secundo:
1664 3270 1798 3330 haec

228 3366 575 3445 desperatio
604 3385 713 3445 per
764 3384 827 3427 se
860 3365 1023 3423 mala
1053 3370 1164 3433 est,
1197 3370 1259 3424 et
1300 3363 1608 3441 prohibita
1650 3380 1795 3441 prae-

228 3468 405 3537 cepto
442 3459 589 3539 spei.
634 3461 774 3519 Haec
804 3456 1114 3518 conclusio
1140 3463 1303 3537 patet
1335 3475 1407 3516 ex
1434 3455 1559 3516 fine
1585 3456 1797 3516 sectio·

232 3554 330 3614 nis
358 3552 775 3632 praecedentis,
808 3552 1057 3612 Constat
1085 3554 1272 3612 etiam
1303 3550 1416 3610 sub
1444 3550 1561 3610 hac
1590 3549 1796 3630 prohi-

230 3646 463 3707 bitione
520 3645 823 3706 contineri
838 3646 1073 3721 odium,
1108 3652 1169 3705 ct
1200 3644 1511 3704 tristitiam
1547 3649 1792 3704 contra-

232 3740 391 3801 riam
417 3738 650 3799 actibus
678 3739 803 3817 spei
824 3758 1011 3817 supra
1035 3736 1406 3814 numeratis;
1431 3738 1603 3796 omni
1626 3735 1793 3797 enim

233 3832 471 3908 virtuti,
506 3833 582 3893 ad
611 3851 797 3912 quam
824 3840 1055 3912 spectat
1075 3850 1309 3907 amare,
1342 3831 1710 3905 desiderare,
1734 3845 1795 3890 et

232 3926 524 4005 gaudere,
554 3932 832 4006 possunt,
862 3926 1201 3987 secundum
1222 3933 1394 3984 aetus
1420 3924 1534 3984 hos
1555 3942 1792 3997 omnm,

232 4018 531 4098 assignari
560 4019 855 4080 contrarii
880 4026 1076 4095 actus,
1108 4037 1254 4079 nam
1285 4018 1501 4079 eadem
1528 4024 1619 4077 est
1638 4016 1796 4077 ratio

234 4104 706 4175 contrariorum.
738 4113 1030 4187 Quocirca
1058 4113 1257 4174 amori
1290 4111 1799 4191 concupiscentiae

234 4204 343 4267 Dei
388 4207 767 4270 eontrarium
818 4212 910 4269 est
959 4208 1197 4280 odium,
1244 4224 1366 4285 quo
1396 4223 1520 4264 non
1554 4204 1801 4283 proprie

234 4300 352 4381 ipsi
392 4302 515 4363 Deo
540 4302 607 4363 in
637 4321 701 4363 se
748 4300 1000 4381 aliquod
1031 4300 1264 4360 malum
1301 4299 1439 4379 quis
1492 4298 1663 4373 velit,
1697 4296 1802 4357 sed

234 4413 361 4475 quo
391 4396 585 4457 Deum
611 4414 648 4457 a
678 4415 739 4456 se
764 4401 1023 4471 avertat,
1050 4396 1137 4455 ita
1156 4400 1225 4454 ut
1252 4393 1408 4455 nolit
1431 4392 1500 4451 in
1529 4392 1635 4451 illo
1656 4410 1801 4452 con·

232 4490 487 4551 stituere
544 4507 724 4549 suam
774 4488 1153 4549 felicitatem.
1210 4488 1417 4547 Dices:
1472 4485 1571 4545 hic
1623 4503 1800 4545 amor

230 4584 739 4665 concupiscentiae
762 4584 960 4644 fertur
988 4584 1054 4643 in
1078 4584 1272 4643 Deum
1306 4586 1374 4642 ut
1400 4580 1633 4641 bonum
1656 4600 1797 4661 pro—

230 4678 439 4758 prium
447 4694 468 4754 3
504 4696 689 4738 nemo
716 4685 925 4737 autem
955 4682 1152 4757 potest
1181 4674 1406 4735 habere
1436 4674 1577 4734 odio
1603 4674 1799 4735 Deum

234 4778 309 4831 ut
325 4770 561 4831 bonum
587 4772 927 4851 proprium.
953 4770 1381 4849 Respondetur
1404 4785 1621 4827 verum
1644 4784 1794 4841 esse,

240 4866 294 4927 si
324 4864 648 4945 particula,
679 4869 772 4941 ut,
800 4864 1141 4945 reduplicet
1156 4864 1483 4937 rationem,
1510 4860 1624 4921 sub
1639 4878 1761 4941 qua
1777 4875 1796 4936 ;

236 4960 293 5021 si
322 4978 467 5021 vero
492 4960 689 5020 solum
732 4960 1012 5038 designet
1041 4976 1172 5019 rem
1200 4956 1341 5017 odio
1364 4954 1664 5033 habitam,
1697 4974 1803 5035 po·

238 5061 361 5115 test
382 5054 543 5134 quis,
574 5054 671 5113 vel
712 5072 789 5113 ex
820 5054 933 5127 ira,
956 5053 1052 5114 vel
1080 5070 1152 5113 ex
1180 5051 1375 5111 nimio
1404 5068 1613 5111 amore
1638 5069 1803 5110 crea-

237 5155 544 5223 turarum,
562 5148 758 5208 odisse
774 5148 992 5221 Deum,
1012 5144 1119 5225 qui
1135 5152 1225 5206 est
1240 5163 1549 5205 summum
1567 5142 1801 5205 bonnm

1860 749 2119 811 mortale
2149 768 2222 809 ex
2253 768 2364 809 suo
2399 766 2642 825 genere.
2679 749 2804 807 Hoc
2831 766 2940 827 per
2966 766 3028 807 se
3059 755 3248 827 patet,
3277 768 3420 809 cum

1857 845 2116 905 materia
2145 844 2392 903 virtutis
2418 842 2800 919 Theologicae
2823 842 2898 901 de
2927 860 2990 901 se
3017 842 3095 901 sit
3131 842 3424 920 gravissi-

1860 955 1984 1011 ma,
2030 943 2213 1015 atque
2261 936 2414 996 adeo
2466 942 2526 996 et
2573 942 2822 1014 peccata
2875 934 2964 996 illi
3007 934 3419 996 adversantia.

1861 1030 2161 1105 secundo,
2201 1047 2329 1089 esse
2392 1030 2642 1105 gravius
2691 1046 2878 1107 quam
2912 1034 3135 1088 caetera
3181 1037 3426 1107 peccata

1859 1125 2166 1185 contraria
2195 1123 2539 1183 virtutibus
2582 1122 2942 1198 moralibus,
2981 1126 3052 1181 nt
3088 1130 3326 1183 constat
3349 1141 3425 1183 ex

1862 1217 2180 1277 nobilitate
2203 1216 2352 1295 spei,
2382 1222 2443 1275 et
2470 1234 2546 1275 ex
2569 1215 2806 1275 ratione
2837 1216 2904 1275 D.
2935 1214 3207 1287 Thomae,
3237 1234 3298 1293 q.
3319 1216 3423 1286 ΞΟ,

1861 1316 1980 1371 art.
2020 1312 2076 1371 3.
2114 1312 2264 1371 Nam
2300 1310 2361 1369 in
2409 1308 2526 1369 hoc
2568 1316 2817 1388 peccato
2846 1308 3083 1367 aversio
3110 1326 3147 1367 a
3192 1310 3308 1368 Deo
3337 1316 3429 1370 est

1865 1404 2040 1483 quasi
2069 1403 2296 1463 directe
2326 1402 2711 1462 voluntaria:
2739 1400 2922 1460 habet
2955 1401 3119 1460 enim
3152 1400 3267 1462 hoc.
3293 1422 3430 1482 pro·

1865 1499 2073 1577 prium
2109 1498 2418 1577 appetitus
2471 1496 2634 1570 vitae,
2689 1501 2758 1554 ut
2815 1495 3043 1555 directe
3071 1513 3180 1575 per
3219 1502 3427 1557 actum

1867 1591 2184 1672 proprium
2216 1590 2404 1668 possit
2431 1607 2495 1649 se
2523 1594 2796 1649 avertere
2826 1588 2904 1648 ab
2933 1587 3140 1667 aliquo
3163 1590 3421 1669 objecto,

1869 1691 1937 1745 ut
1985 1703 2093 1763 per
2154 1684 2386 1755 odium,
2435 1682 2774 1756 tristitiam,
2803 1688 2916 1742 etc.
2964 1682 3039 1741 Et
3087 1683 3150 1742 in
3205 1683 3429 1744 talibus

1868 1780 2105 1841 actibus
2137 1779 2373 1839 aversio
2417 1777 2550 1856 ipsa
2579 1782 2670 1837 cst
2699 1795 2806 1856 per
2845 1794 2910 1837 se
2957 1776 3196 1837 intenta
3211 1801 3239 1850 ,·
3266 1778 3432 1839 unde

1866 1876 2116 1953 quando
2144 1881 2235 1935 est
2262 1874 2500 1935 aversio
2534 1892 2570 1932 a
2618 1874 2762 1947 De0,
2803 1878 2894 1932 est
2940 1892 3011 1932 ex
3053 1891 3162 1933 suo
3206 1890 3430 1951 genere

1866 1968 2250 2047 gravissima.
2279 1967 2509 2043 TertiO,
2543 1967 2593 2025 si
2615 1973 2930 2045 peccatum
2956 1964 3072 2025 hoc
3117 1984 3432 2045 compare·

1868 2068 1973 2123 tur
2004 2062 2546 2143 proportionaliter
2573 2067 2732 2120 etex
2757 2077 2980 2138 genere
3010 2077 3149 2119 cum
3173 2062 3434 2139 peccatis

1868 2162 2080 2216 contra
2109 2155 2499 2223 charitatem,
2527 2159 2615 2215 est
2643 2154 2848 2213 minus
2877 2169 3063 2229 grave
3087 2170 3272 2230 quam
3298 2152 3424 2229 illa,

1871 2254 1942 2308 ut
1973 2254 2238 2309 tractatu
2267 2246 2575 2327 sequenti,
2607 2246 2760 2325 disp.
2792 2245 2851 2317 6,
2882 2244 3201 2305 constabit.

1952 2345 2010 2404 5.
2065 2341 2361 2415 Quart-um
2387 2342 2614 2403 dictum
2655 2357 2728 2401 ea:
2773 2338 2854 2400 D.
2903 2338 3255 2400 Thoma-
3289 2336 3433 2403 Non

1872 2437 2224 2515 admittitur
2259 2434 2324 2497 in
2354 2434 2604 2516 quodam
2629 2450 2826 2495 sensu.
2846 2431 3022 2494 —In
3047 2432 3232 2493 altero
3257 2450 3437 2494 sensu

1872 2530 2261 2611 approbatur.
2284 2528 2630 2602 ——Quart0‚
2665 2527 2718 2585 si
2764 2531 3153 2605 comparetur
3173 2544 3314 2585 cum
3343 2526 3438 2585 in-

1872 2626 2190 2697 fidelitate,
2223 2624 2288 2684 D.
2323 2622 2590 2683 Thomas
2618 2620 2972 2700 simpliciter
3004 2619 3180 2679 docet
3219 2619 3436 2679 infide-

1872 2717 2111 2778 litatem
2143 2735 2270 2776 esse
2319 2715 2567 2793 gravius
2615 2720 2932 2792 peccatum
2974 2712 3432 2792 desperatione,

1872 2810 2155 2890 quamvis
2186 2827 2260 2871 ex
2307 2814 2480 2887 parte
2507 2813 2714 2866 nostra
2743 2806 2902 2865 dicat
2944 2805 3436 2885 desperationem

1874 2924 2004 2965 esse
2033 2902 2554 2983 periculosiorem,
2581 2913 2641 2958 et
2670 2900 2866 2977 magis
2893 2898 3433 2959 irremediabilem.

1876 2996 2158 3057 Arbitror
2186 3001 2394 3054 tamen
2423 2992 2628 3071 aliqua
2652 2998 2902 3070 peccata
2939 2991 3066 3072 spei
3109 2993 3435 3065 contraria,

1878 3109 2016 3169 quae
2039 3108 2221 3168 supra
2248 3088 2516 3146 diximus
2555 3085 2986 3163 comprehendi
3019 3084 3131 3145 sub
3159 3084 3276 3145 hoc
3303 3104 3438 3165 pec-

1877 3191 2034 3257 cate,
2081 3201 2210 3242 esse
2261 3180 2545 3259 graviora
2592 3177 2975 3239 infidelitate.
3022 3178 3176 3238 Nam
3224 3196 3439 3240 revera

1879 3278 2029 3338 illud
2072 3276 2283 3337 odium
2319 3275 2449 3348 Dei,
2482 3272 2648 3353 quod
2692 3271 3023 3353 opponitur
3065 3272 3262 3333 amori
3289 3292 3437 3335 con-

1879 3370 2271 3451 cupiscentiae
2324 3366 2624 3445 ejusdem,
2660 3371 2750 3425 est
2783 3384 2858 3427 ex
2888 3384 2998 3425 suo
3042 3384 3264 3443 genere
3301 3384 3439 3447 gra·

1877 3463 2012 3523 vius
2039 3469 2357 3541 peccatum
2402 3457 2767 3520 infidelitate
2801 3458 2899 3520 vel
2922 3458 3182 3520 haeresi:
3211 3459 3436 3539 prim0,

1876 3556 2023 3635 quia
2064 3561 2152 3615 est
2189 3554 2386 3633 magis
2429 3553 2658 3613 directa
2691 3556 2752 3611 et
2789 3551 3108 3612 formalior
3135 3553 3373 3613 aversio
3401 3571 3440 3613 a

1878 3649 2002 3709 Deo
2027 3662 2046 3723 ;
2073 3666 2213 3731 sequ
2225 3648 2362 3715 ndu,
2389 3646 2538 3725 quia
2564 3645 2919 3705 immediate
2947 3644 3198 3724 attingit
3222 3645 3436 3721 Deum,

1876 3742 2206 3803 infidelitas
2233 3758 2379 3800 vero
2421 3738 2732 3799 mediante
2775 3748 2918 3799 actu
2947 3744 3187 3812 nostr0;
3234 3738 3437 3813 terti0‚

1876 3833 2056 3915 culpa
2080 3840 2170 3895 est
2198 3831 2548 3895 immediate
2579 3832 2649 3893 in
2678 3832 2996 3893 voluntate
3020 3848 3040 3909 3
3069 3849 3216 3910 ergo
3247 3849 3318 3892 ea
3351 3838 3442 3892 est

1877 3948 1987 3989 suo
2015 3947 2238 4009 genere
2268 3926 2540 4007 gravior,
2569 3947 2704 4008 quae
2731 3946 2838 4008 per
2858 3945 2921 3987 se
2949 3926 3288 4000 corrumpit
3311 3942 3442 3987 ma·

1872 4023 2080 4101 jorem
2123 4022 2506 4082 honestatem
2539 4020 2906 4098 voluntatis;
2939 4017 3044 4080 scd
3087 4012 3284 4079 virtus
3315 4020 3444 4100 spei

1882 4114 2208 4195 perfectior
2236 4121 2325 4175 est
2356 4134 2543 4195 quam
2574 4112 2747 4191 fides,
2780 4113 2996 4173 saltem
3047 4120 3116 4173 ut
3157 4112 3304 4173 fides
3353 4120 3446 4173 est

1887 4210 1951 4269 in
1977 4208 2318 4283 voluntate,
2346 4214 2530 4287 atque
2555 4208 2711 4269 adeo
2740 4209 2805 4268 in
2835 4224 3061 4285 genere
3079 4206 3346 4279 virtutis,
3374 4212 3445 4265 ut

1884 4304 2156 4365 diximus
2181 4302 2408 4382 disput.
2441 4304 2498 4375 l,
2522 4309 2668 4363 sect.
2697 4302 2758 4373 6;
2791 4318 2938 4379 ergo
2962 4317 3276 4361 summum
3303 4318 3445 4379 pec-

1883 4405 2094 4461 catum
2121 4398 2499 4458 contrarium
2522 4398 2649 4476 spei
2673 4401 2762 4456 est
2787 4395 2908 4473 maj
2919 4412 2988 4453 us
3017 4394 3289 4453 maximo
3303 4412 3446 4473 pec-

1882 4496 2017 4551 cato
2067 4488 2209 4551 fidei
2250 4490 2556 4550 contrario
2571 4511 2590 4565 3
2644 4488 2797 4548 illud
2862 4492 3069 4548 autem
3102 4492 3192 4547 est
3231 4488 3444 4547 odium

1881 4584 2152 4657 dictum;
2205 4601 2397 4663 quare
2444 4583 2564 4643 erit
2608 4580 2853 4661 gravius
2896 4586 3142 4659 peccato
3184 4580 3446 4640 infideli-

1880 4678 2045 4737 tatis.
2078 4677 2412 4757 Loquendo
2458 4694 2605 4738 vero
2637 4675 2711 4736 de
2758 4675 3004 4761 proprio
3047 4681 3188 4734 artu
3236 4675 3447 4753 despe-

1882 4772 2161 4847 rationiS,
2193 4772 2297 4851 qui
2327 4790 2455 4832 non
2509 4768 2744 4830 oriatur
2788 4788 2864 4829 ex
2894 4769 3035 4829 odio
3069 4768 3197 4844 Dei,
3231 4768 3334 4828 sed
3371 4786 3447 4829 ex

1882 4867 2084 4939 taedio,
2139 4866 2233 4925 vel
2288 4866 2410 4927 alia
2465 4864 2807 4926 tentatione
2863 4862 2942 4924 ob
2991 4881 3177 4943 quam
3226 4862 3449 4941 aliquis

1884 4958 2124 5020 desistit
2175 4957 2521 5019 voluntarie
2560 4977 2595 5017 a
2638 4957 3059 5036 prosecutione
3109 4956 3447 5016 beatitudi-

1884 5054 2007 5129 niS,
2062 5058 2358 5131 tanquam
2408 5071 2445 5113 a
2473 5070 2538 5112 rc
2583 5050 2970 5131 impossibili,
3004 5050 3099 5111 vel
3123 5068 3447 5130 nunquam

1884 5146 2116 5221 futura,
2151 5144 2468 5225 probabile
2488 5150 2578 5205 est
2597 5144 3050 5217 infidelitatem,
3087 5152 3147 5205 et
3177 5146 3450 5205 maxime

236 5260 449 5318 suum,
494 5248 565 5301 ut
591 5241 929 5320 explicatur
974 5239 1135 5299 clare
1166 5239 1230 5297 in
1282 5238 1398 5299 hoc
1447 5244 1617 5298 netu:
1668 5238 1805 5304 Volo
1888 5239 2198 5313 haeresim,
2233 5256 2362 5298 esse
2392 5238 2642 5317 gravius
2673 5244 2989 5316 peccatum
3029 5238 3138 5299 tali
3169 5238 3452 5318 despera·

231 5338 444 5419 potius
465 5334 531 5397 in-
549 5354 615 5398 τε
642 5334 769 5397 alia
792 5352 970 5415 quam
998 5334 1063 5394 in
1083 5332 1205 5395 Deo
1229 5348 1445 5413 ponere
1462 5330 1811 5410 felicitatem
1894 5334 2082 5407 tione,
2121 5338 2371 5412 propter
2421 5332 2726 5392 rationem
2760 5332 2828 5391 D.
2853 5328 3126 5407 Thomae,
3147 5332 3313 5411 quia,
3342 5332 3457 5392 sci-

239 5449 436 5495 meam
461 5428 876 5503 ;acsimiliter
898 5424 1165 5507 intelligi
1192 5426 1649 5505 potesttristitia
1672 5444 1815 5485 con·
1893 5424 2066 5499 licet,
2133 5426 2274 5485 talis
2321 5424 2654 5485 infidelitas
2719 5424 2918 5502 magis
2973 5432 3279 5503 repugnat
3332 5426 3456 5486 Deo

242 5526 441 5589 traria
492 5526 643 5607 spei.
1896 5537 2082 5599 quam
2125 5516 2256 5579 haec
2312 5516 2675 5597 desperatiO.
2722 5520 2874 5579 Nam
2918 5518 3023 5579 illa
3078 5523 3313 5599 pugnat
3367 5518 3460 5579 di-
