3900 6217
547 408 716 465 SECT.
753 411 814 464 11.
850 405 1064 463 mmm
1097 407 1384 461 Folium:
1417 407 1727 460 muncrum
1761 405 1894 460 SPE!
1929 407 2027 460 Sl'r
2060 407 2269 461 BONUM
2300 408 2415 460 SUB
2448 409 2741 472 aulona,
2778 409 2912 464 mc.
3211 406 3323 467 601

166 528 341 608 ptura.
369 551 442 564 -
473 514 732 577 Tandem
771 513 1030 584 ratione,
1089 513 1156 574 de
1198 509 1457 591 qualib.
1501 511 1570 570 11
1617 509 1684 571 ὥσ

173 617 346 687 Grat„
391 628 440 673 0.
487 611 543 682 7,
597 624 764 668 num.
795 605 1254 682 6.—-Objectio.
1283 601 1685 676 —Quorum-

170 712 281 773 dam
327 703 528 766 solatio
559 699 865 780 rejicitur.
887 731 969 744 --
1009 699 1163 766 Vera
1189 696 1427 760 solutio.
1458 729 1534 739 —-
1557 696 1685 756 Un-

168 804 230 861 de
267 799 388 858 dieo
423 793 618 874 primo
665 815 680 853 :
729 799 902 853 actus
953 792 1078 870 spei
1117 796 1207 850 est
1245 787 1588 876 tormaliter
1621 793 1683 848 et

167 887 526 955 essentialiter
547 886 868 946 distinctus
893 901 930 944 a
953 884 1110 961 fide3
1143 883 1404 943 habetur
1429 899 1504 941 ex
1527 882 1684 940 Pau-

166 986 276 1058 Ιο,1
307 981 380 1042 ad
407 976 688 1042 Corinth.
709 981 786 1039 13
813 993 830 1037 :
853 977 1037 1041 Nunc
1061 979 1258 1040 autem
1285 980 1526 1038 manent
1555 973 1684 1036 tria

167 1082 290 1150 Im,
310 1077 470 1156 fides,
499 1089 657 1154 spes,
685 1072 982 1146 charitas,
1013 1071 1120 1130 ubi
1146 1070 1328 1149 plane
1357 1067 1683 1146 distinguit

169 1172 322 1232 fidem
349 1187 383 1228 a
405 1183 530 1246 spe,
561 1165 724 1244 quod
764 1165 1072 1244 praecipue
1105 1169 1196 1224 εει
1221 1179 1437 1224 verum
1467 1163 1544 1222 de
1573 1181 1673 1222 ae·

165 1262 418 1334 tionibus,
453 1266 512 1320 et
537 1265 984 1338 consequenter
1026 1258 1102 1317 de
1151 1255 1488 1317 habitibus
1537 1255 1680 1317 Tri-

167 1357 452 1420 dentinum
485 1353 696 1428 etiam,
747 1371 890 1413 sess.
927 1353 988 1428 6,
1039 1369 1170 1432 cap.
1209 1353 1271 1426 6,
1301 1365 1510 1430 aperte
1539 1369 1684 1430 sup·

167 1450 314 1531 ponit
337 1449 495 1509 hanc
518 1445 1002 1521 distinctionem,
1025 1451 1088 1506 et
1115 1461 1330 1506 omnes
1357 1443 1678 1524 Theologi,

164 1547 274 1624 post
300 1543 360 1601 D.
385 1541 705 1614 Themam,
739 1542 796 1600 1.
830 1543 890 1613 2,
917 1545 1136 1618 quaest.
1171 1541 1273 1614 40,
1311 1543 1426 1598 art.
1459 1539 1517 1599 2.
1553 1537 1684 1598 Un-

164 1637 224 1698 de
258 1635 643 1712 Augustinus,
689 1633 757 1692 in
795 1632 1176 1708 Euchiridio,
1211 1650 1343 1712 cap.
1376 1634 1415 1694 8
1449 1649 1466 1692 ε
1496 1630 1682 1694 Fides

165 1735 210 1792 et
241 1745 360 1808 spes
380 1772 394 1799 ‚
449 1743 570 1788 uon
617 1732 858 1790 tantam
893 1726 1196 1800 vocabula,
1244 1727 1351 1789 sed
1385 1726 1684 1789 rationali

165 1817 468 1900 differentia
495 1818 984 1902 distinyauntw.
1025 1819 1197 1892 Quod
1234 1818 1451 1898 probat
1466 1864 1481 1893 ,
1538 1821 1684 1899 quia

165 1914 286 1974 fides
322 1913 392 1972 de
438 1911 619 1972 bonis
664 1920 755 1973 εει
785 1919 848 1973 ει
879 1913 1080 1988 malie,
1123 1931 1260 1992 spes
1308 1918 1554 1973 tantum
1606 1913 1684 1974 de

166 2007 346 2080 bonis;
371 2007 472 2068 illa
505 2007 586 2068 de
610 2008 940 2086 praeteritis
980 2013 1044 2068 et
1069 2007 1313 2082 futur-ie,
1358 2005 1493 2067 hoec
1547 2013 1683 2066 tan-

165 2109 270 2162 tum
293 2101 362 2160 de
387 2100 638 2162 futuris.
678 2102 754 2160 Et
783 2101 1074 2180 probatur
1113 2100 1349 2172 adhue,
1395 2117 1540 2161 nam
1575 2118 1684 2180 po-

163 2200 256 2254 test
277 2195 403 2274 quis
445 2194 704 2274 perdere
731 2211 904 2274 spem
949 2192 1180 2272 absque
1225 2192 1464 2268 haeresi,
1497 2199 1684 2274 atque

164 2288 288 2348 adeo
306 2294 540 2349 retenta
571 2287 716 2364 fide,
757 2296 828 2348 ut
859 2289 925 2348 in
957 2287 1215 2349 materia
1237 2287 1313 2348 de
1338 2287 1534 2366 gratia
1561 2293 1684 2347 tra·

164 2381 339 2458 ditur3
363 2387 504 2442 sunt
532 2397 684 2458 ergo
711 2382 1026 2442 distincta.
1072 2381 1455 2442 Antecedens
1490 2386 1680 2460 patet,

162 2476 200 2532 si
221 2475 338 2552 quis
361 2474 663 2552 desperet,
703 2491 830 2534 non
869 2474 1018 2554 quia
1043 2479 1220 2555 putet
1248 2473 1684 2554 promissiones

163 2568 248 2626 Dei
265 2585 384 2628 esse
409 2567 613 2640 falsae,
637 2569 742 2629 sed
765 2587 840 2628 ex
863 2567 984 2628 alia
1011 2567 1360 2638 affectione3
1384 2565 1490 2626 ille
1515 2567 1682 2626 enim

162 2661 364 2722 nullum
399 2661 591 2722 habet
606 2661 911 2740 judicium
935 2661 1315 2721 haereticum.
1339 2657 1684 2721 Confirma-

165 2764 264 2828 tur,
301 2773 434 2815 nam
467 2755 520 2816 si
557 2773 693 2834 spes
731 2756 1088 2816 consisteret
1137 2754 1201 2813 in
1248 2751 1476 2832 judicio
1513 2750 1681 2826 fidei,

165 2849 394 2908 maxime
434 2850 498 2908 in
537 2848 657 2908 hoc
685 2866 703 2910 :
736 2850 902 2912 Deua
926 2852 1128 2930 potest
1160 2863 1250 2908 me
1277 2845 1553 2917 Μῶαν-6,·
1581 2843 1686 2903 sed

163 2941 216 3000 in
239 2941 338 3002 hoe
361 2960 508 3015 non,
547 2944 695 3022 quia
728 2961 854 3004 una
898 2959 1040 3004 cum
1078 2941 1196 3001 hoc
1223 2939 1456 3017 judicio
1485 2943 1686 3017 potest

168 3053 266 3095 esse
284 3037 641 3116 desperatio.
687 3038 886 3116 Major
915 3041 1106 3116 patet,
1143 3033 1292 3112 quia
1320 3050 1446 3092 non
1487 3036 1688 3112 potest

165 3129 452 3191 consistere
478 3131 552 3191 in
584 3131 692 3191 illo
735 3131 857 3190 alio
880 3130 1110 3210 judicio
1153 3145 1168 3188 z
1200 3128 1338 3211 Eyo
1371 3145 1504 3189 snm
1527 3143 1686 3208 proe-

161 3224 473 3298 destinatus,
522 3225 628 3284 vel
683 3241 700 3285 ε
745 3225 886 3305 Eyo
927 3223 1208 3286 salvabor
1221 3245 1248 3292 ,·
1287 3222 1433 3300 quia
1481 3220 1530 3279 si
1565 3221 1686 3279 sint

161 3313 400 3375 absoluta
436 3317 578 3379 haec
614 3318 874 3396 judicia,
930 3319 1054 3376 non
1103 3322 1249 3376 sunt
1299 3315 1376 3375 de
1419 3313 1562 3386 fide,
1608 3332 1683 3374 ex

158 3407 500 3487 Tridentin0‚
551 3427 686 3490 cap.
717 3413 778 3483 9,
823 3427 968 3470 sess,
1007 3410 1068 3470 6.
1101 3395 1168 3469 Si
1205 3425 1354 3468 vero
1383 3407 1507 3466 sint
1551 3414 1686 3467 tan-

158 3506 262 3560 tum
297 3503 739 3580 conditionata,
771 3508 971 3582 potest
1013 3519 1151 3562 eum
1189 3501 1309 3562 illis
1357 3500 1687 3562 consistere

157 3593 484 3674 desperatio.
535 3598 660 3658 Sed
703 3602 950 3671 contra,
993 3596 1071 3670 ad
1117 3595 1424 3656 Romanos
1469 3597 1548 3669 4,
1591 3594 1686 3654 in-

157 3687 266 3763 quit
287 3690 501 3750 Paulus
528 3710 552 3751 2
584 3689 890 3754 Abraham
923 3688 1175 3752 credidit
1197 3689 1340 3758 Dav,
1366 3691 1422 3750 et
1446 3693 1688 3766 reputa-

58 3801 60 3808 ·
158 3783 260 3841 tum
284 3789 365 3844 est
397 3782 450 3847 ei
475 3782 925 3863 adjustitiam,
957 3789 1018 3842 et
1046 3781 1255 3842 subdit
1283 3803 1296 3840 :
1335 3781 1453 3854 Qui
1476 3786 1688 3844 contra

155 3891 308 3950 span,
335 3878 400 3936 in
433 3893 607 3956 spem
651 3878 908 3940 mdidit
923 3901 948 3948 ;
981 3893 1130 3954 ergo
1169 3891 1304 3953 spes
1331 3893 1366 3934 a
1394 3873 1514 3936 fide
1561 3893 1686 3935 non

155 3964 548 4048 distinguitur.
610 3971 1002 4049 Respondent
1059 3968 1314 4048 quidam
1379 3968 1470 4028 ibi
1525 3970 1686 4029 sumi

157 4061 355 4124 credere
381 4111 398 4136 ,
438 4081 555 4142 pro
600 4065 915 4141 confidere,
969 4069 1028 4124 et
1065 4063 1244 4143 fidem
1290 4079 1398 4140 pro
1437 4060 1681 4142 fiducia.

159 4151 254 4212 Sed
281 4154 496 4218 falsum
545 4162 666 4232 est,
707 4159 940 4236 primu,
985 4157 1134 4236 quia
1177 4154 1400 4215 Paulus
1441 4172 1513 4214 eo
1555 4156 1687 4215 loc-o

160 4248 430 4326 praecipue
465 4251 740 4310 intendit
777 4249 1210 4310 commendare
1255 4247 1466 4320 fidem,
1499 4247 1562 4307 id
1597 4253 1689 4308 est

158 4337 588 4418 credulitatem3
633 4343 858 4404 deinde
901 4343 1082 4422 quia,
1135 4342 1356 4402 Genes.
1419 4341 1533 4414 15,
1584 4333 1729 4401 illa'

157 4431 350 4492 verba:
383 4433 655 4498 Credidit
684 4435 991 4498 Abraham
1023 4435 1146 4496 Deo
1170 4479 1185 4508 ,
1218 4439 1426 4514 aperte
1459 4431 1687 4493 intelli-

157 4531 364 4597 guntur
383 4528 462 4588 de
490 4529 650 4604 fide3
705 4534 766 4588 et
811 4529 896 4589 ita
933 4527 1264 4606 exponitur
1312 4545 1349 4586 a
1391 4526 1580 4587 Paulo
1609 4526 1686 4585 ad

58 4633 61 4668 ι
158 4616 324 4680 Galat.
375 4624 449 4695 3;
501 4629 566 4683 et
599 4622 812 4681 eodem
846 4621 1029 4680 modo
1059 4621 1250 4681 utitur
1277 4619 1354 4680 ad
1380 4618 1690 4680 Romanos

159 4711 208 4782 4,
227 4718 282 4770 et
303 4711 541 4791 Jacob„
570 4731 706 4794 cap.
740 4715 884 4781 2‚iu
914 4714 1129 4774 eodem
1159 4729 1363 4772 sensu.
1399 4713 1544 4772 Dico
1573 4711 1689 4789 igi-

159 4809 242 4860 tur
289 4807 545 4867 Paulum
603 4808 804 4867 dicere
868 4805 1196 4866 credidisse
1254 4805 1568 4864 Abraham
1621 4807 1691 4866 in

159 4901 488 4979 spemfflnia
515 4901 581 4960 in
608 4899 730 4960 fide
759 4898 1372 4982 promissionumDei
1405 4897 1692 4972 fundavit

159 5006 302 5066 spem
343 5011 546 5065 suam,
579 4999 792 5056 contra
833 4987 1044 5073 spem?
1063 5009 1248 5070 quam
1279 4997 1506 5051 natura
1532 5001 1689 5070 prte-

157 5089 292 5144 stare
313 5091 574 5164 poterat.
987 5080 1029 5120 7'
1057 5111 1063 5120 ·
1507 5143 1510 5146 ,
1545 5087 1554 5096 ’

221 5179 274 5237 3.
320 5179 601 5243 Secunda
637 5181 836 5259 opinio
865 5182 1048 5242 etiam
1075 5179 1352 5258 falsa.--·
1373 5175 1694 5243 &ementis

157 5267 308 5332 Alex.
351 5272 578 5335 dietum
597 5291 710 5352 pro
733 5275 848 5335 Ιιασ
875 5273 1265 5352 opinione.-
1282 5263 1695 5354 Confiissmatar

158 5379 188 5421 a
210 5364 410 5426 simili.
433 5397 516 5410 --
533 5365 672 5426 Alia
697 5384 847 5445 ergo
873 5367 1180 5426 sententia
1206 5371 1318 5440 est,
1350 5383 1488 5446 quae
1520 5367 1695 5446 ponit

161 5455 380 5530 quidem
431 5475 606 5537 spem
651 5459 718 5518 in
763 5458 1112 5519 intellectus
1141 5459 1376 5537 judicio
1389 5505 1410 5535 ,
1450 5459 1556 5520 sed
1601 5459 1693 5521 di-

161 5563 374 5612 versam
410 5569 450 5612 a
489 5551 614 5613 fide
660 5553 758 5630 (in
810 5571 934 5635 quo
974 5553 1230 5616 discedit
1261 5571 1298 5614 a
1324 5553 1693 5634 praecedenti

1766 527 1975 570 errore
2018 508 2482 586 haereticorum)
2505 556 2525 587 ,
2571 511 2867 590 quoniam
2914 509 3066 572 fides
3104 511 3332 574 funda-

1763 609 1869 662 tur
1911 603 1978 662 in
2029 603 2287 664 veritate
2335 604 2478 679 Dei,
2512 622 2646 684 spes
2679 603 2744 664 in
2789 603 3126 682 fidelitate3
3173 607 3331 667 sieut

1763 703 1972 757 autem
2020 697 2151 758 haec
2214 697 2338 757 duo
2398 695 2693 758 attributa
2743 698 3213 777 distinguuntur
3264 699 3330 759 in

1763 792 1909 864 De0‚
1948 791 2037 851 ita
2064 790 2353 862 virtuteS‚
2410 796 2473 851 et
2500 789 2735 869 judicia
2780 807 2917 871 quae
2951 791 3073 852 illis
3124 793 3332 852 nitun-

1763 889 1866 945 tur
1881 901 1902 963 3
1952 885 2119 945 unde
2168 885 2242 946 ad
2299 883 2488 946 fidem
2536 892 2769 965 spectat
2810 884 3092 966 judicare
3136 885 3332 948 Deum

1763 996 1892 1038 non
1920 977 2178 1038 mentiri
2210 977 2278 1037 in
2300 977 2400 1038 his
2428 997 2566 1058 quae
2595 978 2883 1053 affirmat,
2921 979 3067 1057 quia
3089 986 3181 1040 est
3208 979 3331 1058 pri-

1764 1089 1866 1132 ma
1889 1071 2116 1132 veritas
2142 1089 2157 1143 ;
2186 1071 2315 1152 spei
2344 1091 2491 1133 vero
2521 1079 2614 1133 εει
2632 1073 2915 1152 judicare
2941 1074 3133 1134 Deum
3162 1073 3333 1134 futu-

1764 1183 1902 1225 rum
1965 1163 2213 1225 fidelem
2263 1165 2331 1225 in
2388 1165 2515 1225 suis
2565 1167 3109 1246 promissionibus;
3164 1166 3331 1228 unde

1763 1257 2021 1318 formale
2049 1257 2361 1337 objectum
2404 1257 2535 1338 spei
2586 1258 2651 1319 in
2698 1259 2815 1320 hac
2862 1260 3170 1321 sententia
3211 1261 3331 1320 erit

1764 1368 2010 1410 summa
2038 1350 2143 1411 Dei
2184 1350 2483 1427 fidelitas,
2524 1351 2831 1432 quomodo
2872 1352 3151 1414 Clemens
3191 1351 3330 1414 Ale·

1762 1443 1984 1519 xand„
2008 1443 2276 1504 secundo
2304 1445 2566 1521 Strom.‚
2604 1446 2667 1505 in
2709 1445 2917 1524 initio,
2962 1465 3107 1507 cum
3136 1445 3331 1506 dixis-

1763 1543 1856 1596 set
1884 1552 2056 1616 spem
2086 1553 2215 1599 esse
2245 1541 2758 1617 expectationem,
2800 1539 3007 1608 subdit
3049 1545 3331 1619 expecta-

1763 1629 1997 1690 tionem
2022 1648 2151 1692 esse
2180 1631 2538 1710 opinionem
2566 1630 2642 1692 de
2683 1630 2914 1709 futuro,
2948 1638 3010 1694 et
3038 1631 3329 1697 fiduciam

1763 1743 1894 1786 esse
1933 1723 2182 1784 firmam
2224 1724 2796 1804 apprehensionem.
2835 1726 2912 1786 Et
2944 1731 3145 1806 potest·
3184 1743 3367 1815 (τοκι-Ο

1764 1817 2023 1888 firmari,
2054 1833 2203 1877 nam
2251 1817 2429 1896 valde
2474 1817 2789 1897 probabile
2824 1826 2917 1880 est
2960 1819 3029 1878 in
3061 1818 3331 1879 homini-

1762 1910 1880 1972 bus
1917 1910 2281 1971 fidelitatem
2308 1915 2371 1971 et
2405 1911 2728 1972 veritatem
2758 1929 2887 1974 esse
2911 1911 3184 1973 diversas
3212 1912 3333 1974 vir-

1764 2010 1961 2080 tutes;
1994 2003 2158 2065 unde
2203 2003 2461 2064 diversae
2504 2004 2761 2065 rationis
2790 2010 2881 2066 est
2918 2003 3192 2084 judicare
3222 2005 3334 2066 ali-

1763 2115 1949 2178 quem
1996 2097 2314 2158 hominem
2361 2115 2489 2158 non
2525 2097 2775 2157 mentiri
2824 2097 2889 2157 in
2940 2098 3067 2158 suis
3118 2097 3330 2173 dictis»,

1764 2192 1862 2253 vel
1889 2192 2242 2252 existimare
2271 2191 2444 2250 illum
2468 2209 2599 2251 esse
2623 2189 2869 2254 fidelem
2894 2191 2960 2251 in
2989 2189 3331 2271 adimplen-

1765 2284 1858 2346 dis
1887 2286 2240 2366 promissis;
2278 2303 2427 2363 ergo
2466 2285 2775 2358 similiter,
2817 2291 2934 2346 etc.

1844 2381 1904 2440 4.
1958 2377 2239 2442 Secunda
2267 2378 2586 2442 conclu-52⁶0.
2610 2377 2852 2439 —Dico
2880 2384 3089 2440 tamen
3119 2397 3333 2441 secun-

1765 2474 1886 2536 do:
1915 2481 2085 2535 actus
2114 2480 2175 2534 et
2197 2476 2395 2536 virtus
2429 2473 2559 2553 spei
2586 2473 2759 2535 nullo
2787 2474 2973 2535 modo
3000 2481 3199 2555 potest
3224 2493 3335 2555 po-

1765 2568 1832 2627 ni
1862 2567 1927 2627 in
1956 2567 2289 2628 intellectu.
2320 2569 2424 2628 Est
2452 2567 2539 2627 ita
2566 2573 2755 2643 certa,
2782 2573 2852 2626 ut
2879 2569 3187 2630 contraria
3216 2568 3334 2630 sal-

1765 2669 1891 2722 tem
1939 2661 2019 2722 sit
2066 2663 2426 2740 temeraria3
2459 2679 2605 2723 nam
2649 2680 2864 2723 omnes
2909 2662 3205 2742 Theologi
3246 2664 3337 2726 ita

1766 2753 2063 2830 sentiunt,
2086 2758 2149 2814 et
2164 2760 2364 2834 potest
2384 2754 2631 2834 probari
2651 2772 2728 2816 ex
2749 2755 3159 2834 praecedenti3
3185 2774 3337 2816 nam

1769 2849 1819 2908 si
1843 2853 1934 2908 est
1968 2849 2033 2907 in
2063 2848 2402 2922 intellectu,
2443 2849 2546 2910 vix
2590 2854 2699 2908 aut
2726 2848 2897 2909 nullo
2926 2849 3111 2910 modo
3137 2854 3338 2930 potest

1767 2960 1806 3003 a
1833 2941 1955 3002 fide
1996 2940 2327 3020 distingui3
2355 2960 2501 3003 nam
2530 2943 2661 3022 ejus
2686 2948 2854 3004 actus
2882 2943 2999 3004 erit
3024 2943 3337 3026 judicium

1769 3041 2029 3110 certum,
2074 3033 2397 3096 obscurum
2432 3042 2493 3096 et
2522 3036 3029 3116 supernaturale:
3068 3036 3201 3098 haec
3228 3055 3339 3096 au-

1767 3134 1894 3190 tem
1936 3134 2082 3188 sunt
2112 3128 2189 3190 de
2231 3130 2471 3190 ratione
2513 3129 2679 3190 fidei.
2711 3129 3015 3206 Secundo,
3050 3130 3197 3208 quia
3231 3130 3338 3191 ille

1769 3221 1989 3282 modus
2014 3222 2317 3292 confictus
2346 3220 2517 3282 nulla
2554 3221 2791 3282 ratione
2830 3221 3157 3284 satisfacit:
3187 3239 3335 3284 nam

1767 3333 1983 3376 revera
2024 3317 2091 3376 in
2135 3317 2259 3376 Deo
2304 3313 2475 3382 nullo
2514 3316 2697 3376 modo
2739 3331 2993 3395 possunt
3036 3315 3337 3394 distingui

1766 3409 1924 3468 ratio
1970 3406 2283 3468 fidelitatis
2328 3413 2391 3468 et
2435 3408 2732 3483 veritatiS,
2764 3407 2978 3469 saltem
3028 3415 3337 3488 quantum

1769 3502 1843 3560 ad
1877 3503 2259 3581 propositum
2296 3508 2558 3582 spectat3
2586 3501 2913 3582 dupliciter
2938 3504 3107 3564 enim
3140 3509 3339 3582 potest

1765 3594 1989 3673 aliquis
2020 3594 2277 3655 deficere
2301 3597 2367 3653 in
2397 3594 2839 3674 promittendo,
2874 3594 2971 3654 vel
3009 3597 3155 3674 quia
3198 3614 3333 3675 pro·-

1768 3689 1961 3748 mittit
1987 3688 2118 3748 siue
2140 3688 2480 3749 intentione
2508 3688 2910 3768 adimplendi,
2938 3689 3036 3748 vel
3060 3689 3229 3768 quia,
3262 3688 3337 3749 li-

1769 3789 1864 3842 cet
1895 3781 2060 3841 bona
2098 3781 2440 3842 intentione
2469 3781 2841 3861 promiserit,
2883 3787 3092 3860 postea
3136 3787 3337 3842 muta-

1767 3882 1871 3935 tur
1897 3892 1913 3936 ε
1941 3875 2177 3954 primus
2208 3875 2426 3935 modus
2454 3875 2785 3935 intrinsece
2810 3875 3085 3936 continet
3106 3875 3338 3935 falsita-

1769 3973 1917 4041 tem,
1963 3975 2025 4028 et
2070 3973 2161 4028 est
2200 3979 2418 4028 contra
2462 3968 2787 4028 veritatem
2828 3968 2953 4029 Dei.
2998 3967 3173 4029 Unde
3216 3967 3337 4030 fide

1767 4067 2056 4122 tenemur
2099 4061 2345 4121 credere
2387 4061 2580 4121 Deum
2622 4060 2907 4120 habuisse
2952 4060 3335 4121 voluntatem

1767 4153 2067 4233 implendi
2112 4171 2185 4215 ea
2232 4171 2365 4234 quae
2414 4154 2719 4234 promisit.
2762 4155 3079 4215 Secundus
3122 4155 3339 4214 modus

1769 4248 1986 4310 saltem
2035 4249 2298 4310 includit
2351 4249 2874 4322 mutabilitatem3
2926 4248 3090 4310 unde
3115 4294 3133 4324 ‚
3182 4251 3340 4310 sicut

1769 4343 2077 4402 credimus
2117 4343 2307 4402 Deum
2339 4361 2467 4403 esse
2501 4341 2981 4416 immutabilem,
3007 4341 3093 4402 ita
3120 4341 3338 4402 eadem

1768 4435 1890 4498 fide
1923 4438 2230 4498 credimus
2266 4456 2392 4498 esse
2420 4443 2803 4498 constantem
2834 4437 2897 4496 in
2928 4437 3339 4517 adimplendis

1768 4531 2117 4611 promissis;
2143 4549 2291 4608 ergo
2313 4537 2513 4593 totum
2542 4531 2693 4592 illud
2715 4529 3021 4609 judicium
3045 4531 3123 4591 ad
3148 4529 3339 4592 fidem

1770 4629 2026 4702 spectat,
2051 4630 2111 4684 et
2143 4625 2229 4684 ita
2254 4626 2610 4704 frequenter
2632 4623 2943 4702 Scriptura
2975 4623 3125 4684 dicit
3152 4624 3339 4684 fidem

1769 4718 1886 4776 niti
1929 4718 1995 4776 in
2044 4717 2149 4776 Dei
2198 4718 2515 4793 fidelitate,
2556 4717 2713 4776 sicut
2755 4716 2819 4775 in
2869 4717 3151 4790 veritate,
3193 4720 3231 4777 2
3260 4717 3339 4778 ad

1769 4810 2037 4870 Timet-h.
2081 4811 2120 4869 2
2160 4828 2173 4869 ε
2212 4809 2293 4873 Si
2332 4829 2450 4872 noa
2492 4811 2810 4884 credimus,
2841 4809 2946 4870 ille
2976 4809 3177 4886 fidelis
3196 4828 3341 4890 per-

1770 4908 1993 4974 manet,
2024 4919 2243 4986 παραφε
2284 4905 2547 4982 seipswm
2576 4920 2699 4964 non
2740 4907 2967 4984 potes-t,-
2994 4908 3071 4962 et.
3096 4903 3172 4962 ad
3214 4903 3340 4964 Ro·-

1774 5015 1990 5056 manos
2018 4998 2055 5056 3
2088 5017 2101 5054 :
2135 4995 2457 5077 Num-quid
2496 4995 2893 5060 incredulitas
2920 5013 3122 5057 eorum
3160 4997 3339 5073 fidem

1773 5089 1887 5152 Dei
1903 5091 2235 5161 evacuavit,
2253 5090 2315 5150 id
2328 5098 2415 5150 est
2431 5089 2820 5148 fidelitatem?
2840 5087 3017 5158 absit.
3036 5094 3125 5152 est
3144 5095 3339 5150 autem

1776 5183 1938 5244 Deus
1962 5199 2167 5252 veram,
2194 5189 2307 5242 etc.
2336 5181 2507 5241 Addo
2533 5183 2720 5241 etiam
2743 5181 2807 5241 in
2832 5181 3187 5263 hominibus
3210 5199 3341 5243 esse

1777 5275 1955 5336 valde
1998 5273 2313 5354 probabile
2360 5274 2717 5336 fidelitatem
2748 5275 2813 5334 iu
2859 5275 3171 5353 promissis
3214 5293 3339 5335 non

1774 5387 1902 5429 esse
1929 5367 2241 5428 diversam
2268 5369 2557 5430 virtutem
2585 5387 2622 5428 a
2651 5366 2931 5439 veritate,
2956 5367 3121 5447 quod
3154 5369 3343 5430 sentit

1775 5461 1954 5521 divus
1986 5458 2277 5538 Thomas),
2324 5461 2595 5522 secunda
2640 5461 2945 5536 secundae,
2976 5467 3190 5540 quaest.
3220 5461 3339 5538 803

1773 5561 1836 5617 et
1861 5553 1985 5617 late
2022 5553 2368 5633 Cajetauus,
2394 5555 2716 5636 quaestion.
2764 5556 2900 5616 115.
2930 5553 3341 5618 confirmatur
3450 5615 3459 5622 ,
