3900 6217
525 350 644 412 344

526 458 840 533 affectum,
865 457 1026 517 utin
1055 455 1246 518 Paulo
1272 456 1673 518 manifestum
1705 462 1834 532 est3
1888 454 2093 517 solum

483 604 500 639 ,
526 570 676 630 ergo
699 552 761 612 id
805 550 1166 613 conceditur
1191 568 1270 611 ex
1299 550 1634 612 universali
1665 550 2093 629 redemptione

529 644 778 723 Christi,
835 650 898 707 et
961 645 1236 725 generali
1285 644 1598 705 voluntate
1658 645 1769 705 Dei
1811 643 2093 706 salvandi

527 756 742 801 omnes
777 738 1082 799 homines,
1129 740 1284 799 Nam
1323 737 1469 799 inde
1523 738 1818 815 nascitur,
1857 744 1930 798 ut
1960 754 2093 799 om-

525 832 714 893 nibus
741 832 960 895 offerat
987 831 1356 893 sufficientia
1393 832 1620 907 media,
1651 836 1714 893 et
1749 836 1821 891 ut
1853 830 2091 894 illumi-

525 932 629 989 net
655 944 882 989 omnem
914 927 1212 989 hominem
1251 926 1576 988 venientmn
1601 925 1669 986 in
1715 925 1870 987 hunc
1915 943 2092 988 mun-

527 1022 670 1085 dum
689 1045 716 1092 ;
743 1024 805 1079 et
821 1020 964 1081 ideo
990 1019 1057 1079 in
1079 1018 1187 1079 illo
1219 1036 1362 1079 casu
1403 1018 1782 1080 necessitatis
1821 1018 1942 1080 hoc
1984 1036 2091 1098 ge-

527 1132 647 1175 nus
671 1112 1078 1194 providentiae
1103 1130 1230 1173 non
1257 1117 1580 1192 reputatur
1621 1110 2088 1190 miraculosum,

527 1207 634 1269 sed
663 1206 976 1286 pertinens
1012 1206 1092 1267 ad
1143 1206 1520 1269 ordinariam
1557 1206 2091 1285 supernaturalem

530 1299 984 1382 providentiam
1013 1303 1077 1360 et
1095 1298 1294 1378 legem
1319 1298 1448 1361 Dei.

612 1395 710 1455 16.
763 1392 888 1468 Quo
935 1398 1194 1475 tmepore
1237 1392 1909 1456 illuminatura-Addo
1945 1410 2089 1455 vero

527 1488 786 1549 ulterius
821 1504 949 1549 non
977 1505 1108 1547 esse
1144 1487 1575 1560 necessarium,
1610 1490 1681 1546 ut
1701 1485 1834 1547 hac
1859 1485 2090 1547 illumi-

533 1584 706 1647 natio
763 1580 1249 1661 supernaturalis
1305 1581 1513 1641 statim
1561 1580 1630 1640 in
1683 1579 1899 1641 eodem
1954 1599 2091 1641 mo-

530 1684 742 1740 mento
771 1676 903 1749 fiat,
929 1676 997 1736 in
1021 1693 1143 1755 quo
1171 1674 1428 1754 incipiat
1453 1674 1642 1735 homo
1669 1672 1827 1736 bene
1856 1676 1961 1736 uti·
1992 1694 2089 1737 ra·

529 1774 700 1834 tione
727 1770 1017 1833 naturali.
1071 1768 1374 1831 Probatur
1420 1768 1646 1849 primo,
1695 1768 1843 1848 quia
1885 1786 2091 1849 neque

535 1866 614 1927 de
643 1867 760 1926 hoc
787 1862 1087 1925 habemus
1109 1863 1579 1936 revelationem,
1625 1878 1737 1923 nec
1777 1867 1944 1923 certa
1982 1862 2093 1924 ali-

527 1978 650 2039 qua
673 1958 914 2020 ratione
935 1955 1181 2038 probari
1203 1962 1422 2036 potest.
1467 1954 1773 2029 Secundo,
1813 1954 1961 2034 quia
2001 1961 2094 2016 est

527 2052 849 2116 moraliter
892 2048 1269 2131 impossibile
1315 2055 1388 2109 ut
1445 2048 1514 2108 in
1573 2047 1791 2109 eodem
1830 2048 2090 2109 instanti

531 2147 721 2209 homo
756 2146 983 2225 cogitet
1031 2150 1094 2205 et
1123 2142 1359 2223 judicet
1398 2141 1478 2203 de
1525 2141 1798 2203 naturali
1852 2141 2091 2221 objecto

531 2248 594 2303 et
613 2242 773 2305 circa
800 2239 954 2302 illud
981 2240 1064 2299 sit
1084 2242 1438 2317 occnpntm,
1469 2235 1760 2315 eligendo
1785 2241 1850 2297 et
1873 2254 2093 2296 aman-

530 2335 634 2412 de,
669 2340 730 2396 et
757 2333 920 2414 quod
945 2332 1132 2394 simul
1155 2330 1428 2391 elevetur
1451 2330 1531 2390 ad
1561 2328 2091 2409 supernaturalem

529 2426 970 2490 revelationem
1061 2424 1498 2502 recipiendam.
1589 2422 1764 2496 Quod
1838 2422 2092 2501 quidem

531 2520 732 2582 multo
759 2519 1068 2581 difficilius
1101 2522 1191 2577 est
1233 2517 1296 2577 in
1347 2516 1456 2577 illo
1491 2517 1674 2576 initio
1715 2532 1864 2575 usus
1901 2515 2092 2576 ratio-

535 2614 662 2690 nis,
691 2614 758 2675 in
805 2630 930 2693 quo
973 2613 1082 2673 vix
1131 2616 1222 2671 est
1261 2610 1448 2671 homo
1497 2626 1692 2689 capax
1740 2606 1820 2667 ad
1859 2608 2091 2670 delibe-

549 2707 818 2771 randum
849 2708 926 2767 de
946 2706 1042 2767 his
1067 2722 1205 2785 quae
1228 2720 1446 2766 sensus
1487 2702 1706 2782 recipit
1735 2720 1750 2761 ε
1797 2701 2107 2779 quomodo

549 2817 703 2881 ergo
757 2800 986 2881 poterit
1031 2797 1214 2859 simul
1267 2796 1346 2860 ad
1413 2796 1852 2858 revelationem
1907 2800 2108 2857 atten-

543 2896 738 2956 dere?
765 2893 940 2955 Unde
964 2894 1016 2952 si
1035 2898 1346 2971 quaeratur
1372 2890 1618 2970 quando
1659 2889 1916 2971 incipiat
1944 2890 2105 2951 Deus

536 2988 902 3050 illuminare
939 2986 1307 3065 praedictum
1351 2983 1672 3045 hominem
1693 3028 1712 3059 ,
1756 2983 2098 3063 respondeo

544 3084 845 3143 incertam
873 3098 1007 3141 rem
1053 3095 1208 3155 esse,
1245 3078 1404 3158 quia
1447 3078 1620 3140 nulla
1650 3077 1787 3158 lege
1821 3084 1913 3139 est
1943 3086 2101 3139 tem-

535 3192 652 3255 pus
681 3174 1031 3253 definitum,
1061 3172 1278 3233 Solum
1325 3188 1474 3250 ergo
1521 3171 1724 3233 dicere
1774 3188 2099 3252 possumus

537 3268 759 3341 Deum,
784 3266 960 3344 juxta
987 3263 1316 3325 consilium
1339 3263 1676 3325 voluntatis
1693 3270 1756 3325 et
1773 3262 2095 3343 sapienties

533 3378 682 3435 suae,
715 3360 1070 3420 illuminare
1095 3357 1476 3438 temporibus
1510 3357 1904 3437 opportunis3
1937 3356 2100 3419 hanc

536 3456 704 3514 enim
719 3453 922 3531 legem
941 3468 1186 3513 servare
1203 3453 1395 3513 Deum
1413 3450 1481 3511 in
1505 3450 1846 3512 excitandis
1865 3468 2100 3511 vocan-

535 3546 750 3625 disque
775 3546 1136 3607 hominibus
1161 3544 1292 3605 sive
1333 3542 1414 3605 ad
1455 3545 1916 3622 poenitentiam,
1969 3542 2100 3605 sive

536 3639 613 3699 ad
645 3639 855 3714 fidem,
886 3639 1014 3698 sive
1035 3638 1111 3697 ad
1139 3637 1264 3698 alia
1285 3654 1474 3715 opera
1511 3636 1772 3715 pictatia.

619 3733 717 3793 17.
782 3730 884 3793 Aa
933 3734 1180 3793 tertiam
1223 3730 1512 3810 ‘replicem
1547 3730 1613 3791 in
1647 3744 1814 3791 num.
1857 3727 2109 3791 3.-Ad

536 3825 783 3887 tortiwm
807 3825 1260 3899 fundanwntum
1290 3821 1454 3903 quid.
1499 3852 1582 3869 -—-
1625 3822 1804 3883 Unde
1847 3820 2101 3883 tandem

539 3916 620 3977 ad
647 3917 932 3976 ultimam
955 3915 1273 3993 replicem,
1311 3915 1510 3976 fateor
1553 3930 1630 3975 ex
1668 3914 1774 3974 illo
1823 3912 2104 3975 discursu

541 4010 613 4071 D.
647 4009 952 4070 Thomam
998 4024 1126 4069 non
1167 4009 1312 4068 satis
1358 4006 1622 4087 probare
1674 4024 1936 4087 puerum
1966 4024 2107 4086 pcr-

541 4103 894 4162 venientem
917 4100 997 4161 ad
1033 4116 1213 4161 usum
1259 4101 1516 4162 rationis
1553 4117 1682 4161 non
1727 4117 1903 4179 posse
1936 4099 2107 4179 prius

541 4210 792 4272 peccare
848 4194 1173 4255 venialiter
1244 4212 1434 4273 quam
1495 4192 1862 4267 mortaliter,
1918 4194 2107 4253 etiam

545 4294 885 4367 antequam
929 4286 1341 4365 justificetur3
1405 4285 1522 4346 hoc
1578 4286 1744 4346 enim
1799 4285 2110 4346 convincit

539 4381 698 4441 ratio
725 4381 905 4455 facta,
943 4380 1044 4439 cui
1073 4384 1317 4459 possent
1367 4379 1506 4440 aliae
1531 4378 1815 4457 adjungi,
1845 4377 1952 4437 sed
1982 4395 2108 4439 non

545 4474 858 4551 pertinent
886 4472 966 4533 ad
1001 4473 1170 4533 hunc
1223 4472 1453 4533 locum.
1505 4472 1716 4549 ltaque
1759 4486 1836 4529 ex
1883 4476 2111 4532 natura

543 4567 636 4625 rei
661 4566 726 4624 id
755 4582 880 4625 non
905 4570 1233 4643 repugnat.
1283 4564 1383 4625 An
1409 4581 1558 4624 vero
1602 4580 1680 4623 ex
1721 4562 2113 4642 providentia

543 4657 884 4719 extrinseca
911 4660 1020 4719 Dei
1059 4658 1231 4718 aliud
1277 4656 1612 4718 dicendum
1665 4656 1768 4731 sit,
1818 4656 1888 4714 in
1939 4659 1997 4717 1.
2046 4656 2107 4727 2,

545 4750 676 4811 loco
707 4752 919 4825 citat0,
961 4757 1300 4826 tractatur3
1333 4756 1397 4811 et
1427 4750 1627 4810 videri
1673 4754 1931 4829 possunt
1974 4766 2113 4827 quae

541 4844 673 4905 dixi
703 4845 888 4905 tertia
910 4851 1096 4923 part.,
1129 4851 1279 4905 tom.
1313 4846 1353 4905 4
1379 4843 1457 4905 de
1489 4842 1746 4917 poenit„
1797 4841 1955 4920 disp.
2008 4844 2106 4914 11,

541 4943 686 4999 sect.
719 4938 777 4998 3.
803 4938 1084 4997 Tertium
1111 4954 1258 4997 vero
1279 4936 1762 4998 fundamentum
1789 4933 1858 4995 in
1883 4952 2105 4997 secun·

541 5028 620 5091 da
648 5030 1042 5092 conclusione
1081 5032 1354 5091 solutum
1378 5035 1490 5091 aet.

1199 5304 1456 5325 0*—

939 356 1176 410 msPUT.
1213 356 1317 409 111.
1353 356 1436 409 m:
1467 355 1886 409 NECESSITATE
1916 356 2081 409 mol-:1
2115 355 2443 421 QUATENUS
2475 356 2589 410 EST
2622 354 2861 409 nil-:unm
2894 354 2979 407 An
3007 354 3309 409 suumn.

2782 596 2998 651 sssc'rlo
3032 596 3117 652 111.

2177 794 2447 871 Quarum
2482 811 2689 859 rerum
2732 794 2886 873 fides
2932 792 3219 875 «optima
3260 793 3445 873 sterit
3490 798 3564 861 ad
3604 816 3689 863 sa-

2271 890 2453 953 lutem
2490 888 2833 955 necessaria
2854 894 2992 955 ante
3036 886 3276 953 Christi
3294 889 3612 953 adventum.

2256 1120 2315 1179 1.
2349 1116 2729 1181 Introductio
2754 1118 2837 1197 ad
2845 1122 3201 1197 proesontm
3226 1117 3605 1197 qmaetimm.
3624 1154 3692 1171 --

2171 1211 2357 1276 Fides
2378 1211 2671 1293 explicita
2694 1210 3304 1289 duplam—Diximus
3352 1209 3429 1271 de
3464 1215 3693 1274 necessi-

2169 1310 2301 1366 tate
2342 1303 2487 1365 fidei
2518 1303 2861 1365 secundum
2914 1320 2978 1363 se
3024 1308 3309 1380 spectatas
3324 1322 3343 1377 3
3394 1303 3535 1382 quia
3570 1322 3693 1367 vero

2170 1398 2321 1459 fides
2350 1398 2512 1458 circa
2561 1396 2835 1476 aliquam
2881 1396 3205 1469 materiam
3254 1401 3545 1470 versatur,
3578 1414 3695 1475 qua.

2170 1489 2499 1570 multiplex
2526 1494 2640 1566 est,
2666 1489 2807 1549 ideo
2841 1487 3273 1567 explicandum
3316 1494 3579 1567 superest
3608 1508 3697 1550 cn·

2163 1585 2267 1663 jus
2295 1584 2590 1660 materiae,
2620 1600 2727 1646 seu
2748 1599 3017 1663 quarum
3058 1598 3271 1643 rerum
3326 1581 3582 1660 cognitio
3610 1602 3699 1661 per

2170 1694 2237 1738 se
2268 1679 2610 1739 necessaria
2662 1676 2744 1738 sit
2788 1676 2866 1737 ad
2915 1676 3222 1751 salutem3
3280 1680 3347 1736 et
3390 1675 3532 1754 quia
3576 1684 3699 1739 ante

2170 1770 2397 1833 Christi
2425 1770 2671 1831 Domini
2707 1770 3067 1845 adventum,
3104 1776 3170 1830 et
3210 1770 3548 1849 praesertim
3578 1778 3701 1833 ante

2170 1864 2372 1943 legem
2405 1865 2720 1944 scriptam,
2752 1863 2860 1924 illa
2880 1868 3127 1923 tantum
3154 1862 3311 1924 fides
3362 1868 3492 1924 erat
3524 1880 3701 1927 necm-

2170 1956 2354 2033 saria,
2386 1975 2523 2036 quse
2550 1974 2661 2037 per
2686 1974 2751 2017 se
2792 1962 2857 2017 et
2882 1956 3057 2035 quasi
3104 1955 3189 2017 ab
3232 1953 3553 2017 intrinseco
3582 1974 3703 2035 pos-

2172 2050 2407 2112 tulatur
2442 2050 2521 2111 ad
2570 2050 2856 2125 salutem,
2906 2048 2985 2109 de
3030 2048 3139 2109 illo
3176 2066 3431 2129 quoque
3459 2054 3703 2127 tempore

2172 2147 2577 2225 quaestionem
2632 2144 3033 2205 instituimus.
3086 2144 3159 2206 In
3222 2145 3483 2205 materia
3527 2150 3707 2205 autem

2170 2238 2339 2313 fidei,
2388 2238 2701 2319 praecipua
2740 2256 2883 2317 pars
2936 2243 3003 2299 et
3044 2234 3391 2317 principale
3430 2236 3705 2315 objectum

2172 2334 2307 2412 ejus
2330 2337 2422 2394 est
2467 2333 2627 2392 Deus
2669 2332 2837 2410 ipse;
2892 2330 3262 2392 secundario
3300 2336 3507 2390 antem
3544 2329 3705 2390 etiam

2174 2444 2273 2489 res
2294 2431 2511 2488 creatae
2531 2424 2609 2486 ad
2635 2424 2810 2486 illam
2847 2426 3186 2505 pertinent,
3222 2430 3285 2485 et
3308 2424 3559 2483 ulterius
3574 2424 3707 2483 Deus

2170 2520 2301 2600 ipse
2332 2518 2777 2594 consideratur,
2802 2525 2913 2579 aut
2972 2525 3045 2579 ut
3083 2517 3405 2597 obJectum
3436 2523 3525 2577 est
3552 2522 3708 2576 natu-

2170 2612 2298 2674 rale
2329 2660 2344 2687 ,
2419 2618 2529 2673 aut
2578 2616 2651 2672 ut
2692 2610 3199 2691 supernaturale3
3248 2627 3391 2690 quoe
3436 2609 3553 2670 11110
3604 2626 3709 2669 non

2185 2707 2655 2785 distinguuntur
2710 2704 2987 2767 absolute
3026 2706 3095 2767 in
3133 2706 3262 2767 Deo
3291 2705 3447 2783 ipso,
3488 2702 3583 2765 sed
3618 2720 3709 2783 per
3831 2734 3832 2769 1

2186 2799 2469 2860 ordinem
2532 2798 2611 2859 ad
2661 2798 3005 2859 humanam
3058 2798 3511 2876 cognitionem.
3562 2796 3709 2870 Quae-

2184 2892 2329 2953 dam
2373 2910 2523 2970 ergo
2574 2898 2721 2953 sunt
2759 2893 2828 2952 in
2870 2892 3015 2967 Deo,
3048 2908 3191 2971 quae
3244 2887 3514 2950 naturali
3552 2888 3710 2949 ratio—

2184 3002 2264 3047 ne
2314 2985 2602 3063 cognosci
2642 2991 2899 3064 possunt
2925 3030 2945 3062 ‚
3000 2990 3064 3045 et
3104 2982 3227 3045 sub
3264 3001 3341 3044 eo
3369 2980 3549 3043 modo
3590 2981 3709 3041 dici-

2177 3084 2283 3140 tur
2313 3077 2474 3141 Deus
2492 3078 2811 3157 objectum
2858 3077 3186 3152 naturale3
3239 3077 3368 3137 alia
3408 3092 3551 3137 vero
3594 3080 3712 3133 sum

2176 3188 2317 3251 quae
2374 3172 2629 3232 omnino
2682 3172 2989 3233 rationem
3028 3168 3383 3231 naturalem
3434 3173 3709 3229 transcen-

2180 3264 2355 3337 dunt,
2414 3263 3025 3343 supernaturaliaque
3086 3260 3355 3342 proinde
3408 3265 3706 3333 vocantur,

2179 3362 2243 3417 et
2288 3363 2552 3436 utraque
2598 3356 2713 3417 sub
2763 3354 2951 3417 fidem
3002 3356 3259 3431 cadunt,
3316 3362 3389 3414 ut
3444 3353 3511 3413 in
3546 3351 3712 3431 priori

2180 3454 2351 3529 parte
2391 3448 2579 3529 hujus
2630 3454 2951 3523 tractatuS,
2995 3448 3154 3527 disp.
3213 3449 3278 3521 2,
3344 3446 3545 3507 visum
3595 3449 3709 3503 cst:

2180 3558 2371 3621 quare
2398 3540 2477 3602 de
2502 3540 2785 3620 utrisque
2826 3540 3165 3600 videndum
3194 3557 3281 3600 an
3320 3538 3541 3599 cadant
3554 3537 3715 3598 etiam

2180 3635 2295 3697 sub
2336 3635 2763 3696 necessitatem
2819 3634 2985 3695 fidei.
3042 3632 3325 3713 Denique
3378 3633 3537 3695 eima
3568 3629 3715 3690 illam

2180 3728 2573 3809 particulam,
2604 3728 2977 3811 explicitam,
3004 3726 3333 3789 recolenda
3362 3731 3458 3787 est
3497 3723 3718 3784 distinc-

2180 3823 2271 3882 tio
2303 3840 2491 3902 supra
2516 3821 2681 3893 data,
2708 3822 2787 3883 de
2810 3821 2933 3883 fide
2959 3819 3264 3900 implicita
3310 3828 3379 3883 et
3422 3816 3716 3897 explicita;

2186 3914 2427 3975 duobus
2469 3915 2639 3975 enim
2696 3913 2899 3975 modis
2942 3918 3143 3994 potest
3184 3913 3398 3992 aliqua
3442 3910 3591 3973 fides
3627 3925 3717 3968 vo·

2186 4008 2314 4069 cari
2340 4006 2633 4087 explicita
2663 4024 2679 4068 ς
2708 4025 2856 4079 11110,
2888 4006 3037 4087 quia
3068 4012 3162 4067 est
3204 4004 3481 4085 perfecta
3516 4008 3581 4064 et
3616 4000 3722 4060 dis-

2186 4101 2401 4176 tincta,
2434 4101 2520 4162 ita
2546 4107 2616 4162 ut
2640 4102 2749 4181 qui
2776 4100 2947 4162 illam
2985 4099 3197 4176 habet,
3246 4100 3447 4179 possit
3482 4115 3604 4158 non
3644 4112 3724 4155 so-

2188 4194 2320 4255 lum
2371 4193 2650 4255 assentiri
2706 4193 3025 4273 mysterio,
3058 4191 3167 4253 sed
3208 4192 3403 4253 etiam
3460 4190 3607 4251 illud
3638 4204 3724 4248 ex-

2190 4288 2440 4367 plicare,
2488 4295 2549 4348 et
2596 4286 2868 4365 aliquam
2914 4287 3219 4348 rationem
3262 4286 3435 4347 illius
3472 4282 3721 4355 reddere,

2188 4381 2267 4442 de
2296 4399 2419 4460 quo
2434 4397 2602 4440 nunc
2616 4379 2801 4442 modo
2828 4380 3135 4459 explicitas
3150 4378 3298 4439 fidei
3326 4378 3725 4439 minimetrac-

2188 4481 2414 4549 tamus,
2444 4475 2589 4553 quia
2613 4479 2849 4534 certum
2890 4479 2983 4533 est
3024 4490 3153 4533 non
3192 4471 3434 4551 requiri
3462 4469 3539 4531 ad
3584 4466 3724 4527 salu·

2190 4573 2507 4651 tem,·cum
2539 4584 2669 4627 non
2710 4566 2793 4627 sit
2832 4565 3181 4627 communis
3224 4563 3541 4638 omnibus,
3586 4576 3724 4641 prae-

2190 4660 2403 4719 sertim
2432 4659 2806 4739 simplicibus
2826 4658 3113 4720 fidelibus
3138 4680 3156 4733 3
3194 4656 3351 4718 fides
3386 4660 3591 4716 autem
3627 4669 3718 4713 ne-

2188 4757 2471 4829 cessaria,
2512 4759 2605 4815 est
2640 4752 2719 4814 de
2770 4770 2835 4814 se
2872 4752 3159 4813 omnibus
3198 4750 3569 4812 communis.
3604 4744 3723 4805 Alio

2190 4864 2343 4926 ergo
2372 4847 2553 4909 modo
2590 4847 2816 4908 dicitur
2850 4846 3007 4907 fides
3052 4844 3369 4925 explicita,
3414 4860 3525 4925 per
3558 4854 3722 4921 quam

2184 4958 2283 5002 res
2318 4942 2389 5001 in
2422 4958 2488 5001 se
2528 4945 2593 4999 et
2616 4939 2730 5000 sub
2762 4940 3015 5019 propria
3048 4939 3292 5001 ratione
3345 4937 3627 5021 creditur,
3674 4935 3728 4991 et

2185 5032 2332 5095 huic
2358 5032 2691 5113 opponitur
2716 5032 2863 5093 tides
2903 5031 3223 5111 implicita,
3254 5032 3320 5091 id
3351 5038 3445 5091 oet
3468 5026 3719 5096 confusa,

2188 5133 2251 5189 et
2270 5128 2338 5187 in
2360 5126 2483 5187 alio
2511 5126 2845 5187 universali
2873 5124 2975 5186 vel
3000 5124 3307 5185 materiali
3336 5122 3571 5202 uchcto
3600 5134 3724 5179 con-

2186 5226 2383 5293 tenta,
2408 5227 2473 5279 et
2498 5220 2565 5279 in
2600 5218 2720 5279 hoc
2769 5236 2955 5279 sensu
3002 5218 3275 5297 positum
3318 5222 3413 5277 oet
3454 5214 3521 5275 in
3558 5208 3719 5274 titulo

2186 5312 2542 5393 quaestionis
2568 5310 2937 5373 vocabulum
2968 5310 3275 5393 explicita.

2264 5407 2325 5467 2.
2362 5405 2588 5471 Prima
2635 5401 2909 5467 assertio.
2934 5434 3018 5449 -—
3036 5404 3345 5467 Probatur
3384 5401 3639 5465 rationo.
3656 5426 3726 5441 -

2184 5497 2331 5561 Dico
2356 5496 2557 5578 primo
2606 5514 2623 5559 ε
2665 5496 2819 5558 fides
2862 5496 2971 5557 Dei
3023 5496 3317 5578 explicita
3369 5512 3479 5577 per
3530 5510 3621 5567 se,
3662 5506 3726 5547 ac
