3900 6217
947 334 1116 385 SECT.
1157 334 1210 384 V.
1249 333 1329 386 m:
1363 335 1524 388 ALIIS
1558 335 1762 386 Pel-:ms
1792 333 2255 388 SPIRITUALIBUS
2288 335 2583 388 uAEstfisls.

201 436 385 496 bilitas
411 431 756 494 assumendi
787 431 1054 508 ordines,
1081 451 1214 512 quae
1242 433 1428 494 laicos
1457 451 1731 512 compre·

201 526 394 588 hendit
417 524 614 604 quoad
649 543 863 586 omnes
892 525 1162 601 ordines,
1203 533 1265 586 et
1291 527 1537 588 clericos
1577 526 1731 586 infe-

197 623 372 684 riores
407 619 603 697 quoad
632 636 952 680 ascensum
983 621 1060 680 ad
1089 623 1434 700 superiores
1462 622 1726 682 ordineS.

195 717 260 775 Et
285 713 407 774 haec
430 730 570 791 pars
591 711 855 773 habetur
879 733 1162 792 expresse
1186 717 1250 776 in
1275 716 1441 776 dicto
1461 735 1599 776 can.
1627 716 1726 790 51,

197 806 332 870 etin
365 805 495 864 aliis
515 805 760 884 juribus
788 807 1071 869 citandis,

261 902 316 960 2.
357 896 568 970 Altera
597 899 1145 978 pars.-Sec11n(la
1172 919 1314 980 pars
1341 902 1506 962 illius
1535 919 1732 982 poenae

193 1000 270 1054 est
293 991 638 1052 inhabilitas
660 991 738 1053 ad
767 993 1244 1054 ministrandum
1269 995 1334 1056 in
1368 996 1580 1056 ordine
1599 996 1734 1074 jam

190 1091 472 1164 suscepte,
501 1102 640 1163 quae
671 1084 749 1145 ad
781 1085 1034 1148 clericos
1061 1091 1308 1148 tantum
1347 1089 1638 1168 pertinet,
1671 1094 1734 1149 ct

189 1179 304 1241 haec
345 1195 466 1238 non
514 1177 757 1238 videtur
801 1184 928 1240 tam
976 1179 1300 1242 manifeste
1346 1179 1413 1241 in
1455 1182 1598 1260 jure
1629 1200 1733 1242 ex-

187 1289 402 1352 pressa3
445 1269 848 1331 nihilominus
890 1277 1102 1332 tamen
1131 1279 1368 1334 certum
1409 1280 1503 1334 est
1543 1275 1730 1334 etiam

187 1363 368 1443 quoad
403 1362 563 1424 hanc
599 1371 838 1444 partem
873 1363 1035 1425 hanc
1073 1366 1596 1442 irregularitatem
1638 1369 1731 1427 in-

186 1455 353 1530 curri,
397 1455 562 1534 quod
610 1458 891 1518 sentituit
935 1460 1350 1520 communiter
1397 1461 1727 1537 Doctores;

183 1557 302 1610 tum
354 1551 500 1630 quia
550 1552 966 1613 communiter
1018 1551 1171 1612 solet
1225 1571 1354 1614 esse
1400 1554 1730 1630 conjuncta

184 1661 308 1704 cum
347 1644 582 1722 prima3
627 1649 759 1704 tum
791 1643 980 1706 etiam
1009 1645 1154 1724 quia
1200 1645 1318 1705 hoc
1350 1665 1592 1725 semper
1622 1646 1728 1705 ob·

184 1738 426 1797 servavit
454 1736 746 1812 Ecclesia,
784 1743 853 1796 ut
883 1737 1152 1798 sumitur
1193 1757 1268 1799 ex
1300 1739 1494 1800 Felice
1538 1740 1726 1818 Papa,

183 1830 336 1908 epist.
371 1831 430 1905 3,
469 1835 532 1889 et
562 1848 637 1890 ex
667 1831 1028 1890 Innocentio
1058 1831 1106 1908 1,
1139 1833 1316 1909 epist.
1361 1833 1438 1893 18
1480 1832 1558 1894 nd
1591 1832 1730 1892 Ale-

180 1922 376 1996 xand„
425 1923 616 2000 capit.
662 1924 726 1998 3,
772 1927 835 1983 et
873 1923 1131 2002 epistola
1182 1925 1260 1984 22
1292 1924 1372 1984 ad
1404 1926 1730 2006 Episcopos

179 2015 476 2076 Macedon.
484 2059 508 2090 ,
555 2034 692 2094 cap.
721 2017 786 2088 4,
825 2019 888 2074 et
915 2033 992 2076 ex
1021 2017 1220 2078 Leone
1251 2019 1438 2097 Papa,
1471 2019 1732 2096 epistola

178 2108 340 2168 tertia
373 2107 450 2168 ad
499 2107 846 2184 sulianum,
889 2115 951 2169 et
991 2109 1128 2169 aliis
1172 2109 1380 2170 relatis
1424 2113 1483 2186 1,
1535 2129 1730 2190 quoes-

177 2201 326 2261 tione
371 2202 668 2279 septima;
718 2208 780 2262 et
825 2221 903 2264 ex
947 2203 1279 2282 Cypriane,
1321 2203 1577 2282 epistola
1623 2205 1726 2278 68,

179 2295 272 2374 qui
297 2292 482 2354 refert
508 2294 594 2354 ita
620 2294 807 2355 fuisse
830 2296 1144 2357 decretum
1165 2315 1203 2356 a
1227 2297 1508 2358 Cornelio
1537 2299 1724 2377 Papa,

179 2393 229 2447 et
253 2387 520 2448 sumitur
553 2405 630 2447 ex
659 2388 912 2466 epistola
936 2391 1092 2470 ejus,
1115 2407 1298 2468 quam
1331 2391 1520 2451 refert
1544 2392 1727 2451 Euse-

177 2479 320 2554 bius,
343 2479 453 2540 lib.
486 2481 553 2555 6,
579 2498 713 2559 cap.
744 2483 850 2554 353
881 2487 942 2543 et
966 2480 1040 2544 eit
1070 2483 1440 2561 Augustino,
1472 2483 1729 2563 epistola

177 2573 262 2647 50,
292 2576 352 2632 et
380 2570 550 2634 libro
578 2571 654 2632 de
683 2573 877 2634 Unico
905 2573 1248 2654 Baptism0.
1271 2593 1327 2636 c.
1368 2577 1466 2650 42,
1495 2574 1600 2634 ubi
1639 2575 1730 2635 di-

175 2665 244 2723 cit
279 2664 619 2742 aliquando
659 2666 992 2728 Ecclesiam
1031 2668 1097 2729 in
1125 2667 1242 2728 hoc
1275 2668 1606 2729 concedere
1634 2669 1731 2729 in-

175 2756 574 2836 dulgentiam,
610 2764 682 2818 ut
711 2759 776 2820 in
804 2760 1076 2821 Concilio
1113 2761 1360 2822 Nicoeno
1387 2767 1449 2822 et
1479 2761 1728 2841 Ephesi-

173 2867 262 2922 no,
291 2856 505 2911 tamen
535 2851 894 2929 generalem
921 2855 1200 2932 regulam
1243 2871 1372 2915 esse
1399 2873 1588 2934 quam
1621 2871 1726 2934 po-

178 2941 418 3018 suimus;
443 2943 620 3004 unde
645 2952 882 3006 certum
909 2952 1002 3007 est
1029 2946 1201 3007 aliud
1229 2965 1353 3007 non
1383 2947 1565 3007 licere
1590 2947 1724 3008 sine

181 3037 394 3114 speciali
419 3036 908 3116 dispensatione,
930 3057 1118 3118 quam
1139 3039 1338 3100 solum
1365 3039 1725 3101 Pontificem

177 3145 324 3204 posse
371 3131 714 3191 concedere
762 3131 827 3192 in
883 3133 1068 3192 citato
1121 3133 1252 3193 loco
1299 3132 1560 3205 ostendi,
1617 3132 1727 3193 ubi

177 3221 342 3280 etiam
371 3221 760 3300 probabilius
788 3223 938 3286 duxi
977 3231 1326 3286 revocatam
1368 3243 1496 3284 esse
1535 3225 1724 3286 facul-

177 3319 341 3374 tatem
383 3333 418 3374 a
468 3315 839 3378 Tridentino
885 3335 1238 3378 concessam
1283 3317 1597 3398 Episcopis
1644 3317 1724 3380 ad

174 3407 669 3486 dispensandum,
700 3408 846 3470 licet
871 3410 1223 3490 oppositum
1257 3428 1384 3468 non
1414 3409 1726 3489 improba-

173 3497 355 3561 biliter
379 3500 582 3562 velint
622 3502 832 3576 Sanc„
875 3521 1084 3582 supra,
1115 3518 1360 3562 numer.
1399 3503 1518 3576 183
1559 3499 1726 3563 Fari·

175 3611 318 3668 nac„
358 3593 436 3655 de
465 3596 727 3670 Haeresi,
771 3600 983 3674 quaest.
1034 3597 1172 3671 192,
1217 3613 1284 3654 n.
1327 3597 1434 3668 79;
1481 3595 1724 3670 Gai-cia,

175 3703 225 3764 p.
253 3689 345 3762 11,
375 3706 429 3748 c.
461 3691 568 3764 10,
596 3707 771 3750 num.
802 3690 904 3751 86.

244 3782 299 3840 3.
341 3782 434 3844 De
456 3799 643 3862 poena
673 3781 1358 3858 infamia—Probatur
1384 3801 1456 3849 ex
1473 3785 1730 3864 jure.—

174 3872 254 3934 Et
277 3892 346 3935 ecc
373 3876 636 3938 ratione.
673 3907 754 3922 -
786 3875 1064 3936 Secunda
1093 3895 1277 3954 poena
1317 3885 1408 3939 est
1446 3875 1723 3952 infamia,

173 3983 292 4044 quae
323 3967 522 4028 videri
557 3973 754 4046 potest
781 3968 1135 4046 temporalis
1169 3972 1368 4050 magis
1393 3989 1580 4049 quam
1613 3971 1732 4048 spi-

174 4059 430 4132 ritualis;
465 4059 660 4121 habet
687 4067 894 4122 tamen
939 4063 1287 4142 spirituales
1327 4067 1516 4126 etiam
1554 4063 1732 4124 effec-

177 4157 280 4226 tus,
327 4160 388 4214 et
421 4154 610 4214 valde
655 4155 902 4216 interna
951 4164 1064 4231 est,
1113 4164 1175 4218 ct
1221 4160 1550 4239 conjuncta
1592 4177 1731 4220 cum

177 4243 640 4324 irregularitate,
681 4253 742 4306 et
775 4247 914 4309 ideo
953 4249 1117 4309 inter
1160 4248 1271 4310 has
1315 4269 1524 4329 poenas
1560 4250 1732 4310 illam

176 4355 587 4400 numeramus·
619 4342 724 4401 Est
755 4341 949 4418 igitur
976 4348 1213 4403 certum
1245 4343 1586 4419 haereticos,
1603 4349 1732 4403 tam

175 4430 296 4507 jure
335 4432 645 4494 canonico
691 4451 880 4512 quam
923 4433 1090 4494 civili
1139 4454 1267 4496 esse
1312 4435 1594 4496 infames„
1645 4437 1735 4497 Ita

177 4524 429 4586 sumitur
472 4544 554 4586 ex
595 4543 731 4604 cap.
772 4527 1066 4605 Infames,
1099 4529 1160 4601 6,
1193 4534 1412 4606 quaest.
1460 4530 1518 4603 1,
1562 4533 1623 4587 et
1658 4545 1735 4588 ex

177 4633 298 4694 cap.
335 4617 580 4692 Alieni,
620 4621 682 4693 Ξ,
731 4624 948 4697 quaest.
999 4623 1058 4694 7,
1095 4638 1234 4699 quae
1265 4633 1410 4680 sunt
1437 4620 1735 4699 Stephani

179 4713 232 4768 et
255 4708 532 4789 Dionysii
567 4711 970 4788 Pontificum3
997 4713 1146 4772 item
1191 4731 1267 4773 ex
1307 4732 1440 4793 cap.
1473 4715 1737 4776 Eoecom-

179 4804 574 4877 municamus,
618 4807 674 4879 1,
710 4821 954 4882 paragr.
997 4803 1330 4880 Credentes,
1373 4805 1450 4866 de
1482 4806 1736 4880 Haeret„

181 4893 276 4954 uhi
301 4897 491 4957 etiam
521 4896 794 4958 fautores
819 4896 1273 4974 haereticorum,
1301 4899 1409 4977 qui
1439 4899 1604 4958 intra
1626 4917 1737 4958 an-

180 5001 318 5046 num
371 5006 496 5049 non
552 4989 950 5067 resipiscunt,
1000 4988 1394 5052 declarantur
1442 4990 1702 5051 infames
1717 5013 1735 5066 ;

180 5094 314 5155 ergo
342 5080 546 5140 multo
580 5081 778 5160 magis
805 5081 924 5161 ipsi
961 5081 1258 5142 haeretici.
1295 5085 1443 5144 Item
1489 5101 1563 5142 ex
1599 5103 1734 5162 cap.

180 5167 234 5240 2,
273 5189 518 5250 paragr.
566 5173 938 5246 Hoereticus,
985 5181 1048 5234 et
1079 5193 1216 5254 cap.
1254 5174 1529 5246 Stat-um,
1571 5179 1633 5248 2,
1665 5175 1741 5236 de

181 5258 426 5336 Haeret.,
453 5265 522 5323 in
559 5265 618 5336 6,
659 5265 768 5326 ubi
805 5265 1054 5326 additur
1091 5267 1250 5326 hanc
1283 5267 1608 5327 infamiam
1639 5286 1742 5328 re-

181 5351 449 5417 dundare
480 5359 550 5417 in
581 5357 738 5418 filios
771 5377 967 5438 usque
997 5359 1076 5418 ad
1117 5359 1452 5420 secumlam
1486 5378 1744 5438 genera·

185 5445 404 5512 tionem
433 5451 551 5530 per
589 5449 819 5513 lineam
851 5457 1176 5534 paternam
1192 5467 1214 5529 ;
1259 5470 1368 5533 per
1396 5459 1742 5514 maternam

3258 327 3369 390 551

1811 439 2018 494 autem
2046 440 2289 494 tantum
2328 434 2391 494 in
2430 433 2651 512 prima,
2676 433 2726 492 si
2754 437 3038 512 parentes
3070 431 3136 491 in
3166 449 3373 492 errore

1811 528 2151 605 pertinaces
2226 529 2595 589 moriantur.
2669 525 2967 586 Proeterea
3035 525 3375 604 imponitur

1811 624 1940 686 haec
1970 642 2152 701 poena
2167 622 2229 684 in
2248 621 2541 682 Autlient.
2566 621 2855 692 Garama,
2877 636 2931 678 c.
2960 619 3036 680 de
3058 618 3372 692 Har-retia„

1813 723 1872 776 et
1895 717 2002 776 alii
2020 717 2260 794 juristae
2283 721 2505 794 putant
2530 731 2657 773 esse
2686 712 3122 790 antiquiorem,
3146 730 3221 771 ex
3246 711 3371 786 leg.

1817 809 2076 872 Cunctos
2102 811 2374 890 populos,
2407 827 2458 868 c..
2493 807 2568 866 de
2597 807 2851 866 Summa
2890 804 3212 864 Trinitate.
3259 805 3377 864 Ra-

1811 901 1902 962 tio
1929 909 2135 963 autem
2175 903 2362 978 hujus
2403 919 2599 981 poenae
2628 899 2794 958 clara
2822 902 2932 968 cst,
2964 898 3112 976 quia
3138 897 3377 957 crimen

1813 991 2061 1055 haeresis
2086 1001 2174 1056 est
2197 994 2373 1055 valde
2395 994 2701 1064 odiosum,
2724 997 2785 1050 et.
2809 989 3039 1050 infame
3058 990 3189 1068 ipso
3212 989 3375 1050 facto

1813 1087 1879 1148 in
1920 1088 2148 1167 populo
2177 1087 2543 1162 christian03
2574 1102 2724 1161 ergo
2762 1085 2985 1142 merito
3031 1081 3121 1142 illi
3168 1081 3377 1142 addita

1813 1187 1904 1241 est
1943 1181 2161 1256 legalis
2198 1179 2466 1240 infamia
2488 1197 2599 1257 per
2643 1183 2977 1254 utrumque
3016 1175 3121 1253 jus
3148 1174 3377 1234 huma-

1812 1291 1989 1334 num.
2016 1273 2303 1334 Consistit
2331 1273 2496 1334 enim
2518 1269 2652 1330 haec
2677 1268 2935 1329 infamia
2958 1268 3022 1328 iu
3049 1268 3182 1340 hoc,
3208 1265 3377 1347 quod

1812 1367 2149 1428 infamibus
2196 1368 2275 1428 ad
2320 1384 2535 1427 omnes
2579 1364 2909 1438 dignitates
2964 1367 3153 1439 portae
3207 1360 3378 1419 clau·

1811 1459 2070 1535 duntur,
2104 1465 2173 1519 ut
2202 1461 2425 1520 dicitur
2449 1460 2515 1520 in
2543 1456 2738 1536 regul.
2766 1455 3133 1532 Infamibns,
3164 1454 3265 1528 88,
3297 1453 3375 1512 de

1810 1553 2033 1626 Regul.
2056 1554 2183 1631 jur.
2196 1597 2212 1626 ,
2244 1553 2307 1612 iu
2338 1554 2377 1613 6
2389 1568 2409 1630 3
2447 1550 2717 1612 haeretici
2751 1556 2959 1609 autem
2990 1549 3210 1608 merito
3239 1547 3375 1607 red-

1809 1647 2045 1707 duntur
2068 1645 2371 1707 inhabiles
2392 1645 2469 1706 ad
2501 1643 2854 1722 dignitateS,
2881 1642 3077 1702 officia
3102 1647 3162 1700 et
3190 1639 3377 1700 bene-

1809 1742 1973 1810 ficia,
2003 1753 2075 1802 ut
2114 1741 2180 1803 in
2210 1742 2387 1802 dictis
2418 1741 2661 1820 juribus
2696 1739 2942 1811 dicitur,
2977 1737 3121 1814 quia
3150 1737 3237 1796 ita
3271 1753 3377 1796 cx·

1809 1835 1979 1918 pedit
2008 1841 2071 1895 et
2090 1835 2168 1896 ad
2196 1834 2533 1895 vlndictam
2564 1832 2719 1894 tanti
2749 1830 3048 1904 criminis,
3075 1829 3235 1890 etad
3265 1830 3377 1889 ho·

1809 1947 2027 1990 norem
2054 1927 2223 2003 fidei,
2249 1935 2311 1988 et
2337 1929 2411 1989 ad
2444 1927 2723 1990 fidelium
2756 1925 3167 1987 securitatem.
3198 1922 3375 1984 Unde

1809 2021 1882 2084 fit
1901 2028 1971 2082 ut
1996 2022 2129 2082 haec
2158 2039 2338 2100 poena
2366 2040 2581 2082 omnes
2604 2018 3081 2100 comprehendat
3107 2024 3235 2077 tam
3264 2015 3378 2076 lai·

1811 2133 1911 2176 cos
1938 2133 2129 2193 quam
2176 2114 2450 2190 clericoS,
2493 2121 2623 2174 tam
2652 2110 2955 2191 ignobiles
2982 2128 3169 2190 quam
3202 2107 3379 2170 nobi-

1811 2207 1915 2281 les,
1942 2209 2048 2287 qui
2079 2215 2331 2287 propter
2350 2207 2635 2268 haeresim
2662 2205 2883 2266 merito
2906 2203 3227 2262 nobilitate
3256 2199 3376 2278 pri-

1810 2306 2038 2361 vantur
2052 2323 2068 2374 ;
2115 2301 2190 2360 de
2226 2320 2351 2378 quo
2393 2300 2587 2360 videri
2628 2303 2883 2379 possunt
2928 2297 3226 2369 Simanc.‚
3271 2295 3371 2354 tit.

1807 2394 1910 2468 46,
1942 2411 2005 2454 n.
2036 2395 2151 2466 68;
2175 2400 2236 2454 ct
2260 2393 2465 2470 RojaS,
2491 2391 2789 2468 singulari
2821 2390 2961 2451 157.

1889 2488 1948 2546 4.
1977 2485 2076 2548 An
2100 2490 2223 2550 Iuro
2244 2504 2417 2564 poena
2440 2486 2796 2547 incurratur
2817 2482 2950 2563 ipso
2978 2482 3373 2560 factm—Sed

1809 2596 2047 2658 quaeres
2073 2597 2152 2640 an
2180 2579 2317 2640 haec
2352 2597 2535 2657 poena
2562 2577 2695 2656 ipso
2728 2575 2911 2650 facto,
2955 2581 3016 2636 et
3051 2581 3197 2636 ante
3238 2593 3375 2634 sen-

1807 2670 2065 2731 tentiam
2112 2672 2299 2732 etiam
2340 2670 2809 2732 declaratorlam
2853 2668 3127 2730 criminis
3170 2668 3374 2728 incur-

1806 2770 2002 2824 ratur.
2032 2764 2225 2842 Negat
2254 2764 2531 2838 Sam-ius,
2564 2763 2671 2824 lib.
2702 2765 2741 2824 2
2772 2761 3081 2840 Decalog.,
3106 2781 3236 2842 cap.
3266 2762 3369 2836 26,

1806 2874 2053 2916 numer.
2101 2860 2161 2928 1,
2189 2863 2251 2917 et
2288 2875 2425 2917 cum
2457 2855 2561 2916 illo
2604 2856 2881 2916 Farinac.
2912 2873 3121 2934 supra,
3152 2861 3371 2934 quaest.

1809 2951 1948 3010 189.
1976 2967 2151 3010 num.
2177 2951 2275 3011 56.
2300 2948 2725 3028 Respondetur
2750 2955 2957 3009 tamen
2982 2949 3373 3023 affirmandO,

1806 3040 1870 3101 in
1894 3061 2017 3120 quo
2042 3050 2319 3104 auctores
2340 3043 2468 3104 fere
2489 3042 2891 3116 conveniunt,
2915 3041 3143 3116 Castro,
3170 3041 3278 3102 lib.
3302 3045 3367 3118 2,

1805 3153 1856 3196 c.
1893 3135 1930 3196 5
1960 3141 2021 3197 et
2048 3138 2129 3210 93
2158 3136 2429 3198 Simanc.
2471 3153 2680 3214 supra,
2719 3152 2893 3194 num.
2925 3135 3033 3205 66;
3067 3135 3370 3215 et‚RojaS,

1806 3227 1869 3286 in
1905 3228 2205 3304 singulari
2234 3229 2347 3306 81;
2390 3227 2624 3303 Penha,
2656 3227 2720 3287 in
2756 3227 3077 3301 Director.,
3108 3230 3133 3286 1
3181 3233 3369 3307 part„

1805 3326 2137 3380 comment.
2166 3322 2229 3392 4,
2256 3322 2361 3400 qui
2390 3320 2541 3381 alios
2570 3321 2749 3394 citat;
2773 3327 2833 3380 et
2857 3319 3169 3397 colligitur
3196 3339 3372 3400 aper-

1805 3419 1866 3473 te
1900 3430 1977 3472 ex
2016 3411 2193 3472 dictis
2228 3413 2477 3490 juribus
2490 3427 2510 3489 ;
2554 3430 2703 3472 nam
2736 3413 2973 3472 addunt
3006 3413 3371 3492 particulam

1807 3505 1938 3584 ipso
1955 3505 2126 3582 jure,
2157 3511 2219 3566 et
2261 3505 2426 3582 quod
2465 3523 2576 3584 per
2606 3503 2792 3564 talem
2833 3504 3033 3583 legem
3058 3503 3376 3564 declaran-

1809 3603 1910 3658 tur
1956 3596 2239 3657 infamcS.
2282 3599 2389 3658 Est
2434 3611 2641 3658 autem
2686 3597 2821 3657 haec
2872 3615 3078 3676 poena,
3128 3615 3203 3658 ex
3252 3596 3373 3656 illis

1810 3708 1949 3768 quae
1982 3691 2113 3751 sine
2134 3690 2261 3752 ulla
2289 3689 2701 3752 controversia
2721 3689 2939 3749 inferri
2968 3697 3222 3769 possunt
3242 3692 3377 3750 sine

1810 3783 2050 3844 actione
2086 3783 2331 3863 judicia,
2356 3784 2503 3862 quia
2526 3783 2592 3842 in
2622 3783 2751 3843 sola
2778 3783 3121 3862 privatione
3150 3783 3377 3843 consis-

1809 3875 1909 3950 tit,
1941 3882 2003 3936 et
2052 3881 2369 3938 externam
2411 3875 2838 3937 executionem
2878 3876 3200 3954 positivam
3247 3892 3379 3934 non

1811 3970 2095 4047 requirit.
2144 3970 2235 4029 Ex
2284 3987 2407 4048 quo
2449 3968 2715 4030 infertur
2752 3968 3130 4042 haereticum,
3181 3987 3374 4046 quan-

1815 4063 2045 4122 tumvis
2070 4063 2376 4124 occultum
2408 4082 2515 4142 per
2540 4062 2846 4138 accidens,
2872 4063 3079 4122 statim
3110 4061 3379 4122 incurre-

1813 4172 1882 4214 re
1906 4154 2068 4214 hanc
2098 4173 2369 4232 poenam,
2393 4156 2549 4214 sicut
2572 4154 2833 4215 incurrit
2859 4171 3207 4229 censuram,
3231 4154 3379 4232 quia

1814 4247 2019 4327 quoad
2050 4247 2167 4307 hoc
2196 4254 2288 4307 est
2324 4247 2597 4325 ejusdem
2629 4247 2883 4306 rationis
2910 4263 3052 4306 cum
3093 4265 3377 4321 censura,

1814 4345 1876 4400 et
1903 4339 2209 4400 similibus
2239 4340 2439 4400 verbis
2471 4339 2691 4400 fertur.

1897 4433 1957 4493 5.
2006 4433 2275 4494 Dubium
2314 4434 2625 4495 subortum
2651 4432 2995 4496 resolvitur.
3040 4464 3122 4478 —-
3160 4432 3384 4493 Statim

1816 4531 2026 4588 autem
2073 4527 2273 4585 oritur
2322 4524 2670 4599 dubitatio,
2716 4525 2861 4604 quia
2909 4524 3153 4585 videtur
3196 4542 3385 4602 repu-

1818 4617 2079 4697 gnantia
2114 4617 2275 4696 quod
2305 4615 2492 4676 homo
2528 4615 2637 4676 fiat
2678 4615 2926 4676 infamis
2955 4635 3063 4696 per
3090 4615 3385 4676 delictum

1819 4710 2127 4771 occultum
2153 4754 2173 4783 ,
2225 4726 2369 4768 cum
2414 4709 2675 4768 infamia
2725 4710 2791 4769 in
2842 4709 3061 4769 notitia
3118 4707 3385 4768 aliorum

1821 4803 2135 4864 consistat.
2165 4801 2335 4875 Quod
2377 4801 2636 4862 dubium
2675 4802 2933 4862 tractavi
2962 4800 3085 4862 late
3122 4801 3187 4860 in
3216 4806 3385 4859 tomo

1819 4897 1880 4970 5,
1910 4894 2071 4974 disp.
2097 4894 2200 4969 48,
2238 4901 2385 4954 sect.
2414 4898 2472 4971 1,
2513 4893 2623 4954 ubi
2657 4895 2854 4953 videri
2880 4899 3080 4973 potest
3098 4916 3113 4966 ;
3142 4910 3389 4953 summa

1821 4989 2116 5049 doctrina?
2148 4993 2262 5063 est,
2304 5005 2412 5065 per
2437 4987 2557 5047 tale
2584 4987 2877 5048 delictum
2910 4987 3115 5048 statim
3152 4985 3390 5047 incurri

1821 5080 2147 5143 infamiam
2178 5080 2375 5159 quoad
2410 5077 2657 5140 effectus
2680 5080 2861 5160 juria,
2889 5079 2999 5158 qui
3035 5085 3181 5138 sunt
3213 5078 3388 5138 inha-

1822 5175 2093 5236 bilitates
2138 5172 2219 5232 ad
2265 5171 2488 5248 officia,
2534 5181 2688 5243 etc..
2721 5173 3001 5251 quamvis
3046 5172 3390 5234 substantia

1823 5268 1955 5347 ipsa
2002 5265 2275 5326 infamiae
2318 5267 2429 5340 (ut
2456 5265 2541 5326 sic
2581 5265 2824 5340 dicam)
2856 5283 2991 5344 quoe
3028 5267 3097 5326 in
3140 5264 3300 5326 facto
3331 5269 3393 5324 et

1823 5358 2051 5419 actuali
2088 5355 2309 5418 notitia
2352 5356 2613 5418 aliorum
2666 5358 2963 5432 consistit,
3009 5373 3137 5418 non
3180 5356 3390 5418 statim

1823 5450 2201 5530 incurratur.
