3900 6217
502 539 789 616 dentaliS,
820 556 959 619 quae
996 539 1225 618 partim
1245 538 1309 599 in
1339 537 1709 611 intensione,
1747 538 1974 617 partim
2001 537 2070 597 in

502 634 774 696 vitandis
797 634 1058 713 peccatis
1086 632 1205 693 sita
1232 638 1344 710 est,
1374 638 1435 693 et
1458 632 1575 693 hac
1603 632 1842 693 ratione
1870 630 2071 692 solent

504 727 800 805 distingui
830 732 952 787 tres
984 726 1217 804 gradus
1240 726 1575 799 charitatis,
1608 724 2065 802 incipientium,

506 819 967 899 proficientium
999 825 1059 879 et
1096 818 1540 897 perfectorum3
1585 825 1648 880 et
1676 820 1739 879 in
1768 818 1887 879 hac
1931 836 2069 897 per·

504 912 767 975 sectione
810 931 937 974 non
968 919 1060 971 est
1099 928 1339 973 necesse
1388 912 1753 973 charitatem
1792 912 1910 972 viae
1937 928 2070 971 esse

507 1006 809 1084 aequalem
844 1003 1128 1064 charitati
1159 1006 1396 1084 patriae,
1432 1022 1575 1064 cum
1621 1021 1822 1083 neque
1866 1004 2072 1063 omnis

506 1098 775 1161 charitas
810 1097 927 1157 viae
957 1096 1021 1156 in
1051 1095 1167 1156 hoc
1202 1097 1281 1156 sit
1324 1097 1609 1175 aequalis:
1648 1095 1909 1157 dubium
1960 1114 2070 1156 au·

506 1200 633 1254 tem
665 1209 794 1251 esse
834 1195 1032 1269 potest
1073 1208 1153 1249 an
1196 1207 1440 1249 summa
1468 1189 1733 1250 charitas
1772 1188 1888 1249 viae
1930 1207 2065 1267 pos-

504 1288 586 1346 'sit
611 1284 679 1344 in
701 1284 819 1345 hac
845 1283 1217 1363 perfectione
1242 1283 1471 1362 aeqnari
1503 1282 1599 1343 vel
1621 1282 1895 1342 minimae
1922 1280 2066 1342 eha-

504 1377 674 1439 ritati
699 1378 942 1455 patriae,
977 1374 1144 1455 quod
1170 1378 1237 1436 in
1268 1376 1537 1437 sectione
1574 1375 1855 1454 sequenti
1883 1391 2068 1453 expe-

506 1470 769 1531 diemus.

1118 1670 1334 1722 SECTlO
1367 1669 1448 1721 w.

519 1842 737 1907 Utrum
777 1842 989 1925 aliqua
1011 1840 1279 1905 charitas
1304 1840 1419 1903 vioe
1441 1839 1634 1921 possit
1662 1856 1785 1902 esse
1810 1838 2067 1919 aequalis

996 1936 1291 1999 charitati
1322 1936 1569 2015 patrioe.

587 2125 616 2183 1
632 2167 646 2182 .
690 2121 1095 2202 Difficultatis
1130 2120 1313 2184 ratio.
1336 2152 1417 2167 —
1440 2118 1761 2184 Sententia
1790 2118 2068 2199 Cajetani
2095 2106 2113 2118 “

506 2216 705 2279 tn‘bus
748 2215 1141 2297 respondendi
1174 2216 1367 2277 modis
1422 2219 1715 2277 contenta.
1740 2246 1819 2261 -
1838 2212 2070 2293 Bejici-

507 2315 633 2373 tar.
661 2343 739 2352 —
762 2308 943 2369 Ratio
972 2306 1144 2367 dubii
1170 2312 1284 2382 est,
1316 2306 1463 2386 quia
1490 2315 1717 2386 praeter
1742 2309 2071 2368 essentiam

505 2400 781 2462 maxima
848 2400 1142 2481 perfectio
1190 2400 1405 2460 formas
1448 2407 1541 2460 est
1580 2401 1713 2478 ejus
1750 2400 2016 2459 intensio
2045 2415 2066 2477 3

504 2494 612 2556 sed
660 2494 926 2555 charitas
962 2492 1081 2554 viae
1122 2500 1323 2573 potest
1366 2512 1491 2554 esse
1536 2492 1836 2553 intensior
1871 2492 2070 2553 chari-

506 2594 631 2649 tate
666 2588 900 2666 patrias,
933 2585 1033 2647 vel
1079 2588 1146 2646 in
1198 2586 1437 2661 eodem,
1469 2585 1564 2649 vel
1602 2585 1820 2645 saltem
1864 2584 1933 2645 in
1978 2584 2071 2645 di-

504 2681 697 2741 versis
760 2679 1053 2760 subjectis
1098 2702 1116 2755 3
1180 2698 1327 2739 nam
1392 2680 1487 2739 hae
1552 2679 1881 2739 charitates
1927 2684 2072 2739 sunt

504 2772 779 2851 ejusdem
800 2774 1057 2834 rationis
1072 2794 1089 2848 3
1123 2778 1188 2833 at
1212 2772 1480 2834 charitas
1506 2770 1622 2833 viae
1650 2779 1847 2851 potest
1864 2768 2067 2849 magis

504 2883 575 2925 ac
609 2866 806 2943 magis
833 2865 1074 2927 intendi
1089 2882 1110 2944 ;
1157 2867 1223 2926 in
1252 2864 1652 2945 qualitatihus
1675 2871 1884 2924 autem
1908 2864 2067 2943 ejus-

504 2958 649 3021 dem
682 2959 963 3035 rationiS,
998 2960 1047 3020 si
1080 2978 1203 3019 una
1232 2976 1475 3038 semper
1503 2965 1829 3036 augeatur,
1863 2961 2067 3037 potest

502 3054 829 3132 pervenire
877 3052 953 3112 ad
1001 3051 1253 3113 alterius
1302 3052 1713 3130 quantitatem
1748 3094 1763 3124 ,
1806 3068 2066 3130 eamque

502 3164 816 3223 superare.
854 3144 1180 3225 Cajetanus
1208 3145 1421 3223 igitur,
1444 3152 1517 3205 ut
1545 3145 1691 3206 huic
1720 3142 2068 3205 difficultati

503 3238 862 3313 satisfaciat,
903 3236 1315 3316 defendatque
1353 3237 1714 3299 charitatem
1751 3238 1868 3297 viae
1906 3255 2068 3297 nun-

505 3350 695 3411 quam
726 3332 959 3410 aequari
987 3331 1271 3391 charitati
1314 3333 1553 3411 patrias,
1582 3331 1781 3391 multa
1830 3331 2069 3411 scripsit

501 3426 566 3485 iu
639 3426 909 3486 secunda
962 3423 1244 3485 secundae
1289 3468 1309 3500 ,
1362 3424 1699 3504 quaestione
1760 3426 2062 3505 vigesima

501 3524 748 3599 quarta,
789 3517 1051 3579 articulo
1106 3518 1388 3597 septimo,
1419 3525 1481 3578 et
1520 3518 1685 3579 inter
1729 3517 1851 3580 alia
1882 3518 2063 3579 affert

501 3619 626 3673 tres
663 3610 878 3673 modos
906 3612 1131 3690 quibus
1170 3610 1436 3671 charitas
1464 3612 1579 3671 viae
1608 3629 1928 3690 nunquam
1970 3619 2064 3673 est

503 3706 593 3766 ita
632 3706 875 3765 intensa
898 3748 920 3781 ,
953 3712 1023 3765 ut
1072 3703 1337 3765 charitas
1373 3704 1613 3783 patriae.
1667 3705 1907 3765 Primus
1945 3710 2059 3781 est,

500 3799 665 3879 quod
694 3800 763 3860 in
788 3799 1190 3879 qualitatibus
1216 3800 1440 3861 animoe
1466 3800 1695 3879 duplex
1722 3807 1815 3861 est
1853 3800 2064 3861 inten-

504 3893 637 3953 sio:
675 3910 803 3953 una
842 3911 917 3953 ex
954 3898 1128 3973 parte
1165 3892 1426 3971 subjecti
1466 3912 1575 3954 seu
1610 3894 1901 3973 potentiae
1934 3913 2063 3956 ma-

500 3987 597 4065 gis
641 3986 952 4065 conantisj,
1004 3984 1202 4047 altera
1237 4004 1315 4048 ex
1354 3993 1527 4066 parte
1562 3987 1789 4066 objecti
1838 3987 2061 4049 melius

501 4083 819 4160 propositi,
852 4088 916 4143 et
957 4080 1121 4143 hanc
1147 4081 1296 4142 dicit
1338 4100 1469 4143 esse
1508 4080 1764 4143 diversae
1803 4083 2061 4144 rationis

500 4175 568 4235 in
600 4176 901 4237 charitate
941 4176 1056 4235 viae
1080 4182 1143 4235 et
1171 4174 1423 4253 patriae,
1457 4180 1521 4236 et
1556 4174 1695 4235 ideo
1735 4192 2062 4254 nunquam

497 4288 675 4350 posse
704 4286 833 4331 esse
862 4268 1163 4347 aequalem
1188 4284 1209 4346 ;
1242 4268 1351 4347 qui
1391 4269 1609 4329 modus
1640 4266 1733 4329 illi
1769 4286 1897 4329 non
1930 4268 2061 4350 pla-

498 4374 621 4437 cet,
640 4362 788 4441 quia
820 4362 1039 4423 saltem
1080 4362 1356 4441 sequitur
1380 4362 1447 4421 in
1479 4362 1670 4441 priori
1710 4362 2058 4441 intensione

496 4472 673 4533 posse
698 4472 829 4515 esse
856 4454 1271 4533 aequalitatem
1296 4469 1317 4531 3
1362 4455 1466 4515 sed
1499 4472 1700 4533 neque
1740 4454 1927 4515 etiam
1957 4474 2059 4516 ve-

496 4566 603 4607 rus
630 4553 747 4622 est,
780 4547 929 4627 quia
974 4562 1190 4608 revera
1230 4546 1361 4607 istas
1402 4565 1531 4608 non
1575 4554 1719 4607 sunt
1775 4546 1915 4607 duae
1965 4548 2058 4609 in-

500 4641 807 4701 tensiones
832 4689 845 4714 ,
881 4640 987 4700 sed
1024 4640 1330 4719 explicant
1380 4640 1534 4701 duas
1584 4641 1817 4703 radices
1857 4642 2060 4703 inten—

496 4734 707 4809 sionis,
740 4738 810 4793 ut
832 4739 999 4813 patet
1020 4731 1303 4811 exemplo
1329 4732 1623 4811 Cajetani.
1656 4732 1826 4794 Visio
1861 4734 2054 4809 enim,

497 4844 638 4906 quae
673 4833 765 4887 est
797 4824 1121 4900 intensior,
1154 4824 1301 4903 quia
1328 4826 1496 4885 visus
1527 4826 1725 4904 magis
1771 4833 2054 4904 conatur,

495 4919 597 4981 vel
622 4921 769 5000 quia
812 4920 1123 4998 obJectum
1169 4918 1577 4999 propinquius
1620 4929 1734 4995 est,
1780 4918 2057 4997 ejusdem

494 5013 755 5073 rationis
795 5018 921 5089 est,
971 5029 1117 5073 cum
1160 5011 1385 5073 efficiat
1434 5012 1725 5075 eumdem
1772 5013 2058 5074 effectum

494 5105 819 5167 formalem
850 5106 919 5166 in
946 5106 1123 5179 visu3
1169 5112 1231 5166 et
1258 5106 1458 5165 simile
1494 5114 1587 5167 est
1631 5105 1699 5166 in
1734 5106 2059 5185 agentibus

494 5200 906 5276 naturalibus,
946 5216 1083 5279 quae
1122 5200 1434 5260 interdum
1482 5206 1681 5277 agunt
1727 5199 2054 5277 intensius,

495 5294 644 5372 quia
668 5292 979 5372 applicant
1008 5292 1304 5371 majorem
1335 5291 1459 5351 vim
1482 5336 1503 5366 ,
1548 5292 1861 5354 interdum
1908 5294 2058 5371 quia

493 5402 745 5465 passum
772 5386 977 5445 minus
998 5384 1229 5445 resistit
1254 5399 1275 5461 ;
1306 5390 1516 5444 tamen
1543 5384 1813 5445 intensio
1840 5384 2057 5445 sormae

493 5497 736 5559 semper
785 5478 1000 5540 eadem
1053 5488 1145 5539 est
1163 5496 1185 5555 ς
1230 5477 1358 5539 imo
1386 5522 1408 5553 ,
1452 5476 1505 5537 si
1548 5478 1792 5558 proprie
1840 5478 2057 5558 loqua-

494 5590 661 5649 mur,
708 5590 1029 5652 nunquam
1070 5570 1203 5632 haec
1232 5570 1432 5649 major
1474 5570 1743 5632 intensio
1784 5577 1876 5633 est
1917 5572 2052 5633 sine

1528 438 1762 491 DISPUT.
1798 438 1881 491 m.
1917 438 1998 490 DE
2029 436 2262 490 mmm
2295 436 2682 489 cnam'rssis.

2151 538 2377 617 majori
2409 544 2634 600 conatu
2658 537 2974 617 potentiae,
3007 538 3154 618 quia
3182 557 3307 600 non
3337 548 3534 619 posset
3565 561 3678 605 esse

2151 630 2406 693 effectus
2436 630 2784 711 perfectior,
2816 630 2936 691 nisi
2976 650 3159 692 causa
3197 632 3399 711 magis
3437 632 3680 717 influat3

2149 724 2344 785 solum
2377 731 2468 785 est
2503 723 2872 799 differentia,
2913 724 3056 803 quia
3082 723 3182 785 hic
3217 725 3419 803 major
3452 734 3682 789 conatus

2147 817 2462 878 interdum
2528 815 2858 877 adhibetur
2920 823 3170 896 propter
3211 816 3682 881 excellentiorem

2149 910 2439 970 virtutem
2482 912 2769 984 activam,
2801 909 3116 969 interdum
3149 915 3400 989 propter
3439 928 3682 971 commo-

2150 1002 2293 1064 dam
2357 1002 2581 1083 objecti
2641 1002 3114 1083 applicationem
3154 1047 3174 1077 ,
3230 1008 3344 1063 aut
3399 1003 3682 1065 minorem

2151 1094 2313 1176 passi
2368 1097 2802 1157 resistentiam.
2836 1096 3046 1156 Dices:
3107 1095 3422 1155 interdum
3470 1098 3684 1159 ratione

2146 1189 2336 1249 medii
2373 1189 2471 1250 vel
2508 1189 2765 1250 luminis
2795 1194 2965 1250 actus
3009 1188 3258 1249 videndi
3299 1194 3393 1247 est
3435 1188 3520 1248 ita
3566 1208 3685 1269 per-

2145 1282 2341 1342 fectus
2369 1288 2431 1342 et
2458 1282 2755 1358 intensuS,
2787 1289 3005 1343 utnon
3031 1282 3222 1362 possit
3247 1282 3522 1360 potentia
3559 1302 3684 1343 cum

2148 1374 2376 1434 minori
2414 1374 2675 1449 lumine,
2723 1374 3121 1453 quantumvis
3165 1378 3431 1433 conetur
3453 1419 3470 1448 ‚
3500 1382 3683 1435 actum

2147 1468 2234 1528 ita
2263 1469 2578 1529 intensum
2631 1469 2890 1529 efficere.
2923 1467 3284 1547 Respondeo
3318 1466 3386 1526 in
3425 1470 3684 1546 potentiis

2147 1561 2578 1639 cognoscitivis
2607 1561 2988 1623 observanda
3041 1578 3170 1621 esse
3221 1560 3384 1619 duo:
3438 1560 3683 1639 primum

2146 1659 2261 1728 est,
2295 1672 2396 1715 eas
2423 1672 2548 1715 non
2581 1672 2709 1715 esse
2739 1654 3046 1731 integram
3076 1652 3426 1733 potentiam
3453 1670 3680 1713 suorum

2146 1755 2420 1820 actuum,
2473 1747 2581 1809 sed
2621 1747 2832 1825 juvari
2857 1746 2939 1827 ab
2967 1745 3222 1827 ohJectis
3261 1751 3324 1807 et
3351 1746 3679 1825 speciebus;

2148 1840 2318 1901 unde
2353 1838 2426 1901 fit
2467 1847 2536 1901 ut
2577 1838 2890 1920 objectum
2930 1840 3020 1900 ita
3070 1838 3324 1918 adjuvet
3373 1838 3684 1919 potentiam

2147 1931 2477 2012 aliquando
2519 1932 2910 2013 producendo
2949 1932 3216 2011 speciem
3263 1931 3684 2011 imperfectam,

2146 2034 2219 2087 ut
2245 2030 2519 2107 potentia
2555 2046 2698 2088 cum
2747 2028 2946 2108 specie
2991 2026 3198 2087 minus
3241 2025 3514 2105 perfecta
3549 2044 3686 2085 nun·

2150 2138 2336 2199 quam
2374 2120 2567 2200 possit
2619 2126 2748 2181 tam
2807 2121 3126 2181 intensum
3174 2126 3381 2180 actum
3423 2118 3684 2192 efficere,

2151 2233 2278 2275 non
2326 2221 2575 2295 propter
2633 2215 3047 2276 intensionem
3106 2212 3369 2274 diversae
3409 2211 3645 2273 rationis
3667 2256 3683 2286 ‚

2151 2308 2257 2368 sed
2297 2308 2442 2387 quia
2472 2309 2747 2388 potentia
2785 2326 2911 2369 non
2952 2313 3150 2387 potest
3177 2306 3448 2386 amplius
3476 2305 3684 2379 conari,

2152 2402 2300 2481 quia
2340 2420 2467 2463 non
2495 2402 2764 2482 amplius
2781 2403 3057 2481 juvatur.
3093 2400 3455 2463 Secundum
3491 2406 3592 2477 est,
3632 2402 3688 2461 in

2151 2497 2385 2558 actibus
2431 2498 2602 2557 aliud
2634 2516 2766 2558 esse
2797 2498 3162 2573 claritatem,
3202 2495 3379 2557 aliud
3422 2496 3682 2556 intensio-

2151 2607 2320 2667 nem,
2363 2597 2426 2652 et
2481 2590 2726 2652 claritas
2753 2608 2912 2670 saepe
2948 2590 3218 2651 sumitur
3256 2608 3336 2651 ex
3367 2588 3597 2664 medi03
3637 2595 3687 2650 et

2151 2684 2290 2745 ideo
2318 2684 2368 2744 si
2411 2682 2565 2744 illud
2610 2684 2692 2744 sit
2727 2684 3185 2763 imperfectum,
3238 2689 3416 2743 actus
3444 2700 3565 2742 non
3590 2681 3689 2741 erit

2146 2785 2276 2838 tam
2331 2777 2555 2853 claruS,
2588 2779 2870 2857 quamvis
2907 2778 2987 2838 sit
3031 2784 3158 2838 tam
3197 2778 3481 2837 intensus
3514 2790 3534 2853 3
3571 2794 3687 2853 quae

2147 2875 2358 2931 tamen
2395 2871 2518 2930 duo
2557 2870 2624 2931 in
2661 2871 2896 2932 actibus
2927 2870 3266 2931 voluntatis
3296 2888 3426 2931 non
3485 2868 3689 2930 habent

2146 2964 2375 3040 locum,
2409 2966 2483 3026 de
2512 2964 2734 3045 quibus
2765 2950 3320 3045 modoffoquimur.

2227 3060 2288 3119 2.
2338 3058 2654 3122 Secundus
2687 3057 2964 3138 Cajetani
2987 3048 3214 3120 modus.
3243 3090 3330 3104 -—
3348 3056 3688 3120 Declaratur

2141 3151 2362 3234 primo.
2385 3186 2462 3197 --
2493 3149 2776 3217 Secunda
2803 3152 3219 3215 conclasi0.—-
3237 3148 3552 3212 Secundus
3577 3167 3688 3209 mo-

2149 3246 2264 3305 dus
2285 3246 2558 3325 Cajetani
2586 3251 2700 3321 est,
2733 3243 2882 3324 quia
2903 3245 3288 3305 intensiones
3313 3243 3614 3304 charitatis
3630 3242 3685 3300 in

2149 3338 2252 3398 via
2275 3344 2337 3399 et
2363 3338 2430 3398 in
2453 3338 2654 3418 patria
2681 3347 2826 3399 sunt
2848 3337 3105 3397 omnino
3131 3336 3392 3397 diversae
3431 3333 3683 3409 rationis,

2141 3432 2292 3493 etin
2317 3432 2518 3511 patria
2541 3440 2632 3492 est
2655 3430 2888 3491 altioris
2915 3430 3148 3491 ordinis
3161 3446 3178 3507 ;
3217 3436 3284 3491 et
3321 3428 3482 3504 iden,
3505 3446 3684 3507 quan-

2141 3524 2372 3587 tumvis
2391 3525 2657 3587 intensio
2675 3526 2788 3585 viae
2804 3532 3055 3599 crescat,
3078 3542 3402 3603 nunquam
3419 3521 3558 3583 illuc
3566 3540 3681 3601 pcr-

2142 3622 2335 3682 venit.
2369 3620 2770 3700 Assumptum
2808 3618 3135 3701 dupliciter
3158 3618 3452 3693 declarat,
3479 3618 3676 3696 prim0,

2144 3714 2291 3792 quia
2320 3719 2512 3774 status
2538 3714 2653 3775 viae
2683 3720 2744 3774 et
2775 3712 2988 3795 patriae
3017 3718 3161 3773 sunt
3185 3712 3567 3772 diversarum
3599 3726 3680 3769 ra-

2143 3810 2422 3868 tionum:
2448 3825 2632 3879 unuS,
2660 3806 2958 3867 naturalis
2985 3804 3311 3878 charitati3
3334 3803 3506 3877 alter,
3528 3800 3681 3883 quasi

2143 3899 2662 3981 supernaturalis;
2707 3918 2871 3960 unus
2895 3898 3070 3978 quasi
3112 3903 3262 3957 aetas
3318 3893 3582 3976 pueriliS‚
3605 3892 3680 3955 al-

2143 3999 2240 4053 ter
2277 3992 2509 4069 virilis;
2541 3991 2808 4071 denique
2837 3997 2983 4051 sunt
3006 3991 3106 4051 via
3131 3996 3193 4051 et
3215 3990 3535 4063 terminus,
3557 4002 3676 4066 quae

2143 4092 2286 4146 sunt
2309 4076 2694 4146 dirersarum
2716 4084 3051 4145 rationum.
3068 4084 3353 4145 Secundo
3358 4129 3378 4158 ,
3402 4082 3540 4161 quia
3558 4081 3680 4139 cha-

2140 4178 2289 4240 ritas
2312 4180 2527 4259 patriae
2558 4178 2759 4240 altiori
2779 4185 2840 4239 et
2862 4176 3258 4239 eminentiori
3301 4176 3483 4237 modo
3511 4174 3674 4235 conti-

2117 4277 2248 4335 net
2291 4290 2504 4333 omnes
2549 4270 2951 4359 perfectiones
2992 4270 3314 4332 charitatis
3339 4270 3472 4341 vioe,
3503 4275 3558 4327 et
3590 4284 3676 4327 ex·

2099 4438 2106 4444 ,
2139 4364 2331 4430 cludit
2355 4383 2572 4427 omnes
2604 4363 3124 4444 imperfectiones,
3171 4376 3233 4423 et
3279 4360 3450 4422 addit
3477 4360 3674 4421 multas

2137 4458 2582 4540 perfectiones;
2607 4450 2726 4518 hoc
2751 4464 2961 4518 autem
2987 4462 3079 4518 est
3099 4454 3352 4534 signum
3375 4452 3642 4536 perfectio
3663 4485 3672 4493 ·

2138 4553 2236 4612 nis
2257 4552 2508 4612 alterius
2536 4550 2794 4611 ordinis.
2825 4550 3206 4611 Antecedens
3233 4555 3427 4629 patet,
3462 4546 3595 4625 quia
3616 4544 3670 4603 in

2137 4646 2340 4725 patria
2363 4650 2455 4705 est
2479 4643 2823 4722 subjectum
2848 4642 3054 4703 altiori
3095 4642 3280 4703 modo
3311 4638 3667 4719 dispositum,

2138 4744 2201 4799 et
2233 4736 2542 4816 objectum
2563 4740 2752 4798 etiam
2779 4736 2983 4797 altiori
3016 4736 3200 4797 modo
3220 4731 3597 4815 applicatum.

2219 4833 2280 4891 3.
2325 4830 2548 4893 Prima
2575 4829 2898 4893 conclusio,
2915 4828 3154 4889 -Dico
3181 4828 3382 4906 primo
3400 4848 3414 4885 :
3435 4824 3669 4885 charitas

2138 4925 2256 4986 viae
2283 4928 2344 4983 et
2368 4922 2584 5000 patriae
2611 4920 2844 4982 habent
2883 4921 3111 4999 gradus
3145 4918 3503 4981 intensionis
3534 4916 3668 4992 ejus-

2138 5016 2281 5077 dem
2330 5014 2586 5075 omnino
2631 5013 2888 5075 rationis
2924 5014 3086 5075 inter
3116 5030 3200 5074 se.
3255 5010 3540 5074 Probatur
3556 5005 3668 5085 pri-

2139 5124 2276 5186 m03
2307 5125 2456 5169 nam
2498 5107 2594 5169 vel
2647 5106 2962 5189 loquimur
3009 5108 3086 5167 de
3118 5105 3480 5177 intensione,
3511 5107 3577 5160 ut
3597 5098 3666 5157 si·

2138 5202 2395 5281 gnificat
2423 5208 2685 5277 motum,
2713 5200 2810 5262 vel
2831 5200 3060 5280 aliquid
3081 5198 3445 5281 productum
3464 5197 3524 5255 in
3537 5210 3666 5275 qua·

2138 5295 2312 5357 litate
2340 5295 2622 5372 intensa3
2649 5294 2768 5355 hoc
2793 5292 3058 5354 secundo
3105 5291 3309 5367 modo,
3339 5290 3516 5350 iidem
3541 5304 3664 5365 gra-

2137 5387 2254 5447 dus
2290 5386 2658 5449 intensionis
2693 5402 2818 5448 non
2865 5384 3065 5447 solum
3103 5386 3320 5465 specie,
3373 5382 3473 5443 sed
3499 5381 3663 5441 etiam

2138 5474 2422 5557 numero,
2471 5464 2787 5559 quierant
2820 5480 2887 5539 in
2913 5478 3034 5551 via,
3074 5482 3326 5538 manent
3359 5477 3422 5535 in
3465 5470 3660 5553 patria,

2136 5573 2264 5635 sive
2295 5572 2404 5634 alii
2449 5571 2538 5634 ibi
2593 5574 2922 5648 addantur,
2955 5572 3084 5633 sive
3135 5586 3291 5649 non;
3333 5564 3662 5629 antecedens
