3900 6217
491 324 612 385 506

491 433 692 509 potest
740 446 822 489 an
867 447 945 489 ex
966 429 1424 492 circumstantia
1464 433 1654 511 possit
1679 430 1815 493 haec
1859 437 2059 493 trans·

491 521 724 601 gressio
778 539 819 582 a
891 520 1074 601 culpa
1139 524 1386 585 mortali
1451 525 1750 588 excusari.
1821 524 2058 603 Duplex

487 622 702 679 autem
758 620 1004 677 tantum
1035 616 1498 681 circumstantia
1537 618 1794 697 cogitari
1833 624 2053 697 potest,

487 726 628 789 quse
655 709 734 771 ad
756 708 875 770 hoc
903 711 1091 789 possit
1121 710 1432 775 conterre:
1463 730 1590 773 uua
1621 718 1713 773 est
1737 713 2057 791 quantitas

487 802 792 876 materiae,
817 820 975 881 quai,
1005 809 1074 864 ut
1101 820 1286 882 supra
1315 803 1468 879 dixi,
1497 803 1704 883 quoad
1726 804 2057 867 lectionem

487 895 713 957 sufficit
771 894 1086 957 interdum
1141 896 1222 957 ad
1287 896 1514 959 dictam
1571 898 2048 959 excusationem.

488 987 905 1051 Nihilominus
933 988 1072 1051 dico
1118 1006 1196 1053 ex
1243 991 1361 1053 hac
1403 999 1578 1071 parte
1621 1008 1746 1052 non
1779 1010 1955 1071 posse
1986 993 2055 1054 in

487 1082 778 1162 praesenti
805 1081 1046 1144 actione
1080 1084 1362 1145 excusari
1393 1084 1764 1163 gravitatem
1797 1086 2051 1162 peccati,

487 1174 637 1253 quia
662 1174 886 1237 sufficit
905 1175 984 1236 ad
1017 1177 1178 1239 hanc
1205 1177 1450 1257 culpam
1475 1183 1714 1257 partem
1737 1177 1879 1241 libri
1907 1179 2054 1241 reti-

486 1286 658 1343 nere,
689 1269 864 1348 quia,
888 1270 1054 1331 utin
1082 1268 1284 1348 primo
1316 1276 1564 1349 puncto,
1600 1288 1775 1331 num.
1805 1273 1870 1346 9,
1895 1271 2049 1348 dixi,

485 1367 688 1423 totum
732 1367 794 1422 et
839 1368 1042 1441 partes
1089 1362 1224 1443 ejus
1263 1362 1380 1425 hac
1433 1362 1568 1441 lege
1610 1363 2049 1442 prohibentur3

487 1454 808 1515 moraliter
833 1462 1040 1517 autem
1076 1456 1386 1537 loquendo
1415 1475 1540 1517 non
1569 1457 1895 1532 retinetur,
1929 1457 2052 1518 nisi

485 1548 584 1610 vel
611 1554 776 1610 totus
803 1548 982 1624 liber,
1021 1550 1119 1613 vel
1157 1550 1367 1631 aliqua
1393 1549 1682 1612 notabilis
1719 1568 1858 1631 pars
1889 1551 2047 1630 ejus,

485 1659 628 1721 quas
661 1641 1006 1703 doctrinam
1037 1642 1311 1723 aliquam
1345 1644 1681 1721 contineat,
1715 1642 1781 1705 et
1805 1644 1944 1706 ideo
1972 1661 2049 1705 ex

486 1741 661 1815 parte
699 1736 976 1797 materiae
1019 1736 1152 1797 sine
1177 1737 1572 1799 distinctione
1609 1737 1812 1799 dicere
1842 1756 2051 1818 possu-

485 1846 625 1889 mus
651 1828 768 1889 hoc
799 1835 1118 1908 peccatum
1148 1846 1389 1911 semper
1417 1848 1548 1893 esse
1577 1832 1860 1906 mortale,
1881 1838 1944 1893 et
1968 1833 2047 1894 ad

483 1920 922 1983 incurrendam
955 1940 1280 1985 censuram
1307 1923 1635 1987 sufficiens.
1663 1924 1873 1987 Altera
1903 1944 2049 1987 vero

485 2013 946 2077 circumstantia
1009 2022 1098 2079 661
1155 2016 1448 2097 temporis
1499 2037 1515 2091 ;
1575 2036 1724 2079 nam
1783 2020 2049 2081 retinere

484 2104 714 2167 librum
740 2107 1102 2170 brevissimo
1131 2116 1432 2189 tempore,
1465 2130 1590 2173 non
1637 2111 1888 2173 videtur
1919 2131 2050 2174 esse

483 2199 637 2261 adeo
665 2218 875 2277 grave,
911 2207 980 2261 ut
1014 2202 1092 2263 ad
1119 2202 1364 2281 culpam
1405 2204 1731 2265 mortalem
1759 2205 2045 2265 sufficiat.

482 2295 553 2356 Iu
590 2295 966 2356 contrarium
999 2314 1147 2357 vero
1185 2303 1297 2373 est,
1333 2298 1482 2377 quia
1511 2316 1696 2360 omne
1723 2304 2044 2378 peccatum

483 2388 649 2467 quod
673 2406 751 2449 ex
777 2388 1014 2467 objecto
1039 2396 1101 2451 et
1125 2391 1260 2451 aliis
1281 2390 1758 2453 circumstantiis
1784 2392 2046 2454 mortale

482 2490 594 2554 est,
629 2480 697 2541 in
726 2488 1042 2543 momento
1080 2483 1384 2545 committi
1412 2490 1631 2563 potest,
1663 2485 1812 2563 quia
1837 2486 1904 2546 in
1931 2504 2041 2546 vo·

483 2573 726 2635 luntate
771 2576 1068 2650 consistit,
1111 2595 1234 2637 non
1277 2578 1346 2638 in
1393 2596 1586 2639 mora.
1622 2577 1796 2640 Unde
1827 2578 2045 2639 distin-

481 2667 800 2745 guendum
831 2686 1084 2742 censeo;
1118 2670 1268 2748 quia
1312 2669 1410 2731 vel
1453 2672 1718 2731 retentio
1769 2671 2043 2749 procedit

481 2777 558 2821 ex
616 2760 934 2823 voluntate
985 2761 1260 2823 absolute
1303 2763 1614 2824 retinendi
1667 2762 1926 2837 librum,
1980 2776 2045 2823 et

479 2858 632 2913 tunc
693 2854 834 2915 dico
907 2874 1362 2935 quamcumque
1431 2856 1842 2917 retentionem
1910 2874 2044 2917 esse

479 2953 796 3023 peccatum
837 2947 1116 3024 mortale,
1163 2948 1402 3009 etiamsi
1441 2954 1678 3009 mutata
1725 2948 2043 3009 voluntate

477 3036 838 3101 brevissimo
864 3047 1141 3121 tempore
1169 3042 1388 3103 duret:
1415 3048 1478 3103 61
1504 3041 1622 3103 1106
1643 3042 1863 3121 probat
1887 3043 2045 3103 ratio

477 3130 668 3207 facta,
692 3133 836 3209 quia
859 3133 1146 3195 voluntas
1171 3135 1278 3196 illa
1302 3141 1616 3213 peccatum
1647 3134 1906 3196 mortale
1925 3142 2041 3210 est,

479 3228 542 3285 61
573 3224 654 3283 ab
687 3225 794 3287 illa
819 3227 1096 3306 procedit
1117 3228 1384 3289 exterior
1411 3229 1697 3289 retentio.
1730 3228 1868 3289 Alio
1898 3246 2043 3289 vero

477 3318 664 3379 modo
725 3320 1084 3398 contingere
1139 3326 1340 3401 potest
1395 3326 1467 3381 ut
1525 3321 1749 3401 aliquis
1806 3321 2043 3383 habens

477 3412 862 3490 propositum
907 3413 1194 3475 tradendi
1253 3414 1508 3486 librum,
1554 3414 1623 3475 in
1679 3415 2042 3476 executione

475 3504 556 3565 sit
587 3504 907 3584 negligens
943 3525 1053 3587 per
1083 3506 1358 3587 aliquam
1386 3506 1640 3569 brevem
1670 3525 1932 3583 moram,
1981 3513 2043 3568 et

474 3603 624 3659 tunc
660 3597 844 3660 facile
875 3600 1100 3679 poterit
1137 3601 1414 3662 excusari
1450 3618 1489 3661 a
1529 3600 1708 3680 culpa
1752 3600 2035 3674 mortali;

475 3696 610 3752 tum
646 3693 794 3771 quia
818 3693 884 3754 111
914 3693 1230 3755 voluntate
1269 3713 1396 3756 non
1430 3694 1620 3756 habet
1655 3695 2039 3775 propositum

473 3786 860 3847 contrarium
914 3794 1240 3867 praeceptO,
1293 3797 1356 3849 et
1409 3787 1792 3865 negligentia
1837 3793 2042 3867 potest

475 3896 604 3941 6666
632 3878 808 3954 levis,
840 3885 904 3941 et
929 3880 1062 3959 ipsa
1085 3899 1258 3942 mora
1281 3886 1374 3942 est
1391 3881 1566 3960 quasi
1585 3880 1844 3941 materia
1871 3881 2040 3943 illius

475 3971 842 4048 omissionis,
897 3979 960 4034 et
1001 3973 1140 4033 ideo
1185 3990 1265 4035 ex
1313 3974 1614 4035 brevitate
1665 3978 1864 4053 potest
1909 3992 2040 4035 esse

475 4063 629 4125 levis
646 4109 668 4139 ,
715 4082 790 4127 ac
831 4064 1102 4145 denique
1139 4064 1248 4127 illa
1291 4085 1418 4127 non
1461 4072 1592 4127 tam
1639 4072 1732 4127 661
1775 4067 2040 4129 retentio

475 4174 664 4235 quam
689 4157 926 4233 dilatio,
940 4177 1080 4238 quae
1096 4158 1414 4221 interdum
1435 4164 1635 4238 potest
1657 4159 1933 4220 excusari
1959 4159 2039 4221 ab

473 4250 645 4310 omni
677 4250 880 4331 culpa,
910 4252 964 4313 si
991 4270 1067 4315 ex
1091 4251 1444 4315 rationabili
1471 4270 1656 4313 causa
1681 4251 1811 4313 fiat.

553 4346 654 4406 23.
698 4344 805 4407 An
830 4346 992 4408 satis
1013 4346 1100 4408 sit
1121 4346 1380 4426 propria
1421 4347 1784 4409 auctoritate
1817 4344 2039 4408 librum

469 4438 846 4515 prohibitum
885 4440 1204 4503 destruere.
1242 4438 1448 4501 -Sed
1477 4440 1674 4519 quaeri
1692 4445 1912 4519 potest,
1956 4458 2039 4503 an

473 4530 806 4592 satisfaciat
852 4531 1076 4612 aliquis
1121 4532 1268 4595 huic
1317 4531 1443 4611 legi
1501 4531 1922 4594 comburendo
1964 4532 2037 4593 li-

473 4621 684 4698 brum,
701 4624 803 4686 vel
819 4624 942 4685 alio
959 4626 1140 4687 modo
1156 4626 1334 4687 illum
1358 4625 1731 4687 destruendo
1755 4643 1870 4686 sua
1893 4643 2039 4685 auc·-

472 4716 749 4791 toritate,
777 4734 859 4778 au
891 4724 1174 4780 teneatur
1203 4720 1405 4799 potius
1427 4719 1608 4780 illum
1655 4718 1898 4781 tradere
1937 4719 2038 4779 ln-

471 4810 894 4889 quisitoribus.
921 4812 1282 4889 Respondeo
1303 4830 1381 4873 ex
1412 4812 1476 4873 vi
1500 4813 1688 4892 liujus
1723 4812 2035 4888 clausulas,

473 4918 580 4962 seu
603 4902 758 4983 legis
781 4904 978 4967 Bullia
1025 4906 1247 4980 Coenoe,
1282 4905 1428 4967 satis
1469 4924 1602 4967 esse
1637 4905 1867 4967 librum
1913 4910 2040 4966 sta-

471 4996 586 5060 tim
615 4998 996 5075 comburere,
1027 5000 1172 5081 quia
1221 4999 1352 5061 haec
1387 5000 1492 5063 lex
1520 5000 1722 5061 solum
1755 4998 2040 5078 prohibet

471 5098 763 5170 retinere,
807 5100 868 5156 et
912 5111 1040 5155 non
1086 5092 1359 5174 disponit
1411 5093 1666 5155 modum
1704 5090 2039 5171 ainciendi

471 5186 734 5261 librum,
765 5194 828 5247 et
863 5184 1005 5248 ideo
1044 5203 1155 5266 per
1198 5186 1372 5249 illam
1396 5186 1702 5249 actionem
1727 5184 2037 5245 sufficien-

469 5294 570 5342 ter
587 5278 901 5358 impletur.
929 5277 1247 5358 Oportebit
1267 5286 1478 5341 autem
1507 5277 1738 5341 librum
1767 5278 2044 5339 destrue-

473 5390 566 5447 re,
593 5372 742 5451 quia
767 5370 820 5430 si
849 5370 1025 5431 alteri
1054 5370 1358 5448 tradatur,
1391 5370 1492 5433 vel
1520 5369 1644 5431 alio
1673 5370 1856 5431 modo
1885 5369 2043 5431 inte-

473 5482 586 5545 ger
606 5470 1026 5539 conservetur,
1069 5463 1250 5543 plane
1279 5463 1351 5526 fit
1388 5470 1604 5527 contra
1629 5461 2042 5525 intentionem

961 328 1197 381 DISPUT.
1234 330 1339 383 XX.
1375 330 1456 383 DE
1489 329 1778 384 naitanus
1811 328 2121 383 ECCLESIAE
2152 329 2398 385 CONTRA
2430 328 2725 383 HAERESES
2760 328 2840 381 ΕΤ
2872 330 3265 385 imnerico&

2138 431 2317 510 legis.
2356 431 2531 495 Unde
2582 448 2711 491 non
2756 429 3076 510 impletur,
3128 431 3241 493 sed
3294 430 3577 513 eluditur,
3614 446 3663 500 et

2116 542 2379 604 ,semper
2410 524 2531 585 dici
2575 529 2775 604 potest
2818 524 3095 599 retineri,
3128 525 3233 587 vel
3280 525 3445 604 apud
3480 527 3662 605 alium,

2136 618 2234 679 vel
2276 618 2344 679 in
2371 617 2505 679 1060
2532 617 2599 677 111
2650 634 2776 695 quo
2802 617 3149 697 reponitur,
3208 621 3281 682 ut
3301 618 3433 696 jam
3460 626 3666 684 monui-

2136 728 2299 772 mus.
2331 711 2429 772 An
2454 728 2597 773 vero
2624 709 2747 771 alia
2773 710 2909 789 lege
2936 716 3319 790 praeceptnm
3348 712 3565 775 sitnon
3586 734 3667 777 re-

2135 803 2335 865 tinere
2377 804 2631 880 librum,
2660 802 2962 864 tradendo
2994 803 3175 863 illum
3206 804 3667 883 Inquisitoribus,

2134 904 2199 957 et
2222 916 2351 959 non
2378 897 2625 977 propria
2652 895 3014 959 auctoritate
3050 897 3239 959 illum
3264 898 3665 979 comburendo,

2134 991 2395 1053 dubium
2418 1007 2547 1055 esse
2574 998 2805 1069 potest3
2836 1008 2985 1053 nam
3007 991 3077 1053 in
3105 992 3469 1070 chertorio
3495 994 3669 1073 lnqui-

2134 1084 2419 1159 sitorum,
2452 1083 2641 1147 verbo
2664 1082 2863 1159 Liber,
2922 1083 3126 1146 solum
3166 1084 3403 1147 dicitur
3430 1086 3535 1145 sub
3570 1088 3669 1147 dis-

2130 1179 2450 1259 junctione
2495 1180 2689 1241 teneri
2737 1197 2909 1253 eum,
2962 1180 3071 1258 qui
3098 1180 3339 1241 librum
3367 1179 3567 1256 hahet,
3590 1183 3672 1243 vel

2134 1272 2517 1348 comburere,
2546 1272 2645 1334 vel
2698 1272 3049 1352 inquisitori
3090 1278 3201 1335 aut
3228 1272 3529 1351 Episcopo
3573 1282 3672 1337 tra·

2135 1364 2319 1438 dere;
2350 1371 2415 1427 et
2440 1366 2605 1428 idem
2632 1365 2821 1427 habet
2836 1364 3215 1440 Zaurhinus,
3246 1365 3327 1427 de
3370 1366 3668 1445 Hactenus,

2132 1475 2269 1537 cap.
2306 1460 2365 1519 7.
2401 1460 2477 1519 Et
2504 1458 2895 1537 Campegius,
2924 1458 2991 1518 in
3020 1457 3273 1519 Scholio
3308 1458 3391 1519 ad
3418 1459 3675 1537 Reperio-

2130 1550 2314 1626 rium,
2336 1550 2401 1611 in
2418 1550 2579 1612 dicto
2608 1551 2764 1626 1060,
2796 1550 2999 1613 60111111
3026 1551 3176 1611 dicit
3200 1552 3407 1612 tutius
3426 1569 3549 1613 6666
3574 1559 3672 1613 tra-

2129 1642 2276 1703 dere
2293 1643 2779 1722 Inquisitoribus,
2806 1650 2878 1705 ut
2907 1642 3083 1719 olim,
3112 1644 3351 1721 inquit,
3369 1662 3410 1703 a
3428 1644 3595 1704 Paulo
3608 1644 3666 1707 IV

2131 1735 2447 1796 decretum
2476 1742 2588 1812 est,
2644 1728 2826 1814 cujus
2872 1736 3049 1797 Bulla
3066 1736 3289 1797 dehac
3330 1754 3399 1797 re
3440 1735 3667 1797 habetur

2130 1828 2193 1887 in
2224 1828 2563 1889 Directorio
2594 1829 3061 1908 Inquisitorum,
3090 1846 3239 1889 cum
3270 1827 3401 1908 alia
3424 1828 3565 1889 Julii
3588 1829 3669 1903 111,

2128 1938 2269 1999 quae
2299 1920 2364 1980 id
2390 1927 2602 1999 aperte
2640 1921 2950 2001 praecipit3
3002 1934 3209 2001 posset
3250 1927 3485 1995 autem,
3530 1940 3598 1983 cx
3619 1924 3669 1983 vi

2130 2012 2487 2088 verborum,
2540 2013 2807 2093 intelligi
2834 2033 2946 2094 pro
2992 2016 3122 2076 solo
3159 2016 3276 2077 illo
3327 2022 3592 2094 tempore
3615 2016 3668 2075 in

2130 2124 2254 2184 quo
2269 2106 2394 2167 lata
2412 2113 2527 2182 est,
2550 2108 2614 2168 id
2635 2113 2749 2181 est,
2772 2114 2839 2169 ut
2858 2108 3059 2170 solum
3084 2108 3209 2170 11116
3230 2110 3532 2189 personis,
3552 2126 3665 2187 quae

2123 2199 2257 2276 jam
2282 2205 2433 2260 tunc
2458 2200 2814 2279 hujusmodi
2864 2200 3053 2263 libros
3101 2200 3449 2273 habebant,
3480 2219 3669 2279 1111666-

2132 2293 2291 2371 perit
2320 2298 2388 2353 ut
2424 2312 2527 2355 eos
2552 2294 3019 2374 Inquisitoribus
3045 2295 3389 2357 traderent.
3412 2296 3573 2357 Hanc
3588 2313 3667 2355 ve-

2124 2402 2195 2445 ro
2220 2385 2671 2449 dubitationem
2698 2387 2956 2448 abstulit
2980 2388 3123 2449 Pius
3164 2389 3250 2449 IV
3283 2388 3357 2449 in
3376 2388 3495 2449 alia
3521 2387 3670 2447 Bulla

2128 2478 2277 2539 anni
2330 2480 2514 2555 1564,
2560 2498 2697 2559 quse
2721 2480 2971 2559 incipit:
3002 2480 3231 2545 Loowm
3272 2499 3393 2563 pro
3429 2498 3669 2551 munem

2128 2591 2275 2635 nam
2326 2573 2527 2634 simile
2570 2578 2947 2652 praeceptum
2974 2578 3286 2653 repetens,
3336 2572 3537 2635 addit:
3572 2571 3669 2644 Qui

2122 2664 2381 2740 habent,
2414 2665 2509 2727 vel
2538 2664 2875 2726 habuerint
2890 2688 2911 2740 3
2970 2672 3033 2727 61
3080 2666 3223 2727 ideo
3276 2665 3395 2727 hoc
3445 2663 3667 2726 omnino

2124 2755 2584 2818 observandum
2609 2763 2719 2819 est.
2770 2758 2847 2819 Et
2884 2758 2971 2819 ita
2998 2763 3216 2819 tenent
3272 2757 3503 2833 Penha,
3539 2759 3669 2817 Amor

2124 2856 2189 2911 et
2218 2850 2401 2912 Sanc.
2442 2869 2651 2931 supra.

2208 2944 2307 3003 24.
2358 2944 2448 3006 De
2477 2946 2661 3006 tertia
2690 2945 2940 3017 accione,
2974 2944 3345 3025 imprimere.
3374 2974 3455 2991 --
3490 2942 3665 3003 Tertia

2125 3040 2285 3099 actio
2315 3045 2405 3099 661
2428 3037 2771 3119 imprimere
2797 3038 3150 3118 hujusmodi
3176 3039 3395 3101 libros·
3425 3038 3543 3099 Dici
3574 3054 3664 3096 611-

2123 3138 2251 3193 16111
2280 3135 2481 3194 solent
2509 3132 2878 3211 imprimere,
2926 3139 3057 3195 tam
3092 3140 3314 3196 auctor
3338 3132 3477 3195 libri
3504 3147 3663 3210 quam

2124 3227 2396 3291 ministri
2434 3233 2825 3306 exequentes.
2876 3228 3157 3289 Dubitari
3185 3246 3340 3307 ergo
3380 3231 3565 3307 potest
3596 3240 3659 3283 an

2122 3326 2337 3381 auctor
2364 3320 2943 3399 comprehendatur,
2974 3320 3123 3400 quia
3155 3339 3285 3383 11011
3310 3320 3544 3383 videtur
3568 3334 3660 3396 per

2123 3430 2211 3487 se,
2244 3413 2351 3473 sed
2377 3431 2489 3492 per
2536 3412 2689 3474 alios
2718 3413 3096 3492 imprimere,
3135 3418 3197 3475 et
3238 3414 3345 3475 lex
3388 3430 3509 3474 non
3534 3408 3658 3469 facit

2122 3505 2569 3567 extensionem.
2628 3506 3043 3567 Nihilominus
3110 3507 3257 3569 dico
3318 3507 3449 3569 sine
3495 3501 3657 3565 dubio

2122 3599 2587 3678 comprehendi,
2662 3607 2733 3661 ut
2778 3600 3001 3663 docent
3054 3600 3239 3663 multi
3294 3618 3373 3662 ex
3424 3592 3661 3659 Ductori·

2121 3690 2238 3752 bus
2289 3693 2515 3768 61111116,
2572 3692 2747 3755 1111110
2803 3694 3301 3771 contradicente3
3356 3700 3485 3753 tum
3531 3685 3654 3765 quia

2121 3784 2311 3848 verba
2349 3787 2505 3864 legis
2557 3786 2963 3866 intelligenda
2988 3793 3155 3863 sunt,
3209 3789 3395 3867 prout
3412 3795 3655 3843 commn-

2120 3880 2284 3941 niter
2310 3880 2737 3959 accipiuntur-3
2766 3886 2902 3941 tum
2926 3879 3113 3941 etiam
3141 3880 3293 3959 quia
3315 3892 3542 3955 semper
3564 3887 3653 3931 an-

2120 3981 2253 4036 ctor
2278 3973 2467 4035 habet
2512 3972 2785 4053 aliquem
2837 3972 3271 4035 immediatum
3326 3977 3652 4033 concursum

2126 4066 2194 4127 in
2223 4066 2332 4128 illa
2368 4066 2633 4138 actione,
2666 4066 2793 4127 imo
2834 4071 2928 4127 est
2970 4066 3147 4145 quasi
3202 4066 3439 4145 primus
3484 4061 3650 4119 motor

2120 4161 2256 4239 ejus
2267 4177 2288 4236 ;
2322 4167 2459 4221 tum
2500 4159 2771 4240 denique
2792 4160 3031 4241 quia-in
3054 4158 3271 4221 edictis
3298 4174 3435 4238 quae
3470 4150 3542 4215 ab
3574 4149 3649 4209 In-

2120 4252 2541 4332 quisitoribus,
2572 4254 2765 4315 etiam
2815 4250 3183 4313 universalis
3221 4248 3515 4321 Ecdesiae,
3538 4257 3647 4321 pas·

2118 4347 2239 4409 sim
2280 4349 2601 4420 emanant,
2642 4362 2771 4407 non
2827 4343 3031 4405 solum
3083 4344 3523 4423 imprimentes,
3562 4327 3649 4393 sed

2118 4440 2307 4501 etiam
2357 4438 2635 4517 imprimi
2667 4437 2981 4514 sacientcS,
3030 4434 3161 4499 sive
3218 4440 3513 4506 curantes,
3558 4442 3647 4527 Ποῖ

2118 4532 2405 4593 minatim
2454 4531 2886 4611 exprimuntur
2906 4576 2919 4591 .
2986 4530 3173 4591 Secus
3234 4547 3385 4593 vero
3416 4525 3560 4587 esset
3605 4534 3647 4577 61

2117 4625 2337 4687 tertius
2370 4624 2553 4699 alius,
2576 4624 2656 4685 ad
2681 4642 2869 4704 quem
2921 4622 3081 4685 liber
3108 4641 3235 4685 non
3264 4620 3537 4703 pertinet,
3560 4626 3643 4671 ex·

2116 4736 2339 4800 pensas
2362 4716 2621 4793 faceret,
2665 4718 2813 4796 quia
2844 4718 2984 4777 talis
3010 4734 3344 4777 concursus
3390 4715 3475 4773 est
3498 4700 3643 4806 valde

2118 4818 2416 4886 remotus,
2444 4816 2509 4871 et
2533 4827 2661 4871 non
2708 4809 2933 4871 sufficit
2984 4814 3055 4871 ut
3084 4808 3191 4871 1116
3224 4806 3557 4889 imprimere
3582 4794 3640 4853 h-

2118 4904 2303 4966 brum
2328 4904 2586 4965 dicatur.
2608 4902 3233 4981 comprehenduntur
3260 4904 3535 4982 praterea
3546 4882 3641 4949 ⁵¹¹1)

2118 4998 2235 5059 hac
2292 4996 2708 5077 prohibitione
2758 5014 2977 5057 omnes
3030 4997 3141 5076 qui
3168 4982 3640 5085 maternum-2²⁸²

2117 5092 2203 5153 sic
2232 5090 2469 5165 dicam,
2494 5107 2603 5151 seu
2632 5088 3033 5169 corporaliter
3084 5086 3526 5169 impressionem
3565 5090 3639 5149 11³·

2120 5202 2254 5245 sam
2280 5188 2675 5263 exequuntur
2688 5204 2709 5258 3
2748 5187 2813 5243 et
2837 5181 3146 5261 imprimis
3198 5186 3499 5261 pati-oum,
3525 5178 3637 5270 ‘⁵⁶¹1

2120 5275 2412 5336 dominus
2444 5276 2633 5335 totius
2660 5273 3103 5354 impressionis,
3134 5271 3375 5336 etiamsi
3392 5258 3635 5329 manibus

2122 5368 2252 5429 suis
2282 5386 2407 5429 non
2434 5366 2695 5441 laboret,
2729 5372 2863 5427 tum
2886 5366 3037 5445 quia
3061 5367 3131 5427 in
3154 5359 3456 5429 communi
3480 5346 3633 5415 modo

2121 5461 2418 5544 loquendi
2448 5461 2554 5523 ille
2580 5460 2809 5523 dicitur
2828 5460 3207 5542 imprimere,
3234 5460 3396 5521 etita
3418 5455 3630 5527 ΜΡΝ*
