3900 6217
673 389 841 444 SEC‘l'.
879 391 960 442 lll.
1001 387 1082 441 AN
1113 387 1419 452 mulcens,
1453 388 1532 442 m·
1567 387 1796 450 Eanm
1829 382 2075 438 BELLUM
2110 382 2330 438 mci-:AT
2362 380 2555 436 mnu
2588 375 2884 433 cLEmcls.

257 493 320 554 6.
369 487 582 554 Tertia
627 489 950 561 conclusio,
989 489 1232 568 ejusque
1272 488 1454 550 ratio.
1485 518 1567 532 —
1595 486 1742 548 Dico

167 585 394 646 tertio:
419 582 654 644 bellum
681 582 870 662 quod,
907 581 1084 659 juxta
1111 579 1564 660 praecedentem
1592 598 1735 640 con-

165 677 534 746 clusionem,
568 676 701 737 sine
725 674 1002 752 legitima
1024 673 1388 734 auctoritate
1416 673 1736 748 indicitur,

165 789 304 832 nou
331 769 532 830 solum
576 774 668 830 est
702 773 918 830 contra
950 767 1315 828 charitatem
1341 811 1358 841 ,
1397 765 1501 828 sed
1548 766 1738 828 etiam

165 870 389 924 contra
405 863 736 941 justitiam,
767 861 1008 921 etiamsi
1039 859 1200 920 adsit
1225 859 1507 938 legitima
1528 876 1734 919 causa.

165 957 356 1018 Ratio
385 961 499 1030 est,
533 955 680 1036 quia
714 959 886 1016 actus
927 952 1031 1015 ille
1073 959 1223 1014 tunc
1262 951 1335 1014 fit
1371 953 1506 1014 sine
1548 952 1736 1032 ,iuris-

164 1051 445 1112 dictione
491 1047 814 1128 legitima3
878 1051 970 1108 est
1022 1064 1173 1124 ergo
1227 1045 1612 1124 illegitimus.
1656 1047 1735 1109 Et

163 1144 324 1206 hinc
351 1142 640 1224 provenit
671 1148 739 1202 ut
781 1158 856 1202 ex
885 1139 996 1202 tali
1031 1140 1194 1202 bello
1233 1141 1471 1203 oriatur
1503 1141 1738 1221 obliga-

164 1237 265 1298 tio
299 1233 666 1298 restituendi
691 1233 906 1294 omnia
938 1234 1187 1294 damna.
1220 1233 1450 1296 Verum
1484 1235 1736 1314 quidem

165 1336 270 1391 est
295 1329 484 1410 quod,
517 1330 571 1390 si
593 1328 732 1407 quis
771 1344 880 1406 per
910 1324 1265 1405 hujusmodi
1298 1325 1529 1388 bellum
1560 1345 1735 1389 recu-

163 1431 349 1504 peret
377 1427 622 1485 tantum
645 1438 744 1482 res
766 1437 932 1494 suas,
953 1437 1078 1480 non
1098 1426 1384 1484 teneatur
1411 1421 1734 1484 restituere

165 1516 354 1594 illas;
406 1513 716 1576 tenebitur
767 1519 978 1574 tamen
1029 1513 1108 1573 ad
1148 1513 1378 1574 damna
1419 1513 1632 1574 omnia
1673 1518 1737 1575 et

165 1627 474 1688 expensas
505 1605 794 1669 aliorum.
825 1607 1005 1686 Ratio
1039 1613 1150 1680 est,
1192 1605 1340 1685 quia
1365 1605 1430 1666 in
1464 1605 1561 1666 his
1589 1605 1735 1666 fecit

165 1700 682 1781 inaequalitatem,
725 1716 869 1759 cum
910 1709 1068 1761 esset
1105 1717 1290 1760 causa
1326 1698 1558 1778 injusta
1602 1716 1734 1759 om-

165 1795 354 1854 nium
381 1792 628 1854 illorum
657 1809 676 1869 ;
705 1791 770 1852 in
807 1791 1164 1871 accipiendo
1193 1797 1402 1853 autem
1433 1809 1532 1856 res
1565 1810 1730 1865 suas,

167 1886 426 1966 proprie
452 1904 580 1946 non
628 1885 775 1946 fecit
824 1883 1116 1962 injuriam
1143 1931 1165 1961 ,
1195 1885 1316 1946 nisi
1358 1886 1614 1946 fortasse
1665 1883 1733 1944 in

167 1978 384 2052 modo,
407 1995 484 2037 ex
509 1995 632 2055 quo
661 1983 872 2038 tamen
901 1977 1152 2056 praecise
1181 1984 1428 2056 sumpto
1455 1995 1583 2038 non
1612 1975 1734 2036 ori·

165 2081 276 2133 tur
305 2071 602 2152 obligatio
637 2069 1020 2132 restituendi.
1053 2072 1228 2133 Unde
1259 2072 1446 2134 etiam
1475 2069 1738 2132 infertur

167 2165 344 2246 quod
369 2165 700 2244 Sylvester,
730 2164 920 2225 verbo
947 2165 1223 2240 Bellum,
1261 2164 1488 2244 primo,
1523 2169 1734 2243 quaest.

175 2264 284 2334 10,
311 2263 576 2336 notavit,
606 2278 773 2336 eum,
793 2259 1062 2338 quisine
1088 2258 1206 2322 hac
1221 2259 1585 2321 auctoritate
1614 2256 1743 2320 bel-

173 2354 314 2414 lnm
359 2353 536 2427 facit,
573 2352 688 2414 etsi
729 2352 880 2413 alias
919 2351 1146 2416 habeat
1192 2352 1543 2432 legitimum
1599 2351 1744 2412 titu-

171 2445 312 2508 lum
333 2492 356 2520 ,
407 2445 726 2508 incurrere
772 2465 988 2528 poenas
1043 2446 1272 2525 injuste
1328 2445 1692 2508 bellantium
1719 2488 1742 2518 ,

171 2547 362 2617 atque
396 2539 552 2600 adeo
573 2584 596 2614 ,
625 2540 677 2600 si
703 2539 1122 2600 incendiarius
1145 2540 1246 2614 sit,
1278 2539 1596 2599 incurrere
1625 2555 1742 2598 ex-

172 2632 806 2692 communicationem
834 2631 1025 2692 latam
1060 2640 1275 2693 contra
1303 2631 1735 2693 incendiarios.

257 2728 318 2786 7.
349 2725 616 2790 Dubium
636 2727 946 2788 subortum
963 2724 1306 2788 resolvitur.
1323 2760 1400 2772 —
1420 2724 1539 2786 Sed
1570 2742 1737 2805 quae-

171 2819 232 2880 ri
289 2826 488 2898 potest
529 2837 637 2893 an,
695 2819 748 2878 si
797 2835 908 2879 rex
967 2818 1360 2894 christianus,
1425 2825 1536 2879 ant
1573 2817 1737 2897 prin-

173 2931 322 2992 ceps
349 2913 464 2973 soli
492 2911 772 2974 Pontifici
813 2910 1146 2990 subjectus,
1176 2919 1389 2972 contra
1425 2910 1736 2973 Pontificis

173 3007 373 3084 ipsius
419 3005 924 3086 prohibitionem,
951 3004 1139 3066 faciat
1179 3005 1586 3066 nihilominus
1613 3005 1737 3066 tale

173 3098 414 3158 bellum
445 3099 686 3176 justum
715 3143 736 3174 ,
780 3103 990 3178 peccet
1020 3103 1236 3158 contra
1283 3098 1610 3178 justitiam,
1655 3116 1738 3158 an

175 3191 385 3250 solum
421 3198 634 3252 contra
670 3190 1112 3266 obedientiam,
1143 3209 1290 3252 nam
1319 3192 1466 3254 hinc
1513 3191 1738 3271 pendet

167 3282 484 3363 judicium
520 3284 598 3346 de
631 3283 1010 3362 obligatione
1049 3285 1434 3346 restituendi.
1467 3285 1738 3363 Respon-

175 3375 338 3438 de0:
384 3378 667 3456 quandiu
711 3378 994 3438 Pontifex
1037 3396 1164 3438 non
1200 3378 1288 3439 ita
1330 3377 1636 3456 prohibet,
1669 3382 1742 3437 ut

176 3488 432 3530 causam
459 3469 540 3530 ad
569 3475 942 3546 se'revocct,
977 3477 1041 3530 et
1090 3489 1154 3532 se
1195 3471 1468 3552 judicem
1517 3472 1744 3532 consti-

173 3571 316 3624 tuat
345 3609 369 3641 ,
413 3564 698 3644 princeps
744 3581 874 3624 non
925 3569 1138 3642 peccat
1181 3569 1396 3624 contra
1441 3563 1742 3642 justitiam

171 3657 603 3736 prosequendo
623 3659 728 3736 jus
768 3675 974 3732 suum,
1003 3657 1132 3718 sive
1175 3655 1244 3716 in
1283 3674 1355 3717 eo
1401 3655 1563 3718 hello
1611 3675 1742 3718 non

171 3750 565 3830 prohibendo
593 3751 755 3812 male
795 3750 982 3810 faciat
1007 3747 1309 3824 Pontifex,
1343 3748 1471 3810 sive
1498 3767 1624 3810 non
1652 3749 1743 3809 la·

174 3844 326 3904 ciat.
356 3844 537 3906 Ratio
566 3854 680 3918 est,
715 3845 860 3922 quia
889 3849 1038 3902 tunc
1065 3841 1468 3901 nihilominus
1511 3844 1740 3902 retinet

173 3954 360 3997 suam
389 3937 882 4016 jurisdictionem
915 3941 976 3996 et
1004 3940 1393 4014 potestatem.
1426 3933 1489 3996 Si
1531 3941 1738 3996 tamen

174 4032 348 4110 Papa
387 4050 502 4092 sua
539 4031 906 4092 auctoritate
929 4035 994 4090 et
1021 4034 1322 4108 potestate
1350 4029 1517 4107 juste
1545 4029 1741 4104 impe·

174 4127 313 4186 diat
331 4125 590 4200 bellum,
614 4132 686 4185 ut
712 4124 1090 4186 contrarium
1113 4123 1276 4184 bono
1302 4123 1602 4204 spirituali
1636 4124 1742 4184 Ec·

177 4218 410 4292 clesiae,
441 4237 514 4279 ac
557 4217 818 4297 proinde
853 4217 1092 4278 adimat
1127 4215 1392 4296 principi
1419 4216 1518 4294 jus
1555 4205 1742 4278 omne

174 4310 478 4386 bellandi,
524 4317 708 4391 prout
763 4316 984 4390 potest,
1022 4310 1088 4368 in
1128 4307 1238 4370 tali
1287 4326 1431 4368 casu
1469 4307 1744 4386 peccabit

173 4414 398 4466 contra
415 4405 720 4484 justitiam
750 4404 1065 4482 princeps,
1100 4419 1171 4462 ac
1203 4399 1515 4462 tenebitur
1542 4400 1620 4460 ad
1647 4418 1742 4460 re-

173 4498 585 4559 stituendum.
625 4496 807 4557 Ratio
846 4503 960 4570 est,
993 4495 1144 4574 quia
1181 4494 1316 4571 jam
1363 4498 1514 4553 tunc
1557 4493 1626 4552 in
1666 4511 1742 4554 ea

173 4609 364 4652 causa
400 4608 528 4650 non
561 4589 750 4650 habet
787 4589 1040 4649 titulum
1075 4605 1199 4666 quo
1228 4587 1392 4664 juste
1425 4585 1612 4664 possit
1640 4586 1734 4646 al-

173 4684 298 4744 teri
327 4683 594 4764 principi
632 4681 860 4744 inferre
893 4681 1123 4741 damna
1149 4697 1258 4758 per
1285 4677 1515 4739 bellum
1542 4695 1564 4756 ;
1595 4695 1736 4757 quae

175 4777 376 4856 igitur
420 4782 570 4836 tunc
617 4774 920 4848 intulerit,
955 4778 1168 4834 contra
1193 4771 1500 4850 justitiam
1550 4773 1740 4832 etiam

174 4869 688 4932 commutativam
716 4868 970 4942 inferet,
1001 4872 1188 4944 atque
1216 4865 1368 4925 adeo
1396 4882 1471 4923 ex
1497 4865 1741 4943 justitia

175 4967 366 5024 erunt
399 4962 812 5022 resarcienda.
847 4961 966 5020 Nec
1005 4958 1196 5019 refert
1230 4956 1396 5034 quod
1433 4973 1544 5036 per
1583 4955 1744 5016 indi-

172 5061 410 5118 rectam
441 5059 800 5134 potestatem
834 5051 1116 5114 Pontifex
1141 5050 1378 5111 dictum
1402 5049 1742 5128 principem

176 5151 381 5230 privet
413 5146 687 5210 bellandi
716 5146 894 5227 jure,
937 5141 1274 5204 dummodo
1304 5159 1382 5204 ex
1424 5158 1572 5202 vera
1600 5159 1740 5202 cau·

176 5263 248 5304 sa
272 5241 626 5304 communis
651 5241 824 5314 boni,
852 5245 923 5300 ut
949 5235 1377 5318 supponimus,
1410 5233 1584 5295 illum
1613 5235 1740 5314 pri-

175 5343 305 5398 vet.

818 5457 1078 5476 -ῄν--ο

3274 369 3381 436 741

2444 589 2659 642 SEcno
2692 590 2778 640 ΙΙΙ.

1912 765 2135 828 Utrum
2156 763 2415 825 indicere
2434 761 2722 919 etdeoecqici
2748 760 2960 826 bellum
2990 762 3167 826 licoat
3195 761 3377 826 etiam
3399 750 3412 760 ”

2527 873 2730 922 σηοω.

1899 1050 1958 1108 1.
1992 1047 2351 1129 Emponitur
2374 1046 2728 1130 ματαία-
2745 1045 3048 1120 Quoniam
3071 1043 3379 1120 contingit

1819 1157 2173 1220 supremam
2207 1146 2572 1220 potestatem
2604 1141 2671 1202 in
2708 1137 3153 1219 temporalibus
3206 1157 3381 1218 repe·

1816 1235 1928 1295 riri
1954 1235 2020 1295 in
2050 1235 2429 1315 principibus
2457 1234 2899 1308 ecclesiasticiS,
2929 1238 3171 1314 oportet
3202 1250 3387 1312 expo-

1817 1346 1964 1388 nere
1987 1346 2067 1388 an
2096 1327 2517 1407 supradictum
2544 1328 2645 1407 jus
2674 1345 3005 1388 commune
3022 1327 3100 1386 sit
3133 1324 3292 1398 illis;
3321 1329 3384 1386 et
3472 1403 3479 1411 ἱ

1815 1420 2003 1484 simul
2030 1423 2220 1482 etiam
2234 1417 2675 1500 explicabimus
2702 1421 2867 1500 quod
2886 1420 3105 1502 quaerit
3134 1419 3202 1480 D.
3223 1419 3383 1479 Tho-

1817 1531 1949 1574 mas
1970 1514 2239 1575 secunda
2264 1514 2572 1592 secundae,
2609 1514 2945 1594 quaestione
2985 1512 3383 1592 quadragesi-

1816 1624 1942 1682 ma,
1980 1607 2243 1668 articulo
2276 1607 2569 1683 secundo,
2602 1625 2683 1668 an
2702 1606 2887 1668 liceat
2900 1606 3134 1666 clericis
3162 1607 3369 1684 ctepi-

1813 1701 2010 1780 scopis
2053 1720 2370 1782 pugnare3
2427 1707 2488 1764 et
2522 1702 2775 1782 quaestio
2810 1708 2899 1761 est
2935 1700 3012 1762 de
3066 1699 3229 1761 hello
3277 1717 3384 1776 ag-

1812 1795 2109 1874 gressivo,
2162 1814 2289 1858 non
2329 1797 2407 1858 de
2444 1796 2779 1856 defensiw.
2823 1795 2979 1856 Nam
3024 1792 3166 1866 hoc,
3198 1791 3379 1853 sicuti

1814 1895 2053 1950 naturai
2073 1889 2218 1969 jure
2244 1889 2623 1964 conceditur,
2666 1889 2753 1948 ita
2774 1887 3033 1966 positivo
3058 1884 3213 1946 nulli
3243 1901 3384 1962 pro-

1817 1983 2087 2058 hibetur,
2133 1984 2261 2044 sive
2304 1982 2580 2046 defensio
2614 1982 2693 2042 sit
2726 1980 2991 2061 propriae
3032 1979 3197 2053 vitae,
3253 1977 3380 2038 sive

1819 2078 2215 2159 propriorum
2260 2078 2567 2139 honorum
2581 2120 2603 2150 ,
2674 2075 2801 2135 sive
2848 2075 2927 2134 sit
2991 2072 3269 2146 alteriuS,
3323 2073 3386 2132 et

1819 2171 2091 2232 maxime
2126 2172 2341 2250 patris,
2370 2175 2432 2231 et
2458 2167 2608 2230 boni
2635 2167 3005 2230 communis.
3044 2164 3243 2226 Habet
3270 2183 3383 2224 au-

1819 2271 1945 2326 tem
1974 2265 2138 2326 dicta
2164 2264 2421 2344 quaestio
2445 2262 2647 2324 locum
2679 2263 2746 2323 in
2773 2263 2911 2337 iure
2940 2259 3202 2340 positivo
3230 2257 3385 2318 divi-

1823 2377 1906 2420 no
1935 2365 2121 2438 atque
2142 2358 2453 2429 humanm
2484 2375 2633 2418 nam
2664 2356 2890 2432 injure
2919 2352 3191 2416 naturali
3220 2351 3379 2413 nulli

1823 2458 1916 2513 est
1940 2470 2052 2532 per
2090 2469 2156 2512 se
2205 2450 2587 2530 prohibitum
2631 2449 2924 2523 militare,
2967 2453 3079 2508 aut
3113 2446 3383 2508 indicere

1822 2546 2083 2620 bellum,
2113 2545 2233 2606 nisi
2259 2544 2517 2604 fortasse
2555 2542 2614 2603 ei
2660 2543 2769 2621 qui
2811 2543 3119 2620 impotens
3162 2547 3255 2602 est
3304 2537 3386 2602 ad

1823 2638 2244 2712 militandum,
2273 2643 2344 2696 ut
2366 2637 2654 2696 dicuntur
2687 2634 3003 2718 moraliter
3038 2653 3169 2696 esse
3208 2633 3387 2694 femi-

1817 2749 1961 2810 noe3
1998 2731 2102 2792 sed
2138 2737 2349 2791 tamen
2380 2729 2567 2790 etiam
2614 2728 2681 2790 in
2716 2727 2839 2788 illis
2878 2746 3006 2788 non
3046 2725 3387 2804 estsimpli·

1817 2827 1971 2886 citer
1997 2823 2402 2904 prohibitum,
2427 2828 2489 2884 et
2523 2821 2796 2883 indicere
2843 2823 2978 2881 sine
3016 2820 3207 2880 dubio
3245 2837 3385 2898 pos-

1817 2925 1987 2994 sunt,
2007 2919 2059 2978 si
2078 2925 2278 2978 essent
2300 2915 2573 2995 supremi
2602 2916 2929 2995 principes,
2957 2915 3155 2992 Igitur
3182 2910 3382 2972 solum

1817 3011 2147 3072 dicendum
2178 3016 2268 3072 est
2297 3007 2374 3069 de
2412 3009 2673 3088 positivo
2714 3009 2887 3088 jure,
2938 3007 3104 3088 quod
3138 3011 3382 3071 tautum

1815 3102 2006 3164 habet
2032 3102 2239 3164 locum
2262 3103 2327 3164 in
2352 3103 2627 3182 personis
2656 3100 3097 3162 ecclesiastici&

1896 3197 1956 3257 2.
2006 3195 2228 3258 Prima
2267 3193 2564 3258 conclusio
2621 3199 2785 3258 certa
2827 3198 2883 3255 cc
2926 3192 3274 3256 communis.
3304 3225 3384 3236 --

1823 3287 2230 3368 Confirmatio,
2264 3289 2331 3350 dc
2348 3305 2471 3368 qua
2492 3287 2559 3348 in
2578 3291 2720 3350 tom.
2748 3287 2816 3349 de
2839 3283 3114 3357 Gcmwr„
3150 3285 3379 3364 disput.

1863 3385 1924 3456 7,
1958 3376 2103 3446 scot.
2137 3385 2199 3456 1,
2223 3399 2343 3444 an.
2374 3383 2434 3442 5.
2457 3381 2700 3440 —Dico
2723 3379 2923 3460 primo
2954 3399 2969 3440 z
3005 3378 3245 3438 Praelati
3272 3378 3389 3440 Ec-

1822 3473 2051 3551 clesiae,
2078 3473 2384 3554 Episcopi,
2413 3473 2600 3551 siqui
2640 3477 2786 3534 sunt
2810 3470 3083 3548 supremi
3120 3470 3187 3530 in
3229 3477 3386 3531 tem-

1822 3567 2164 3646 poralibus,
2192 3573 2450 3646 possunt
2476 3565 2664 3640 licite,
2716 3571 2780 3625 et
2807 3565 2941 3626 sine
2978 3569 3149 3622 metu
3194 3564 3385 3624 etiam

1823 3659 2319 3738 irregularitati8‚
2336 3658 2611 3719 indicere
2631 3655 2886 3730 bellum,
2905 3654 3233 3735 suppositis
3247 3654 3384 3715 aliis

1821 3752 2299 3814 conditionibus.
2331 3751 2654 3812 Conclusio
2684 3757 2776 3810 est
2794 3755 2981 3824 certa,
3013 3756 3077 3808 et
3106 3765 3385 3810 commu-

1821 3847 1941 3906 nis.
1975 3847 2156 3907 Ratio
2190 3852 2305 3917 est,
2346 3845 2493 3926 quia
2519 3844 2637 3904 hoc
2662 3844 2766 3925 jus
2790 3843 3061 3922 pertinet
3090 3840 3165 3901 ad
3212 3840 3385 3902 illam

1821 3948 2174 4020 supremam
2205 3928 2591 4017 potestatem,
2622 3955 2759 4015 quas
2786 3937 3029 4013 integr-i
3064 3940 3125 3995 et
3150 3934 3384 4014 perfec·

1821 4037 1886 4092 ta
1912 4038 2003 4092 est
2030 4032 2110 4092 in.
2122 4030 2228 4109 huj
2238 4029 2481 4092 usmodi
2510 4030 2915 4110 principibus,
2948 4034 3009 4110 et
3036 4027 3178 4088 talis
3210 4035 3381 4088 actus

1821 4143 1948 4188 non
1980 4130 2071 4184 est
2093 4124 2213 4184 illis
2239 4123 2606 4204 prohibitus,
2636 4129 2708 4184 ut
2740 4127 2908 4200 patet
2931 4141 3006 4182 ex
3041 4121 3253 4182 multis
3281 4121 3385 4182 de-

1821 4218 2025 4292 cretis,
2058 4219 2160 4293 23,
2191 4217 2530 4296 quaestione
2582 4222 2819 4276 octava.
2865 4216 3099 4276 Rursus
3138 4215 3254 4292 ipsi
3296 4213 3388 4273 di-

1821 4319 1987 4374 recte
2014 4329 2139 4372 non
2168 4310 2539 4390 persuadent
2564 4309 2967 4371 homicidium
2989 4315 3099 4368 aut
3136 4309 3386 4368 mutila·

1818 4405 2078 4482 tionem,
2097 4405 2203 4466 sed
2215 4410 2423 4466 aetum
2442 4403 2843 4464 fortitudinis.
2864 4405 2940 4464 Et
2954 4402 3381 4476 confirmatur,

1819 4517 1967 4558 nam
2002 4498 2187 4558 simili
2226 4495 2303 4556 de
2332 4514 2514 4558 causa
2535 4496 2679 4570 licet
2706 4497 2802 4556 his
2826 4495 3213 4576 principibus
3232 4513 3385 4556 cou-

1819 4593 2075 4654 stituere
2108 4592 2371 4669 judices,
2422 4592 2526 4669 qui
2570 4591 2735 4671 juste
2775 4590 3051 4668 judicent
3076 4591 3143 4650 in
3186 4589 3388 4651 causis

1819 4684 2268 4746 criminalibus·
2288 4684 2473 4746 Addit
2499 4703 2645 4746 vero
2674 4683 3006 4762 Sylvester,
3028 4682 3215 4743 verbo
3240 4683 3387 4746 Bez-

1819 4778 1975 4857 lum,
2002 4779 2061 4848 3,
2092 4795 2353 4838 numero
2381 4778 2673 4851 secunda,
2693 4777 2811 4838 hoc
2832 4777 2937 4853 jus
2963 4794 3137 4856 posse
3158 4794 3380 4837 couve-

1820 4871 1957 4930 nire
1984 4870 2297 4948 Episcopis
2324 4889 2401 4930 ex
2444 4870 2505 4930 vi
2548 4869 2885 4948 spiritualis
2912 4869 3251 4946 potestatis,
3284 4869 3382 4929 iu-

1823 4962 2053 5023 directe
2080 4969 2315 5026 tamen.
2333 4963 2499 5040 quod
2528 4963 2939 5024 necessarium
2960 4961 3041 5022 sit
3056 4962 3133 5022 ad
3152 4961 3387 5022 bonum

1823 5054 2168 5133 spirituale.
2216 5053 2387 5128 Quod
2444 5053 2521 5115 de
2562 5057 2817 5116 Summo
2861 5054 3159 5115 Pontifice
3208 5053 3387 5116 facile

1821 5147 2121 5222 ereditur,
2149 5147 2227 5208 de
2255 5146 2391 5208 aliis
2408 5165 2536 5207 non
2564 5145 2865 5224 supremis
2912 5146 3179 5206 dominis
3236 5151 3391 5206 tem·-

1823 5240 2139 5319 poralibus
2162 5239 2363 5300 solum
2384 5240 2566 5302 titulo
2583 5238 2956 5300 defensionis
2975 5261 2993 5314 3
3023 5256 3169 5298 nam
3179 5237 3257 5299 ad
3280 5255 3391 5316 ag-

1821 5333 2229 5412 grediendum
2260 5349 2387 5393 non
2408 5337 2553 5393 sunt
2576 5332 2692 5410 ipsi
2714 5329 2993 5410 supremi
3018 5331 3083 5392 in
3104 5332 3390 5410 spiritua-

1821 5424 2007 5497 libus,
2058 5432 2121 5486 et
2168 5425 2347 5486 facile
2380 5431 2639 5504 possunt
2670 5423 2748 5486 ad
2802 5441 3163 5506 supremum
3202 5429 3389 5506 caput

1819 5518 2050 5580 habere
2074 5535 2419 5580 recursum.
