3900 6217
732 403 904 460 SECT.
937 405 1017 458 W.
1056 404 1137 456 AN
1168 403 1287 456 PER
1320 403 1607 454 uffinuslu
1641 402 1763 454 VEL
1796 401 2276 456 minumum
2307 401 2682 466 QUAuLmET,
2713 401 2847 455 me.

166 513 249 575 ah
274 529 411 572 uno
442 507 710 572 articulo
730 507 903 582 fidei,
934 525 1006 568 eo
1022 506 1154 586 ipso
1173 511 1385 566 manet
1413 505 1749 585 impeditus

173 615 231 668 et
268 605 674 684 indispositus
712 601 793 664 ad
816 600 1191 662 credendum
1230 599 1464 679 aliquid
1500 617 1611 678 per
1647 617 1749 660 ve-

176 719 317 762 lum
356 715 679 760 assensum
726 695 1028 770 infusum,
1076 699 1139 754 et
1186 711 1327 754 cum
1376 691 1748 754 certitudine

178 799 313 854 orta
334 810 411 854 ex
448 789 701 855 formali
731 790 964 849 motivo
992 787 1136 850 fidei
1159 807 1176 860 ς
1228 803 1377 864 ergo
1406 791 1619 848 manet
1650 785 1751 845 in-

178 885 509 966 dispositus
536 883 616 945 ad
642 883 931 944 habitum
979 880 1159 955 fidei3
1193 898 1343 942 nam
1373 879 1482 960 qui
1521 884 1615 940 est
1648 878 1749 940 in·-

178 978 513 1058 dispositus
564 977 643 1038 ad
692 973 1075 1055 operandum
1124 972 1281 1034 sicut
1340 977 1622 1053 oportet,
1679 971 1747 1032 in

180 1081 309 1135 tota
356 1070 621 1132 materia
666 1069 945 1143 habitus,
986 1073 1077 1128 est
1124 1066 1314 1128 etiam
1347 1065 1749 1145 indispositus

177 1167 257 1227 ad
286 1166 495 1244 ipsum
533 1163 843 1224 habitum.
876 1161 1257 1222 Antecedens
1297 1158 1631 1220 fundatum
1659 1164 1751 1219 est

178 1261 249 1322 in
274 1259 355 1330 iis
395 1275 537 1338 quae
576 1273 764 1336 supra
792 1254 1063 1316 diximus
1096 1253 1173 1314 de
1218 1252 1459 1313 ratione
1502 1250 1750 1312 formali

178 1353 411 1432 objecti
454 1350 625 1420 fidei.
656 1350 725 1410 in
764 1347 1183 1428 disputatione
1221 1345 1406 1406 tertia
1430 1390 1452 1421 ‚
1500 1344 1612 1406 ubi
1655 1363 1751 1405 os-

176 1447 501 1508 tendimus
544 1443 758 1508 omnia
795 1440 1065 1504 revelata
1116 1457 1227 1520 per
1267 1438 1457 1500 fidem
1509 1437 1599 1498 ita
1621 1455 1751 1500 esse

176 1557 463 1601 connexa
502 1538 573 1598 in
600 1535 841 1616 objecto
872 1532 1119 1596 formali
1160 1550 1273 1594 suo
1288 1575 1311 1608 ,
1370 1538 1444 1592 ut
1469 1529 1757 1591 omnium

176 1632 489 1694 certitudo
523 1650 563 1694 a
600 1629 863 1710 singulis
912 1627 1215 1708 pendeat3
1250 1642 1399 1687 nam
1448 1625 1501 1685 si
1553 1642 1753 1685 unum

178 1731 381 1806 posset
428 1741 565 1786 esse
598 1721 827 1784 falsum
850 1767 869 1794 ,
899 1719 1113 1782 omnia
1150 1724 1355 1779 essent
1375 1718 1633 1778 incerta.
1660 1716 1753 1778 Si-

182 1819 318 1881 mili
344 1835 503 1898 ergo
528 1817 794 1888 ratione,
826 1815 937 1896 qui
964 1831 1073 1894 per
1095 1811 1526 1876 infidelitatem
1552 1828 1751 1872 unum

182 1910 513 1973 articulum
551 1917 761 1988 negat,
797 1907 955 1970 nihil
986 1912 1185 1987 potest
1214 1923 1359 1966 cum
1386 1904 1755 1967 certitudine

184 2005 327 2068 fidei
352 2005 635 2066 credere.
664 2003 833 2064 Dicet
854 2000 1078 2080 aliquis
1101 1999 1409 2060 rationem
1433 1997 1597 2060 hanc
1626 2015 1755 2059 non

183 2099 379 2160 solum
424 2098 695 2178 probare
734 2093 1035 2176 moralem
1062 2091 1619 2172 indispositionem,
1646 2091 1755 2152 sed

187 2193 375 2254 etiam
428 2191 751 2270 physicam
794 2187 1296 2268 repugnantiam.
1328 2186 1757 2266 Respondetnr

186 2303 311 2346 non
364 2285 461 2346 ita
504 2301 659 2346 esse.
690 2289 829 2343 tum
875 2281 1023 2362 quia
1052 2281 1207 2342 sicut
1230 2286 1404 2342 actus
1429 2279 1579 2340 boni
1622 2278 1753 2339 dis-

189 2384 439 2460 ponunt
477 2379 557 2440 ad
604 2376 855 2440 habitus
896 2377 1135 2438 infusos
1170 2394 1299 2438 non
1340 2375 1612 2455 physice,
1648 2372 1754 2435 sed

180 2471 530 2548 moraliter,
567 2472 732 2532 utin
760 2472 1025 2532 materia
1056 2468 1133 2530 de
1170 2469 1382 2530 Gratia
1417 2466 1571 2542 dixi,
1594 2465 1753 2526 libro

180 2573 399 2628 octavo
418 2612 445 2643 ‚
495 2565 701 2644 capite
748 2565 991 2644 quinto,
1021 2564 1110 2624 ita
1157 2561 1345 2623 etiam
1376 2579 1409 2624 e
1441 2560 1755 2621 contrario

180 2668 353 2722 actus
390 2657 553 2720 mali
601 2658 921 2722 moraliter
960 2657 1300 2736 disponunt
1359 2654 1437 2716 ad
1474 2653 1757 2714 amissio-

179 2775 323 2816 nem
374 2753 719 2816 habituum
752 2771 768 2824 3
824 2753 983 2816 sicut
1040 2751 1229 2812 etiam
1275 2749 1547 2810 diximus
1595 2746 1756 2808 libro

182 2848 513 2908 undecimo
540 2893 564 2922 ,
606 2845 809 2925 eapite
850 2850 1073 2924 quarto
1096 2891 1115 2918 ,
1158 2844 1237 2906 de
1286 2847 1537 2922 peccato
1593 2858 1758 2901 mor·

188 2941 297 3002 tali
326 2947 619 3019 respectu
652 2938 867 3017 gratiae
904 2951 967 2998 et
1003 2937 1350 3008 charitatis;
1402 2942 1534 2994 tum
1565 2934 1755 2994 etiam

196 3036 353 3112 quia,
396 3033 543 3094 licet
589 3031 883 3092 daremus
908 3036 1114 3090 actum
1172 3027 1552 3090 infidelitatis
1594 3026 1757 3086 circa

190 3145 373 3188 unum
420 3126 809 3199 articulum,
860 3124 1157 3203 quamdiu
1224 3123 1411 3184 durat
1436 3166 1455 3196 ,
1498 3122 1757 3182 omnino

182 3221 511 3298 impedire,
558 3219 749 3281 etiam
780 3217 1055 3298 physice,
1084 3221 1333 3276 caeteros
1373 3220 1545 3277 actus
1582 3213 1752 3288 fidei,

180 3313 600 3374 nihilominus
643 3329 775 3372 non
822 3310 1175 3372 excluderet
1232 3307 1601 3370 naturaliter
1646 3305 1758 3366 ha-

178 3405 375 3468 bitum
412 3407 601 3478 fidei,
626 3406 775 3484 quia
803 3404 990 3465 homo
1018 3420 1263 3482 semper
1304 3407 1513 3464 manet
1541 3411 1758 3480 potens

182 3503 253 3562 ad
302 3501 696 3563 mutandum
740 3501 914 3562 illum
966 3505 1178 3560 actum
1214 3496 1597 3559 infidelitatis
1626 3540 1645 3570 ‚
1696 3500 1760 3556 et

182 3597 609 3656 exercendum
636 3593 927 3654 habitum
967 3591 1157 3666 fidei;
1206 3593 1353 3654 sotis
1376 3609 1524 3670 ergo
1568 3594 1661 3650 est
1688 3593 1760 3649 ut

182 3689 283 3751 illa
330 3691 417 3750 sit
468 3687 728 3750 moralis
779 3687 1097 3766 dispositio
1154 3703 1525 3766 repugnans,

254 3786 319 3846 9.
362 3779 774 3846 Concluditar
802 3780 1017 3844 solutio
1044 3781 1129 3844 ad
1142 3781 1411 3861 primum
1444 3793 1763 3859 argumen-

186 3881 305 3936 tum
332 3876 406 3937 ia
424 3894 493 3936 n.
520 3877 583 3936 1.
612 3905 695 3919 —
725 3870 827 3936 Aa
862 3873 1182 3937 secundum
1222 3877 1647 3950 arqwmentum
1690 3870 1759 3930 in

188 3970 305 4030 wa.
334 3985 403 4032 n.
436 3969 495 4028 4.
520 3999 604 4013 -
624 3965 817 4032 Salas
845 3969 873 4026 1
931 3968 993 4042 2,
1022 3984 1081 4046 q.
1124 3967 1227 4038 Ἠ,
1256 3969 1441 4029 tract.
1474 3965 1512 4024 3
1538 4009 1555 4038 ,
1592 3963 1750 4042 disp.

194 4061 243 4135 Ξ,
274 4067 427 4124 rect.
456 4063 565 4134 11,
592 4077 761 4122 nwm.
801 4061 919 4120 159
940 4104 959 4134 ‚
994 4065 1051 4122 et
1080 4059 1195 4123 alii
1240 4058 1519 4120 limitant
1554 4050 1762 4120 datam'

190 4153 566 4218 solationem.
589 4183 673 4198 -
691 4151 837 4216 Non
866 4152 1295 4216 admittuntwr.
1322 4152 1506 4210 —Ex
1536 4149 1761 4228 quibus

190 4247 467 4308 solutum
512 4245 893 4325 relinquitur
932 4247 1209 4324 primum
1274 4251 1752 4324 argumentum3

190 4357 357 4414 nam,
402 4339 557 4400 licet
582 4339 773 4418 possit
811 4356 943 4400 esse
972 4338 1227 4418 aliquod
1276 4345 1597 4418 peccatum
1626 4355 1761 4399 ma-

178 4435 332 4513 joris
358 4433 678 4508 demeriti,
705 4450 897 4512 quam
924 4432 1200 4508 haeresis,
1228 4451 1357 4492 non
1384 4439 1597 4492 tamen
1647 4449 1760 4510 po-

184 4535 301 4588 test
322 4527 487 4588 sicut
506 4526 780 4602 hoeresis,
808 4545 939 4587 esse
958 4544 1313 4607 repugnans
1326 4525 1567 4588 habitui
1588 4525 1753 4586 fidei.

180 4623 275 4682 Ad
304 4619 661 4682 secundum
698 4638 871 4695 veru,
902 4621 971 4680 in
1011 4639 1135 4700 quo
1164 4620 1352 4680 tiebat
1382 4620 1758 4700 comparatio

180 4717 348 4776 inter
390 4714 586 4775 fidem
628 4714 997 4793 acquisitam
1038 4721 1101 4775 et
1143 4713 1439 4790 infusam,
1474 4713 1761 4793 neganda

180 4817 277 4870 est
308 4807 687 4881 similitudo,
717 4809 867 4886 qnia
895 4825 1038 4868 cum
1065 4807 1217 4868 fides
1244 4808 1545 4886 acquisita
1582 4807 1657 4869 de
1695 4825 1759 4870 se

185 4903 265 4962 sit
316 4901 559 4962 inem-ta
618 4905 683 4960 et
738 4898 1036 4975 fallimus,
1076 4919 1205 4962 non
1254 4901 1445 4963 habet
1487 4901 1749 4964 materia

186 4996 317 5074 ejus
344 5001 475 5056 tota
522 4993 807 5056 eamdem
852 4995 1304 5055 connexionem
1342 5013 1485 5054 cum
1516 4995 1757 5056 ratione

190 5087 589 5164 assentiendi,
618 5106 757 5167 quae
784 5092 881 5148 est
897 5088 1231 5148 auctoritas
1254 5087 1441 5166 huJus
1472 5088 1571 5149 vel
1594 5088 1757 5148 illius

190 5181 481 5258 hominis,
514 5199 709 5260 quam
744 5179 981 5242 habent
1022 5181 1342 5242 credibilia
1384 5199 1492 5262 per
1544 5181 1755 5259 fidem,

194 5295 331 5336 cum
372 5275 749 5336 auctoritate
804 5273 1039 5335 divina.
1086 5274 1348 5348 Quidam
1386 5281 1597 5336 autem
1640 5273 1758 5337 hoc

192 5369 463 5432 limitant
490 5367 575 5430 ad
596 5367 788 5430 fidem
816 5367 1089 5430 infusam
1124 5386 1266 5448 quae
1304 5368 1583 5448 proxime
1612 5368 1757 5430 niti-

193 5462 381 5522 turin
408 5462 783 5524 auctoritate
802 5459 1114 5537 Ecclesiae,
1145 5469 1397 5543 propter
1424 5463 1757 5542 quamdam

192 5555 491 5618 rationem
521 5573 715 5636 supra
738 5555 993 5632 factam,
1018 5555 1167 5636 quia
1196 5573 1382 5618 nemo
1409 5559 1611 5637 potest
1634 5554 1757 5616 dis-

1826 504 2056 566 sentire
2083 505 2148 565 in
2168 504 2376 585 aliquo
2392 503 2470 565 ab
2489 503 2775 578 Ecclesia,
2810 503 2964 582 quin
2988 502 3196 568 credat
3213 503 3388 567 illam

1826 616 2004 678 posse
2027 615 2257 673 errare,
2292 605 2354 660 et
2374 598 2514 660 ideo
2536 596 2915 677 impossibile
2945 603 3124 658 estut
3152 596 3390 678 aliquid

1827 691 2040 754 credat
2061 709 2138 752 ex
2163 691 2527 752 auctoritate
2554 690 2742 766 illius,
2765 697 3067 770 tanquam
3094 690 3392 755 infallibi-

1829 784 1927 862 le3
1955 789 2234 864 respectu
2261 801 2408 844 vero
2433 784 2562 860 Dei,
2590 801 2718 844 non
2745 784 2833 844 ita
2850 803 2914 846 se
2936 783 3126 846 habet
3147 783 3392 848 haereti-

1834 896 1941 939 cus
1966 899 1982 954 3
2013 895 2336 957 nunquam
2375 877 2544 938 enim
2573 878 2768 939 credit
2793 878 2988 938 Deum
3017 878 3270 940 mentiri
3297 878 3394 941 vel

1836 990 2066 1048 errare,
2089 972 2191 1034 sed
2211 973 2420 1052 potius
2447 972 2642 1036 credit
2665 991 2792 1034 non
2808 971 3032 1034 dixisse
3057 974 3272 1050 Deum,
3289 973 3400 1036 illa

1832 1083 1974 1148 quoe
2003 1084 2132 1128 non
2158 1065 2296 1126 vult
2317 1066 2601 1145 credere3
2631 1073 2696 1128 et
2717 1066 2857 1128 ideo
2861 1111 2880 1142 ,
2913 1066 2964 1127 si
2997 1073 3171 1128 extra
3197 1066 3396 1128 Eccle-

1834 1160 1990 1220 siam
2023 1159 2200 1220 fieret
2239 1159 2559 1237 revelatio,
2611 1177 2740 1220 non
2791 1165 3011 1240 putant
3048 1177 3400 1241 repugnare

1835 1253 2083 1315 credere
2117 1270 2315 1314 unum
2343 1260 2406 1315 et
2448 1273 2576 1316 non
2603 1253 2800 1330 aliud,
2841 1255 3027 1316 etiam
3067 1273 3178 1335 per
3207 1255 3398 1316 fidem

1837 1347 2129 1408 infusam.
2160 1347 2632 1423 Verumtamen,
2653 1347 2798 1408 licet
2816 1347 2882 1408 in
2905 1347 3089 1409 modo
3113 1347 3398 1410 credendi

1835 1457 1947 1520 per
1970 1439 2451 1520 propositionem
2503 1440 2810 1512 Ecclesiae‚
2844 1441 3065 1503 clarior
3103 1442 3184 1502 sit
3217 1459 3402 1522 repu-

1837 1533 2120 1611 gnantia,
2149 1531 2558 1594 nihilominus
2583 1533 2951 1594 universalis
2981 1535 3284 1596 censenda
3306 1539 3404 1597 est

1835 1625 1901 1686 in
1930 1626 2220 1688 omnibus
2247 1645 2386 1706 quae
2435 1643 2826 1707 quocumque
2876 1627 3062 1689 modo
3093 1629 3402 1690 sufficien-

1836 1725 1934 1782 ter
1967 1727 2398 1800 proponuntur
2423 1727 2723 1800 tanquam
2769 1722 2932 1784 dicta
2971 1741 3010 1783 a
3055 1723 3201 1797 Deo,
3255 1723 3404 1804 quia

1835 1812 2096 1874 firmitas
2131 1812 2278 1875 fidei
2308 1813 2582 1895 postulat
2605 1821 2676 1876 ut
2711 1833 3035 1895 nunquam
3066 1816 3190 1878 illis
3213 1817 3406 1898 possit

1838 1906 2086 1968 misceri
2111 1905 2363 1983 falsum,
2385 1913 2456 1968 ut
2475 1925 2664 1987 supra
2693 1909 3076 1970 ostendimus
3090 1927 3110 1986 ;
3145 1915 3207 1972 et
3235 1909 3400 1986 ideo,

1836 2017 2230 2080 quacumque
2273 2001 2512 2062 ratione
2557 1998 2780 2081 aliquis
2825 2001 2984 2064 nolit
3011 2003 3258 2066 credere
3290 2003 3405 2064 ali-

1838 2092 1986 2172 quid
2046 2093 2420 2156 sufficienter
2477 2094 2860 2174 propositum
2885 2141 2908 2171 ,
2961 2102 3033 2156 ut
3079 2096 3312 2158 dictum
3365 2113 3408 2158 a

1838 2189 2000 2263 Dee,
2057 2188 2304 2266 ineptus
2349 2187 2630 2250 redditur
2679 2189 2758 2250 ad
2811 2189 3186 2252 credendum
3238 2189 3362 2251 alia
3379 2235 3406 2268 ‚

1839 2279 2102 2359 ideoque
2129 2280 2412 2342 habitum
2440 2280 2586 2343 fidei
2605 2283 2856 2344 amittit.

1922 2375 2020 2436 10.
2066 2373 2168 2438 Aa
2190 2377 2441 2440 tortium
2459 2379 2766 2459 responsio
2787 2379 3178 2458 quorumdam
3200 2379 3412 2460 rejici-

1836 2469 2144 2533 twr.—Ad
2173 2471 2424 2530 tertium
2465 2477 2699 2546 autem,
2745 2477 3066 2551 sumptum
3109 2473 3188 2532 ab
3221 2491 3406 2553 expe·

1836 2564 2086 2638 rientia,
2117 2563 2313 2644 aliqui
2361 2566 2756 2645 respondent,
2811 2585 2922 2649 per
2947 2573 3120 2629 actus
3170 2567 3410 2630 infusos

1839 2659 2080 2736 acquiri
2133 2659 2374 2738 aliquos
2401 2658 2649 2722 habitus
2676 2661 3000 2722 distinctos
3055 2660 3134 2722 ab
3161 2661 3404 2740 infusis,

1842 2753 1950 2833 qui
1971 2769 2222 2814 manere
2251 2761 2509 2833 possunt
2539 2756 2840 2836 corruptis
2868 2756 3110 2831 infusis,
3141 2761 3206 2816 et
3227 2757 3316 2818 ita
3337 2757 3407 2818 in

1837 2847 2133 2925 praesenti
2153 2863 2406 2908 manere
2433 2847 2502 2908 in
2531 2846 2818 2910 haeretico
2837 2846 3124 2910 habitum
3145 2849 3408 2930 acquisi-

1838 2947 1974 3002 tum
2006 2939 2174 3015 fidei,
2205 2939 2350 3002 licet
2375 2939 2654 3002 infusum
2674 2943 2939 3004 amittat.
2971 2942 3090 3004 Sed
3113 2961 3238 3004 non
3263 2960 3408 3004 cen-

1840 3051 1945 3096 seo
1979 3051 2193 3096 veram
2221 3033 2392 3094 illam
2431 3036 2826 3109 sententiam,
2857 3041 2927 3096 ut
2967 3035 3153 3097 latius
3185 3036 3312 3096 dixi
3336 3037 3406 3098 in

1838 3127 2098 3189 materia
2123 3127 2199 3188 de
2225 3127 2460 3203 Gratia,
2501 3127 2664 3189 libro
2693 3137 2894 3202 sexto,
2927 3130 3128 3208 capite
3155 3129 3403 3206 ultime,

1838 3222 1986 3301 quia
2035 3239 2163 3280 non
2191 3227 2388 3300 potest
2417 3226 2592 3282 actus
2619 3239 2919 3298 generare
2945 3221 3256 3297 habitum,
3286 3221 3406 3284 nisi

1839 3314 1956 3376 sub
1985 3315 2198 3376 eadem
2234 3313 2474 3376 ratione
2505 3314 2753 3376 formali
2791 3315 3014 3394 objecti
3037 3331 3058 3392 ;
3113 3315 3166 3375 si
3194 3322 3404 3378 autem

1838 3415 2016 3470 actus
2039 3415 2128 3469 est
2163 3408 2424 3480 infusus,
2458 3409 2804 3470 necessario
2828 3408 3017 3470 habet
3041 3415 3408 3487 supernatu-

1838 3501 2032 3562 ralem
2079 3501 2386 3562 rationem
2433 3499 2760 3562 formalem
2817 3501 3184 3580 objectivam
3205 3549 3224 3577 ‚
3289 3501 3406 3562 sub

1840 3613 1966 3674 qua
2015 3594 2266 3656 habitus
2306 3597 2644 3674 acquisitus
2697 3594 2953 3657 tendere
3011 3613 3138 3656 non
3179 3601 3398 3675 potest.

1840 3689 1984 3749 Dico
2007 3689 2200 3767 igitur
2225 3688 2534 3751 ordinarie
2561 3688 2816 3767 quidem
2845 3705 3100 3750 manere
3129 3688 3194 3748 in
3215 3689 3407 3749 heere-

1838 3781 1965 3842 tico
2006 3780 2290 3842 habitum
2315 3781 2713 3860 acquisitum,
2746 3799 2873 3841 non
2927 3787 3140 3844 tamen
3172 3799 3278 3860 per
3300 3798 3408 3840 ac-

1841 3884 1939 3934 tus
1969 3874 2227 3948 infusos,
2260 3873 2365 3936 sed
2409 3893 2519 3954 per
2547 3873 2885 3949 naturaleS,
2917 3892 3070 3954 quos
3123 3891 3284 3953 soepe
3327 3873 3406 3933 fi-

1840 3967 2006 4028 deles
2029 3975 2317 4028 exercent
2336 3970 2524 4028 etiam
2547 3969 2709 4028 circa
2736 3967 3248 4046 supernaturalia,
3277 3983 3407 4027 cre-

1841 4059 2043 4120 dendo
2075 4061 2375 4121 nimirum
2410 4060 2516 4122 illa
2549 4079 2626 4122 ex
2651 4060 2922 4142 quadam
2950 4059 3229 4120 humana
3255 4058 3399 4120 fide.

1840 4153 2052 4231 Neque
2073 4171 2248 4213 casus
2277 4154 2384 4232 qui
2411 4154 2478 4213 in
2507 4160 2875 4232 argumento
2907 4152 3165 4232 fingitur
3203 4171 3406 4213 mora-

1839 4245 1914 4306 lis
1942 4255 2038 4307 est
2048 4262 2069 4324 ;
2121 4246 2229 4307 illo
2259 4251 2468 4307 tamen
2501 4247 2794 4322 admiSSO‚
2827 4254 3109 4306 maneret
3147 4244 3407 4307 facilitas

1841 4339 2065 4418 partim
2095 4357 2172 4400 ex
2199 4337 2516 4414 speciebus
2543 4350 2606 4400 et
2627 4338 3244 4420 apprehensionibuS,
3269 4345 3404 4399 tum

1840 4449 2047 4492 rerum
2075 4431 2242 4510 fidei,
2294 4439 2428 4499 tum
2459 4433 2650 4494 etiam
2680 4432 3058 4494 motivorum
3099 4430 3408 4492 credibili-

1842 4526 1983 4585 tatis
1994 4542 2014 4603 3
2052 4525 2274 4604 partim
2327 4545 2398 4586 ex
2450 4524 2696 4586 formali
2731 4525 2952 4586 habitu
2981 4542 3164 4603 quem
3215 4523 3404 4585 homo

1842 4617 2049 4694 habet,
2078 4619 2155 4678 ad
2183 4618 2560 4679 credendum
2610 4636 2684 4679 ea
2727 4636 2866 4697 quae
2891 4617 3008 4679 sub
3041 4619 3406 4680 auctoritate

1839 4710 2116 4772 humana
2166 4711 2508 4773 sufficiente
2565 4716 3031 4792 proponuntur3
3089 4713 3177 4770 ita
3235 4710 3404 4772 cuim

1840 4804 2126 4884 quamvis
2140 4804 2474 4866 haereticus
2502 4811 2689 4884 neget
2722 4822 2920 4865 unum
2943 4803 3295 4879 articulum,
3329 4803 3406 4865 de

1840 4898 1979 4959 aliis
2026 4897 2208 4959 facile
2250 4897 2444 4958 credit
2474 4899 2666 4960 Deum
2695 4898 2805 4959 illa
2831 4897 3157 4959 revelasse.
3203 4897 3406 4960 Credit

1841 4998 2051 5054 autem
2094 4990 2212 5052 hoc
2241 5009 2316 5051 ex
2345 4993 2710 5052 auctoritate
2757 4991 3058 5068 humana,
3087 4990 3187 5052 vel
3210 5009 3288 5054 ex
3307 4991 3405 5070 ju·

1842 5083 2005 5146 dicio
2029 5101 2162 5158 sue,
2193 5101 2320 5144 non
2358 5102 2431 5144 ex
2473 5085 2734 5162 ipsamet
2760 5084 2974 5145 divina
3001 5084 3402 5160 revelatione,

1842 5183 1910 5238 ut
1936 5177 2004 5236 in
2033 5177 2454 5256 superioribus
2494 5183 2810 5240 ostensum
2842 5182 2958 5252 est,
2988 5177 3407 5258 disputatione

1837 5269 2046 5347 tertia,
2076 5272 2346 5332 sectione
2379 5271 2620 5332 decima
2659 5271 2950 5333 secunda.

2497 5479 2763 5502 0¹*-
