3900 6217
564 413 684 478 548

565 538 752 599 supra
783 519 963 580 dictis
1013 519 1347 596 declarari3
1383 539 1532 582 nam
1571 523 1681 601 qui
1723 521 1958 601 profert
1997 523 2127 584 hae-

565 614 750 674 resim
783 613 912 672 sine
946 612 1192 672 interno
1228 614 1439 674 animo
1480 613 1774 675 haeretico
1791 659 1812 690 ,
1859 633 1988 676 non
2032 615 2127 675 in—

565 705 761 766 currit
792 721 1154 783 censuram3
1190 724 1336 786 ergo
1365 706 1474 786 qui
1517 707 1787 768 exterius
1831 714 2122 770 retractat

561 800 839 863 haeresim
869 799 1000 860 sine
1030 800 1274 860 interno
1303 799 1514 860 animo
1537 799 1728 876 fideli,
1757 803 1980 866 merito.
2016 802 2122 862 ab·

563 892 933 954 solutionem
954 909 1080 952 non
1108 893 1519 971 consequitur.
1546 893 1720 956 Unde
1745 913 2123 976 consequen-

561 993 658 1046 ter
707 984 779 1044 fit
827 990 900 1044 ut
951 1001 1065 1045 nec
1112 985 1448 1046 reservatio
1497 986 1733 1064 peccati
1780 987 2121 1066 auferatur,

563 1079 710 1157 quia
741 1077 1017 1158 quandiu
1057 1078 1242 1138 durat
1291 1096 1550 1140 censura
1571 1125 1590 1152 ,
1633 1080 1814 1140 durat
1851 1099 2124 1142 reserva-

487 1186 490 1190 ·
562 1172 673 1232 tio.
713 1173 1097 1249 Quapropter
1142 1171 1192 1228 si
1225 1175 1434 1248 postea
1464 1170 1567 1231 ille
1612 1171 1800 1233 homo
1829 1172 1906 1232 ad
1951 1191 2125 1234 men·

562 1273 689 1325 tem
718 1264 935 1324 redeat
981 1269 1044 1323 et
1091 1267 1508 1340 convertatur,
1539 1270 1600 1325 et
1626 1263 1858 1326 absolvi
1888 1266 2119 1346 cupiat,

563 1359 611 1417 si
642 1357 800 1418 nolit
825 1356 901 1417 ad
929 1354 1285 1432 Boutificem
1316 1357 1430 1431 ire,
1473 1374 1723 1418 necesse
1763 1365 1854 1419 est
1899 1366 1971 1421 ut
2009 1360 2123 1421 ite-

564 1469 706 1512 rum
730 1449 1165 1529 Inquisitorem
1194 1449 1542 1524 conveniat,
1566 1450 1672 1530 qui
1697 1453 1920 1530 poterit
1945 1453 2121 1514 abso-

561 1543 863 1604 lutionem
897 1543 1124 1602 iterum
1146 1548 1378 1602 secreto
1403 1542 1647 1604 iterare.
1680 1545 1809 1606 Imo
1835 1545 2121 1607 existimo

561 1643 710 1697 tunc
762 1654 892 1696 non
957 1652 1083 1696 esse
1137 1637 1551 1696 necessarium
1601 1637 1894 1700 adhibere
1949 1645 2124 1700 nota-

566 1729 756 1806 rium,
782 1730 927 1809 quia
951 1745 1061 1808 pro
1083 1727 1218 1788 foro
1247 1737 1501 1789 externo
1523 1729 1748 1790 sufficit
1764 1730 2123 1792 solemnitas

562 1824 733 1902 prius
763 1821 1062 1896 adhibita,
1101 1839 1240 1882 cum
1272 1839 1394 1900 qua
1421 1821 1715 1902 conjungi
1752 1829 1951 1902 potest
1990 1843 2122 1885 mo·

564 1916 778 1977 raliter
817 1915 1123 1976 absolutio
1154 1913 1358 1974 valida
1407 1921 1615 1994 postea
1651 1916 1996 1978 subsecuta.
2028 1917 2121 1978 Ad

561 2029 704 2071 eum
739 2009 1032 2084 modum,
1086 2025 1208 2086 quo
1237 2008 1769 2070 dicu11t·auctores
1809 2013 1855 2086 ¹,
1903 2010 2123 2096 matriss

563 2102 848 2162 monium
897 2102 1132 2160 factum
1170 2117 1377 2160 coram
1421 2101 1686 2179 parocho
1733 2108 1795 2162 et
1836 2101 2118 2179 testibuS,

564 2193 705 2256 licet
744 2194 1062 2271 contingat
1112 2210 1240 2252 esse
1287 2192 1531 2254 nullum
1579 2211 1656 2254 ex
1705 2193 1949 2256 defectu
1979 2214 2122 2256 con-

565 2306 800 2362 sensus,
825 2305 998 2366 posse
1021 2286 1344 2348 revalidari
1379 2292 1586 2364 postea
1615 2303 1724 2366 per
1757 2306 2122 2350 consensum

562 2381 853 2441 iteratum
905 2379 1038 2440 sine
1102 2377 1489 2439 solemnitate
1543 2385 1838 2457 externa3
1903 2382 2123 2442 eadem

565 2474 730 2533 enim
765 2472 924 2534 ratio
968 2473 1035 2532 in
1066 2471 1352 2552 praesenti
1397 2479 1695 2534 versatur.
1743 2474 1820 2533 Et
1855 2492 1968 2555 per
1992 2473 2124 2535 haec

567 2568 643 2628 de
668 2567 805 2627 aliis
828 2565 1128 2627 similibus
1158 2565 1560 2645 judicandum
1589 2572 1701 2628 est.

641 2663 742 2722 20.
781 2661 1055 2722 Tertium
1089 2663 1404 2741 punctum,
1439 2661 1508 2721 dc
1541 2660 1832 2738 jubiloeo,
1867 2661 1961 2724 vel
1999 2661 2122 2724 alio

563 2753 816 2834 speciali
841 2754 1093 2816 indulto.
1117 2785 1197 2800 --
1228 2751 1443 2832 Opinio
1475 2753 1614 2818 Sot.
1645 2761 1700 2817 et
1727 2755 2009 2818 aliorum.
2040 2788 2124 2802 —

563 2849 732 2929 Ejus
757 2847 1556 2925 fundamentum-Tertio,
1582 2848 2003 2927 principaliter
2028 2849 2124 2908 di-

562 2943 827 3004 cendum
859 2947 951 3002 est
975 2940 1051 3000 de
1077 2940 1366 3000 facultate
1398 2940 1756 3002 absolvendi
1778 2940 1856 3000 ab
1879 2941 2118 3017 haeresi,

561 3053 700 3114 quae
727 3036 1041 3096 interdum
1067 3033 1250 3092 datur
1271 3052 1380 3112 por
1416 3033 1688 3112 jubilaea,
1720 3033 1817 3094 vel
1848 3051 1961 3113 per
1999 3033 2122 3096 alia

561 3127 849 3210 specialia
882 3126 1241 3206 diplomata.
1278 3125 1454 3186 Circa
1489 3143 1678 3204 quam
1725 3125 2118 3203 facultatem,

563 3223 824 3282 dubium
853 3239 977 3280 nou
1011 3227 1102 3281 est
1134 3219 1284 3300 quin
1330 3236 1368 3279 a
1405 3219 1661 3280 Summo
1702 3219 2019 3296 Pontifice,
2060 3228 2122 3282 et

563 3314 641 3374 ab
668 3314 774 3375 illo
821 3313 950 3374 solo
999 3313 1135 3372 dari
1177 3312 1382 3392 possit.
1429 3312 1582 3374 Item
1614 3312 1862 3394 quando
1911 3313 2116 3390 datur,

563 3413 797 3468 attente
824 3404 1266 3466 consideranda
1293 3410 1383 3465 est
1404 3405 1627 3480 forma,
1655 3411 1717 3466 et
1743 3404 2120 3467 conditiones

564 3499 677 3561 sub
697 3499 920 3579 quibus
935 3498 1139 3573 datur,
1165 3505 1227 3558 et
1249 3499 1505 3559 omuino
1528 3499 1840 3559 servandae
1863 3508 2030 3573 sunt,
2050 3504 2121 3560 ut

564 3593 869 3654 absolutio
915 3593 1030 3652 rite
1071 3597 1134 3652 et
1170 3598 1335 3653 recte
1363 3591 1735 3652 conseratur.
1770 3591 1984 3653 Solum
2023 3611 2113 3652 er-

563 3705 643 3764 go
667 3685 931 3746 dubitari
951 3684 1103 3746 solet
1129 3685 1290 3744 circa
1311 3683 1474 3743 hanc
1494 3682 1874 3760 facultatem,
1904 3702 1988 3746 an
2012 3703 2120 3747 ne-

562 3779 896 3840 cessarium
926 3777 1004 3837 sit
1032 3777 1096 3836 in
1125 3775 1373 3856 speciali
1405 3776 1670 3855 exprimi
1695 3794 1906 3838 casum
1929 3777 2125 3840 haere·

473 3863 480 3870 ’
563 3876 667 3946 sis,
695 3879 765 3932 ut
797 3876 1061 3951 potestas
1085 3868 1444 3931 absolvendi
1481 3868 1561 3930 ab
1590 3867 1696 3929 illo
1720 3868 1864 3930 data
1892 3871 2121 3932 intelli-

563 3975 769 4044 gatur,
799 3963 900 4026 vel
951 3963 1214 4024 sufficiat
1254 3961 1622 4041 generaliter
1651 3963 1903 4023 concedi
1930 3962 2122 4024 facul-

561 4066 751 4120 tatem
779 4056 1133 4118 absolvendi
1161 4073 1200 4116 a
1231 4054 1470 4116 casibus
1506 4055 1829 4116 reservatis
1851 4057 1918 4115 in
1942 4056 2122 4117 Bulla

563 4153 791 4227 Coenae,
821 4149 996 4210 nulla
1019 4148 1382 4228 exceptione
1411 4147 1640 4210 addita.
1664 4147 1925 4221 Quidam
1950 4149 2119 4211 enim

562 4251 814 4306 censent
839 4243 1000 4304 hanc
1038 4242 1378 4303 clausulam
1415 4241 1768 4320 generalem
1813 4240 2114 4320 sufficere,

563 4345 633 4399 ut
658 4337 910 4398 haercsis
949 4333 1528 4414 comprehendatur.
1567 4333 1661 4394 Ita
1707 4333 1907 4394 tenuit
1947 4335 2115 4410 Soto,

561 4433 627 4490 in
656 4433 720 4505 4,
745 4429 1016 4490 distinct.
1037 4430 1140 4503 22,
1161 4433 1374 4506 quaest.
1401 4429 1464 4504 2,
1494 4434 1610 4488 art.
1652 4428 1712 4504 3,
1745 4426 2013 4487 conclus.
2040 4429 2079 4489 5
2093 4449 2114 4504 3

564 4521 867 4598 Corduba,
893 4523 960 4582 in
988 4521 1271 4596 Summa,
1294 4538 1359 4599 q.
1389 4520 1452 4597 8,
1485 4525 1546 4581 et
1569 4519 1776 4600 plures
1805 4520 1911 4580 alii
1940 4520 2120 4580 relati

562 4636 600 4677 a
625 4615 864 4690 Garcia,
887 4615 964 4675 de
985 4614 1225 4689 Benef.,
1257 4619 1415 4693 part.
1452 4616 1549 4690 11,
1580 4630 1713 4694 cap.
1745 4613 1844 4687 10,
1869 4631 1938 4674 n.
1967 4615 2116 4690 1105

559 4708 724 4790 quod
771 4710 958 4768 etiam
1016 4707 1284 4767 affirmat
1331 4707 1852 4786 Expurgatorium
1895 4705 2119 4767 Roma-

561 4821 740 4878 num,
768 4801 1004 4862 editum
1046 4818 1194 4861 ann.
1237 4802 1417 4875 1607,
1469 4799 1535 4861 in
1584 4799 1986 4861 Emmanuclc
2013 4799 2115 4874 Sa,

560 4915 702 4978 pag.
742 4897 880 4967 184,
911 4913 1084 4956 num.
1119 4897 1221 4971 20,
1268 4894 1501 4956 addens
1543 4901 1754 4956 tamen
1781 4893 2120 4956 revocatio-

560 5008 670 5050 nes
699 5007 809 5068 per
838 4987 1080 5050 Bullam
1109 4989 1312 5050 Coenae
1343 4988 1673 5066 quotannis
1697 4987 1866 5061 fieri3
1893 5004 1966 5046 ac
1989 4992 2125 5046 tan-

563 5083 705 5143 dem
744 5083 909 5142 idem
936 5100 1156 5144 verum
1190 5088 1367 5163 putat
1406 5082 1760 5160 Reginald„
1805 5081 1872 5141 in
1916 5081 2121 5154 Praxi,

559 5175 670 5235 lib.
697 5177 759 5252 8,
781 5193 1026 5237 numer.
1050 5178 1152 5251 53,
1183 5177 1250 5236 in
1275 5177 1398 5238 fine
1409 5191 1432 5252 ζ,
1453 5177 1669 5251 Lorca,
1691 5175 1757 5234 in
1777 5175 1836 5234 2.
1864 5174 1926 5248 2,
1961 5172 2117 5251 disp.

563 5271 670 5344 45,
699 5287 874 5329 num.
923 5271 1038 5346 135
1074 5269 1381 5344 Farinac.,
1416 5267 1494 5331 de
1539 5268 1806 5342 Haeresi,
1850 5286 1913 5347 q.
1976 5268 2119 5340 19⁹2,

645 5463 660 5495 ¹
709 5457 1004 5520 Videatur
1036 5456 1289 5518 Saucius
1300 5502 1321 5532 ,
1354 5454 1462 5518 lib.
1511 5459 1550 5518 2
1592 5455 1667 5516 de
1699 5453 2113 5526 Matrimonio,

559 5553 716 5631 disp.
745 5555 847 5628 37,
877 5557 940 5612 et
971 5551 1127 5630 disp.
1159 5551 1260 5626 32,
1295 5567 1334 5610 a
1362 5569 1426 5610 n.
1448 5551 1510 5612 9.

1288 419 1525 476 msrn’r.
1559 423 1690 478 XXl.
1725 425 1806 476 DE
1833 424 2041 478 POENIS
2073 425 2539 480 SPIRmJAmsz
2571 429 3046 482 nAEaETlcoRnu.

2208 543 2384 586 num.
2416 528 2495 586 63
2514 542 2537 605 3
2580 534 2643 590 et
2670 546 2788 606 ego
2825 527 3145 609 probabile
3186 521 3471 608 judicavi,
3496 537 3621 596 tom.
3649 539 3697 612 5,

2207 619 2364 698 disp.
2400 623 2459 696 7,
2487 627 2631 682 sect.
2667 623 2732 694 5,
2756 638 2931 682 num.
2977 621 3077 681 12.
3118 620 3581 686 Fundamentum
3608 637 3698 700 est.

2203 713 2351 789 quia
2382 731 2557 774 casus
2586 714 2786 774 Ceienae
2811 718 2957 774 sunt
2991 731 3204 774 omnes
3231 733 3399 796 oeque
3420 721 3703 798 reservati3

2202 823 2351 882 ergo
2380 805 2741 866 universalis
2766 807 3075 866 concessio
3095 805 3342 868 illorum
3370 824 3560 870 omnes
3575 830 3705 873 com·

2203 900 2571 980 prehendit3
2597 917 2797 978 neque
2826 906 3067 978 oportet
3090 918 3203 960 nos
3234 899 3601 980 distinguere,
3622 906 3707 968 ubi

2206 993 2545 1054 concedens
2600 991 2757 1052 nihil
2822 991 3166 1072 distinguit.
3217 994 3543 1054 Praesertim
3594 998 3709 1076 quia

2204 1086 2602 1166 privilegium
2636 1085 2791 1148 dans
2818 1092 3181 1165 potestatem
3210 1085 3550 1148 absolvendi
3574 1089 3710 1150 savo·
3825 1093 3826 1176 s

2204 1177 2400 1239 rabile
2449 1185 2560 1254 est,
2609 1196 2809 1257 neque
2848 1177 3109 1257 impedit
3144 1179 3468 1257 quominus
3506 1179 3564 1240 in
3603 1180 3708 1244 foro
3825 1179 3826 1202 ¹

2204 1277 2461 1332 externo
2503 1272 2749 1349 procedi
2782 1271 2991 1352 possit,
3025 1289 3165 1332 cum
3183 1271 3502 1350 jubilaeum
3537 1281 3629 1334 aut
3651 1276 3711 1334 si·

2204 1363 2380 1424 miles
2412 1363 2829 1426 concessiones
2858 1363 2995 1424 dari
3026 1364 3268 1426 soleant
3312 1383 3422 1443 pro
3466 1365 3581 1424 foro
3606 1368 3710 1426 ani·

2204 1473 2322 1518 mae
2378 1462 2623 1518 tantum
2654 1472 2676 1532 3
2734 1475 2882 1536 ergo
2935 1463 3025 1518 est
3080 1455 3500 1536 ampliandum
3552 1459 3714 1536 potius

2202 1568 2393 1629 quam
2412 1553 2935 1630 restringendum.
2958 1553 3033 1612 Et
3060 1549 3481 1622 confirmatur,
3500 1554 3627 1632 quia
3645 1553 3714 1614 in-

2202 1643 2450 1706 terdum
2469 1643 2538 1705 fit
2566 1645 2671 1705 illa
2692 1645 3000 1707 concessio
3017 1663 3159 1706 cum
3182 1643 3392 1724 aliqua
3413 1643 3527 1708 alia
3543 1664 3713 1726 excep-

2203 1735 2371 1798 tione
2404 1744 2629 1816 praeter
2656 1737 2935 1799 haeresim
2950 1752 2969 1814 3
2994 1754 3143 1816 ergo
3170 1738 3420 1816 signum
3442 1743 3527 1798 est
3548 1745 3714 1800 exten·

2203 1828 2267 1889 di
2308 1836 2368 1890 et
2400 1827 2637 1890 firmari
2672 1829 3093 1891 concessiones
3131 1836 3415 1908 respectu
3448 1829 3677 1892 haeresis.

2284 1925 2387 1984 21.
2417 1922 2707 1984 Auctoris
2727 1923 2930 2002 opinio
2946 1949 2971 1992 ,·
3001 1925 3145 1984 item
3168 1921 3475 1996 Navarr„
3507 1921 3712 1986 θοι-αντ.

2203 2025 2321 2078 etc.
2342 2049 2413 2062 —
2439 2017 2545 2079 Ad
2554 2017 2832 2096 fundam.
2862 2015 3006 2080 Soti
3032 2022 3089 2080 et
3116 2013 3379 2078 aliorum
3405 2014 3471 2078 in
3495 2033 3551 2078 n.
3572 2017 3716 2078 20.-
3825 2029 3826 2076 3

2202 2109 2615 2172 Nihilominus
2663 2110 2969 2170 contraria
3024 2109 3335 2170 sententia
3380 2127 3520 2170 vera
3554 2117 3647 2186 est,
3670 2115 3717 2170 et

2202 2202 2269 2262 in
2298 2203 2471 2281 praxi
2505 2203 2762 2262 omnino
2788 2201 3121 2278 servanda3
3165 2199 3491 2276 nimirum,
3522 2208 3582 2262 ut
3612 2220 3719 2282 pro-

2203 2300 2339 2376 pter
2386 2295 2581 2356 solam
2635 2294 2969 2356 clausulam
3021 2293 3457 2367 universalem,
3502 2297 3718 2357 omnium

2205 2405 2455 2450 casuum
2503 2388 2687 2450 otiam
2730 2387 2938 2450 Bulloe
2983 2385 3200 2461 Coenoe,
3246 2404 3376 2447 non
3416 2385 3720 2448 absolvatur

2203 2479 2281 2540 ab
2334 2479 2575 2555 haeresi,
2618 2479 2736 2540 nisi
2780 2480 2850 2540 in
2878 2479 3077 2559 specie
3104 2477 3511 2559 exprimatur.
3543 2479 3620 2539 lta
3641 2479 3719 2540 do·

2202 2580 2343 2636 cent
2372 2573 2653 2648 Navarr„
2700 2573 2881 2651 capit.
2926 2572 3031 2648 27,
3073 2589 3253 2634 num.
3290 2572 3448 2649 2753
3492 2571 3719 2646 covarr„

2202 2668 2268 2728 in
2288 2666 2470 2746 capit.
2501 2665 2690 2728 Alma
2715 2669 2979 2740 macco-,4
3020 2673 3207 2745 part„
3240 2683 3487 2746 paragr.
3520 2669 3611 2739 11,
3636 2683 3722 2724 nu-

2203 2779 2357 2822 mer.
2395 2761 2507 2834 153
2548 2759 2845 2834 Simanc.,
2894 2759 3059 2820 titul.
3097 2761 3168 2833 33
3218 2759 3432 2839 ROJas,
3463 2764 3626 2820 tract.
3666 2757 3721 2818 de

2203 2854 2454 2927 Haeret„
2508 2853 2547 2914 2
2608 2857 2794 2931 part„
2850 2860 3061 2916 assert.
3098 2853 3177 2914 39
3193 2869 3215 2930 3
3272 2863 3337 2913 et
3383 2851 3632 2927 Vivald„
3674 2849 3723 2910 in

2202 2944 2601 3021 Candelabro,
2638 2947 2665 3005 1
2711 2953 2900 3024 part„
2931 2945 3096 3007 titul.
3152 2945 3229 3006 de
3262 2943 3537 3006 Absolut.
3565 2960 3723 3003 sacra-

2202 3037 2482 3113 mentali,
2507 3055 2749 3098 numer.
2781 3038 2894 3114 173
2922 3044 2983 3098 et
3012 3037 3296 3114 Saucius„
3327 3037 3487 3098 dicto
3514 3036 3653 3096 libro
3674 3037 3723 3114 2,

2200 3132 2382 3209 capit.
2420 3131 2518 3205 12,
2544 3149 2788 3192 numer.
2824 3132 2936 3208 103
2958 3132 3263 3212 Vazquez,
3300 3132 3377 3192 de
3408 3133 3723 3192 Excommu-

2201 3225 2324 3285 nic.
2333 3267 2353 3298 ,
2384 3222 2535 3284 dub.
2560 3226 2661 3300 19,
2692 3241 2935 3284 numer.
2973 3225 3012 3285 5
3036 3241 3057 3302 ;
3082 3223 3392 3300 Mirauda,
3426 3226 3491 3283 in
3522 3241 3620 3282 suo
3646 3223 3725 3281 Di·
3825 3275 3826 3306 ἶ

2200 3323 2449 3392 rector„
2482 3322 2653 3376 tomo
2703 3319 2766 3391 2,
2797 3319 3123 3396 quaestion.
3168 3319 3231 3392 7,
3260 3319 3439 3378 artic.
3482 3317 3551 3390 43
3580 3319 3721 3390 Azor,

2200 3415 2353 3470 tom.
2388 3414 2450 3485 1,
2489 3408 2650 3470 libro
2679 3413 2781 3486 10,
2812 3416 3032 3489 quaest.
3065 3409 3177 3482 12;
3206 3409 3571 3490 Henriqucz,
3600 3407 3724 3468 libro

2202 3506 2265 3578 7,
2306 3521 2439 3582 cap.
2490 3503 2585 3578 13,
2610 3521 2856 3582 paragr.
2915 3505 2973 3577 1,
3017 3510 3081 3565 et
3108 3503 3271 3564 libro
3308 3505 3406 3578 13,
3440 3504 3609 3582 capit.
3644 3503 3723 3570 27,

2200 3615 2445 3678 paragr.
2494 3598 2555 3672 5,
2578 3595 2783 3658 littera
2804 3595 2891 3674 G,
2942 3597 3183 3672 Garcia,
3232 3599 3401 3658 dicto
3430 3597 3598 3676 capit.
3626 3597 3723 3670 10.,

2202 3707 2379 3750 num.
2411 3689 2543 3750 109.
2573 3689 2753 3750 Ratio
2773 3695 2890 3764 cst,
2918 3689 3063 3770 quia
3084 3688 3201 3750 sub
3224 3690 3502 3770 generali
3520 3705 3723 3750 conces·

2200 3782 2372 3842 sione
2411 3798 2538 3842 non
2562 3780 3109 3861 comprehenditur
3147 3781 3535 3861 particularis
3563 3798 3722 3852 casus,

2202 3874 2450 3952 quando
2478 3879 2693 3934 auctor
2733 3875 3042 3954 privilegii
3074 3875 3495 3935 verisimiliter
3518 3892 3630 3934 non
3656 3891 3724 3932 es-
3825 3895 3826 3898 ¹

2202 3973 2295 4026 set
2321 3965 2500 4026 illum
2528 3984 2945 4043 concessurus,
2978 3968 3030 4026 si
3057 3967 3126 4026 in
3166 3969 3373 4048 specie
3401 3983 3722 4048 proponere·

2200 4065 2325 4132 tur,
2350 4064 2419 4118 ut
2442 4077 2656 4120 omnes
2682 4058 2929 4131 docent,
2961 4078 3105 4120 cum
3149 4060 3475 4134 Antonin„
3505 4063 3540 4120 3
3564 4061 3714 4140 part-2

2198 4150 2379 4212 titulo
2411 4153 2513 4227 24,
2559 4170 2689 4231 cap.
2724 4153 2825 4226 77,
2857 4170 3102 4231 paragr.
3134 4156 3193 4227 1,
3226 4159 3293 4214 et
3320 4153 3648 4214 continetur
3669 4149 3717 4207 in

2200 4243 2471 4323 quadam
2498 4243 2713 4322 regula
2744 4243 2929 4322 juriS,
2974 4245 3157 4324 capit.
3207 4247 3293 4308 In
3336 4245 3611 4326 uenerati,
3632 4243 3721 4303 Re-

2198 4336 2327 4416 gul.
2352 4337 2539 4416 juris,
2569 4338 2637 4397 in
2668 4339 2727 4398 6.
2760 4337 2839 4397 Et
2865 4337 3021 4398 ratio
3051 4344 3162 4412 est,
3197 4340 3349 4417 quia
3368 4343 3512 4399 tunc
3532 4335 3626 4398 illa
3642 4351 3721 4395 ex·

2199 4430 2397 4490 tensio
2435 4447 2564 4489 non
2611 4442 2703 4489 est
2749 4429 3098 4491 voluntaria
3120 4431 3523 4504 concedenti;
3556 4427 3645 4488 sed
3669 4427 3719 4484 in

2200 4524 2487 4602 praesenti
2512 4522 2651 4582 talis
2684 4530 2775 4583 est
2802 4540 2979 4582 casus
3011 4523 3283 4599 haercsis,
3318 4529 3386 4584 ut
3430 4527 3720 4583 constater

2200 4616 2517 4676 communi
2551 4633 2668 4674 usu
2698 4620 2760 4675 et
2787 4615 2972 4676 modo
3000 4617 3311 4679 sentiendi
3354 4616 3635 4677 fidelium.
3665 4611 3723 4670 Et

2200 4707 2547 4769 declaratur
2574 4708 2806 4786 optime
2830 4726 2904 4768 ex
2925 4709 3316 4784 Tridentino,
3349 4725 3496 4771 sess,
3535 4708 3624 4780 34,
3646 4723 3724 4765 ca-

2200 4801 2314 4880 pit.
2348 4802 2387 4861 6
2414 4801 2491 4862 de
2527 4801 2893 4876 Reformat„
2923 4821 3109 4882 supra
3140 4808 3399 4863 tractato
3410 4818 3432 4882 3
3454 4818 3588 4862 nam
3610 4813 3725 4858 cum

2200 4895 2373 4975 prius
2400 4894 2791 4956 concessisset
2819 4895 3131 4976 Episcopis
3158 4895 3521 4957 facultatem
3560 4889 3727 4954 absol·

2205 4987 2390 5048 vendi
2420 5007 2458 5048 a
2501 4987 2739 5049 casibus
2778 4987 3053 5066 occultiS,
3104 4995 3175 5048 ut
3218 4990 3638 5051 extenderetur
3665 4982 3729 5042 ad

2204 5079 2516 5156 haeresim,
2558 5079 2729 5142 illam
2770 5087 2979 5159 postea
3005 5081 3072 5142 in
3114 5083 3316 5162 specie
3354 5079 3653 5161 expressit,
3680 5080 3730 5135 et

2203 5172 2269 5233 in
2299 5173 2405 5234 illa
2429 5173 2802 5254 peculiarem
2830 5173 3265 5235 limitationem
3292 5173 3543 5236 addidit.
3568 5171 3637 5232 Et
3663 5168 3729 5229 si·

2204 5266 2338 5327 mili
2388 5267 2571 5327 modo
2616 5266 2899 5326 videmus
2938 5266 3003 5326 in
3050 5266 3421 5346 quibusdam
3464 5262 3724 5346 jubilaeis,

2202 5358 2449 5440 quando
2475 5360 2639 5438 Papa
2666 5357 2802 5419 vult
2824 5357 2986 5421 hanc
3010 5359 3369 5422 facultatem
3397 5357 3725 5424 concedere,
3825 5365 3826 5378 ¹

2199 5449 2371 5510 illam
2426 5458 2563 5544 post
2601 5450 2937 5512 clausulam
2986 5451 3397 5512 universalem
3448 5451 3507 5510 in
3554 5443 3729 5528 specie
3825 5457 3826 5460 ’

2198 5543 2586 5624 exprimere;
2638 5564 2785 5624 ergo
2815 5546 3061 5624 signum
3100 5553 3194 5608 cst
3232 5546 3345 5606 hoc
3385 5563 3509 5605 csse
3550 5557 3729 5601 neces-
3825 5535 3826 5540 ’
