3900 6217
649 396 818 451 83612
854 399 891 448 1.
927 396 1142 449 mauu
1171 396 1235 449 m
1269 396 1372 449 uls
1403 396 1784 448 mrlnssunus
1817 394 2027 447 Possm*
2060 396 2371 449 CARENTIA
2402 398 2587 461 Pium,
2618 396 2755 449 Em.

183 503 344 567 cundo.
367 530 438 545 ·-
471 494 867 557 Consti-matur
909 494 1046 555 haee
1111 494 1271 555 ratio
1327 493 1528 573 primo
1587 509 1666 553 ex

183 596 258 656 illo
283 591 432 653 Pauli
461 589 532 649 ad
559 589 810 649 Roman.
844 587 1108 661 deeimO,
1135 587 1263 656 ubi,
1295 604 1438 647 eum
1475 584 1664 645 dixis·

179 696 274 747 set:
317 683 652 760 Quicumque
701 680 1073 743 invocaverit
1133 697 1340 743 nomen
1387 680 1660 751 Domini,

177 780 339 841 saltus
363 775 470 837 m‘t
489 798 515 845 ;
541 778 638 833 et:
682 771 976 847 Quomodo
1014 772 1374 835 invocabunt
1417 789 1548 834 eum
1594 772 1663 833 in

175 888 303 953 qum
333 886 442 931 nou
466 866 836 929 crediderunt
857 866 886 924 ἓ
915 866 1205 944 proponit
1243 865 1454 925 statim
1483 881 1663 923 exeu-

173 964 456 1023 sationem:
487 960 774 1033 Quomodo
802 961 1039 1023 eradent
1077 960 1136 1021 si
1161 976 1282 1021 non
1317 956 1660 1033 audierunt,

171 1063 254 1121 aut
273 1054 526 1135 quomodo
555 1053 802 1116 audient
839 1053 968 1115 sine
999 1052 1416 1132 pra-dicante?
1454 1050 1666 1111 statim

171 1148 390 1211 excludit
419 1146 584 1206 illam
621 1144 834 1207 dicens
861 1166 876 1205 ε
908 1146 1002 1207 Et
1044 1147 1279 1225 quidem
1320 1143 1388 1207 iu
1437 1159 1668 1207 omnem

168 1251 350 1305 terram
395 1239 577 1303 exivit
615 1255 798 1301 sonus
849 1254 1073 1311 comm,
1109 1242 1168 1301 et
1207 1236 1278 1298 iot
1299 1238 1452 1314 fines
1507 1236 1665 1299 orbis

171 1342 313 1397 term
337 1332 502 1395 verba
539 1348 742 1393 eorum
767 1357 794 1405 ,·
847 1348 996 1409 ergo
1021 1350 1150 1393 non
1192 1329 1466 1391 admittit
1509 1330 1666 1389 Pau·

169 1428 240 1487 lus
263 1424 430 1485 ullam
453 1425 930 1485 excusationem.
951 1425 1229 1487 Secundo
1257 1422 1664 1483 confirmatur

167 1539 226 1581 ex
257 1518 598 1595 Augustino,
632 1517 888 1595 epistola
931 1518 1082 1590 180,
1123 1517 1406 1577 dicente:
1451 1514 1665 1577 Eccle-

166 1615 288 1675 siam
307 1610 668 1675 Catholicam
693 1612 976 1691 iquorem
991 1611 1152 1673 nulli
1179 1610 1344 1685 licet,
1364 1610 1509 1690 quia
1531 1608 1668 1671 abs-

167 1706 298 1767 condi
338 1720 448 1763 nou
479 1707 682 1782 potest
701 1728 728 1777 ;
769 1710 829 1765 et
855 1704 1014 1763 libro
1041 1703 1118 1763 de
1150 1702 1362 1763 Gratia
1384 1708 1446 1761 et
1472 1700 1666 1761 libero

167 1797 394 1871 arbitrio,
421 1796 620 1875 eapite
654 1796 856 1871 tex-tic,
891 1796 1062 1869 dicit,
1106 1796 1526 1873 ignorantiam
1569 1810 1666 1853 re·

163 1909 266 1950 rum
318 1889 452 1951 fidei
487 1892 811 1951 neminem
855 1891 942 1951 510
979 1905 1299 1964 excusare,
1329 1894 1400 1949 ut
1443 1887 1662 1967 sempi-

163 1996 300 2045 terno
323 1984 460 2059 igne
491 2000 624 2043 non
651 1982 886 2059 ardeat,
918 1982 1160 2043 etiamsi
1189 1986 1510 2061 propterea
1536 1997 1666 2039 non

159 2076 372 2137 credidit
408 2076 554 2154 quia
597 2076 857 2138 omnino
905 2093 1034 2137 non
1070 2076 1339 2137 audivit:
1378 2074 1506 2139 Sed
1540 2078 1669 2153 sor-

160 2176 305 2243 tasse,
341 2168 560 2246 inquit,
591 2170 921 2243 excusabit,
948 2173 1020 2231 ut
1063 2166 1260 2231 minus
1299 2169 1530 2231 ardeat.
1575 2167 1670 2227 Ex

160 2278 254 2337 quo
295 2260 640 2323 testimonio
689 2266 890 2340 potest
937 2262 1128 2323 etiam
1179 2260 1460 2321 formalis
1507 2258 1668 2319 ratio

153 2353 280 2411 sumi
306 2368 327 2429 3
351 2370 492 2413 nam
540 2354 793 2415 adultus
831 2354 966 2415 sine
1010 2354 1134 2415 fide
1173 2353 1446 2415 moriens
1489 2352 1671 2431 puni·

155 2456 229 2503 tur
252 2464 362 2505 000
387 2451 634 2505 tantum
679 2464 866 2525 poena
898 2446 1135 2521 damni,
1167 2446 1274 2507 sed
1307 2446 1500 2509 etiam
1541 2462 1678 2503 sen·

153 2556 250 2611 sus,
271 2556 394 2617 quae
421 2557 548 2601 non
579 2540 770 2600 datur
797 2540 916 2601 nisi
948 2546 1194 2619 propter
1223 2546 1550 2618 peceatum
1578 2556 1676 2597 00-

145 2632 308 2705 tuale3
338 2649 478 2709 ergo
523 2632 866 2693 infidelitas
903 2633 970 2693 10
1009 2632 1118 2693 tali
1146 2632 1398 2693 homine
1426 2649 1669 2711 semper

153 2730 222 2782 est
242 2726 455 2785 actuale
481 2732 830 2803 peceatum.

207 2820 254 2877 5.
293 2818 592 2890 Secunda,
625 2824 680 2881 ει
713 2818 1084 2883 communior
1117 2820 1439 2881 sententia.
1469 2816 1668 2877 —Ni-

151 2910 432 2971 1111000005
469 2911 796 2973 contraria
841 2911 1148 2973 sententia
1188 2911 1536 2971 communis
1577 2916 1674 2971 est

156 3002 310 3073 hodie,
338 3009 398 3063 et
428 3004 559 3065 fere
596 3004 680 3065 ab
713 3004 1004 3065 omnibus
1043 3010 1334 3083 recepta3
1379 3003 1556 3065 docet
1599 3002 1674 3063 il-

151 3096 244 3155 lam
271 3098 332 3159 D.
375 3097 652 3159 'Hlomas
691 3102 752 3159 2.
781 3100 860 3171 2,
911 3104 1126 3176 quaest.
1161 3100 1262 3170 10,
1301 3104 1420 3159 art.
1455 3101 1526 3173 1,
1565 3096 1676 3157 ubi

145 3190 440 3267 Cajetanus,
471 3189 794 3267 Valentia,
823 3198 888 3251 et
913 3191 1022 3251 alii
1053 3190 1339 3251 moderni
1373 3191 1678 3270 exposito-

141 3300 256 3356 res,
281 3289 336 3343 et
377 3286 436 3343 1.
463 3284 530 3357 2,
567 3289 790 3361 quaest.
833 3285 935 3358 76,
985 3290 1104 3343 art.
1141 3286 1171 3345 1
1201 3305 1218 3359 ς
1265 3283 1373 3343 uhi
1405 3283 1670 3357 Medina,

143 3375 390 3452 vasquez,
419 3377 664 3456 disput.
703 3378 842 3443 120,
871 3394 1002 3454 cap.
1035 3378 1095 3449 3,
1139 3382 1202 3436 et
1236 3376 1344 3438 alii
1373 3395 1388 3451 ;
1431 3378 1668 3437 Duran-

139 3470 248 3543 dus,
276 3472 336 3531 in
365 3474 428 3545 3,
461 3470 741 3533 distinet.
776 3474 878 3547 25,
910 3478 1128 3551 quaest.
1160 3475 1218 3545 1,
1251 3472 1328 3531 ad
1355 3472 1626 3550 primum
1643 3487 1664 3548 3

136 3560 386 3640 Cant-ad„
423 3564 504 3627 de
537 3563 1000 3639 contractibus,
1029 3569 1242 3643 qnaest.
1295 3566 1436 3639 100,
1485 3582 1669 3641 argu-

135 3663 316 3715 mento
353 3666 582 3735 quarto
627 3662 846 3719 eontra
898 3656 1397 3731 conclusionem3
1429 3656 1667 3717 Almai-

133 3766 248 3823 nus,
277 3757 449 3811 tract.
503 3753 536 3813 1
594 3750 948 3823 Moralium,
977 3767 1112 3828 cap.
1148 3752 1178 3811 4
1203 3766 1226 3827 ;
1264 3751 1669 3823 Armacauus,

135 3841 224 3903 lib.
251 3844 286 3903 8
320 3844 394 3903 de
435 3844 780 3917 Quastion.
836 3844 1253 3903 Armenorum
1275 3887 1296 3918 ,
1351 3860 1488 3921 cap.
1545 3843 1668 3916 39;

135 3934 294 4013 Vega,
323 3935 434 3997 lib.
465 3938 506 3998 6
555 3937 626 3995 111
663 3935 1006 3997 Concilium
1035 3935 1492 4011 Tridentinum,
1533 3954 1668 4017 cap.

133 4026 554 4104 183Viet01ia,
591 4028 659 4088 in
709 4028 1060 4089 Releetione
1101 4028 1179 4089 de
1221 4028 1386 4089 Indis
1435 4029 1675 4091 Insula-

128 4118 230 4191 015,
260 4122 286 4181 1
321 4128 522 4198 parte,
555 4122 978 4200 propositione
1003 4124 1065 4195 1,
1095 4140 1132 4181 a
1171 4140 1348 4182 num.
1381 4124 1506 4199 323
1562 4124 1672 4183 Pe·

128 4216 238 4271 trus
270 4212 436 4287 Soto,
483 4220 758 4274 tractatu
801 4214 878 4275 de
903 4214 1164 4275 Ratione
1205 4214 1494 4276 medendi
1535 4234 1671 4294 pee-

131 4308 244 4363 cata
264 4349 281 4378 ,
311 4304 451 4366 leet.
479 4308 522 4365 2
547 4326 568 4380 ;
599 4306 754 4379 Sot.,
785 4306 852 4366 in
876 4308 939 4381 4,
962 4306 1235 4367 distinct.
1259 4310 1319 4382 1,
1351 4312 1571 4385 quaest.
1607 4308 1667 4381 1,

135 4405 234 4457 art.
261 4399 336 4474 23
368 4398 564 4470 Canu,
597 4400 666 4459 in
689 4397 1042 4459 Releetione
1071 4400 1147 4459 de
1183 4402 1564 4461 sacrament.
1605 4400 1672 4459 in

123 4506 346 4567 genere,
372 4497 540 4569 part.
563 4495 634 4563 2;
670 4493 847 4567 Azor‚
879 4499 1030 4553 tom.
1063 4494 1122 4566 1,
1148 4491 1258 4553 lib.
1295 4497 1350 4567 1,
1390 4511 1526 4571 cap.
1563 4494 1667 4567 13,

123 4590 312 4659 quaest.
345 4587 424 4661 Ξ,
457 4590 526 4645 et
575 4584 873 4659 Sanehez‚
920 4584 1079 4645 libro
1123 4586 1322 4664 primo
1359 4584 1669 4665 Deealog„

135 4678 310 4754 capite
353 4679 604 4739 decimo
653 4685 848 4754 sexto,
872 4697 1048 4741 num.
1081 4682 1182 4754 32,
1213 4686 1275 4741 et
1327 4680 1488 4741 hane
1531 4698 1674 4741 sen-

131 4772 362 4833 tentiam
394 4772 662 4833 omnino
691 4790 904 4833 veram
940 4791 1176 4835 000500.

193 4864 252 4923 6.
288 4866 368 4925 Ut
407 4864 747 4944 prohemus
790 4865 952 4927 hanc
1001 4866 1399 4939 sententiam,
1428 4870 1674 4943 oportet

123 4952 334 5035 aliquid
364 4958 446 5017 de
471 4957 640 5019 facto
667 4958 802 5037 ipso
829 4976 1192 5038 supponere,
1237 4957 1674 5035 distinguendo

123 5053 234 5107 tres
267 5049 520 5111 ordines
569 5049 960 5129 infidelium3
991 5052 1246 5131 quidam
1293 5052 1460 5113 enim
1504 5056 1670 5123 sunt,

123 5141 326 5217 quihus
353 5142 514 5203 fides
539 5142 916 5205 sufficienter
960 5146 1330 5207 annuntiata
1357 5150 1420 5206 et
1451 5160 1675 5223 propo-

123 5232 228 5291 sita
259 5242 370 5307 est,
403 5240 470 5296 et
497 5235 749 5297 credere
794 5237 1150 5314 noluerunt,
1177 5244 1240 5299 et
1267 5238 1344 5299 de
1385 5237 1462 5297 115
1497 5236 1672 5297 nulla

123 5334 204 5387 est
227 5330 492 5407 quaestio
520 5354 542 5405 3
583 5329 824 5391 nullam
866 5332 1032 5393 enim
1063 5332 1296 5393 habent
1338 5331 1674 5391 exeusatio-

126 5438 280 5497 nem,
319 5429 394 5483 ut
445 5427 686 5483 constat
733 5442 811 5485 ex
859 5425 1222 5502 supradietis
1249 5425 1326 5485 de
1370 5431 1673 5503 praeeepto

123 5514 304 5595 fi1lei5
346 5517 454 5578 alii
499 5523 650 5578 sunt
693 5518 762 5579 10
812 5517 936 5579 0110
985 5524 1287 5594 extremo,
1315 5518 1462 5598 quia
1509 5516 1676 5578 nihil

3157 382 3301 453 ‘425

1744 510 1995 571 prorsus
2040 492 2117 553 de
2162 492 2284 555 fide
2324 494 2695 568 audierunt,
2744 512 2859 557 1100
2904 494 3299 570 sufficienter,

1743 602 1858 645 nee
1901 586 2349 649 insufficienter
2373 637 2393 658 ,
2444 606 2558 648 000
2613 605 2723 666 per
2775 587 3299 667 praedicationem,

1742 695 1942 756 neque
1992 696 2101 757 per
2152 696 2467 741 rumorem
2524 688 2635 739 aut
2704 680 2957 741 famam.
3010 681 3305 755 Quamvis

1742 772 1911 831 enim
1958 771 2037 831 de
2064 772 2181 833 1100
2228 772 2392 833 facto
2448 774 2731 837 videatur
2758 775 2907 835 olim
2956 774 3143 837 fuisse
3193 775 3305 837 ali-

1743 881 1867 941 qua
1894 866 2307 925 controversia
2338 866 2503 926 inter
2529 868 2817 946 antiquos
2860 868 3068 927 Patres
3088 913 3108 942 ,
3152 887 3301 929 nam

1743 956 2211 1035 chrysostomus
2230 1002 2251 1033 ‚
2283 958 2781 1037 Theophylaetus
2800 1004 2821 1035 ,
2867 961 3162 1040 Euthym.
3189 1007 3208 1036 ,
3242 968 3309 1023 et

1743 1050 1852 1112 alii
1899 1052 2091 1112 Graeei
2116 1096 2137 1127 ,
2182 1054 2457 1113 Matthaei
2501 1056 2627 1129 24,
2677 1054 2969 1116 dixerunt
3026 1062 3306 1136 tempore

1747 1144 1920 1205 Pauli
1948 1146 2387 1207 annuntiatum
2414 1146 2600 1209 fuisse
2627 1148 3033 1226 Evangelium
3063 1150 3127 1210 in
3165 1152 3306 1210 001-

1746 1255 1923 1299 verso
1968 1238 2152 1310 orbe3
2196 1240 2581 1317 Augustinus
2626 1246 2858 1317 tamen,
2888 1242 3147 1321 epistola
3176 1244 3253 1305 80
3282 1288 3303 1318 ,

1744 1329 2043 1405 Αο50110.,
2078 1332 2254 1392 Matt.
2286 1334 2390 1406 24,
2417 1338 2481 1391 et
2523 1332 2705 1393 multi
2737 1334 2864 1409 alii,
2908 1334 2985 1395 ad
3036 1335 3303 1397 Roman.

1748 1424 1846 1497 10,
1877 1424 2258 1485 eontrarium
2288 1425 2694 1487 tradiderunt.
2721 1426 2878 1499 Quin
2902 1428 3091 1489 etiam
3120 1427 3307 1490 hodie

1744 1516 2169 1595 experimento
2202 1518 2522 1595 cognitum
2566 1524 2681 1595 est,
2728 1520 2957 1581 multas
3009 1521 3195 1582 fuisse
3242 1532 3307 1583 et

1745 1626 1914 1669 110110
1956 1628 2085 1670 esse
2116 1611 2483 1689 provincias,
2529 1620 2591 1673 et
2618 1630 2815 1690 regna
2840 1614 3030 1689 urbia,
3060 1614 3139 1673 ad
3166 1631 3307 1692 quae

1747 1720 1864 1763 1100
1907 1703 2259 1782 praedicatio
2288 1722 2402 1765 nee
2440 1705 2609 1766 fama
2650 1706 2972 1783 Evangelii
3014 1724 3309 1786 pervene-

1745 1801 1866 1855 rat.
1905 1796 2037 1855 [mo
2060 1803 2224 1857 reete
2256 1797 2498 1857 addidit
2523 1799 2594 1859 D.
2628 1797 2921 1873 Thomas,
2948 1797 3091 1860 leot.
3117 1800 3180 1877 4,
3206 1816 3307 1859 su-

1745 1906 1883 1969 pra,
1913 1889 1995 1949 ad
2024 1890 2286 1953 Roman,
2338 1893 2438 1966 10,
2472 1891 2715 1953 etiamsi
2756 1908 2905 1951 vera
2947 1898 3105 1953 esset
3170 1910 3309 1953 sen-

1744 1982 1940 2043 tentia
1984 1981 2405 2062 chrysostomi
2446 1984 2647 2062 quoad
2687 1983 3033 2063 provincias
3063 1984 3163 2045 vel
3210 2002 3309 2045 re-

1748 2093 1896 2153 gna,
1930 2074 2337 2137 nihilominus
2364 2094 2489 2137 non
2531 2076 2757 2139 debere
2784 2095 2895 2138 nee
2920 2095 3096 2156 posse
3127 2077 3307 2139 intel·

1749 2168 1860 2247 ligi
1892 2168 2091 2247 quoad
2122 2168 2395 2247 singulas
2437 2187 2749 2249 personae,
2778 2170 2925 2248 quia
2952 2169 3085 2231 sine
3115 2169 3307 2231 dubio

1751 2263 1939 2323 etiam
1982 2262 2049 2321 in
2074 2261 2195 2321 illis
2222 2263 2452 2340 regniS,
2484 2262 2590 2322 ubi
2616 2263 2987 2342 111-1011100101
3014 2262 3189 2337 fides,
3220 2262 3317 2323 in-

1754 2355 1956 2419 veniri
1984 2362 2241 2434 possunt
2258 2354 2471 2417 multae
2500 2372 2775 2433 personas
2804 2354 3149 2433 singulares
3172 2373 3314 2435 quse

1755 2447 1914 2508 nihil
1941 2447 2029 2529 de,
2046 2447 2169 2509 fide
2204 2448 2555 2509 andierunt.
2590 2449 2671 2509 De
2700 2449 2817 2509 1100
2842 2466 2990 2526 ergo
3013 2447 3175 2508 facto
3204 2448 3319 2508 du-

1753 2540 1940 2603 bitari
1968 2558 2095 2600 non
2122 2546 2343 2619 potest,
2376 2547 2437 2601 et
2465 2540 2529 2601 id
2558 2540 2735 2601 nobis
2766 2542 2915 2601 satis
2950 2547 3065 2601 est.
3094 2542 3162 2601 In
3188 2547 3319 2602 ter-

1756 2633 1844 2694 tio
1883 2639 1945 2695 et
1996 2633 2199 2695 medio
2244 2633 2463 2694 ordine
2516 2641 2777 2713 possunt
2822 2652 2952 2695 esse
2996 2634 3318 2709 infideles„

1755 2728 1862 2804 qui
1896 2726 1973 2787 de
2002 2725 2335 2787 christiana
2370 2726 2491 2786 fide
2530 2726 2771 2804 aliquid
2816 2727 3173 2801 audierunt,
3220 2728 3323 2789 vel

1751 2837 1862 2899 per
1887 2818 2123 2879 famam
2164 2825 2222 2879 et
2274 2836 2589 2879 rumorem
2617 2863 2636 2892 ,
2687 2819 2784 2880 vel
2826 2838 2937 2899 per
2983 2820 3320 2899 aliqualem

1752 2912 2255 2991 praedicationem
2286 2956 2303 2985 ,
2352 2930 2477 2971 non
2523 2917 2733 2973 tamen
2778 2913 3211 2987 sufficientem,
3249 2919 3321 2973 nt

1754 3007 1918 3065 inter
1969 3007 2199 3066 Turcas
2246 3011 2309 3065 et
2350 3006 2683 3067 Saracenos
2706 3051 2725 3080 ,
2758 3012 2821 3065 et
2868 3007 2935 3065 in
2982 3007 3317 3085 provinciis

1755 3098 1969 3173 Indiae,
1997 3096 2246 3177 quando
2288 3097 2353 3156 in
2406 3098 2493 3157 eis
2536 3098 2725 3177 eoepit
2772 3097 3095 3177 praedieari
3142 3097 3318 3174 fides,

1757 3190 1936 3251 facile
1964 3190 2231 3249 inveniri
2259 3190 2478 3268 potuit.

1839 3289 1896 3347 7.
1941 3285 2167 3349 Prima
2192 3286 2471 3348 assertio:
2522 3285 2937 3364 infidelitatem
2976 3286 3321 3366 montivam

1748 3379 1881 3441 sino
1930 3380 2111 3459 eulpa
2152 3380 2365 3441 hahent
2400 3378 2467 3439 1ιί
2501 3378 2609 3458 qui
2660 3380 2727 3439 de
2758 3378 2877 3451 fide
2922 3377 3079 3439 nihil
3112 3380 3318 3441 audie-

1747 3477 1917 3535 ruut.
1951 3504 2027 3517 —
2056 3472 2201 3533 Dico
2228 3489 2377 3549 ergo
2406 3470 2630 3549 prim0,
2663 3470 2731 3530 in
2768 3469 2891 3529 illis
2937 3470 3315 3545 infidelihnS,

1749 3569 1856 3646 qui
1885 3566 2130 3626 nullum
2156 3565 2411 3625 omnino
2442 3564 2730 3625 auditum
2776 3562 3131 3625 sensibilem
3168 3562 3315 3623 fidei

1749 3660 2105 3721 habuerunt
2125 3703 2144 3732 ,
2184 3657 2615 3719 infidelitatem
2664 3674 2791 3717 esse
2841 3657 3223 3733 negativam,
3256 3661 3319 3717 et

1752 3770 1893 3815 curn
1937 3751 2331 3812 excusatione
2360 3768 2399 3809 a
2431 3748 2634 3828 culpa,
2667 3747 3035 3826 regulariter
3062 3754 3125 3809 et
3154 3748 3320 3809 ordi-

1753 3846 1930 3907 narie
1967 3844 2301 3923 loquendo,
2332 3861 2441 3905 seu
2486 3848 2790 3922 quantum
2841 3860 2917 3901 ex
2964 3842 3101 3919 lege
3152 3860 3321 3901 eom·

1755 3940 1934 4000 muni
1974 3937 2152 3999 nobis
2190 3942 2474 3997 constare
2510 3940 2733 4015 potest.
2772 3934 3074 3995 Probatur
3114 3934 3318 4013 primo

1754 4048 1832 4091 ex
1857 4030 2063 4091 verbis
2088 4028 2339 4103 Christi,
2364 4029 2546 4089 Joan.
2581 4029 2657 4089 15
2682 4044 2699 4087 ε
2735 4026 2817 4091 Si
2838 4044 2959 4089 non
2996 4029 3309 4099 venissem,

1752 4130 1812 4187 et
1845 4125 2081 4187 locutus
2110 4124 2196 4185 eis
2216 4125 2496 4203 fuissem,
2520 4126 2831 4202 peecatum
2854 4137 2975 4181 non
3000 4121 3320 4190 haberent,-

1753 4235 1894 4295 qnae
1943 4215 2133 4277 verba
2173 4214 2555 4293 Augustinus
2597 4214 2687 4275 ibi
2713 4257 2732 4286 ,
2792 4219 3033 4273 tractat.
3078 4214 3157 4273 89
3180 4257 3199 4285 ,
3238 4212 3317 4272 de

1753 4315 2008 4389 peceato
2049 4307 2432 4369 infidelitatis
2458 4308 2678 4369 merito
2705 4307 3172 4385 interpretatur.
3200 4306 3316 4365 Ne-

1754 4422 1874 4483 que
1905 4402 2073 4463 enim
2120 4401 2325 4462 dicere
2361 4400 2565 4480 potnit
2592 4398 2863 4461 Christus
2906 4398 3149 4459 Judoeos
3180 4397 3318 4458 uul-

1753 4497 1887 4557 lum
1929 4495 2189 4555 omnino
2233 4492 2555 4555 habituros
2609 4490 2798 4552 fuisse
2845 4498 3165 4570 peoeatum
3193 4534 3211 4563 ,
3267 4490 3319 4549 51

1752 4590 1885 4669 ipse
1931 4588 2021 4648 eis
2063 4604 2189 4647 non
2240 4586 2669 4663 111-051110055οη
2724 4583 2999 4663 loquitur
3050 4599 3199 4661 ergo
3241 4582 3319 4643 de

1754 4682 1963 4761 aliquo
2010 4679 2259 4759 speciali
2299 4684 2569 4757 peceato,
2601 4677 2765 4757 quod
2794 4695 2920 4737 non
2948 4681 3148 4755 potest
3189 4694 3322 4737 esse

1754 4774 1928 4835 alind
1960 4774 2082 4835 nisi
2118 4771 2526 4833 infidelitatis.
2556 4770 2731 4833 Unde
2769 4770 2957 4829 etiam
2996 4775 3161 4831 reete
3196 4767 3320 4829 eol-

1753 4867 1896 4946 ligit
1949 4864 2337 4943 Augustinus
2396 4862 2680 4941 regulam
2741 4862 2908 4923 illam
2967 4861 3321 4941 generalem

1758 4978 1890 5021 esse
1954 4957 2247 5020 omnibus
2316 4955 2677 5017 hominihus
2700 5000 2721 5031 ,
2772 4953 3001 5034 quibus
3052 4954 3325 5016 Christus

1754 5070 1882 5114 non
1907 5050 2296 5131 praedicavit,
2317 5048 2417 5109 vel
2432 5066 2541 5127 per
2568 5065 2654 5123 se,
2685 5047 2781 5109 vel
2812 5066 2923 5125 per
2949 5047 3316 5121 Ecclesiam3

1755 5162 1904 5223 ergo
1954 5144 2045 5205 illi
2076 5142 2535 5203 excusationem
2568 5140 2797 5201 habent
2826 5139 2903 5199 de
2951 5145 3200 5217 peceato
3228 5139 3325 5199 in-

1752 5236 2087 5299 fidelitatis.
2122 5236 2201 5297 Et
2238 5234 2523 5295 eamdem
2562 5232 2911 5295 doctrinam
2959 5231 3145 5292 hahet
3195 5236 3321 5291 Au-

1755 5332 2063 5410 gustinus,
2104 5326 2347 5409 epistol.
2373 5328 2491 5389 115
2520 5326 2599 5385 ad
2642 5325 2911 5399 Sixtum,
2944 5340 3081 5403 quae
3125 5327 3325 5401 potest

1754 5422 2109 5486 confirmari
2148 5439 2226 5483 ex
2253 5419 2536 5497 allegatis
2568 5417 2773 5479 verbis
2815 5406 3011 5493 Pauli,
3036 5415 3114 5476 ad
3139 5416 3317 5476 Rom.

1758 5521 1864 5580 10:
1901 5516 2195 5591 Quomodo
2238 5514 2477 5577 credent
2528 5512 2660 5575 sine
2714 5508 3129 5590 praedicante?
3180 5505 3317 5587 qui-
