3900 6217
662 355 833 410 SECT.
867 356 951 408 vl.
984 355 1199 409 UTRUH
1230 355 1327 408 SlT
1361 353 1607 418 ALJQmS
1638 355 1903 410 malms
1934 353 2318 417 morasus,
2353 356 2434 410 m·
2463 355 2688 420 (maus
2719 356 2835 412 SIT.

210 465 419 536 tionem,
439 453 851 540 specierumve
870 455 1268 532 infusionem,
1292 459 1403 516 aut
1430 473 1541 534 per
1582 473 1699 517 no·

208 573 323 619 vum
342 570 504 614 usum
524 550 941 630 antiquarum,
962 549 1174 612 divino
1190 547 1423 610 auxilio
1441 549 1696 626 factum,

206 668 301 732 quo
320 643 641 708 ostenditur
660 643 779 704 hoc
802 642 899 706 vel
928 642 1075 705 illud
1110 641 1335 704 talibus
1368 640 1563 719 signis
1604 660 1701 703 re·

206 740 505 824 praesentari
534 754 549 798 ε
578 737 737 798 sieut
770 737 934 800 inter
958 735 1240 798 homines
1267 736 1441 798 aliud
1470 740 1563 796 est
1590 753 1701 796 au-

204 836 305 898 dire
348 829 714 912 parabolam,
760 830 933 892 aliud
985 829 1561 910 interpretationem
1608 829 1701 910 ip·

206 930 302 990 sius
311 942 330 1003 3
352 924 509 986 aliud
546 922 813 1002 denique
841 923 1067 988 sentire
1114 941 1247 984 rem
1292 941 1403 1002 per
1446 922 1700 1000 parabo-

202 1023 295 1083 lam
314 1014 723 1096 significatam,
750 1034 879 1078 esse
909 1033 1141 1078 veram.
1166 1016 1320 1078 Nam
1346 1015 1472 1076 duo
1496 1016 1745 1116 priora·

200 1133 284 1193 per
302 1111 473 1172 solam
512 1109 1063 1188 apprehensionem
1104 1108 1287 1183 fiunt,
1337 1109 1589 1170 tertium
1634 1109 1702 1170 in

194 1205 383 1286 judicio
404 1202 693 1266 consistit.
734 1203 962 1267 Verum
990 1207 1083 1264 est
1112 1202 1363 1280 quidem
1387 1203 1455 1264 in
1482 1219 1702 1265 secun·

196 1301 257 1360 do
280 1316 429 1378 posse
456 1297 641 1358 etiam
668 1293 993 1359 admisceri
1028 1295 1360 1374 judicium,
1394 1295 1702 1358 credendo

194 1393 381 1456 scilicet
408 1389 943 1470 significationem,
982 1408 1089 1452 seu
1124 1389 1701 1470 interpretationem

192 1486 381 1557 datam,
404 1501 529 1546 esse
564 1501 782 1547 veram
814 1504 830 1543 ε
863 1483 983 1544 hoc
1022 1488 1251 1557 tamen,
1292 1483 1439 1564 quia
1466 1483 1535 1545 in
1562 1500 1703 1563 pro-

189 1579 391 1660 phetica
414 1574 789 1640 revelatione
812 1575 1049 1638 nullam
1064 1573 1253 1639 habet
1278 1574 1701 1638 difficultatem

190 1672 497 1732 distinctam
525 1668 611 1733 ab
646 1689 720 1732 ea
754 1689 891 1750 quie
928 1669 1115 1732 estin
1140 1668 1377 1748 judicio
1422 1668 1500 1730 de
1545 1669 1703 1734 veri-

190 1771 285 1828 tate
306 1766 562 1844 ipsarum
608 1781 845 1840 rerum,
874 1771 1011 1826 tum
1050 1765 1237 1826 etiam
1282 1763 1429 1844 quia
1463 1767 1703 1828 utrum·

190 1876 281 1938 que
301 1857 497 1920 eadem
524 1858 773 1920 ratione
808 1857 1149 1937 eodemque
1190 1857 1549 1924 testimonio
1576 1876 1705 1920 cre·

190 1951 413 2014 dandum
429 1958 521 2014 est
534 1995 555 2026 ,
584 1952 733 2014 ideo
752 1971 882 2016 uno
901 1952 1137 2014 lumine
1158 1951 1497 2031 perficitur,
1516 1958 1704 2032 atque

190 2047 327 2116 adeo,
348 2045 601 2108 unicum
628 2051 873 2108 tantum
897 2045 1349 2108 admittendum
1372 2051 1464 2106 cst
1490 2045 1567 2108 ad
1601 2063 1703 2106 eo·

192 2141 483 2218 gnitionem
525 2146 592 2201 et
622 2139 933 2218 judicium
978 2137 1408 2218 propheticum
1450 2138 1706 2218 requisi-

192 2239 291 2294 tum
309 2239 324 2272 ¹
338 2256 357 2309 3
380 2232 822 2314 probabileque
848 2239 939 2294 est
960 2232 1079 2294 tale
1104 2232 1317 2294 lumen
1342 2231 1705 2311 qualitatem

190 2325 765 2388 esseintellectualem
782 2326 861 2386 ab
880 2326 1013 2406 ipsa
1025 2324 1252 2387 actuali
1271 2325 1621 2404 cognitione
1640 2331 1703 2388 et

186 2419 367 2498 judicio
385 2419 771 2493 distinctam,
794 2426 1093 2498 tauquam
1124 2418 1498 2498 principium
1528 2420 1700 2497 ejus:

190 2512 301 2591 quia
328 2513 515 2573 omnis
558 2519 748 2574 actus
786 2511 1271 2593 supernaturalis
1316 2511 1577 2590 requirit
1626 2529 1705 2574 ex

190 2612 321 2685 parte
344 2606 635 2686 potentias
670 2605 887 2670 lumen
924 2611 987 2671 et
1026 2605 1400 2686 principium
1432 2604 1551 2666 sibi
1594 2622 1704 2668 ac-

192 2700 613 2774 commodatum,
662 2717 702 2762 a
732 2717 857 2780 quo
880 2700 1191 2780 procedat,
1234 2705 1305 2760 ut
1346 2705 1585 2762 constat
1606 2698 1704 2762 in·

194 2791 413 2856 ductione
433 2793 849 2874 generalique
882 2794 1121 2854 ratione
1148 2790 1577 2872 hujuscemodi
1602 2809 1701 2854 ac·

204 2891 347 2947 tuum.
383 2886 549 2960 Quod
595 2887 781 2952 haud
814 2887 1001 2948 dubie
1039 2905 1259 2948 verum
1286 2891 1403 2961 est,
1450 2885 1700 2966 quando

215 2977 423 3042 melmin
445 2980 823 3062 prophetica
846 2979 919 3042 fit
952 2980 1203 3042 evidens
1226 3001 1243 3056 ς
1278 2979 1528 3060 quaudo
1554 2997 1699 3042 vero

214 3070 387 3134 obsmre
416 3073 511 3151 fit,
556 3079 1018 3155 consequenter
1054 3073 1383 3135 dicendum
1420 3071 1573 3136 illud
1606 3072 1700 3135 lu·

206 3181 303 3226 nea
320 3185 421 3228 non
448 3185 583 3232 esse
610 3167 983 3230 distinctum
1010 3165 1091 3230 ab
1116 3165 1529 3242 habitujidei,
1556 3185 1699 3230 cum

192 3256 426 3332 judicium
436 3279 563 3322 uon
582 3259 671 3324 sit
686 3251 893 3340 speci!
904 3259 1262 3324 distinctum
1280 3279 1323 3324 a
1336 3259 1699 3324 credulitate

195 3346 317 3412 fidei.
332 3351 607 3427 Quamvis
630 3352 965 3434 peculiaris
982 3353 1307 3418 difficultas
1325 3371 1455 3418 esse
1468 3359 1699 3434 posset,

192 3443 227 3502 si
244 3449 607 3526 contingeret,
647 3446 759 3509 vel
792 3445 1169 3528 fingeremus
1202 3465 1341 3512 eam
1378 3447 1699 3510 revelatio-

188 3551 293 3598 nem
324 3537 743 3620 propheticam
786 3537 926 3604 fieri
956 3539 1197 3602 homini
1232 3539 1515 3604 habitum
1553 3539 1701 3602 fidei

186 3627 409 3692 nondum
432 3631 731 3710 habeam
757 3639 905 3695 tunc
926 3634 1096 3696 enim
1121 3651 1399 3698 assensus
1421 3633 1586 3694 illius
1609 3649 1701 3696 es·

186 3727 249 3784 set
272 3725 483 3802 primus
508 3733 693 3790 actus
725 3728 1232 3808 supernaturalis,
1249 3727 1355 3808 qui
1366 3728 1547 3807 juxta
1556 3726 1698 3817 docff

186 3816 365 3879 trinam
388 3819 539 3882 alias
579 3821 831 3897 datam,
875 3839 1003 3882 non
1038 3821 1315 3902 procedit
1354 3820 1435 3882 ah
1474 3820 1695 3882 habitu

184 3925 339 3989 noque
360 3931 397 3976 a
416 3914 724 3995 qualitate
750 3914 953 3976 infusa
982 3916 1273 3995 potentiae
1296 3934 1405 3996 per
1432 3915 1693 3978 modum

184 4008 313 4064 settis
348 4009 551 4084 primi,
600 4007 717 4070 sed
766 4008 1123 4072 immediate
1162 4025 1201 4070 a
1230 4009 1508 4090 potentia
1550 4025 1695 4070 cum

184 4097 383 4162 auxilio.
418 4101 769 4167 Dicendum
794 4108 1005 4166 tamen
1048 4108 1163 4178 est,
1192 4104 1245 4164 si
1284 4101 1579 4164 revelatio
1614 4102 1697 4164 sit

184 4191 381 4254 evidens
401 4239 423 4270 ,
478 4197 729 4262 nullam
780 4216 912 4260 esse
964 4197 1391 4260 difficultatem
1417 4243 1439 4274 ,
1492 4205 1697 4278 posset

184 4283 311 4346 enim
332 4287 433 4350 ille
452 4291 703 4371 primus
726 4297 901 4354 actus
930 4291 1263 4372 procedere
1284 4311 1323 4353 a
1356 4291 1595 4354 lumine
1634 4298 1697 4356 et

182 4377 408 4444 claritate
428 4384 661 4448 infusa.
696 4383 859 4448 Nam
882 4385 1049 4466 quod
1074 4385 1315 4466 primus
1345 4390 1519 4448 actus
1556 4403 1698 4465 pro-

184 4469 318 4533 cedat
333 4474 407 4536 ab
420 4475 670 4555 habitu,
694 4477 1006 4540 credimus
1022 4496 1373 4560 repugnare
1402 4477 1601 4540 solum
1629 4478 1696 4541 in

184 4565 393 4642 actibus,
418 4569 525 4650 qui
554 4575 711 4632 sunt
732 4569 1161 4650 dispositiones
1178 4571 1489 4652 adipsum
1518 4569 1697 4634 habi·-

184 4661 307 4720 tum.
330 4661 403 4723 At
416 4681 561 4725 vero
589 4663 721 4725 tale
741 4663 1049 4743 judicium
1076 4683 1221 4727 cum
1240 4671 1397 4728 esset
1418 4664 1692 4742 evidens,

186 4762 307 4813 esset
328 4773 561 4836 quoque
606 4763 785 4818 actus
808 4759 1211 4836 necessarius,
1244 4757 1413 4820 uude
1450 4777 1564 4838 per
1600 4757 1697 4820 lu-

187 4859 299 4906 men
318 4849 583 4912 infusum
608 4865 817 4932 posset
842 4852 1205 4914 necessitari
1232 4851 1581 4916 intellectus
1616 4852 1697 4916 ad

188 4934 501 5006 eliciendum
528 4944 739 5008 illum.
770 4947 837 5008 Si
866 4963 1013 5011 vero
1042 4947 1337 5010 revelatio
1372 4953 1531 5010 esset
1556 4947 1695 5008 ohs-

193 5045 323 5108 wra,
344 5039 581 5102 concedi
626 5047 833 5121 posset
854 5040 1037 5102 illum
1064 5040 1337 5121 primum
1376 5057 1696 5104 assensum

196 5139 289 5186 uon
307 5145 419 5191 esse
441 5150 479 5194 a
510 5133 783 5210 lumine,
814 5135 977 5214 quod
1022 5136 1101 5195 sit
1136 5132 1475 5199 habitualis
1501 5133 1697 5213 quali·-

85 5227 87 5230 ’
196 5219 283 5290 ¹³³,
302 5221 393 5284 scd
418 5223 497 5286 ab
530 5227 769 5288 auxilio
796 5227 903 5288 Dei
922 5225 1174 5303 actuali,
1220 5225 1343 5288 nisi
1366 5225 1507 5306 quis
1532 5225 1701 5288 dieat

200 5316 305 5371 ante
326 5313 465 5378 illud
482 5319 813 5395 judicium,
836 5326 1063 5382 natura
1082 5318 1299 5386 saltem
1303 5362 1328 5396 ,
1354 5319 1699 5402 praecedere

262 5495 721 5584 'Gonnledisp
746 5502 921 5569 seda
951 5504 1255 5570 meai-nat.

3225 355 3346 417 239

1782 454 2160 518 voluntatem
2205 456 2605 533 assentiendi,
2646 475 2786 536 quse
2827 474 2954 520 uon
3001 457 3082 520 ab
3127 457 3346 522 habitu

1781 557 1895 624 est,
1920 547 2030 610 sed
2065 549 2144 610 ab
2167 548 2424 625 auxilio,
2455 556 2590 629 post
2621 569 2812 630 quam
2831 551 3042 614 statim
3069 551 3348 614 infundi·

1782 649 1884 702 tur
1912 641 2256 704 intellectui
2301 643 2516 706 lumen
2555 663 2872 708 assensum
2909 643 3182 708 eliciens.
3215 645 3346 708 Hoc

1782 735 1952 796 enim
1983 736 2060 796 de
2097 741 2240 796 actu
2285 735 2434 798 fidei
2477 736 2598 798 dici
2641 756 2838 818 posse,
2872 737 2941 800 in
2982 739 3242 800 materia
3267 737 3347 802 de

1780 827 1992 890 Gratia
2030 828 2304 891 diximus
2335 836 2378 890 ¹.

1860 925 1919 986 5.
1948 922 2230 986 Secunda
2250 943 2406 1006 pars
2423 926 2772 1006 quoestionis
2789 953 2813 988 .·
2839 944 2920 989 aa
2943 926 3240 1008 requisita
3267 926 3349 990 ad

1776 1017 2184 1099 prophetiam,
2215 1019 2432 1082 ἀσκέειν
2458 1025 2898 1099 permanenter.
2923 1051 3008 1066 —
3037 1020 3104 1082 ln
3131 1037 3347 1082 secun-

1781 1110 1861 1170 da
1888 1116 2065 1190 parte
2103 1112 2492 1190 quaestionis,
2522 1112 2872 1176 communis
2907 1112 3212 1176 sententia
3252 1131 3346 1182 es,-

1780 1221 1845 1266 se
1890 1203 2158 1282 videtur,
2185 1205 2344 1267 nihil
2388 1224 2604 1268 eorum
2639 1225 2777 1287 quae
2815 1205 3040 1271 dantur
3075 1204 3345 1287 prophe-

1781 1303 1859 1360 1ae
1888 1297 1972 1362 ad
2015 1298 2382 1362 eliciendum
2415 1307 2648 1377 actum,
2695 1300 2921 1364 durare
2960 1301 3028 1362 in
3068 1299 3176 1362 illo
3223 1300 3344 1364 nisi

1780 1391 2060 1470 quandiu
2113 1391 2296 1455 durat
2339 1393 2598 1456 actualis
2637 1393 2956 1468 revelatio,
2987 1399 3174 1473 atque
3207 1393 3344 1456 ideo

1782 1484 1919 1546 dari
1945 1491 2194 1548 tantum
2223 1504 2330 1566 per
2370 1485 2626 1549 modum
2670 1485 3072 1552 transeuntis.
3117 1487 3207 1549 lta
3253 1485 3340 1547 di·

1784 1597 1898 1640 vus
1931 1578 2222 1650 Thomas,
2255 1598 2316 1660 q.
2347 1581 2486 1654 171,
2517 1587 2636 1642 art.
2674 1581 2714 1640 2
2743 1579 2998 1652 3favent
3017 1571 3347 1658 Gregorius

1784 1677 1847 1733 et
1874 1671 2288 1751 Hieronymus
2315 1671 2481 1734 infra
2502 1671 2757 1732 citandi.
2780 1672 3196 1750 Congruentia
3219 1690 3350 1736 esse

1784 1771 2007 1844 potest,
2041 1765 2214 1844 quia,
2241 1783 2384 1828 eum
2413 1765 2740 1846 prophetia
2771 1765 2954 1826 detur
2979 1765 3180 1828 solum
3211 1785 3350 1846 pro-

1784 1863 1921 1936 pter
1948 1857 2216 1923 aliorum
2251 1858 2612 1934 utilitatem,
2642 1877 2718 1921 ea
2765 1857 3158 1922 solummodo
3197 1857 3350 1920 dan·

1782 1955 1887 2011 tur
1916 1969 2054 2030 quse
2103 1950 2250 2012 huic
2299 1949 2414 2013 fini
2445 1953 2790 2016 necessaria
2837 1958 3000 2014 suut.
3039 1951 3127 2012 Ad
3177 1951 3348 2014 hunc

1784 2050 1998 2106 autem
2042 2043 2232 2106 finem
2281 2045 2506 2107 sufficit
2545 2064 2907 2122 cognoscere
2949 2063 3088 2124 quse
3127 2045 3346 2124 praedi=

1786 2137 1982 2200 eenda
2017 2147 2185 2200 sunt.
2217 2139 2356 2200 Alia
2385 2139 2584 2200 multa
2609 2139 2816 2204 afferri
2848 2147 2912 2202 et
2941 2139 3118 2202 citari
3147 2138 3348 2202 solent

1784 2230 1851 2292 in
1896 2230 2434 2294 confirmationem
2465 2231 2652 2312 hujus
2683 2234 3024 2309 sententiae,
3065 2251 3203 2314 quoe
3233 2232 3348 2296 hoc

1784 2343 1998 2386 revera
2022 2345 2150 2388 uon
2181 2325 2478 2404 probant,
2501 2327 2606 2388 sed
2632 2327 2948 2408 quippiam
2972 2326 3140 2388 aliud
3169 2325 3347 2390 valde

1783 2417 2167 2482 distinctum.
2186 2419 2266 2482 Ut
2287 2437 2436 2498 ergo
2459 2419 2622 2482 hanc
2639 2427 2700 2482 et
2727 2421 2974 2484 tertiam
2993 2421 3347 2499 quaestionis

1782 2517 2022 2592 partem
2045 2513 2448 2588 resolvamus,
2474 2511 2924 2576 advertendum
2947 2513 3184 2577 duobus
3213 2531 3344 2574 mo·

1783 2605 1878 2666 dis
1900 2605 2170 2684 intelligi
2213 2605 2553 2686 prophetiae
2575 2604 2812 2668 donum
2840 2624 2970 2670 esse
2999 2604 3340 2671 habituale.

1781 2699 2025 2774 Primo,
2065 2698 2155 2762 ut*
2167 2701 2246 2762 sit
2301 2695 2536 2762 do'num
2581 2716 2974 2782 permanens,
3024 2717 3150 2780 quo
3198 2701 3344 2764 Pro·

1778 2790 1984 2872 phetoe
2011 2791 2280 2855 liberum
2301 2796 2404 2870 sit,
2435 2793 2684 2873 quando
2714 2801 2778 2856 et
2797 2793 3109 2872 quomodo
3137 2793 3345 2856 volue-

1776 2885 1885 2959 rit,
1918 2885 2156 2948 occulta
2187 2903 2558 2964 cognoscere
2575 2905 2648 2950 ac
2677 2887 3025 2967 predicere.
3057 2885 3343 2953 Secundo

1778 2977 1904 3040 dici
1948 2985 2152 3058 potest
2194 2979 2535 3056 habituale,
2585 2983 2732 3060 quia
2777 2981 2846 3042 in
2891 2977 3111 3044 ordine
3153 2981 3234 3043 ad
3278 2979 3340 3042 id

1777 3072 1945 3152 quod
1971 3072 2164 3136 semel
2179 3073 2524 3136 revelatum
2549 3081 2664 3148 est,
2699 3079 3044 3154 permanet.

1858 3167 1920 3227 6.
1954 3165 2175 3232 Prima
2199 3168 2458 3232 assertio
2479 3168 2549 3232 ds
2569 3167 2709 3247 fidu
2735 3167 2901 3232 circa
2929 3165 3085 3233 hanc
3101 3173 3342 3247 partem

1776 3259 2044 3324 secunda
2066 3260 2539 3342 quaeuiouis.-
2553 3260 2866 3326 Probatur
2885 3277 2960 3324 m
2981 3259 3336 3340 Scriptum.

1774 3383 1857 3400 -
1880 3351 2028 3416 Dico
2065 3352 2270 3433 primo
2299 3374 2314 3414 :
2348 3353 2416 3416 iu
2451 3358 2753 3434 potestate
2795 3352 3111 3434 prophetoe
3148 3355 3342 3419 situm

1778 3463 1906 3509 non
1944 3453 2040 3509 est
2081 3446 2323 3510 occulta
2349 3446 2564 3509 omnia
2601 3463 2968 3526 cognoscere
3018 3452 3082 3512 et
3121 3445 3342 3526 praedi·

1778 3557 1913 3602 cere
1946 3557 2091 3602 cum
2111 3538 2398 3604 voluerit.
2425 3539 2530 3604 Est
2553 3543 2720 3606 certa
2749 3537 3058 3608 conclusio
3085 3537 3162 3604 de
3189 3537 3338 3618 fide,

1778 3651 2044 3712 eamque
2081 3631 2352 3696 intendit
2389 3631 2568 3699 divus
2609 3631 2880 3700 Thomas
2909 3632 2974 3694 in
3003 3629 3110 3696 illo
3151 3639 3270 3698 art.
3301 3635 3340 3696 2

1777 3725 2134 3806 quaestionis
2200 3726 2308 3788 171
2333 3747 2352 3802 3
2404 3725 2845 3806 Hieronymus,
2903 3724 3188 3808 epistola·
3227 3729 3340 3796 125

1775 3819 1993 3882 Trium
2027 3819 2452 3892 Quaestionum
2493 3818 2575 3884 ad
2621 3819 2977 3896 Damasum,
3023 3835 3086 3900 q.
3131 3822 3193 3898 3,
3232 3820 3342 3884 ubi

1775 3912 1975 3974 multa
2037 3911 2368 3991 Scripturas
2433 3910 2570 3974 loca
2629 3915 2914 3991 congerit
2940 3958 2962 3990 ‚
3019 3919 3084 3976 et
3133 3913 3340 3980 solum

1774 4004 2086 4070 Christum
2113 4004 2450 4070 Dominum
2473 4005 2724 4086 excipit,
2749 4025 2823 4072 ac
2856 4007 3098 4072 merit0.
3133 4009 3342 4074 Posse·

1774 4097 1867 4160 dit
1897 4099 2068 4162 enim
2095 4097 2301 4161 altiori
2329 4099 2514 4162 modo
2543 4099 2880 4180 prophetico
2903 4078 3142 4165 donuln
3157 4092 3340 4164 habi·

1775 4190 2054 4254 tualiter.
2098 4191 2268 4256 Idem
2301 4192 2514 4256 scribit
2541 4191 2830 4262 deremiae
2852 4193 2952 4270 28,
2983 4191 3200 4257 Ezech.
3233 4196 3338 4272 35,

1778 4284 1911 4360 ubi,
1960 4285 2310 4366 ponderans
2365 4285 2520 4350 illud
2567 4285 2750 4350 Joan.
2801 4287 2833 4348 1
2869 4305 2885 4350 ε
2919 4279 3130 4367 διψᾶν
3163 4305 3338 4372 quom

1776 4377 2000 4443 videris
2045 4381 2342 4464 spiritum
2395 4379 2829 4449 descendentem
2875 4385 2932 4444 et
2979 4386 3334 4458 maumam,

1776 4471 1956 4534 docet
1983 4474 2301 4552 proprium
2339 4471 2526 4534 sum
2571 4470 2800 4537 Christi
2841 4471 3074 4542 habere
3121 4491 3338 4540 omnes

1776 4565 2006 4646 gratias
2046 4564 2308 4643 Spiritus
2363 4565 2572 4627 Sancti
2593 4608 2617 4641 ,
2664 4584 2738 4628 ac
2791 4565 3180 4648 prophetiam
3229 4586 3340 4648 per

1775 4658 2030 4720 modum
2058 4656 2330 4722 habitus.
2371 4658 2454 4720 At
2491 4658 2558 4720 in
2585 4658 2724 4721 aliis
2751 4659 2953 4722 solum
2985 4669 3243 4727 manent
3265 4679 3340 4725 ea

1775 4753 1941 4816 dona
1969 4770 2106 4834 quse
2129 4753 2210 4816 ad
2233 4752 2376 4815 vitm
2397 4755 2786 4817 sanctitatem
2806 4755 3142 4826 necessaria
3165 4761 3336 4821 sunt.

1776 4847 2096 4922 Quomodo
2123 4847 2306 4910 Joan.
2353 4849 2430 4910 14
2457 4847 2686 4910 dicitur
2721 4861 2739 4910 2
2768 4847 2958 4930 Apud
2993 4865 3114 4914 vos·
3136 4868 3340 4916 mane·-

1776 4941 1860 5004 bic
1886 4947 1940 5006 ct
1967 4940 2034 5004 in
2057 4938 2224 5004 vobis
2249 4940 2387 5008 ortt.
2431 4939 2602 5003 Idem
2639 4939 2830 5004 habet
2857 4941 3212 5022 Gregorius,
3246 4961 3340 5008 se·

1776 5033 1976 5095 cundo
2017 5031 2370 5110 Moralium,
2405 5034 2604 5114 capite
2649 5034 2896 5109 ultimo,
2934 5041 2998 5098 et
3045 5035 3262 5098 homil.
3300 5041 3330 5100 1

1776 5129 1843 5189 in
1870 5126 2200 5204 Ezechiel.;
2249 5126 2686 5204 OEcum'eniuS,
2727 5127 2808 5190 ad
2855 5127 3130 5194 Thessal.
3172 5131 3237 5206 2,
3276 5134 3340 5191 et

1776 5227 1949 5302 patet
1998 5219 2268 5287 breviter
2303 5239 2382 5287 cx
2425 5219 2742 5289 nonnullis
2783 5221 3118 5302 Scripturas
3145 5220 3334 5285 locis:

1778 5504 1799 5565 1
1848 5409 2192 5567 gilabegur
2219 5409 2808 5490 jaml.2deGrat.,
2841 5427 2897 5472 c.
2931 5412 3246 5487 5,an.9,
3277 5419 3340 5476 et

1805 5551 1821 5568 .
1890 5523 1992 5580 ,c.
2028 5509 2126 5566 1..
2869 5561 2876 5568 .
