3900 6217
889 387 1062 443 SECT.
1096 388 1136 441 1.
1170 387 1254 441 AN
1286 386 1466 439 rim-:s
1495 386 1596 441 Sl'r
1625 386 1865 441 numm!
1897 387 2325 443 Nsscssssanluu
2361 390 2447 443 Al)
2478 390 2784 445 SALUTEM.

231 508 368 571 cap.
396 489 694 570 Μῄονα,
725 488 805 549 de
848 487 1184 567 Baptismo.
1223 486 1346 549 Sed
1387 504 1516 547 non
1557 491 1649 547 est
1684 484 1790 546 ad-

231 584 534 645 mittenda
577 582 874 645 restrictio
917 580 1278 660 simpliciter
1323 578 1635 660 loquendo
1655 626 1671 651 ,
1722 584 1792 639 ut

231 679 498 739 sumitur
521 696 598 740 ex
629 678 914 738 doctrina
938 675 1298 753 AugustinI,
1327 673 1438 735 lib.
1467 678 1495 734 4
1535 674 1612 735 de
1639 674 1791 736 Pec-

231 778 506 833 catorum
547 771 786 832 meritis
813 776 875 833 et
913 769 1298 843 remissione,
1341 786 1477 848 cap.
1513 771 1624 847 193
1656 774 1790 829 tum

231 866 374 943 quia
411 864 600 925 etiam
634 863 902 925 infantes
943 863 1226 940 indigent
1260 862 1502 940 justitia
1541 861 1787 935 Christi,

231 976 366 1037 quae
405 959 542 1019 sine
585 958 710 1019 fide
753 975 885 1019 esse
929 974 1058 1017 non
1103 960 1338 1035 potest3
1385 961 1524 1015 tum
1568 954 1792 1016 deinde

229 1051 376 1130 qnia
421 1051 768 1113 locutiones
819 1051 1154 1128 Scripturae
1203 1048 1580 1109 universales
1619 1054 1788 1123 sunt,

227 1144 394 1227 quod
407 1146 626 1223 justus
651 1162 727 1207 eat
767 1145 879 1225 fide
909 1142 1082 1217 vivit,
1117 1148 1179 1203 et
1211 1140 1443 1203 similes
1475 1158 1491 1202 :
1523 1140 1794 1203 infantes

226 1244 436 1299 autem
469 1238 658 1299 etiam
687 1234 1090 1317 spiritualiter
1113 1235 1320 1297 vivere
1345 1240 1630 1314 possunt3
1656 1240 1794 1295 tum

223 1330 496 1413 denique
519 1336 770 1411 propter
797 1330 920 1392 0110
949 1347 1087 1409 quae
1124 1329 1192 1390 in
1213 1333 1491 1407 sequent.
1523 1333 1674 1389 sect.
1704 1326 1794 1388 la·

223 1425 352 1485 tius
379 1424 738 1487 afferemus.

299 1520 364 1579 4.
423 1519 508 1583 Ut
534 1519 760 1583 Patres
800 1515 995 1598 aliqui
1025 1513 1414 1581 assertionem
1441 1515 1509 1578 de
1542 1515 1797 1594 infauti-

223 1612 332 1675 bus
365 1614 783 1695 κάμακι-
795 1610 1056 1675 Planior
1083 1608 1439 1674 assertionis
1473 1624 1794 1670 seusus.--

223 1705 400 1781 Quod
439 1706 635 1783 igitur
677 1704 758 1765 ad
803 1702 1073 1765 infantes
1117 1703 1362 1777 attinet,
1409 1702 1598 1761 citato
1629 1699 1785 1776 1000,

219 1802 412 1861 etiam
441 1797 584 1859 illos
609 1798 992 1876 Augustinus
1019 1795 1153 1857 vult
1186 1795 1410 1857 salvari
1446 1812 1558 1875 per
1583 1799 1792 1855 actua-

219 1890 348 1953 lem
371 1890 592 1967 fidem,
619 1909 748 1951 non
787 1889 1105 1970 propriam
1143 1895 1206 1951 et
1245 1886 1652 1968 personalem,
1683 1886 1790 1948 sed

217 1992 582 2066 parentum,
611 1983 710 2045 vel
738 2001 980 2059 eorum,
1011 2000 1125 2063 per
1152 2000 1306 2061 quos
1351 1982 1477 2042 Deo
1519 1980 1791 2041 offerun-

217 2088 342 2155 tur,
377 2079 550 2159 quod
579 2079 768 2139 etiam
795 2076 944 2139 alibi
986 2077 1212 2157 passim
1239 2076 1448 2151 docet;
1487 2092 1636 2137 nam
1677 2074 1785 2136 lib.

221 2177 300 2235 to
353 2174 584 2235 Genea.
631 2172 710 2233 ad
749 2172 1047 2247 litteram,
1091 2188 1228 2250 cap.
1278 2172 1398 2232 111
1430 2168 1790 2249 Antequam,

213 2267 452 2346 inquit,
475 2268 686 2344 infans
699 2283 813 2345 per
839 2270 1076 2328 aetatem
1095 2264 1296 2343 possit
1323 2263 1644 2326 seeundum
1670 2262 1792 2344 spi-

209 2363 408 2423 ritum
445 2361 665 2433 vicere,
692 2358 1096 2421 necessarium
1124 2357 1293 2419 habet
1320 2356 1668 2419 mediatoris
1691 2372 1790 2435 ‚sa-

209 2458 620 2527 cti-amentum,
665 2456 737 2515 ut
780 2451 938 2532 quod
969 2468 1081 2529 per
1121 2450 1252 2529 ejus
1305 2449 1486 2525 fidem
1530 2449 1794 2511 nondum

198 2554 427 2628 potest,
471 2564 586 2628 per
631 2564 833 2609 eorum
871 2545 976 2626 qui
1017 2562 1150 2607 eum
1199 2542 1483 2625 ditiquut,
1527 2544 1666 2623 fiat.
1716 2542 1795 2602 Et

203 2660 396 2703 serm.
436 2643 518 2701 14
558 2640 638 2703 de
664 2639 885 2701 Verbis
915 2637 1216 2717 Apostoli,
1248 2656 1383 2717 cap.
1432 2640 1508 2699 18
1555 2659 1568 2697 :
1615 2634 1793 2699 Absit

199 2740 272 2797 ut
297 2754 406 2815 eqo
435 2737 646 2799 dicam
683 2752 802 2797 nou
829 2733 1132 2796 credentes
1166 2729 1433 2809 infantes
1443 2756 1471 2804 ,·
1497 2747 1642 2793 uam
1670 2746 1794 2792 cre-

201 2830 294 2891 dit
322 2828 396 2889 in
417 2828 647 2903 altero,
673 2826 778 2908 qui
795 2826 1070 2907 peccavit
1097 2826 1162 2885 iu
1189 2825 1417 2895 altero,·
1443 2828 1504 2883 et
1527 2840 1658 2901 cap.
1691 2822 1790 2897 19,

205 2922 544 3000 inquirens
579 2918 890 3000 quomodo
926 2918 1184 2979 credant
1211 2916 1504 2991 infantes,
1541 2932 1793 2993 respon-

215 3016 360 3077 det:
413 3012 584 3077 Fide
629 3018 972 3095 pareutum.
1033 3010 1454 3090 Augustinum
1512 3010 1790 3087 sequitur

207 3108 598 3183 Bernartius,
629 3105 868 3187 epistol.
913 3108 1013 3179 77,
1057 3106 1220 3165 circa
1247 3103 1545 3167 medium.
1577 3100 1790 3163 Videri

197 3210 418 3265 tamen
461 3206 673 3282 potest
699 3200 1006 3279 imprimis
1045 3198 1165 3259 hoc
1193 3216 1322 3259 non
1361 3214 1490 3257 esse
1513 3213 1790 3256 necessa-

187 3298 392 3373 rium,
429 3295 596 3374 quia
628 3293 775 3355 licet
799 3298 1084 3373 parentes
1113 3292 1240 3352 sint
1271 3288 1570 3363 infideles,
1603 3293 1664 3349 et
1693 3287 1782 3347 in-

183 3388 334 3450 fans
359 3390 494 3449 rite
515 3388 890 3467 baptizetur,
915 3385 994 3446 ab
1017 3384 1334 3461 haeretico,
1360 3381 1532 3444 verbi
1557 3380 1793 3460 gratia,

183 3482 584 3543 salvabitur.
628 3480 724 3541 Ad
767 3479 887 3541 hoc
927 3495 1072 3539 vero
1118 3478 1298 3556 juxta
1347 3480 1623 3536 mentem
1666 3475 1785 3533 Au

183 3576 444 3651 gustini
469 3572 974 3655 respondendum
994 3577 1108 3647 est,
1128 3576 1278 3631 tunc
1297 3568 1580 3661 sufficere
1599 3566 1786 3627 fidem

183 3670 526 3743 Ecclaeiae,
559 3668 738 3747 cujus
781 3671 1262 3727 sacramentum
1283 3650 1564 3743 parvulo
1589 3658 1788 3739 appli-

184 3768 414 3821 catur·
392 3806 416 3838 ,
444 3760 622 3841 quod
638 3765 848 3819 tamen
873 3776 1001 3819 non
1019 3757 1267 3818 videtur
1289 3754 1618 3829 sufficiens,
1644 3752 1790 3831 qnia

185 3853 358 3914 fides
389 3852 752 3913 necessaria
795 3851 875 3912 ad
920 3849 1184 3910 salutem
1224 3848 1406 3909 dehet
1447 3865 1576 3907 esse
1617 3846 1684 3905 in
1717 3864 1791 3906 eo

185 3948 311 4025 qui
353 3946 670 4022 salvatur,
711 3944 858 4025 quia
885 3950 976 4005 est
1001 3942 1480 4003 fundamentum
1507 3938 1788 4018 justitiae,

188 4049 260 4100 et
303 4040 514 4119 recipi
548 4040 736 4100 debet
763 4040 829 4099 in
853 4056 926 4099 οο
956 4036 1064 4117 (1111
1090 4036 1484 4115 justificatur.
1518 4034 1790 4111 Quapro-

188 4140 339 4212 pter
391 4132 749 4211 expeditior
801 4130 1114 4211 responsio
1163 4134 1286 4205 est,
1338 4126 1614 4207 parvulis
1660 4143 1788 4185 esse

187 4226 630 4287 necessariam
677 4224 890 4299 fidem,
931 4242 1058 4285 non
1105 4221 1436 4295 actualem,
1467 4218 1575 4280 sed
1611 4218 1782 4278 habi·

185 4319 474 4380 tualem.
522 4318 703 4393 Quod
746 4318 956 4379 docuit
999 4314 1391 4376 Innocentius
1437 4312 1550 4387 111,
1601 4312 1786 4372 citato

189 4412 366 4485 1000,
417 4430 630 4491 neque
674 4411 825 4475 facit
871 4417 1088 4471 contra
1135 4414 1409 4468 mentem
1459 4404 1786 4485 Augustini

195 4513 316 4566 aut
337 4503 914 4567 Bernardi:s01um
935 4503 1104 4563 enim
1129 4489 1436 4580 explicare
1459 4498 1789 4559 voluerunt

195 4599 532 4677 quomodo
577 4598 851 4678 parvulis
880 4595 1072 4675 possit
1101 4594 1250 4655 fides
1277 4590 1574 4673 applicari
1602 4596 1663 4651 et
1691 4588 1787 4650 in-

197 4692 420 4768 fundi,
472 4692 720 4752 etiamsi
762 4696 936 4751 actus
982 4687 1130 4749 fidei
1174 4706 1300 4747 non
1349 4686 1473 4746 sint
1509 4702 1782 4763 capaceS,

199 4786 362 4863 quia
399 4782 700 4845 videlicet
735 4788 880 4843 sunt
923 4799 1174 4861 capaces
1217 4776 1588 4840 sacramenti
1615 4774 1786 4851 fidei,

199 4878 378 4958 quod
411 4896 528 4957 per
557 4876 745 4937 fidem
784 4874 1064 4936 Ecclesiae
1105 4872 1203 4933 vel
1241 4876 1570 4951 parentum
1597 4868 1789 4949 appli-

197 4978 414 5032 catur.
457 4970 538 5033 Et
579 4968 669 5030 ita
703 4969 862 5029 ratio
905 4963 1255 5029 assertionis
1295 4964 1362 5025 111
1399 4962 1671 5044 parvulis
1715 4980 1788 5022 00

199 5070 466 5125 tantum
491 5070 611 5138 est,
647 5061 798 5141 quia
825 5060 1110 5138 indigent
1129 5058 1374 5137 justitia
1402 5056 1630 5131 infusa,
1657 5054 1788 5114 sine

202 5176 336 5237 qua
363 5175 564 5219 nemo
589 5155 905 5233 salvatur,
933 5153 1084 5214 fides
1108 5158 1316 5213 autem
1349 5148 1676 5211 habitualis
1698 5152 1790 5208 est

205 5250 394 5330 quasi
447 5269 592 5330 pars
639 5248 829 5329 hujus
877 5247 1164 5328 justitiae,
1211 5248 1390 5326 juxta
1444 5243 1787 5305 doctrinam

209 5344 483 5405 Concilii
509 5342 884 5419 Tridentini,
913 5360 1058 5403 sess
1090 5343 1151 5413 6,
1181 5360 1312 5420 cap.
1349 5343 1408 5402 7.

338 5439 720 5502 ,Probatur
739 5438 883 5515 jam
919 5436 1104 5499 tertia
1149 5434 1402 5498 assertio
1435 5432 1640 5515 posita
1682 5430 1796 5494 du-

211 5534 367 5613 plici
395 5528 1058 5610 παίω-1101001100
1089 5528 1248 5591 ratio
1274 5526 1459 5589 habet
1493 5526 1680 5589 etiam
1707 5524 1796 5585 lo-

543 5655 656 5701 xli.

3317 390 3435 451 337

1871 504 2013 547 cum
2038 486 2105 547 in
2124 486 2353 549 adultis
2376 494 2683 568 quantum
2706 490 2787 551 ad
2808 487 3185 551 habitualem
3208 490 3397 553 fidem
3410 508 3430 570 3

1871 580 2019 660 quia
2068 599 2213 642 vero
2262 581 2509 643 habitus
2551 590 2643 644 est
2685 588 2933 663 propter
2974 589 3203 659 actum,
3256 585 3435 663 cujus

1871 673 2068 733 adulti
2096 674 2229 751 jam
2275 682 2421 737 sunt
2464 694 2739 757 capaces,
2770 677 2909 737 ideo
2952 676 3141 737 etiam
3186 683 3277 738 est
3304 696 3434 738 cer-

1871 773 2031 841 tum,
2072 769 2299 830 adultis
2342 778 2549 831 actum
2581 770 2721 831 tidei
2760 789 2887 831 esse
2916 770 3192 831 medium
3226 789 3435 833 neces·

1871 863 2105 925 sarium
2134 864 2213 924 ad
2242 863 2525 927 salutem.
2556 867 3001 945 Distinguenda
3027 883 3176 926 vero
3204 873 3295 927 est
3322 867 3435 927 du-

1871 956 2015 1037 plex
2046 956 2252 1019 salus:
2281 977 2412 1019 una
2438 960 2729 1021 inchoata
2758 978 2865 1040 per
2888 960 3154 1039 gratiam
3185 959 3323 1037 viae,
3348 959 3438 1021 al-

1873 1058 2008 1111 tera
2040 1064 2491 1125 consummata,
2522 1071 2631 1113 seu
2674 1052 3159 1114 consummanda
3203 1053 3272 1114 111
3306 1054 3437 1131 glo-

1873 1144 1991 1217 ria,
2036 1149 2100 1205 et
2138 1162 2215 1204 ex
2258 1151 2521 1226 utraque
2565 1152 2824 1226 possunt
2868 1146 3125 1207 diversae
3164 1147 3437 1207 rationes

1873 1235 2073 1297 reddi.
2120 1237 2324 1298 Primo
2364 1239 2533 1299 enim
2564 1246 2657 1301 est
2696 1239 2811 1300 hoc
2846 1239 3118 1300 medium
3165 1256 3439 1299 necessa-

1872 1330 2040 1391 rium
2069 1330 2147 1391 ad
2172 1332 2476 1411 justitiam
2514 1334 2985 1413 assequendam,
3016 1333 3163 1411 quia
3191 1332 3441 1393 adultus

1873 1441 2001 1484 non
2030 1425 2425 1503 consequitur
2447 1425 2779 1503 justitiam,
2820 1426 2938 1487 nisi
2970 1444 3082 1505 per
3122 1426 3439 1506 propriam

1873 1516 2337 1595 dispositionem
2352 1540 2371 1594 3
2401 1518 2716 1599 dispositio
2744 1526 2955 1581 autem
2986 1520 3234 1581 fundari
3259 1519 3442 1587 dehet

1873 1609 1942 1670 in
1970 1606 2125 1684 flde3
2158 1630 2307 1671 nam
2333 1619 2659 1691 propterea
2692 1613 2919 1675 dicitur
2958 1612 3439 1673 fundamentum

1875 1708 1939 1764 et
1970 1702 2149 1763 radix
2186 1705 2463 1782 justitias.
2513 1706 2768 1785 Propter
2806 1706 2972 1785 quod
3014 1707 3199 1767 etiam
3234 1708 3440 1768 dicere

1877 1798 2197 1858 consuevit
2243 1800 2621 1876 Augustinus
2657 1798 2843 1860 fidem
2882 1799 3040 1873 dari,
3069 1806 3141 1860 nt
3167 1819 3275 1880 per
3302 1818 3441 1862 eam

1871 1894 2096 1951 coetera
2121 1890 2556 1969 impetrentur,
2584 1898 2657 1953 ut
2678 1892 2855 1972 epist.
2891 1894 3035 1967 105,
3058 1897 3125 1953 et
3150 1912 3310 1972 saepe
3332 1892 3443 1953 ali·

1871 1981 1959 2042 bi.
1989 1982 2141 2043 Item
2168 1982 2244 2044 ad
2280 2001 2671 2063 progressum
2697 1984 2981 2063 justitiae,
3014 1992 3075 2045 et
3102 1987 3443 2065 praesertim

1873 2074 1949 2136 ad
1997 2074 2360 2137 charitatem
2407 2078 2751 2138 necessaria
2796 2085 2889 2140 est
2933 2078 3086 2139 fides
3099 2100 3118 2154 ;
3166 2097 3337 2155 nam,
3374 2087 3447 2139 ut

1875 2167 2034 2228 dixit
2064 2168 2420 2246 Gregorius,
2450 2169 2669 2230 homil.
2712 2172 2787 2231 16
2819 2172 2882 2231 in
2910 2172 3157 2247 Ezech„
3189 2174 3349 2233 circ-a
3375 2172 3447 2233 ii·

1872 2279 2016 2322 nem
2043 2279 2058 2322 1
2082 2261 2237 2326 Nisi
2254 2263 2406 2340 fides
2426 2264 2605 2343 prius
2630 2270 2928 2339 teneatur,
2958 2266 3043 2327 ad
3058 2265 3447 2346 spiritualem

1874 2372 2133 2417 amorem
2162 2357 2325 2417 nullo
2351 2358 2519 2418 modo
2545 2355 2939 2440 pertingitur.
2968 2358 3043 2418 Et
3067 2358 3226 2417 ratio
3255 2358 3443 2418 etiam

1874 2466 1950 2507 ex
1982 2447 2367 2527 philosophia
2404 2449 2729 2527 desumpta
2761 2456 2876 2526 est,
2908 2450 3054 2529 quia
3094 2468 3271 2511 amor
3304 2470 3447 2530 sup·-

1876 2543 2053 2619 ponit
2089 2542 2509 2620 cognitionem
2552 2542 2671 2602 sibi
2702 2543 3224 2621 proportionatam
3243 2560 3264 2621 ;
3304 2560 3443 2623 quae

1870 2637 2035 2696 ratio
2060 2635 2375 2695 convincit
2400 2635 2617 2696 saltem
2648 2654 2725 2697 ex
2752 2643 2977 2697 natura
3002 2636 3117 2712 rei,
3141 2637 3446 2717 quidquid

1875 2729 1956 2789 sit
1984 2730 2059 2805 de
2090 2730 2369 2809 potentia
2394 2729 2700 2806 absoluta,
2741 2730 2816 2791 de
2851 2749 2999 2810 qua,
3034 2736 3103 2790 ut
3132 2731 3286 2807 dixi,
3318 2749 3449 2797 non

1875 2822 2283 2901 disputamus
2316 2823 2624 2897 Secundo,
2666 2822 2947 2885 redditur
2973 2824 3131 2885 ratio
3166 2842 3245 2885 ex
3272 2832 3445 2903 parte

1874 2914 2111 2976 ultimae
2143 2914 2379 2977 salutis.
2420 2917 2577 2976 Nam
2610 2914 2752 2975 finis
2782 2916 2859 2976 ad
2890 2934 3077 2994 quem
3108 2916 3441 2993 tendimus,

1875 3012 1969 3069 est
1998 3008 2263 3086 perfecta
2296 3008 2573 3083 scientia,
2601 3026 2709 3069 seu
2736 3008 2893 3072 visio
2922 3010 3028 3070 Dei
3054 3026 3071 3071 t
3112 3016 3205 3071 est
3232 3016 3443 3071 autem

1869 3100 2049 3161 valde
2096 3118 2438 3161 consonum
2483 3111 2725 3162 naturae
2754 3100 3049 3175 hominis,
3086 3108 3156 3163 ut
3184 3103 3256 3163 ad
3298 3122 3439 3182 per-

1868 3193 2093 3255 sectam
2144 3193 2561 3272 cognitionem
2607 3212 2717 3274 per
2758 3194 3212 3273 imperfectam,
3260 3202 3321 3257 et
3362 3196 3443 3258 ad

1869 3286 2195 3348 scientiam
2228 3305 2335 3365 per
2364 3286 2552 3347 fidem
2580 3288 2939 3367 perveniat:
2962 3288 3131 3349 hunc
3157 3307 3305 3367 ergo
3334 3308 3446 3351 or-

1867 3382 2080 3441 dinem
2109 3379 2307 3440 voluit
2324 3380 2482 3441 Deus
2503 3380 2733 3440 servari
2754 3380 2943 3441 etiam
2972 3381 3041 3442 in
3059 3382 3163 3442 via
3188 3382 3441 3459 salutis,

1863 3473 2044 3551 juxta
2072 3471 2227 3532 illud
2260 3472 2399 3533 1501.
2439 3474 2533 3532 7:
2563 3471 2720 3553 Nisi
2767 3475 3167 3549 credideritis,
3198 3494 3317 3537 uon
3346 3476 3445 3536 in·

1869 3566 2192 3649 tetliyetis,
2238 3572 2300 3626 et
2330 3564 2468 3627 Job.
2498 3566 2615 3624 41:
2650 3562 2887 3629 Auditu
2914 3567 3089 3629 auris
3126 3567 3335 3629 audivi
3362 3572 3439 3643 te,

1867 3678 2028 3723 nuuc
2062 3664 2261 3721 autem
2284 3657 2491 3722 oculus
2518 3675 2683 3720 meus
2711 3659 2871 3722 videt
2897 3662 2971 3721 te.
3002 3660 3178 3721 Unde
3203 3661 3444 3741 Augus·

1870 3753 2063 3831 tinuS,
2094 3758 2269 3813 tract.
2306 3752 2424 3813 27
2409 3771 2477 3812 111
2516 3751 2727 3827 Joau.,
2757 3753 2920 3814 circa
2948 3752 3102 3814 illud
3138 3756 3320 3833 capit.
3350 3756 3437 3817 6:

1869 3847 2008 3913 Nos
2051 3844 2410 3909 credidimus
2437 3848 2496 3908 et
2538 3846 2959 3927 coquovimus:
2990 3845 3135 3909 Non
3172 3848 3441 3930 009110τὶ-

1871 3958 2031 4016 mus,
2062 3940 2175 4015 ait,
2208 3946 2265 4003 et
2313 3938 2699 4009 credidimus,
2739 3939 2845 4000 sed
2868 3940 3232 4001 credidimus
3262 3946 3318 4003 et
3346 3959 3442 4003 co-

1869 4034 2210 4140 quovimus.
2255 4030 2626 4095 Credidimus
2648 4031 2763 4091 eni
2758 4050 2803 4090 n
2828 4036 2900 4093 ut
2924 4050 3443 4115 coquosceremus;

1870 4144 2015 4189 uam
2042 4126 2099 4187 si
2118 4127 2298 4207 prius
2326 4140 2667 4207 coynoscere
2696 4130 2752 4185 et
2774 4129 2982 4203 postea
3011 4126 3242 4188 credere
3269 4127 3441 4188 vette-

1869 4237 2029 4291 mus,
2059 4236 2163 4281 uec
2200 4218 2430 4281 eredere
2462 4235 2564 4279 nee
2595 4234 2936 4299 cognoscere
2972 4219 3327 4282 valeremus.
3362 4221 3440 4281 Et

1867 4312 2009 4373 ideo
2037 4312 2222 4373 ctiam
2252 4311 2467 4372 dicunt
2488 4309 2809 4387 Theologi,
2836 4310 2997 4388 quod
3024 4311 3091 4370 in
3123 4315 3320 4390 patria
3350 4314 3440 4372 vi-

1867 4407 1959 4467 510
1988 4405 2317 4485 respondet
2343 4402 2488 4464 fidei
2504 4418 2525 4479 3
2554 4402 2719 4462 unde
2748 4408 2935 4462 etlam
2976 4405 3243 4464 sumitur
3280 4406 3437 4483 opti-

1867 4518 1971 4559 ma
2012 4499 2169 4559 ratio
2211 4515 2287 4559 ex
2316 4495 2538 4557 merito
2588 4493 2756 4553 illius
2784 4494 3034 4555 visionis
3044 4511 3065 4573 3
3112 4514 3260 4555 nam
3293 4516 3437 4557 cum

1866 4590 2216 4652 intellectus
2262 4589 2493 4651 elevari
2540 4586 2761 4647 debeat
2800 4586 2877 4646 ad
2926 4591 3055 4647 tam
3100 4589 3437 4667 perfectam

1865 4684 2212 4759 scientiam,
2244 4682 2463 4743 merito
2500 4680 2579 4741 ab
2607 4678 2716 4740 illo
2754 4679 3127 4759 postulatur,
3156 4687 3228 4742 ut
3266 4684 3435 4762 prius

1869 4777 2211 4856 captivetur
2236 4775 2304 4836 in
2332 4774 2695 4852 obsequium
2722 4770 2889 4833 fidei.

1949 4872 2011 4931 6.
2050 4868 2331 4933 Secunda
2356 4866 2612 4931 assertio
2640 4864 3263 4943 bipartita.--Prima
3285 4889 3440 4950 pars

1861 4962 2159 5043 probatur
2179 4962 2380 5042 primo
2408 4978 2483 5023 ecc
2514 4957 2871 5037 Scriptura.
2904 4992 2983 5001 —
3006 4958 3319 5025 Probatur
3346 4981 3439 5026 se-

1868 5058 2057 5121 cundo
2084 5076 2158 5121 eu
2188 5055 2495 5121 Coueiliis.
2526 5086 2607 5100 —
2647 5052 2949 5127 Secund0,
2980 5052 3311 5117 dicendum
3348 5066 3441 5121 est

1865 5150 2029 5211 hanc
2066 5148 2275 5223 fidem,
2307 5164 2446 5227 (111εο
2483 5153 2578 5207 est
2604 5146 2880 5207 medium
2918 5148 3329 5211 necessarium
3358 5152 3435 5213 ad

1872 5244 2160 5317 salutem,
2200 5240 2422 5303 debere
2466 5258 2597 5302 esse
2624 5236 3181 5319 supernaturalem,
3218 5241 3441 5305 saltem

1872 5355 1951 5399 cx
1974 5334 2071 5415 obj
2080 5344 2213 5395 ecto
2232 5333 2502 5397 formali.
2530 5332 2672 5393 Haec
2692 5331 2969 5407 assertio,
2998 5333 3269 5395 maxime
3292 5354 3443 5415 quo-

1875 5429 1954 5491 ad
1988 5428 2257 5509 priorem
2297 5432 2561 5531 partem,
2602 5430 2693 5486 est
2724 5442 2897 5503 aeque
2925 5430 3089 5486 certa
3116 5443 3189 5487 ac
3218 5445 3445 5507 111-0100-

1876 5522 2047 5583 dens.
2075 5520 2380 5582 Probatur
2408 5520 2603 5601 primo
2637 5536 2710 5580 ex
2738 5516 3100 5597 Scriptura:
3128 5537 3275 5581 nam
3298 5540 3442 5585 cum

3082 5627 3161 5686 22
