3900 6217
631 387 752 456 416

629 508 892 577 nuntur,
921 518 1052 562 esse
1079 501 1417 581 possibilia,
1446 500 1548 561 vel
1589 517 1718 560 non
1745 515 1878 560 esse
1913 497 2195 580 impossi-

631 595 786 656 bilia
799 609 820 672 3
855 611 1004 673 ergo
1033 611 1159 654 non
1187 598 1443 673 possunt
1467 592 1608 654 fieri
1635 591 1955 654 evidenter
2002 589 2198 652 credi-

631 686 782 748 bilia
815 703 832 747 :
863 687 1236 749 antecedens
1267 691 1462 766 patet,
1493 685 1642 766 quia
1665 686 1718 746 si
1745 684 2064 746 evidenter
2091 703 2195 744 os·

635 780 994 842 tenderetur
1020 779 1131 841 illa
1157 779 1452 858 mysteria
1476 797 1606 840 esse
1641 777 1978 858 possibilia,
2012 775 2195 836 facile

630 872 1064 934 ostenderetur
1101 871 1292 936 etiam
1337 890 1468 934 esse
1509 889 1680 946 vera,
1723 870 1834 932 illa
1887 869 2195 951 praecipue

629 983 770 1045 quae
794 966 875 1027 ad
901 972 1191 1028 naturam
1219 965 1327 1026 Dei
1373 970 1676 1044 spectant.
1697 963 1952 1026 Constat
1982 973 2193 1024 autem

627 1058 816 1121 fidem
845 1076 974 1120 non
1001 1076 1134 1120 esse
1163 1058 1242 1120 de
1282 1057 1698 1134 evidentibus,
1736 1058 1802 1118 id
1831 1063 1949 1132 est,
1978 1055 2057 1118 de
2095 1054 2193 1116 his

626 1170 766 1232 quae
833 1152 1150 1214 evidenter
1225 1169 1374 1213 vera
1444 1151 1979 1226 demonstrantur3
2025 1147 2191 1228 quod

626 1247 900 1307 maxime
925 1263 1146 1307 verum
1176 1249 1270 1305 est
1295 1244 1372 1306 de
1390 1245 1704 1323 mysteriis
1729 1260 1869 1324 quae
1909 1242 2039 1303 sola
2072 1240 2195 1302 fide

625 1345 1102 1417 cognoscuntur,
1137 1345 1209 1399 ut
1244 1344 1390 1400 sunt
1437 1336 1954 1418 supernaturalia.
1988 1336 2196 1398 Prima

626 1447 774 1492 vero
803 1431 1242 1510 consequentia
1281 1429 1600 1511 probatur,
1651 1432 1802 1510 quia
1841 1435 1913 1492 ut
1956 1427 2196 1508 aliquid

625 1523 708 1584 sit
734 1522 1050 1598 credibile,
1085 1522 1272 1584 debet
1295 1539 1424 1584 esse
1467 1521 1800 1602 possibile3
1831 1521 2001 1582 unde
2030 1519 2195 1600 quod

625 1623 718 1678 est
743 1616 1062 1678 evidenter
1087 1615 1492 1696 impossibile,
1523 1622 1614 1676 est
1655 1614 1844 1678 etiam
1874 1613 2195 1676 evidenter

625 1709 1024 1786 incredibile;
1059 1727 1234 1787 ergo,
1279 1715 1342 1769 et
1379 1727 1414 1770 e
1454 1726 1774 1783 converso,
1833 1713 1906 1768 ut
1947 1725 2047 1768 res
2098 1723 2195 1766 os-

623 1802 916 1864 tendatur
945 1802 1260 1864 evidenter
1287 1802 1600 1864 credibilis
1623 1805 1866 1882 oportet
1897 1807 1971 1862 ut
2000 1801 2191 1862 etiam

625 1896 984 1956 ostendatur
999 1895 1304 1974 possibilis
1323 1917 1341 1971 3
1361 1913 1512 1974 ergo
1539 1913 1686 1956 cum
1703 1894 1822 1956 hoc
1847 1892 2191 1956 secundum

621 1987 759 2050 fieri
793 2006 920 2048 non
952 1989 1162 2068 possit,
1193 2005 1312 2050 nec
1355 1989 1632 2069 primum
1673 1987 1870 2051 estad
1921 1987 2194 2068 proposi-

619 2083 859 2144 tionem
897 2080 1046 2142 fidei
1073 2079 1539 2160 postulandum.

701 2175 762 2234 3.
805 2173 1089 2240 Assertio
1107 2173 1336 2252 prima.
1355 2205 1438 2220 —
1457 2173 1629 2254 Ejus
1653 2175 1818 2238 ratio
1846 2191 1920 2237 ⁶oe
1947 2175 2185 2238 Eodes.

619 2269 722 2330 19.
747 2299 830 2314 --
855 2267 1221 2330 Declaratur
1249 2267 1564 2346 primo.—
1583 2267 1957 2330 Declaratur
1982 2283 2185 2330 secun·

621 2361 1169 2424 d0.-Deozaratur
1189 2359 1809 2439 tercio.-Obj0ctioni
1823 2361 2188 2424 occurritur.

639 2489 720 2500 -
753 2457 824 2516 ln
857 2455 977 2516 hoc
1019 2459 1270 2534 puncto,
1317 2453 1630 2534 imprimis
1653 2453 2055 2515 statuendum
2082 2458 2196 2530 est,

635 2549 718 2610 ad
761 2547 1168 2609 sufficientem
1223 2543 1448 2625 obJecti
1491 2545 1635 2606 fidei
1687 2545 2194 2626 propositionem,

629 2661 759 2704 non
809 2643 956 2704 satis
1012 2660 1142 2704 esse
1191 2641 1502 2720 objectum
1553 2647 1886 2720 utcumque
1932 2633 2196 2720 proponi

621 2742 922 2814 tanquam
960 2734 1222 2806 dictum,
1260 2752 1372 2796 seu
1421 2733 1768 2796 revelatum
1813 2751 1854 2794 a
1893 2732 2043 2806 Deo,
2080 2731 2191 2794 sed

617 2830 1034 2892 necessarium
1078 2827 1306 2889 saltem
1337 2845 1467 2889 esse
1491 2845 1638 2888 cum
1667 2825 1894 2888 talibus
1925 2825 2192 2887 circum-

629 2922 876 2984 stantiis
904 2921 1189 3002 proponi,
1215 2927 1286 2982 ιιι
1317 2919 1653 3001 prudenter
1681 2926 1975 3002 appareat
1994 2917 2188 2980 credi-

609 3014 776 3091 bile,
809 3033 884 3076 eo
923 3015 1110 3076 modo
1146 3033 1272 3094 quo
1311 3014 1698 3094 proponitur.
1755 3013 1901 3074 Haec
1929 3013 2185 3074 assertio

621 3108 976 3170 indubitata
1000 3113 1093 3170 est
1119 3108 1293 3188 apud
1319 3125 1554 3183 omneS,
1585 3112 1648 3168 et
1683 3106 1845 3170 ratio
1888 3111 2001 3181 est,
2040 3105 2189 3186 quia

625 3203 734 3282 qui
790 3203 906 3264 cito
947 3202 1164 3276 credit,
1215 3201 1362 3264 levis
1418 3206 1508 3264 est
1561 3201 1732 3264 corde
1750 3244 1771 3275 ,
1837 3199 2182 3262 Ecclesiast.

625 3297 706 3356 19
721 3309 740 3372 ;
765 3293 993 3355 dicitur
1019 3299 1232 3356 autem
1263 3293 1389 3355 cito
1419 3299 1484 3355 et
1527 3292 1744 3356 leviter
1773 3293 2047 3369 credere,
2080 3291 2189 3372 qui

624 3386 1054 3468 imprudenter
1077 3386 1306 3461 credit3
1338 3403 1486 3464 ergo
1527 3385 1637 3466 qui
1691 3385 1778 3448 sic
1803 3385 2023 3461 credit,
2062 3403 2191 3448 uon

625 3486 828 3563 potest
862 3480 1110 3544 credere
1132 3478 1256 3544 fide
1278 3480 1530 3558 divina3
1565 3497 1714 3560 ergo
1735 3479 2079 3542 necessaria
2099 3483 2192 3540 est

627 3571 769 3634 talis
794 3573 1130 3653 propositio
1179 3571 1404 3652 objecti
1451 3572 1740 3634 credendi
1779 3590 1890 3654 per
1915 3571 2079 3634 hanc
2117 3569 2190 3633 fi·

631 3666 797 3742 dem,
829 3670 900 3727 ut
927 3667 1262 3747 prudenter
1305 3665 1469 3728 credi
1500 3663 1712 3746 possit.
1748 3666 1957 3726 Prima
1980 3682 2191 3727 conse·

637 3759 920 3840 quentia,
949 3777 1097 3822 nam
1139 3759 1380 3842 reliqua
1419 3760 1630 3822 omnia
1661 3765 1806 3822 sunt
1829 3758 2018 3836 clara,
2050 3777 2192 3840 pro·

627 3851 814 3915 batur
828 3895 852 3929 ,
893 3853 1040 3934 quia
1063 3871 1204 3935 qum
1251 3872 1290 3915 a
1318 3854 1444 3916 Deo
1486 3858 1656 3927 sunt,
1687 3853 1973 3916 ordinata
2002 3859 2189 3918 sunt:

633 3946 788 4008 fides
841 3953 1052 4009 autem
1103 3947 1446 4010 Christiana
1493 3947 1742 4030 speciali
1798 3946 1987 4013 modo
2034 3946 2111 4010 fit
2154 3965 2197 4009 a

635 4041 786 4117 Deo,
805 4043 870 4102 et
897 4039 1132 4120 ex'ejus
1155 4038 1430 4120 auxili03
1458 4059 1607 4121 ergo
1659 4057 1790 4104 non
1843 4039 1915 4103 fit
1958 4040 2196 4122 impru-

641 4133 862 4197 denter
901 4151 1104 4213 ueque
1159 4133 1536 4198 inordinate.
1588 4133 1667 4196 Et
1717 4131 2069 4196 declaratur
2124 4133 2195 4197 in

635 4227 806 4298 huuc
853 4227 1110 4290 modum
1133 4249 1154 4304 ;
1183 4246 1334 4292 nam
1383 4228 1671 4290 voluntas
1717 4226 2034 4305 credendi,
2058 4245 2199 4309 quoe

637 4323 718 4384 ad
763 4319 952 4384 fidem
1001 4322 1538 4402 supernaturalem
1583 4320 1836 4396 sufficit,
1865 4327 1959 4383 est
2007 4322 2198 4384 etiam

640 4414 1148 4495 supernaturalis,
1188 4421 1251 4476 et
1279 4432 1357 4476 ex
1383 4413 1636 4495 speciali
1667 4413 1777 4476 Dei
1807 4414 2041 4476 auxilio
2053 4429 2075 4493 3
2104 4433 2201 4478 er·

643 4527 726 4588 go
747 4526 857 4588 per
895 4527 959 4569 se
981 4514 1076 4570 est
1098 4507 1382 4570 voluntas
1398 4508 1674 4570 studiosa
1700 4513 1763 4569 et
1789 4507 2075 4584 honesta3
2106 4525 2201 4570 er-

649 4621 730 4681 go
757 4604 1050 4682 supponit
1075 4601 1344 4682 prudens
1365 4602 1674 4682 judicium
1695 4603 1860 4664 circa
1886 4601 2200 4682 objectum

641 4712 845 4758 suum.
881 4696 1035 4756 Nam
1061 4696 1386 4774 prudentia
1409 4701 1523 4773 est,
1545 4715 1682 4776 quae
1703 4697 1963 4758 virtutes
1982 4695 2201 4758 volun-

648 4789 794 4852 tatis
817 4787 897 4848 ad
931 4786 1314 4867 operandum
1343 4795 1572 4849 movet.
1599 4789 1957 4851 Declaratur
1985 4806 2202 4850 secun-

643 4881 750 4958 de,
780 4882 932 4961 quia
959 4900 1036 4942 ex
1053 4882 1334 4962 opposito
1361 4881 1545 4944 modo
1563 4882 1852 4944 credendi
1865 4888 2204 4944 nascuntur

643 4979 904 5040 haereses
929 4982 992 5038 et
1042 4976 1392 5052 schismata,
1429 4978 1576 5056 quia
1620 4976 1728 5056 qui
1777 4976 2205 5057 imprudenter

645 5074 864 5147 credit,
890 5071 1074 5134 iacile
1097 5070 1434 5152 decipitur3
1472 5071 1802 5133 credulitas
1821 5076 2031 5132 autem
2060 5069 2205 5132 fidei

643 5169 787 5230 talis
817 5183 948 5228 esse
973 5164 1180 5238 debet,
1209 5170 1284 5226 ut
1312 5164 1392 5226 sit
1420 5164 1718 5226 immunis
1759 5163 1842 5225 ab
1889 5163 2065 5224 omni
2088 5163 2204 5224 fal-

645 5264 864 5334 sitate3
897 5276 1046 5336 ergo
1087 5276 1216 5320 non
1243 5265 1443 5338 potest
1485 5257 1696 5320 induci
1728 5256 1854 5318 nisi
1901 5275 2015 5337 per
2057 5275 2204 5338 pru-

645 5357 798 5416 dens
821 5351 1148 5432 judicium.
1176 5352 1454 5414 Tandem
1493 5351 1558 5414 id
1585 5357 1756 5431 patet
1793 5369 1870 5412 ex
1899 5351 2202 5412 conditio-

643 5447 828 5508 nibus
879 5444 1068 5524 hujus
1119 5443 1288 5520 fidei,
1311 5463 1462 5508 nam
1486 5445 1670 5506 debet
1709 5443 2035 5506 excludere
2062 5461 2202 5506 om-

644 5558 790 5606 nem
835 5538 1234 5604 formidinem
1263 5545 1324 5602 et
1351 5537 1863 5619 mutabilitatem3
1893 5557 2043 5600 nam
2092 5539 2201 5620 qui

1219 393 1458 453 msmrr.
1493 391 1577 450 iv,
1611 393 1692 450 DE
1723 388 2166 450 Pfloposlrmnss
2194 394 2443 452 omnen
2474 393 2639 450 Fumi
2672 391 3088 457 SUFFICIENTE,
3122 393 3253 448 mc.

2274 497 2466 560 semel
2514 489 2709 560 credit
2752 503 2937 576 prout
2995 495 3213 570 debet,
3242 513 3525 576 nunquam
3576 511 3713 582 potest

2274 589 2445 653 licite
2462 595 2527 652 et
2550 589 2890 671 prudenter
2919 587 3200 650 recedere
3248 607 3286 648 a
3324 589 3425 652 tali
3468 591 3591 670 fide3
3615 616 3715 676 quo-

2276 685 2661 764 tiescumque
2688 690 2901 744 autem
2928 681 3117 742 homo
3142 681 3531 760 imprudenter
3552 687 3715 767 aliquid

2276 778 2493 853 credit,
2528 779 2581 838 si
2621 776 2687 838 id
2715 782 2926 855 postca
2953 775 3255 849 advertat,
3276 780 3460 854 potest
3478 779 3717 857 prudenter

2272 871 2561 934 recedere
2584 889 2623 934 a
2657 870 2771 932 tali
2808 869 2955 946 fide,
2984 870 3087 932 vel
3126 869 3339 930 saltem
3368 869 3438 930 de
3462 870 3594 934 illius
3614 878 3715 936 veri·

2273 971 2401 1026 tate
2437 963 2755 1040 dubitare;
2786 969 3097 1044 repugnat
3122 979 3269 1042 ergo
3295 961 3429 1024 fidei
3454 963 3717 1032 Christiana

2275 1055 2636 1135 imprudens
2662 1055 2991 1118 credulitas
3008 1077 3027 1130 3
3058 1073 3207 1134 ergo
3224 1055 3467 1134 requirit
3485 1055 3633 1118 talem
3652 1060 3719 1120 ob·

2272 1151 2421 1229 jecti
2449 1150 3103 1229 propositionem,quae
3114 1147 3375 1210 sufficiat
3388 1147 3459 1208 ad
3481 1148 3719 1228 prudenter

2268 1242 2681 1322 judicandum
2706 1241 2867 1302 illud
2890 1259 3021 1302 csse
3044 1239 3359 1302 credibile.
3391 1240 3569 1319 Neque
3590 1242 3719 1305 inim

2274 1337 2612 1398 assertione
2640 1335 2895 1398 invenio
2942 1333 3366 1396 difficultatem
3406 1331 3621 1413 alicujus
3640 1354 3720 1398 mo·

2278 1430 2509 1504 menti3
2554 1447 2704 1491 nam
2767 1428 2937 1507 quod
2988 1427 3247 1508 quidam
3308 1425 3590 1507 objiciunt,
3632 1435 3720 1511 quia

2275 1522 2465 1583 homo
2494 1534 2585 1584 est
2624 1521 2805 1584 liberi
2852 1519 3121 1596 arbitrii,
3152 1537 3303 1598 ergo
3345 1525 3523 1600 potest
3554 1539 3722 1600 prosu

2272 1615 2561 1678 libertate
2618 1614 2892 1690 credere,
2956 1619 3141 1694 prout
3190 1613 3467 1690 voluerit,
3508 1613 3723 1691 objectum

2272 1709 2865 1789 quomodocumque
2913 1708 3323 1789 propositum,
3356 1706 3487 1782 hoc,
3532 1708 3721 1788 inquam,

2272 1803 2505 1865 nullius
2534 1802 2839 1864 momenti
2884 1808 2976 1864 est
2988 1824 3007 1878 3
3040 1802 3269 1881 primo,
3296 1800 3434 1881 quia
3468 1799 3584 1862 licet
3605 1802 3724 1864 homo

2272 1895 2627 1958 voluntarie
2700 1895 2971 1975 praebeat
3030 1911 3377 1971 assensum,
3426 1893 3723 1955 nihilominus

2272 2009 2400 2050 non
2430 1994 2633 2069 potest
2658 1988 2962 2051 assentire
2986 1986 3395 2068 propositioni
3420 1987 3481 2048 in
3504 2005 3605 2067 qua
3628 1993 3723 2048 ratio

2270 2084 2547 2146 veritatis
2590 2101 2721 2145 non
2760 2087 3079 2163 appareat,
3126 2081 3279 2162 quia
3317 2097 3441 2142 non
3480 2086 3637 2160 potest
3664 2099 3724 2140 vo-

2269 2177 2477 2240 luntas
2526 2194 2777 2240 movere
2826 2182 3005 2238 extra
3036 2175 3349 2253 objectum
3383 2191 3577 2248 suum3
3610 2174 3724 2234 simili

2272 2288 2424 2348 ergo
2452 2270 2665 2345 modo,
2692 2267 2845 2332 licet
2895 2268 3085 2332 homo
3124 2267 3321 2349 possit
3345 2266 3543 2328 leviter
3568 2266 3723 2327 creden

2280 2362 2594 2442 objectum
2625 2360 2775 2424 fidei
2806 2361 3259 2424 insufficienter
3301 2360 3647 2440 propositum,
3672 2377 3725 2419 so-

2280 2456 2413 2517 lum
2442 2455 2651 2518 credet
2688 2455 3053 2536 imperfecta
3083 2459 3145 2516 et
3176 2451 3455 2514 humana
3495 2451 3611 2526 fide,
3641 2452 3726 2530 quia

2279 2565 2357 2608 ex
2380 2547 2442 2609 vi
2471 2547 2611 2608 talis
2638 2547 3075 2628 propositionis
3127 2564 3261 2608 non
3311 2549 3549 2627 apparet
3590 2544 3639 2606 in
3668 2541 3729 2603 ob

2268 2640 2435 2718 jecto
2466 2647 2577 2702 aut
2617 2641 2843 2702 veritas
2892 2647 3003 2702 aut
3040 2637 3417 2702 credibilius
3446 2633 3725 2709 infallibilis3

2270 2733 2615 2796 necessaria
2640 2740 2735 2796 est
2768 2750 2916 2812 ergo
2947 2731 3227 2814 prudens
3250 2729 3583 2812 propositio.

2350 2830 2409 2889 4.
2458 2827 2733 2891 Assertio
2754 2829 3030 2891 secunda.
3046 2827 3457 2890 —Probatur
3490 2823 3731 2886 ratim.-

2274 2921 2413 2984 Dico
2450 2921 2752 2983 secundo:
2784 2927 2855 2981 ut
2904 2919 3245 3009 propositio
3296 2918 3511 2999 objecti
3548 2915 3657 2979 fidei
3686 2917 3731 2975 sit

2269 3014 2602 3090 sufficiam,
2632 3017 3047 3076 necessarium
3092 3019 3187 3075 est
3210 3020 3285 3074 ut
3311 3013 3377 3076 id
3416 3011 3563 3092 quod
3593 3027 3733 3090 propo-

2266 3109 2439 3170 nitur
2464 3107 2575 3170 fiat
2594 3108 2913 3172 evidenter
2928 3106 3251 3184 credibile,
3277 3115 3561 3187 tanquam
3580 3105 3732 3165 dietum

2268 3221 2305 3264 a
2332 3203 2481 3277 Dee,
2537 3220 2610 3263 ac
2653 3202 2917 3265 subinde
2966 3208 3039 3262 ut
3090 3207 3337 3263 certum
3366 3205 3429 3262 et
3480 3197 3727 3260 infallibile.

2268 3296 2443 3358 Hanc
2471 3296 2877 3358 assertionem
2904 3294 3249 3357 insinuavit
3278 3294 3427 3356 satis
3460 3294 3526 3355 D.
3556 3291 3735 3352 Thomas

2270 3391 2333 3450 Ξ.
2364 3390 2427 3465 2,
2460 3395 2679 3468 quaest.
2718 3392 2778 3464 ¹,
2807 3389 2981 3450 artic.
3013 3390 3078 3465 4,
3114 3387 3195 3448 ad
3222 3388 3295 3463 2,
3344 3404 3483 3448 cum
3518 3385 3583 3446 de
3615 3381 3735 3443 fideli·

2270 3483 2386 3544 bus
2406 3481 2557 3542 dicit
2572 3498 2591 3543 ε
2606 3483 2757 3548 Nou
2783 3483 3105 3558 crederent,
3123 3481 3257 3544 nisi
3281 3479 3536 3544 viderem
3558 3495 3651 3542 esse
3666 3495 3738 3540 cre-

2272 3575 2478 3638 dibile.
2520 3573 2635 3636 Ubi
2678 3572 2955 3636 notanda
2992 3580 3088 3636 est
3132 3572 3454 3636 distinctio
3478 3577 3535 3633 et
3564 3570 3739 3632 variatio

2272 3668 2522 3730 illorum
2584 3667 2915 3730 verborum
2990 3668 3222 3732 credere
3302 3671 3367 3728 et
3414 3665 3607 3738 videre,
3650 3679 3740 3723 nam

2272 3762 2443 3842 prius
2480 3761 2627 3823 dicit
2673 3760 3155 3837 obscuritatem,
3188 3760 3363 3822 unde
3400 3759 3673 3840 posternis,
3700 3761 3739 3814 ut

2272 3854 2745 3916 condistinctum
2774 3854 2855 3916 ab
2900 3853 3029 3931 illo,
3062 3854 3213 3916 dicit
3241 3853 3573 3916 claritatem
3601 3847 3649 3912 ει
3666 3847 3739 3910 evi-

2274 3949 2551 4010 dentiam
2569 3963 2590 4026 3
2620 3966 2823 4028 neque
2847 3947 2955 4010 illa
2976 3948 3101 4009 duo
3122 3953 3499 4029 repugnant,
3522 3946 3642 4026 quia
3662 3961 3741 4002 ver·

2274 4049 2492 4106 santur
2535 4043 2703 4104 circa
2755 4042 3022 4119 diversa,
3073 4060 3225 4104 nam
3278 4041 3541 4104 creditur
3585 4035 3744 4117 aliquid

2274 4135 2389 4198 sub
2416 4136 2657 4198 ratione
2687 4136 2846 4213 veri,
2900 4136 3147 4198 videtur
3178 4143 3395 4198 autem
3442 4133 3548 4196 suh
3588 4133 3745 4194 ratione

2277 4229 2607 4292 credibilis.
2648 4229 2725 4291 Et
2776 4230 2867 4291 ita
2912 4228 3363 4292 intellexerunt
3412 4230 3481 4290 D.
3529 4227 3745 4288 Thoman

2279 4322 2603 4403 Cajetanus
2631 4329 2694 4384 et
2738 4321 2847 4384 alii
2891 4320 3213 4401 Theologi,
3269 4322 3385 4403 qui
3434 4320 3747 4384 communiter

2278 4423 2623 4496 sequuntur
2672 4415 2836 4477 hanc
2884 4415 3257 4478 sententiam
3270 4431 3292 4494 3
3357 4415 3597 4494 ideoque
3630 4413 3679 4471 in
3708 4406 3747 4468 id

2278 4511 2549 4572 maxime
2579 4507 2975 4586 incumbunt,
3034 4509 3218 4570 sicuti
3256 4509 3521 4570 sectione
3551 4501 3747 4585 sequenti

2279 4601 2647 4679 videbimus,
2676 4609 2747 4664 ut
2765 4602 3095 4664 ostendant
3121 4608 3350 4663 nostrae
3378 4599 3519 4662 fidei
3542 4593 3748 4676 mysteria

2280 4713 2409 4758 esse
2436 4695 2751 4757 evidenter
2797 4693 3141 4772 credibilia3
3172 4694 3324 4774 quia
3368 4693 3639 4754 nimirum
3670 4701 3750 4746 non

2280 4789 2587 4850 minorem
2620 4787 3093 4850 credibilitatem
3120 4787 3201 4849 ad
3226 4787 3405 4848 illam
3430 4783 3663 4847 sufficere
3690 4779 3750 4856 ju·

2282 4881 2618 4945 dicarunt?
2636 4883 2741 4943 Est
2770 4881 3041 4962 denique
3084 4887 3494 4943 consentanea
3526 4873 3745 4942 Patribus,

2282 4993 2437 5056 quos
2463 4975 2597 5055 ipsa
2620 4975 2902 5056 sequenti
2934 4969 3201 5036 sectione
3230 4971 3613 5050 allegabimus
3624 4989 3639 5042 5
3662 4979 3749 5044 prr

2282 5070 2466 5132 batur
2492 5075 2701 5132 autem
2726 5070 2989 5144 ratione,
3038 5067 3184 5150 quia
3229 5072 3379 5128 ante
3417 5063 3591 5128 fidem
3616 5073 3751 5122 neces

2280 5165 2517 5226 sarium
2548 5169 2641 5226 est
2665 5162 2825 5224 velle
2852 5163 3123 5236 eredere,
3152 5167 3215 5224 ct
3257 5167 3407 5224 ante
3434 5157 3583 5222 hanc
3605 5152 3750 5214 volun·

2281 5262 2477 5319 tatem
2508 5255 2923 5318 necessarium
2961 5260 3054 5316 est
3074 5253 3412 5334 judicium,
3460 5269 3572 5334 quo
3606 5243 3751 5306 volun·

2281 5355 2375 5412 tas
2402 5349 2732 5412 inducatur
2760 5348 2840 5410 ad
2871 5346 3207 5410 volendum
3232 5348 3500 5422 credere,
3519 5339 3655 5424 quod
3672 5351 3750 5397 11011

2283 5450 2373 5506 est
2402 5444 2572 5506 aliud
2603 5443 2725 5505 nisi
2746 5441 3057 5522 judicium
3088 5440 3163 5503 de
3192 5440 3587 5503 credibilitate
3611 5432 3748 5509 objec-

2281 5538 2330 5598 ti
2344 5553 2368 5618 3
2400 5555 2549 5616 ergo
2578 5535 2675 5600 vel
2722 5535 2879 5600 illud
2904 5535 3208 5617 judicium
3236 5540 3327 5596 est
3350 5538 3575 5595 certum
3598 5525 3674 5589 vel
3692 5523 3751 5582 in·
