3900 6217
1524 455 1715 507 INDEX
1746 452 1979 509 RERUM.

205 562 317 613 lmo
339 558 391 611 in
422 558 539 624 lege
558 556 740 623 gratiae
764 554 930 625 magis
950 554 1209 623 explicata
1236 554 1369 609 fides
1400 553 1704 621 proecipitur

200 648 359 701 quam
386 633 443 685 in
474 631 611 695 aliiS,
639 644 692 683 n.
721 635 765 685 4.

139 716 215 764 13.
252 712 323 763 Ex
354 714 623 775 praecepto
649 714 898 760 tenentur
936 706 1195 761 fidelesin
1220 705 1335 773 loge
1364 703 1547 771 gratiae
1583 716 1704 756 cre-

3235 450 3352 513 783

1846 552 1982 617 Quid
2003 550 2048 606 si
2071 566 2104 605 a
2124 565 2248 621 rege
2269 553 2508 620 proprio,
2529 554 2626 609 sed
2646 564 2822 610 tamen
2846 555 3110 623 privatim,
3134 554 3351 609 ibidem.

1846 635 1894 681 9.
1932 628 2005 681 Ne
2033 628 2192 682 fidem
2232 629 2466 695 profiteri
2496 632 2899 697 compellamur,
2925 632 3147 685 liceatne
3171 631 3353 698 sugere

1848 711 2250 771 persequentes,
2275 705 2396 758 vide
2429 720 2574 758 auca.

196 786 325 837 dere
354 784 599 849 explicite
621 784 805 835 omnia
839 783 949 837 sere
976 782 1028 836 in
1050 780 1302 848 Symbolo
1325 780 1703 847 Apostolorum
1785 784 1863 831 1ο.
1899 779 2081 831 Fidem
2110 782 2378 832 occultare
2407 793 2501 845 per
2523 781 2762 834 actiones
2787 789 3030 837 externas
3052 782 3199 835 false
3225 780 3353 833 reli-

196 868 469 923 contenta,
498 860 646 920 inid„
679 873 734 911 n.
765 865 812 911 6.

199 938 425 999 Quinam
456 933 663 987 articuli
696 935 804 987 sint
829 941 881 987 et
905 933 1176 999 quomodo
1213 932 1456 999 explicite
1476 931 1704 987 creden-

200 1012 270 1071 di,
302 1012 405 1063 late
436 1024 469 1063 a
497 1024 546 1061 n.
572 1014 621 1061 6.

140 1090 216 1140 14.
254 1086 324 1137 Ex
354 1090 621 1152 praecepto
650 1093 893 1137 tenemur
924 1090 977 1137 et
1006 1083 1143 1137 scire
1173 1092 1226 1137 et
1252 1084 1470 1137 credere
1502 1094 1707 1149 praece-

202 1168 289 1228 pta
318 1162 581 1228 Decalogi,
608 1159 758 1221 ibid..
796 1174 847 1212 n.
879 1165 956 1212 11.

201 1238 416 1289 Necnon
445 1244 499 1288 et
530 1244 863 1289 sacramenta
889 1235 1161 1303 baptismi,
1186 1236 1513 1303 poenitentiae
1532 1241 1583 1287 et
1605 1246 1703 1287 eu-

204 1312 491 1375 cltaristiae,
515 1325 569 1363 n.
606 1314 683 1363 12.

143 1392 219 1439 16.
256 1388 585 1451 Praeceptum
641 1386 950 1440 addiscendi
1013 1384 1315 1440 Orationem
1372 1384 1703 1440 Dominicam

203 1463 401 1529 obligat
426 1462 529 1515 sub
557 1462 749 1515 veniali
779 1470 1000 1523 tantum,
1026 1461 1153 1514 ibid.

143 1545 217 1591 16.
255 1542 585 1605 Praeceptum
614 1538 865 1591 credendi
892 1538 995 1592 side
1026 1538 1269 1604 explicita
1308 1537 1363 1602 in
1394 1536 1508 1604 lege
1548 1548 1703 1598 nova,

201 1629 267 1667 an
288 1616 535 1667 divinum
558 1616 642 1669 vet
666 1615 1100 1678 ecclesiasticum,
1128 1615 1279 1678 ibid„
1306 1628 1357 1667 n.
1385 1619 1462 1665 13.

145 1696 216 1743 17.
258 1694 586 1757 Praeceptum
622 1692 744 1745 tidei
777 1692 1061 1758 positivum
1096 1692 1293 1757 obligat
1320 1690 1503 1743 tideles
1527 1690 1594 1742 ad
1616 1702 1707 1741 ac-

208 1774 315 1820 tum
349 1766 475 1820 tidei
525 1768 847 1821 eliciendum
884 1769 937 1819 in
983 1767 1246 1834 principio
1280 1780 1409 1819 usus
1456 1764 1702 1828 rationis;

204 1844 450 1896 infideles
475 1852 653 1897 autem
680 1857 840 1909 quam
876 1846 1107 1909 primum
1130 1844 1331 1895 habent
1353 1842 1513 1895 [idem
1557 1840 1707 1894 suffi-

206 1920 406 1972 cienter
428 1922 777 1986 propositam,
803 1920 941 1985 disp.
974 1924 1052 1979 13,
1077 1928 1204 1971 sect.
1230 1925 1276 1979 6,
1302 1933 1355 1971 n.
1379 1924 1425 1970 6.

206 2000 284 2046 An
309 1996 471 2047 etiam
504 2003 627 2061 post
647 1995 774 2047 illud
799 2002 1025 2059 tempuS,
1050 2001 1103 2047 et
1122 1994 1356 2061 quando,
1390 1992 1529 2045 ibid.-

149 2075 223 2121 19.
258 2072 589 2137 Praeceptum
611 2069 921 2125 addiscendi
946 2070 1145 2137 obligat
1168 2069 1237 2121 ad
1264 2068 1485 2123 scienda
1510 2080 1710 2120 memo-

208 2146 333 2197 riter
361 2158 425 2198 ea
446 2144 572 2199 lidei
594 2146 844 2212 mysteria
872 2157 992 2211 quae
1013 2151 1139 2197 sunt
1166 2146 1220 2195 in
1243 2152 1533 2210 proecepto,
1558 2142 1707 2204 ibid.,

206 2236 260 2273 n.
288 2226 333 2273 8.

210 2296 339 2359 Quid
360 2296 429 2348 de
450 2297 713 2349 memoria
742 2296 1028 2350 verborum
1060 2294 1313 2362 Symboli.
1334 2308 1387 2348 n.
1412 2300 1459 2347 9.

150 2378 221 2423 19.
258 2376 588 2437 l’raeceptum
614 2372 925 2425 addiscendi
958 2372 1120 2425 tidem
1148 2384 1257 2425 non
1298 2370 1497 2439 obligat
1520 2369 1712 2423 inune-

207 2448 342 2500 diate
363 2450 431 2500 ad
460 2450 740 2501 scientiam
768 2448 1115 2509 habitualem,
1143 2446 1271 2499 ibid.

153 2528 225 2575 20.
260 2526 593 2589 Praeceptum
620 2525 742 2577 lidei
786 2525 1091 2591 negativum
1115 2537 1331 2588 semper
1358 2531 1410 2578 et
1444 2537 1538 2591 pro
1569 2522 1716 2575 omni

210 2608 457 2665 tempore
487 2600 703 2667 obligat,
736 2600 853 2653 ead.
879 2608 1007 2653 sect.
1041 2606 1087 2657 6.
1112 2614 1165 2651 n.
1195 2603 1241 2651 1.

212 2678 333 2742 Ejus
366 2678 629 2745 obligatio
654 2686 731 2731 est
756 2677 823 2730 de
846 2692 903 2730 se
925 2678 1146 2743 aequalis
1176 2677 1228 2729 in
1253 2674 1505 2729 omnibus
1532 2686 1719 2743 perso-

214 2754 312 2812 nis,
338 2753 465 2806 ead.
488 2754 628 2819 disp.
655 2759 732 2815 13,
760 2762 887 2806 sect.
920 2758 968 2815 6,
1000 2767 1053 2805 n.
1088 2757 1135 2813 1,

221 2831 345 2881 Item
384 2830 646 2894 obligatio
678 2829 928 2882 credendi
966 2828 1190 2894 positive
1214 2834 1333 2895 post
1370 2827 1718 2881 sufficientem

222 2904 337 2955 lidei
364 2904 815 2969 propositionem,
839 2904 969 2957 ibid.

165 2983 237 3031 21.
274 2980 607 3047 Praeceptum
662 2980 971 3033 addiscendi
1012 2979 1253 3047 explicite
1302 2992 1388 3033 res
1435 2978 1557 3032 {idei
1612 2994 1721 3033 non

220 3068 363 3120 aeque
393 3069 595 3109 cinnes
618 3056 832 3123 obligat,
859 3057 975 3109 ead.
1008 3064 1135 3110 sect.
1161 3061 1207 3118 6,
1232 3070 1285 3109 n.
1316 3061 1362 3105 3.

164 3136 237 3183 22.
272 3134 348 3184 Ad
383 3146 555 3199 quam
592 3133 715 3185 tidei
758 3133 1001 3187 notitiam
1048 3140 1327 3187 teneantur
1368 3133 1552 3186 tidetes
1580 3133 1717 3197 laici,

220 3222 270 3259 n.
306 3212 349 3259 4.
668 3234 673 3237 ·

222 3284 297 3335 Ad
328 3298 499 3349 quam
534 3283 896 3345 ecclesiastici,
924 3299 977 3338 n.
1008 3290 1054 3335 6.

162 3364 235 3411 23.
269 3361 537 3427 obligatio
556 3362 763 3413 sciendi
780 3362 1031 3427 mysteria
1052 3362 1173 3416 fidei
1189 3375 1257 3414 an
1276 3362 1497 3427 aequalis
1517 3362 1570 3413 in
1592 3375 1722 3429 quo·

220 3436 297 3488 vis
318 3438 707 3500 ecclesiasticO,
746 3452 797 3489 n.
831 3443 859 3487 6
883 3444 935 3491 et
963 3443 1010 3490 7.

162 3516 235 3563 24.
270 3514 602 3578 Praeceptum
636 3513 757 3565 [idei
802 3514 1027 3568 internae
1070 3515 1286 3581 quando
1330 3522 1421 3569 aut
1448 3514 1719 3581 quomodo

218 3589 465 3652 violetur,
492 3588 613 3641 vide
642 3604 797 3643 venno
831 3605 1081 3643 racem-uu
1115 3606 1302 3645 coum
1335 3607 1500 3645 mnan.

573 3720 703 3757 Ftnnt
738 3718 967 3756 urlinus
1002 3720 1313 3761 PRAECEPTUU.

597 3810 725 3846 nunt
760 3808 979 3847 exram
1014 3812 1286 3851 conressto.

166 3900 205 3947 1.
246 3898 429 3952 Fidem
455 3900 507 3951 in
533 3900 813 3953 tormentis
838 3913 1033 3967 negare
1061 3901 1257 3955 licitum
1280 3914 1421 3964 esse,
1441 3914 1592 3956 error
1612 3902 1724 3955 Ele·

221 3977 499 4039 zeitarum,
524 3984 675 4031 tract.
701 3982 750 4039 1,
772 3979 913 4043 disp.
947 3983 1025 4040 14,
1050 3984 1179 4031 sect.
1212 3983 1259 4040 1,
1286 3992 1338 4031 n.
1363 3983 1408 4031 1.

163 4055 207 4101 2.
242 4052 315 4103 tib
336 4052 492 4106 nulia
514 4060 778 4107 tormenta
800 4064 891 4107 aut
914 4055 1054 4107 mala
1076 4066 1250 4120 poenae
1272 4055 1469 4107 lichum
1508 4067 1630 4107 esse
1658 4054 1721 4105 fi-

221 4130 337 4181 dem
396 4143 617 4197 negare,
670 4132 896 4185 assertio
939 4132 1201 4184 catholica
1244 4131 1349 4184 late
1382 4130 1654 4197 probatur,
1692 4142 1725 4181 a

225 4218 276 4257 n.
304 4210 381 4259 12.
744 4254 751 4259 .
1277 4248 1287 4259 .

166 4284 209 4331 3.
244 4282 427 4335 Fidem
454 4296 668 4348 negare,
703 4296 865 4349 quam
896 4282 1087 4337 habeat
1118 4282 1393 4346 malitiam,
1418 4296 1471 4334 n.
1496 4286 1544 4333 6.

222 4356 307 4407 Est
325 4366 517 4411 contra
542 4365 862 4425 praeceptum
879 4358 1001 4410 fidei
1019 4358 1195 4423 quoad
1211 4358 1585 4411 secundarium
1608 4356 1724 4421 eJus

224 4440 421 4495 actum,
450 4448 506 4486 n.
536 4440 582 4485 7.

224 4509 394 4561 Potest
427 4516 603 4561 tamen
634 4522 755 4563 esse
781 4515 969 4563 contra
996 4508 1129 4561 alias
1153 4510 1371 4563 virtutes
1392 4522 1425 4561 a
1446 4508 1565 4569 tide,
1590 4506 1718 4559 ibid.

165 4585 208 4633 4.
246 4584 571 4650 l’raeceptum
602 4585 903 4650 negativum
936 4586 1059 4637 lidei
1087 4584 1361 4638 exterioris
1381 4584 1581 4651 quibus
1609 4594 1722 4635 mo·

224 4659 305 4712 dis
330 4661 521 4715 violari
548 4663 735 4728 possit,
759 4662 881 4715 vide
910 4676 1121 4715 ummo
1148 4675 1296 4713 rinei.

169 4745 211 4789 5.
248 4740 363 4791 Dari
405 4747 725 4806 praeceptum
760 4738 1043 4804 positivum
1084 4738 1151 4789 de
1178 4735 1482 4789 confitenda
1513 4735 1616 4787 lide
1644 4738 1727 4787 est

228 4816 449 4868 omnino
483 4821 705 4875 certum,
730 4814 847 4866 ead.
869 4813 1008 4880 disp.
1032 4817 1112 4873 14,
1138 4817 1267 4865 sect.
1292 4817 1339 4873 2,
1378 4826 1430 4862 n.
1470 4816 1517 4863 1.

170 4892 213 4939 6.
250 4891 573 4956 l‘raeceptum
605 4890 670 4941 de
695 4890 1031 4942 contessione
1060 4887 1323 4941 materiali
1348 4886 1471 4939 fidei
1495 4899 1591 4951 pro
1616 4898 1723 4949 quo

230 4974 469 5031 tempore
489 4966 707 5033 obliget,
733 4964 883 5029 ibid„
908 4978 1057 5017 num.
1083 4968 1128 5015 3.

229 5041 327 5094 Pro
346 5056 454 5107 quo
476 5042 675 5109 obliget
698 5048 1018 5107 praeccptum
1042 5040 1110 5093 de
1138 5038 1477 5092 consessione
1501 5037 1726 5101 formali,

230 5130 261 5167 a
296 5132 439 5171 num.
473 5123 522 5179 4,
548 5117 823 5183 speciatim
854 5117 907 5167 in
938 5130 1088 5169 num.
1118 5120 1166 5166 7.

173 5194 217 5241 7.
253 5194 429 5247 Fidem
472 5196 739 5247 occultare
784 5192 1073 5257 aliquando
1119 5199 1200 5245 est
1240 5189 1586 5257 prohibitum,
1628 5189 1730 5241 ali·-

232 5270 445 5332 quando
474 5282 609 5334 non;
634 5282 1021 5333 nonnunquam
1045 5268 1203 5321 etiam
1235 5272 1317 5319 est
1346 5266 1726 5328 necessarium,

232 5346 347 5398 ead.
372 5346 491 5411 disp
537 5349 615 5409 14,
648 5351 775 5399 sect.
806 5350 853 5405 3,
884 5358 936 5396 n.
963 5348 1009 5395 2.

1846 856 2027 920 gionis
2067 856 2268 909 licitum
2312 856 2602 921 aliquando
2650 871 2806 919 esse,
2851 871 3132 924 perperam
3173 857 3356 911 docuit

1848 931 2132 994 AdrianuS,
2162 939 2310 986 tract.
2335 937 2382 995 1,
2406 933 2546 998 disp.
2572 937 2651 995 14,
2675 942 2806 989 sect.
2837 938 2885 995 4,
2913 948 3059 987 num.
3087 938 3132 985 3.

1850 1006 2160 1072 Oppositum
2203 1010 2546 1063 communius
2585 1016 2640 1063 et
2677 1012 2902 1065 omuino
2938 1011 3148 1074 verius,
3181 1010 3283 1063 late
3323 1022 3356 1061 a

1854 1094 2000 1133 num.
2032 1087 2077 1135 4.

1792 1160 1868 1209 11.
1906 1157 2040 1219 Quid
2081 1164 2149 1211 de
2185 1160 2417 1211 Naaman
2449 1158 2778 1225 ingrediente
2817 1174 2940 1215 cum
2969 1174 3093 1225 rege
3121 1162 3178 1213 in
3217 1168 3355 1213 tem-

1848 1232 1994 1297 plum
2019 1235 2260 1287 Remnon
2287 1234 2573 1287 adoraturo
2604 1234 2822 1295 idolum,
2850 1236 3001 1296 ibid..
3026 1250 3172 1289 num.
3199 1243 3247 1289 8.

1856 1307 1989 1368 Quid
2020 1308 2086 1360 de
2111 1309 2243 1361 teliu
2272 1310 2558 1362 simulante
2585 1311 2903 1364 sacrificium
2933 1312 3071 1374 Baal,
3098 1321 3152 1365 ut
3176 1325 3357 1366 sacer-

1853 1382 2005 1436 dotes
2030 1384 2368 1446 interficeret,
2395 1398 2542 1437 num.
2567 1391 2616 1438 9.

1787 1461 1866 1510 12.
1903 1458 2084 1511 Fidem
2113 1461 2379 1513 occultare
2403 1474 2470 1513 an
2501 1468 2552 1513 et
2575 1461 2792 1527 quando
2819 1461 2988 1521 liccat.
3013 1464 3212 1517 utendo
3241 1476 3358 1516 ves-

1853 1534 1994 1586 tibus
2023 1542 2110 1587 aut
2142 1537 2302 1589 rebus
2331 1536 2624 1589 infidelium
2657 1538 2904 1603 propriis,
2929 1539 3052 1591 vide
3078 1554 3256 1593 vast-is.

1789 1613 1869 1659 13.
1904 1610 2097 1663 Contra
2135 1612 2304 1663 solam
2331 1619 2601 1665 externam
2621 1612 2750 1665 'fidei
2793 1614 3186 1667 confessionem
3227 1628 3356 1680 pec-

1850 1697 1982 1737 cans
2001 1685 2270 1747 otnissive‚
2293 1700 2359 1738 an
2382 1694 2433 1739 et
2453 1688 2666 1751 qualem
2690 1701 2904 1753 poenam
2929 1690 3180 1752 incurrat,
3204 1700 3355 1745 tract.

1855 1766 1902 1818 1.
1926 1762 2065 1827 disp.
2091 1766 2169 1823 14,
2194 1770 2324 1815 sect.
2348 1767 2397 1820 6,
2421 1776 2476 1814 n.
2503 1768 2551 1814 2.

1852 1837 1987 1900 Quid
2008 1839 2074 1890 de
2103 1846 2330 1904 negante
2351 1838 2509 1891 tidem
2537 1839 2764 1904 positive
2786 1839 2960 1894 solum
2985 1841 3214 1895 exterius
3241 1843 3360 1898 sine

1853 1914 2062 1967 interna
2092 1913 2417 1977 infidelitate,
2445 1928 2594 1967 num.
2621 1918 2646 1965 4
2677 1922 2728 1968 et
2759 1920 2805 1967 6.

2078 2077 2209 2114 must
2243 2076 2569 2127 ruptone,
2604 2062 2728 2117 vide
2759 2078 3075 2117 namen-10.

2481 2192 2685 2230 trinitus.

1795 2297 1843 2345 1.
1880 2293 2074 2346 Fidelis
2109 2306 2177 2345 an
2209 2294 2378 2359 possit
2419 2294 2665 2359 ignorare
2695 2294 3076 2348 invincibiliter
3113 2296 3365 2363 mysteria

1857 2370 2000 2433 fidei,
2025 2378 2172 2423 tract.
2197 2376 2244 2427 1,
2269 2370 2407 2435 disp.
2433 2375 2510 2429 16,
2535 2378 2662 2423 sect.
2690 2376 2742 2433 t,
2765 2385 2912 2425 num.
2940 2376 3020 2423 1ο.

1796 2450 1844 2498 2.
1879 2449 1960 2497 An
1999 2446 2158 2497 etiam
2187 2458 2368 2497 errare
2397 2447 2638 2511 positive,
2669 2457 2856 2501 contra
2884 2447 3044 2501 iidem
3080 2461 3188 2501 non
3233 2462 3365 2515 pec-

1864 2520 2056 2582 cando,
2081 2528 2208 2572 sect.
2236 2526 2282 2581 2,
2319 2535 2464 2573 nuni.
2494 2527 2521 2571 6
2546 2529 2598 2574 et
2627 2527 2673 2575 6.

1798 2601 1847 2649 3.
1883 2598 1918 2648 F
1924 2597 2140 2649 idelium
2169 2605 2384 2663 peccata
2411 2598 2682 2663 quomodo
2703 2598 2950 2665 graviora
2979 2600 3205 2666 peccatis
3237 2598 3364 2651 infi-

1862 2672 2082 2734 delium,
2108 2680 2254 2727 tract.
2281 2678 2330 2735 1,
2354 2673 2492 2738 disp.
2518 2678 2598 2737 16,
2622 2682 2750 2727 sect.
2774 2680 2821 2738 2,
2847 2688 2992 2727 num.
3019 2680 3067 2727 8.

1802 2750 1846 2799 4.
1882 2747 2048 2799 Fideli
2070 2762 2136 2799 an
2164 2747 2317 2801 liceat
2339 2750 2414 2801 uti
2439 2750 2674 2801 vestibus
2703 2750 3015 2814 inlidelium,
3039 2751 3160 2805 vide
3182 2764 3362 2804 vast-ts.

1802 2829 1847 2875 5.
1886 2824 2098 2887 Fidelis,
2124 2825 2246 2879 vide
2273 2826 2612 2880 Cantsumus.

2215 2956 2310 2991 riu
2318 2956 2391 3003 15⁵,
2427 2956 2542 2994 nm
2579 2956 2830 2995 HAEBE'HCO
2839 2958 2954 2995 RUU.

1805 3058 1849 3105 1.
1886 3054 2049 3106 Pilius
2093 3068 2160 3106 an
2209 3055 2340 3120 patri
2387 3054 2440 3108 in
2484 3054 2770 3109 dilectione
2813 3055 3198 3123 praeferendus,
3245 3054 3365 3109 vide

1864 3144 2149 3183 etiamn-ris
2181 3146 2326 3194 onoo,
2359 3143 2506 3184 num.
2536 3136 2615 3193 22,
2646 3136 2708 3183 27
2738 3138 2790 3185 et
2818 3136 2896 3185 29.

1800 3210 1848 3257 2.
1888 3207 2278 3259 Filiusl’amilias
2301 3206 2529 3272 qualiter
2555 3207 2721 3272 possit
2746 3207 2920 3261 facere
2946 3207 3363 3272 eleemosynam,

1863 3289 2013 3335 tract.
2039 3288 2086 3342 3,
2111 3281 2248 3347 disp.
2282 3287 2330 3345 7,
2361 3289 2489 3335 sect.
2517 3288 2566 3346 2,
2592 3295 2738 3335 num.
2769 3285 2815 3335 4.

1801 3362 1849 3409 3.
1885 3358 2001 3409 Filii
2022 3358 2180 3409 etiam
2201 3358 2448 3411 catholici
2471 3358 2770 3424 plectuntur
2791 3371 2950 3423 poena
2968 3357 3364 3411 confiscationis

1866 3434 2132 3487 bonorum
2181 3435 2346 3500 patris
2387 3435 2457 3487 ob
2507 3442 2780 3500 paternam
2832 3434 3106 3497 haeresim,
3153 3441 3207 3486 et
3247 3447 3362 3499 cnr,

1866 3517 2015 3563 tract.
2039 3516 2086 3571 1,
2110 3510 2246 3576 disp.
2276 3514 2356 3570 22,
2383 3517 2511 3563 sect.
2539 3515 2585 3571 1,
2613 3523 2757 3562 num.
2785 3516 2839 3573 3;
2865 3518 2917 3563 et
2937 3517 3066 3563 sect.
3099 3515 3152 3569 lu
3176 3524 3209 3561 n
3252 3513 3296 3561 7.

1804 3590 1850 3639 4.
1886 3586 2142 3638 Filiorum
2164 3586 2306 3639 bona
2327 3586 2621 3639 castrensia
2646 3598 2752 3639 non
2779 3587 3136 3639 confiscantur
3159 3584 3230 3637 ob
3253 3586 3368 3637 bae-

1867 3664 2026 3715 resim
2061 3670 2356 3727 paternam,
2397 3663 2494 3715 sed
2535 3662 2608 3717 ob
2645 3664 2935 3727 propriam,
2979 3662 3098 3715 ead.
3141 3668 3270 3715 sect.
3316 3667 3366 3725 6,

1866 3754 2016 3793 num.
2043 3745 2090 3792 9.

1866 3816 1999 3877 Quid
2028 3816 2096 3868 de
2123 3814 2281 3868 bonis
2309 3813 2405 3866 filii
2433 3813 2740 3867 adventitiis
2779 3819 2832 3866 et
2867 3810 3194 3877 profectitiis,
3235 3810 3366 3863 ibid.

1805 3897 1850 3943 6.
1888 3891 2002 3943 Filii
2032 3890 2402 3944 haereticorum
2447 3891 2759 3943 innocentes
2789 3902 2902 3941 non
2932 3888 3206 3941 incurrunt
3235 3900 3368 3941 cen-

1867 3982 2022 4021 suras
2047 3980 2181 4032 quas
2205 3966 2485 4019 incurrunt
2515 3974 2708 4031 patres,
2732 3965 2872 4030 disp.
2904 3968 2983 4025 24,
3007 3971 3134 4017 sect.
3161 3969 3207 4025 3,
3234 3978 3288 4016 n.
3313 3968 3366 4017 2.

1870 4046 1974 4096 Nec
2004 4056 2215 4109 poenam
2248 4044 2436 4095 mortis
2463 4051 2553 4093 aut
2579 4042 2714 4093 alias
2741 4040 3071 4106 corporales,
3111 4040 3239 4092 ibid.

1804 4125 1853 4173 6.
1888 4118 2005 4171 Filii
2045 4119 2416 4171 hoereticorum
2461 4130 2570 4170 non
2613 4124 2839 4183 possunt
2891 4116 3066 4181 puniri
3116 4116 3170 4167 in
3212 4115 3372 4168 bonis

1869 4193 2251 4260 temporalibus
2291 4206 2410 4259 quae
2451 4200 2602 4247 erant
2633 4194 2847 4259 propria
2889 4199 3126 4256 tempore
3169 4191 3370 4255 delicti,

1867 4281 1958 4324 aut
1974 4272 2027 4323 in
2052 4272 2115 4325 iis
2134 4282 2254 4337 quae
2278 4278 2394 4335 post
2419 4269 2663 4322 haeresim
2687 4276 2962 4335 paternam
2985 4266 3368 4331 acquisierunt,

1866 4347 1986 4401 eod.
2011 4360 2158 4400 num.
2184 4352 2232 4399 2.

1804 4430 1849 4476 7.
1886 4425 2261 4477 ltaereticorum
2287 4422 2369 4475 vel
2401 4420 2664 4473 fautorum
2697 4420 2789 4471 filii
2821 4426 2873 4472 et
2898 4424 3136 4485 nepotes,
3166 4418 3224 4471 in
3252 4419 3370 4471 solo

1865 4501 2102 4553 secundo
2127 4500 2296 4565 gradu
2337 4511 2432 4563 per
2473 4497 2669 4549 lineam
2702 4495 3052 4547 masculinam
3080 4502 3208 4547 sunt
3235 4494 3371 4547 irre·-

1864 4578 2095 4645 gulareS,
2123 4575 2250 4627 ibid.
2279 4579 2326 4625 3.

1864 4655 1996 4705 ltem
2026 4652 2306 4717 incapaces
2335 4646 2614 4715 pensionis
2635 4653 2726 4699 aut
2755 4644 3000 4699 beneticii
3025 4644 3372 4699 ecclesiastici

1869 4729 1986 4793 ipso
2010 4729 2146 4791 jure,
2173 4738 2320 4779 num.
2348 4727 2394 4775 4.

1866 4803 2000 4865 Quid
2021 4802 2088 4855 de
2111 4800 2385 4853 beneficiis
2413 4804 2572 4851 antea
2598 4796 2848 4859 obtentiS,
2871 4808 3018 4848 num.
3045 4801 3090 4849 6.

1808 4885 1853 4932 8.
1888 4879 2005 4931 Filii
2045 4878 2414 4930 haereticorum
2441 4888 2503 4927 ex
2527 4886 2635 4939 quo
2665 4880 2905 4937 tempore
2945 4872 3084 4923 hanc
3113 4870 3375 4937 irregula-

1872 4957 2078 5007 ritatem
2109 4962 2161 5006 et
2190 4951 2591 5017 incapacitatem
2622 4950 2911 5005 incurrant,
2939 4946 3059 5000 cod.
3087 4960 3234 4999 num.
3261 4954 3307 4998 6.

1809 5038 1855 5083 9.
1896 5030 2010 5083 Filii
2059 5029 2428 5083 haereticorum
2478 5026 2561 5079 vel
2603 5024 2890 5085 santorum,
2919 5032 3040 5083 etc.‚
3079 5022 3376 5076 redduntur

1872 5107 2028 5159 etiam
2072 5104 2335 5156 inhabiles
2378 5102 2445 5153 ad
2489 5100 2672 5154 omnia
2718 5099 2890 5152 officia
2937 5098 3167 5164 publica,
3213 5099 3373 5151 etiam

1871 5181 2163 5238 soecularia,
2188 5187 2240 5232 et
2263 5177 2557 5244 quomodo,
2579 5190 2726 5228 nunt.
2751 5182 2798 5229 6.

1810 5264 1887 5310 1ο.
1924 5257 2070 5309 Filiis
2107 5256 2478 5308 haereticorum
2515 5252 2664 5305 nulla
2703 5253 2810 5305 alia
2851 5266 3010 5319 poena
3044 5246 3304 5318 privativa
3343 5264 3376 5304 a

1870 5338 1990 5401 jure
2018 5334 2330 5398 imponitur,
2363 5332 2491 5383 ibid.

176 5423 219 5468 8.
258 5426 335 5472 An
372 5422 581 5487 quoties
608 5420 675 5473 de
706 5420 810 5472 fide
849 5422 1257 5485 interrogamur,
1293 5424 1571 5471 teneamur
1610 5428 1730 5469 eam
1812 5417 1889 5464 11.
1927 5411 2041 5463 Filii
2065 5408 2360 5463 infidelium
2383 5406 2632 5472 baptizati
2657 5406 2724 5459 ab
2753 5418 2938 5461 eorum
2966 5413 3223 5471 potestate
3245 5406 3376 5458 libe-

238 5500 403 5560 palam
434 5498 688 5565 profiteri,
715 5497 866 5557 ibid..
892 5508 925 5547 a
953 5508 1101 5547 num.
1129 5499 1175 5545 3.

236 5574 363 5633 Quid
384 5575 427 5625 si
454 5575 843 5637 interrogemur
864 5584 893 5623 a
920 5582 1147 5635 persona
1172 5568 1371 5635 privata
1398 5568 1477 5621 vel
1505 5581 1625 5635 rege
1649 5581 1733 5621 cx—

238 5653 437 5711 traneo,
462 5662 609 5701 num.
638 5654 685 5699 6.

1874 5496 2078 5543 rantur.
2106 5493 2253 5537 tract.
2282 5489 2330 5544 1,
2359 5483 2496 5548 disp.
2526 5487 2606 5544 18,
2625 5489 2754 5537 sect.
2783 5489 2828 5541 5,
2855 5494 3002 5533 num.
3031 5486 3108 5533 16.

1875 5566 1956 5615 An
1986 5562 2190 5627 possint
2215 5559 2282 5611 ad
2313 5559 2458 5609 hunc
2484 5558 2642 5611 linem
2681 5557 2932 5622 baptizari
2972 5556 3149 5609 invitis
3181 5568 3376 5622 paren-

1877 5641 2036 5703 tibuS,
2068 5637 2194 5691 ibid.
2232 5635 2526 5689 remissive.
