3900 6217
557 396 676 459 468

561 500 1021 561 distinctionem
1054 514 1383 575 agnoscere
1418 496 1580 557 inter
1622 496 1789 555 hunc
1826 494 2115 573 gradum,

561 602 624 655 et
681 590 1044 661 secundum,
1083 592 1238 651 sicut
1275 592 1438 651 inter
1493 590 1647 650 duos
1703 589 1933 669 primos
1984 587 2119 647 illos

565 686 734 748 illam
766 684 1163 765 probavimus
1179 699 1200 760 ;
1231 684 1377 762 quia
1405 690 1816 743 numerantur
1845 683 1948 743 isti
1980 700 2119 760 gra-

562 780 679 840 dus
708 786 777 838 ut
815 776 1229 850 condistiucti,
1274 781 1336 836 et
1363 776 1620 837 inferior
1660 777 1967 836 minorem
2009 774 2120 835 ali-

561 890 749 951 quam
773 875 1141 949 gravitatem
1158 886 1344 947 quam
1369 869 1711 948 superiores
1733 870 1961 929 habere
1981 887 2121 929 cen-

557 972 726 1026 setur
738 982 758 1042 3
791 964 1102 1043 quocirca,
1134 962 1290 1023 sicut
1317 981 1500 1041 supra
1548 963 1842 1037 diximus,
1891 980 2121 1023 nomen

560 1058 788 1120 erroris
831 1056 1115 1135 generice
1154 1062 1214 1115 et
1253 1056 1529 1135 specifice
1579 1056 1767 1131 sumi,
1812 1065 1874 1115 et
1919 1057 2122 1135 primo

557 1153 742 1214 modo
787 1150 1305 1230 comprehendere
1347 1150 1654 1226 haeresim,
1705 1150 1971 1211 secundo
2000 1168 2117 1211 au-

559 1252 684 1306 tem
727 1243 910 1304 modo
963 1242 1040 1303 ab
1081 1242 1188 1303 illa
1239 1243 1560 1321 distingui,
1611 1244 1698 1304 ita
1739 1243 1814 1304 de
1866 1242 2120 1303 nomine

557 1337 989 1419 propositionis
1036 1336 1330 1417 sapientis
1380 1336 1679 1411 Itoeresim,
1707 1334 2121 1413 judicandum

560 1450 778 1493 censeo
805 1453 822 1506 ;
849 1448 997 1490 nam
1025 1436 1223 1509 potest
1249 1447 1378 1490 esse
1406 1430 1787 1508 genes-icum,
1817 1435 1880 1491 ct
1927 1430 2119 1508 signi·

559 1526 746 1587 ficare
787 1540 1033 1584 omnem
1076 1522 1578 1601 propositionem,
1631 1540 1791 1601 qnae,
1826 1523 1965 1582 licet
1994 1539 2123 1581 non

561 1619 641 1679 sit
681 1618 991 1689 haeretica,
1027 1614 1290 1675 multum
1318 1613 1551 1675 redolet
1579 1614 1887 1689 haeresim,
1919 1619 1983 1678 et
2008 1616 2122 1674 hoc

561 1710 746 1772 modo
779 1728 906 1770 non
953 1714 1045 1769 est
1092 1708 1352 1768 dubium
1401 1708 1552 1786 quin
1583 1709 1916 1788 propositio
1956 1725 2121 1769 erro-

559 1822 676 1865 nea
705 1805 901 1883 sapiat
927 1802 1232 1863 haeresim.
1265 1802 1499 1863 Tamen
1543 1802 1610 1861 in
1635 1801 1754 1861 hoc
1784 1819 2024 1881 sapore,
2050 1805 2121 1860 nt

559 1900 644 1959 sic
673 1898 896 1971 dicam,
933 1900 1186 1974 possunt
1219 1912 1347 1954 esse
1378 1894 1630 1973 gradus,
1661 1900 1723 1955 et
1755 1894 1824 1955 in
1848 1894 2121 1975 proposi-

561 1997 726 2051 tione
755 2006 1014 2051 erronea
1041 1988 1222 2049 estin
1253 2005 1520 2063 summo,
1549 1994 1611 2049 et
1637 1988 1778 2049 ideo
1801 1988 2003 2067 potius
2030 1986 2124 2046 di-

559 2086 753 2145 cenda
773 2092 863 2144 est
887 2083 1168 2161 proxima
1194 2081 1446 2158 haercsi3
1491 2087 1687 2159 potest
1729 2088 1938 2141 autem
1990 2096 2121 2141 esse

560 2177 682 2238 alia
713 2177 1046 2255 propositio
1073 2192 1364 2253 magnam
1405 2176 1655 2253 quidem
1685 2175 1950 2254 speciem
1996 2173 2122 2233 hae·

561 2273 709 2332 resis
739 2269 993 2346 habenS,
1025 2270 1090 2331 in
1130 2269 1358 2329 minori
1401 2274 1608 2329 tamen
1638 2268 1860 2347 gradu,
1897 2274 1959 2328 et
1996 2266 2123 2327 haic

558 2372 722 2427 recte
750 2364 976 2426 dicitur
1003 2363 1246 2443 sapiens
1283 2362 1588 2437 literesim,
1619 2362 1986 2441 applicando
2014 2378 2125 2421 no·

563 2476 705 2518 men
733 2458 976 2535 generis
1003 2458 1082 2517 ad
1109 2454 1465 2516 inferiorem
1491 2472 1595 2517 seu
1627 2457 1836 2517 minus
1867 2472 2125 2534 gravem

561 2552 850 2629 speciem.

645 2648 738 2705 47.
771 2642 1072 2722 Auctoris,
1087 2642 1410 2705 declaratio
1439 2645 1888 2707 accuratior.-
1906 2643 2123 2707 Castro

559 2744 614 2799 ec
647 2736 758 2799 alii
781 2738 1018 2798 modum
1048 2736 1395 2799 declarandi
1434 2738 1680 2799 addunt.
1703 2770 1786 2783 —-
1809 2738 2122 2801 Judioimn

561 2833 630 2894 de
659 2833 768 2893 hac
793 2832 1076 2909 proxima
1114 2830 1528 2893 declaratione.
1559 2866 1630 2876 —
1665 2832 2003 2891 Dicendum
2024 2847 2121 2889 er·

563 2943 640 3005 go
665 2932 756 2985 est
777 2925 1256 3003 propositionem
1281 2924 1452 2984 illam
1481 2942 1694 3003 sapere
1713 2924 2021 2997 haeresim,
2044 2940 2119 2983 ex

561 3036 684 3098 qua
711 3019 1109 3096 coassumptis
1137 3016 1274 3078 aliis
1295 3019 1641 3097 principiis,
1688 3019 1967 3097 sequitur
1996 3018 2121 3078 hae-

561 3114 736 3187 resiS,
773 3110 1022 3189 quando
1053 3110 1150 3171 vel
1177 3111 1282 3171 illa
1315 3112 1435 3171 alia
1471 3112 1774 3191 principia
1806 3130 1932 3171 non
1974 3115 2120 3170 sunt

559 3206 814 3266 omnino
835 3210 1028 3277 certa,
1075 3204 1218 3263 licet
1243 3204 1312 3263 in
1343 3205 1611 3266 Ecclesia
1649 3205 1773 3265 sint
1803 3204 1985 3266 valde
2026 3220 2121 3263 re·

561 3304 734 3377 cepta
771 3303 834 3357 et
859 3296 987 3357 fere
1018 3301 1207 3372 certa,
1254 3297 1348 3357 vel
1383 3280 1578 3358 etiam
1623 3298 1817 3359 illatio
1859 3314 1987 3357 non
2032 3301 2124 3357 est

561 3391 812 3451 evidens
835 3436 854 3464 ,
909 3408 1050 3449 cum
1094 3396 1304 3449 tamen
1357 3389 1851 3469 probabilissima
1903 3391 2005 3466 sit,
2060 3394 2123 3449 et

559 3488 974 3543 communiter
1002 3482 1277 3562 probata.
1328 3483 1418 3543 lta
1451 3484 1577 3543 fere
1607 3484 1916 3562 explicant
1957 3484 2123 3542 hunc

560 3578 818 3654 gradum
859 3576 1348 3655 propositionum
1393 3576 1650 3651 Gerson,
1694 3584 1755 3636 et
1801 3576 2005 3654 plures
2044 3592 2122 3634 ex

559 3669 909 3729 auctoribus
934 3686 1118 3747 supra
1147 3670 1366 3744 citatiS,
1411 3676 1473 3729 et
1515 3670 1793 3748 sequitur
1830 3668 2012 3728 facile
2046 3684 2124 3727 ex

561 3762 740 3822 dictis
753 3778 774 3839 3
795 3763 942 3841 quia
975 3763 1103 3822 haec
1127 3763 1464 3841 propositio
1499 3762 1638 3823 ideo
1665 3762 1888 3822 dicitnr
1909 3778 2125 3839 sapere

561 3856 868 3929 haeresim,
896 3856 1061 3934 quia,
1094 3855 1235 3916 licet
1263 3856 1436 3915 illam
1461 3855 1804 3916 formaliter
1831 3873 1957 3914 non
1986 3871 2127 3913 con-

559 3951 776 4023 tineat,
807 3967 884 4008 cx
914 3968 988 4009 ea
1015 3954 1222 4009 tamen
1261 3951 1433 4028 sequi
1479 3956 1709 4029 potest3
1749 3967 1877 4009 non
1925 3954 2124 4027 potest

559 4051 768 4101 autem
801 4043 1148 4102 consecutio
1165 4049 1330 4103 certa
1359 4043 1589 4122 requiri
1618 4059 1638 4119 3
1671 4058 1812 4103 nam
1843 4041 1961 4101 hoc
1986 4058 2121 4118 per-

559 4136 717 4194 tinet
747 4136 826 4195 ad
855 4135 1116 4213 gradum
1164 4153 1438 4196 erroneas
1477 4135 1941 4215 propositionis;
1973 4151 2121 4210 ergo

557 4246 804 4289 necesse
855 4234 946 4289 est
997 4235 1068 4290 ut
1125 4228 1204 4289 ab
1259 4229 1364 4289 illa
1425 4228 1798 4290 certitudine
1847 4227 2119 4302 deficiat,

557 4323 842 4399 quamvis
864 4322 944 4382 ad
969 4341 1109 4383 eam
1144 4323 1423 4401 proxime
1451 4321 1724 4383 accedat.
1760 4324 1834 4382 Et
1861 4320 1963 4381 hic
1992 4338 2119 4380 mo·

560 4416 674 4475 dus
696 4415 1041 4493 explicandi
1068 4416 1235 4476 hunc
1263 4416 1521 4493 gradum
1553 4416 1800 4477 videtur
1823 4414 1981 4475 mihi
2014 4432 2121 4475 ex-

559 4507 822 4586 pediam,
867 4517 931 4570 et
981 4510 1115 4568 siue
1159 4508 1542 4569 difficultate.
1597 4510 1805 4569 Castro
1863 4525 2009 4567 vero
2059 4514 2123 4569 et

559 4602 666 4661 alii
693 4602 934 4662 addunt
978 4603 1244 4664 alterum
1287 4602 1542 4663 modum
1585 4601 1930 4680 explicandi
1959 4600 2121 4661 hanc

559 4697 1077 4775 propositionem3
1140 4695 1354 4756 dicunt
1402 4694 1570 4756 enim
1619 4696 1792 4787 illam
1845 4695 2121 4774 proposi-

557 4795 790 4849 tionem
832 4807 1045 4868 sapere
1075 4789 1384 4863 hairesim,
1415 4808 1555 4868 quae
1587 4790 1788 4869 prima
1831 4788 2011 4863 facie,
2059 4796 2121 4848 et

555 4902 630 4943 ex
653 4884 796 4943 solis
825 4884 1108 4943 terminis
1135 4890 1428 4961 spectata,
1456 4884 1741 4944 haeresim
1763 4900 1871 4962 per
1891 4901 1954 4943 sc
1975 4882 2117 4957 fert,

561 4976 842 5055 quamvis
865 4978 1144 5036 intimius
1171 4978 1572 5054 considerata,
1604 4982 1666 5037 et
1704 4978 1804 5055 pie
1847 4977 2123 5055 explica-

565 5076 651 5144 ta,
683 5068 1052 5129 catholicum
1077 5088 1324 5130 sensum
1360 5068 1588 5130 habere
1629 5070 1835 5149 possit.
1889 5070 1981 5128 Ex
2026 5069 2124 5129 his

557 5170 763 5223 tamen
819 5164 1060 5223 duabus
1113 5163 1630 5224 declarationibus
1681 5166 1884 5245 prima
1928 5164 2125 5240 magis

556 5258 804 5335 propria
847 5263 938 5316 est
977 5264 1040 5317 et
1069 5257 1294 5331 verior,
1319 5264 1380 5317 et
1402 5259 1488 5318 ita
1523 5258 1711 5317 ctiam
1747 5256 1826 5316 ab
1851 5258 2125 5334 antiquis

554 5348 881 5426 Theologis
909 5358 1004 5409 est
1048 5350 1431 5429 frequentius
1470 5356 1735 5427 recepta,
1767 5350 1834 5408 in
1869 5352 1928 5423 4,
1977 5349 2118 5409 dist.

561 5444 661 5516 13,
683 5442 794 5501 ubi
814 5440 1157 5520 specialiter
1177 5444 1370 5503 videri
1393 5448 1592 5522 potest
1609 5442 1878 5516 Gabriel,
1901 5448 2121 5520 quaest.

559 5540 622 5615 ⁴2,
655 5546 774 5597 art.
813 5539 872 5614 3,
897 5536 1084 5597 dubio
1130 5537 1330 5617 primo
1345 5552 1366 5615 3
1407 5554 1553 5599 nam
1601 5535 1904 5617 posterior
1931 5535 2130 5613 magis

1162 396 1400 449 msrUT.
1433 396 1564 449 XIX.
1601 394 1682 447 DE
1713 386 2095 445 inrinssLmus
2128 386 2485 457 APOSTATis,
2522 394 2639 449 SEU
2672 391 3035 456 flaminicis,
3072 391 3205 446 ETC.

2198 494 2277 556 ad
2332 495 2484 556 alios
2538 496 2765 573 gradus
2818 496 3127 573 pertinere
3185 494 3446 555 videtur.
3504 498 3709 561 Duobus

2200 589 2366 651 enim
2406 590 2604 649 modis
2639 594 2837 667 potest
2866 587 3196 667 propositio
3236 588 3461 649 habere
3504 606 3711 653 sensum

2199 682 2563 743 haereticum
2607 689 2667 741 et
2707 680 3099 742 catholicum.
3134 681 3362 757 Prim0,
3393 688 3459 741 ut
3497 690 3713 761 uterque

2202 792 2417 836 sensns
2461 778 2540 835 sit
2586 775 2869 853 proprius
2918 773 3255 835 secundum
3308 774 3564 853 aliquam
3606 794 3715 855 pro-
3813 798 3814 807 ³

2201 870 2400 949 priam
2450 867 2966 947 significationem
3015 867 3371 942 verborum,
3420 873 3479 927 ct
3526 869 3601 928 sic
3643 871 3716 930 ni-

2200 963 2398 1023 mium
2428 962 2707 1039 rigorosa
2739 961 2982 1021 videtur
3012 959 3119 1019 illa
3146 978 3405 1021 censura
3435 976 3453 1036 ;
3489 978 3619 1021 nam
3646 969 3715 1021 ta-

2202 1055 2279 1116 lis
2345 1055 2679 1134 propositio
2738 1053 3097 1133 simpliciter
3149 1062 3239 1115 est
3304 1054 3637 1133 aequivoca,
3670 1065 3718 1117 et

2198 1148 2337 1209 ideo
2371 1148 2447 1209 de
2476 1166 2541 1209 se
2581 1148 2648 1207 in
2704 1147 2943 1209 meliori
2992 1164 3177 1207 sensu
3221 1145 3585 1225 accipienda,
3634 1149 3715 1208 vel

2200 1248 2363 1302 certe
2393 1242 2469 1301 ad
2497 1257 2812 1301 summum
2840 1241 2957 1301 crit
2989 1240 3150 1299 male
3177 1257 3426 1315 sonanS,
3453 1246 3521 1299 ut
3546 1241 3717 1301 statim
3813 1250 3814 1253 ’

2204 1333 2543 1413 explicabo.
2597 1334 2737 1393 Alio
2785 1333 2969 1394 modo
3012 1324 3211 1412 potest
3250 1333 3573 1413 propositio
3618 1350 3719 1394 esse
3813 1350 3814 1365 ³

2202 1435 2417 1489 contra
2462 1428 2648 1489 fidem
2702 1428 2765 1487 in
2808 1444 2989 1488 sensu
3037 1428 3311 1508 propriu,
3360 1430 3421 1487 et
3456 1425 3633 1486 solum
3668 1427 3719 1487 iu

2202 1520 2623 1600 metaphorico
2652 1519 2731 1579 ab
2756 1538 2961 1581 errore
2992 1520 3265 1595 liberari,
3292 1526 3357 1580 et
3398 1524 3537 1579 tunc
3562 1522 3719 1597 magis
3813 1512 3814 1519 '

2200 1616 2447 1675 videtur
2466 1617 2776 1696 pertinere
2796 1614 2875 1675 ad
2896 1615 3236 1675 secundum
3258 1612 3541 1691 gradum,
3566 1630 3715 1691 quam

2202 1711 2281 1771 ad
2308 1710 2474 1770 hunc
2512 1711 2789 1772 tertium.
2832 1710 2939 1769 Est
2985 1707 3517 1769 accommodatum
3552 1724 3715 1766 exem·
3813 1706 3814 1711 ’

2200 1804 2375 1885 plum
2417 1804 2491 1864 de
2539 1804 2655 1865 hac
2694 1802 3107 1883 propositione
3138 1817 3155 1861 t
3196 1800 3477 1863 Christus
3512 1800 3718 1879 quotidie

2193 1906 2427 1981 peccat,
2470 1915 2659 1976 quam
2704 1896 3045 1957 Concilium
3090 1894 3305 1971 Basil.,
3354 1910 3495 1955 sess.
3542 1895 3629 1968 22,
3669 1900 3713 1952 ut

2204 2008 2526 2052 erroneam
2565 1992 2842 2063 damnat,
2880 1988 3027 2067 qnia
3057 1990 3121 2048 in
3149 1988 3405 2069 proprio
3428 2004 3601 2047 sensu
3634 1984 3716 2047 lal-

2205 2102 2272 2144 sa
2298 2090 2413 2159 est,
2442 2090 2504 2144 et
2532 2089 2744 2144 contra
2771 2081 2981 2155 fidem,
3010 2087 3071 2141 et
3112 2082 3314 2141 solum
3358 2081 3426 2139 in
3454 2078 3717 2157 metapho-
3813 2080 3814 2091 ³

2203 2178 2331 2238 rico
2358 2178 2437 2238 ab
2460 2196 2663 2237 errore
2693 2174 3089 2249 liberabatur,
3118 2173 3527 2252 intelligendo
3560 2172 3719 2232 Clu-is-
3813 2200 3814 2207 κ

2203 2280 2338 2331 tum
2361 2288 2488 2331 non
2522 2271 2589 2331 in
2616 2288 2702 2345 se,
2739 2269 2843 2329 sed
2868 2268 2934 2327 in
2982 2268 3110 2327 suis
3152 2266 3453 2327 membris
3496 2266 3720 2344 quotidie
3813 2252 3814 2321 ᾗ

2206 2384 2477 2445 peccare.

2288 2460 2383 2519 18.
2430 2460 2521 2520 De
2538 2460 2951 2541 propositione
2990 2456 3147 2519 male
3186 2459 3461 2517 sonante.
3494 2484 3567 2498 —
3590 2450 3721 2513 Nola

2198 2570 2312 2635 pro
2355 2560 2485 2632 foro
2522 2556 2785 2615 caterno.
2830 2585 2913 2597 —
2952 2552 3215 2625 Quartus
3273 2546 3501 2627 gradus
3544 2545 3723 2605 harum

2203 2648 2696 2726 propositionum
2726 2652 2815 2707 est
2840 2646 2971 2725 ejus
2988 2643 3369 2715 assertionis,
3389 2658 3523 2718 quae
3544 2639 3725 2697 dicitur

2203 2740 2356 2802 male
2378 2757 2627 2814 sonans,
2668 2757 2857 2818 quam
2886 2738 3083 2815 aliqui
3110 2754 3233 2796 non
3268 2733 3642 2809 distinguunt
3666 2728 3725 2788 ab

2202 2831 2332 2903 illa,
2382 2850 2521 2910 quae
2552 2834 2714 2911 sapit
2746 2832 3061 2903 baeresim3
3096 2846 3242 2889 nam
3277 2826 3389 2887 illa
3422 2841 3535 2885 vox
3572 2828 3725 2883 meta·

2201 2924 2453 3003 pliorica
2486 2930 2579 2984 est
2602 2939 2623 3001 3
2662 2924 2999 3003 propositio
3036 2922 3203 2982 enim
3234 2938 3369 2980 non
3411 2914 3585 2977 habet
3616 2932 3725 2993 pro-

2202 3018 2333 3097 prie
2364 3035 2644 3097 saporem
2673 3018 2739 3076 in
2769 3016 2985 3077 ordine
3017 3015 3095 3075 ad
3126 3020 3411 3091 gustum,
3442 3010 3539 3071 sed
3568 3015 3723 3068 meta·

2202 3111 2529 3190 phoricum
2572 3111 2639 3170 in
2676 3109 2896 3170 ordine
2924 3109 3001 3169 ad
3033 3107 3348 3180 auditum,
3378 3110 3439 3166 et
3466 3101 3591 3163 ideo
3616 3118 3721 3179 pro-

2201 3204 2423 3283 positio
2462 3220 2601 3283 quoe
2631 3204 2793 3281 sapit
2832 3200 3143 3269 marasim,
3186 3198 3357 3259 male
3386 3196 3563 3257 etiam
3586 3198 3723 3252 sonat

2203 3298 2270 3357 in
2297 3297 2515 3357 ordine
2539 3296 2615 3357 ad
2646 3296 2953 3358 auditum.
3000 3294 3117 3356 Sed
3164 3294 3271 3355 hie
3302 3292 3491 3354 etiam
3530 3286 3724 3347 videtur

2201 3389 2567 3469 applicanda
2628 3390 2843 3468 regula
2908 3389 2969 3449 in
3039 3384 3531 3468 praecedentibus
3582 3382 3717 3450 dsta3

2202 3502 2348 3543 nam
2394 3482 2734 3543 secundum
2778 3482 3117 3561 qufflndam
3157 3482 3475 3541 rationem
3514 3489 3722 3555 genera-

2202 3576 2350 3652 lem,
2408 3576 2597 3637 etiam
2641 3576 3052 3655 praecedentes
3096 3571 3562 3653 propositiones,
3602 3583 3722 3645 prae·

2204 3671 2415 3730 sertim
2438 3686 2706 3741 erronea,
2724 3674 2787 3728 et
2800 3671 3041 3747 sapiens
3060 3666 3366 3737 Itzes-esim,
3382 3668 3615 3743 possunt
3628 3656 3725 3717 dici

2204 3763 2359 3825 male
2400 3769 2701 3825 sonantes.
2734 3762 3151 3822 Nihilominus
3184 3766 3405 3819 tamen
3432 3750 3723 3815 secundum
3813 3794 3814 3797 η

2206 3858 2390 3917 aliam
2420 3857 2726 3917 rationem
2754 3855 3108 3936 specialem,
3140 3850 3465 3913 constituit
3482 3850 3599 3908 haec
3632 3842 3725 3903 dit-

2206 3950 2489 4024 ferentia,
2526 3956 2596 4008 ut
2618 3950 2705 4009 sic
2728 3950 2952 4022 dicam,
2976 3947 3144 4007 huuc
3168 3950 3460 4025 quartum
3480 3937 3723 4019 gradum,

2202 4043 2349 4121 quia
2378 4050 2467 4103 est
2489 4041 2741 4103 inferior
2762 4038 3253 4121 praecedentibus
3279 4038 3347 4097 in
3376 4034 3618 4105 malitia,
3634 4044 3720 4088 seu

2202 4135 2268 4194 in
2318 4135 2779 4215 propinquitate
2834 4133 2915 4194 ad
2956 4133 3266 4194 haeresim.
3306 4130 3386 4190 Et
3428 4125 3721 4206 explicatur

2202 4230 2459 4308 optime*
2488 4228 2675 4288 modo
2720 4244 2907 4306 supra
2954 4233 3118 4287 tacto
3139 4270 3160 4301 ‚
3214 4224 3293 4283 de
3356 4217 3723 4302 propositione

2201 4322 2539 4401 aequivoca,
2574 4322 2801 4401 quaein
2844 4320 3093 4400 proprio
3120 4319 3335 4398 aliquo
3363 4332 3539 4379 sensu
3562 4314 3725 4392 potest
3813 4380 3814 4383 Ἴ

2200 4432 2328 4475 esse
2357 4414 2667 4490 haeretica,
2706 4420 2767 4475 et
2800 4416 2865 4474 in
2892 4414 3015 4474 alio
3042 4414 3232 4475 etiam
3270 4412 3517 4491 proprio
3554 4403 3725 4466 catho-

2199 4506 2352 4581 lica3
2406 4526 2554 4567 nam
2596 4508 2701 4567 illa
2750 4506 3049 4581 absolute,
3093 4511 3156 4565 et
3198 4505 3331 4565 sine
3372 4498 3722 4564 distinctione

2198 4600 2296 4660 vel
2344 4600 2757 4661 declaratione
2800 4600 3061 4681 prolata,
3094 4599 3315 4659 merito
3349 4596 3569 4657 dicitur
3592 4588 3724 4651 male

2200 4710 2447 4754 sonans.
2482 4695 2550 4754 ln
2581 4713 2707 4773 quo
2734 4693 3045 4753 distinctio
3069 4692 3193 4752 alia
3216 4688 3495 4751 adhiberi
3520 4689 3693 4767 potest
3708 4694 3724 4755 ;

2200 4804 2346 4847 nam
2372 4788 2657 4865 quaedam
2690 4784 3023 4865 propositio
3062 4783 3290 4844 dicitur
3312 4782 3392 4843 ab
3422 4780 3724 4841 extrinseco

2202 4880 2363 4940 male
2392 4898 2641 4953 sonanS,
2668 4878 2789 4940 alia
2817 4879 2897 4939 ab
2918 4880 3279 4940 intrinseco,
3307 4876 3403 4937 Ab
3422 4874 3725 4935 extrinseco

2204 4985 2479 5047 vocatur,
2510 4972 2755 5052 quande
2778 4972 3041 5051 suspicio
3066 4972 3163 5033 vel
3184 4970 3383 5032 malus
3402 4984 3595 5038 sonus,
3619 4977 3724 5021 non

2204 5084 2280 5127 ex
2323 5067 2739 5146 propositione
2789 5066 2954 5127 nude
3016 5072 3281 5145 sumpta,
3330 5061 3435 5123 sed
3476 5074 3605 5120 cum
3632 5056 3727 5113 cir-

2204 5160 2593 5220 cumstantiis
2632 5176 2928 5238 personae,
2978 5158 3120 5233 loci,
3164 5164 3271 5218 aut
3310 5153 3593 5234 temporis
3626 5146 3723 5207 ori·

2206 5262 2331 5330 tur,
2363 5262 2433 5314 ut
2459 5252 2593 5313 haec
2622 5253 2955 5332 propositio
2977 5266 2995 5312 t
3018 5252 3205 5313 Fides
3219 5250 3541 5330 justificat,
3578 5242 3725 5302 abso·

2206 5346 2333 5407 lute
2362 5347 2621 5425 prolata,
2647 5344 2797 5405 olim
2818 5363 2945 5405 non
2974 5344 3135 5405 male
3159 5344 3434 5416 sonabat,
3456 5354 3613 5402 nunc
3628 5351 3718 5393 au-

2206 5446 2356 5515 tem,
2389 5446 2537 5499 ortis
2566 5438 2928 5516 haeresibus,
2962 5437 3125 5499 male
3144 5444 3361 5510 sonat3
3392 5441 3451 5494 et
3478 5429 3725 5493 similiter

2208 5532 2450 5616 prolata
2478 5551 2515 5593 a
2546 5550 2801 5616 persona
2836 5538 3135 5612 suspecta,
3172 5530 3365 5593 multo
3390 5525 3553 5608 pejus
3572 5538 3722 5581 soua-
