3900 6217
558 475 758 546 nium,
777 473 942 534 unde
963 471 1170 532 nullus
1191 476 1390 550 potest
1402 471 1507 534 illa
1527 471 1780 551 privari,
1797 470 1918 531 nisi
1936 487 2117 549 prop-

555 572 650 626 ter
673 566 768 625 cul
777 585 917 644 pam
947 565 1259 644 propriam
1281 581 1301 641 ;
1329 583 1452 645 qua
1471 572 1632 625 certe
1650 565 1725 624 de
1746 582 1929 624 causa
1954 581 2116 622 nun-

557 679 743 738 quam
773 661 1074 719 occiditur
1099 659 1262 719 filius
1289 665 1540 739 propter
1565 665 1875 736 peccatum
1897 657 2111 735 patris„

556 753 880 813 Deuteron.
915 754 993 812 ⁶24
1023 797 1040 825 ,
1086 759 1147 812 et
1184 753 1372 814 Exod.
1402 753 1518 813 23:
1569 753 1952 814 Innocentem
1995 765 2117 810 non

557 845 812 908 occidas.
845 845 1282 920 confirmatur,
1324 847 1470 924 quia
1505 846 1556 904 si
1594 847 1951 905 innocentes
1984 859 2119 922 pos-

555 947 691 999 sent
722 959 784 999 se
813 939 1163 1014 defendere,
1192 939 1355 1017 juste
1393 939 1457 998 id
1487 938 1805 1014 facerent3
1848 953 1997 1014 ergo
2026 939 2120 994 in-

551 1033 716 1110 juste
744 1031 1142 1092 invaduntur.
1175 1031 1448 1092 Tandem
1475 1030 1877 1092 confirmatur
1897 1043 1970 1088 ex
1996 1028 2121 1088 fac-

559 1132 622 1185 to
663 1124 1012 1200 Ambrosii3
1055 1127 1328 1202 graviter
1356 1126 1522 1184 enim
1561 1121 2123 1184 excommunicavit

557 1217 992 1292 Theodosium,
1023 1223 1270 1297 propter
1308 1217 1540 1277 similes
1572 1217 1975 1276 innocentum
2000 1231 2121 1274 cae-

558 1311 682 1371 deS.
715 1311 990 1371 Habetur
1012 1329 1146 1388 cap.
1181 1308 1365 1390 Apud
1382 1307 1890 1383 Thessalonicam,
1924 1311 2027 1381 11,
2052 1324 2113 1383 q.

558 1405 616 1465 ὅ.
675 1404 922 1476 Quaeres
986 1420 1133 1462 vero
1180 1404 1288 1480 qui
1339 1403 1464 1461 sint
1520 1402 1882 1461 innoeentes
1912 1398 2120 1479 quoad

557 1497 731 1557 hunc
773 1495 1084 1556 effectum.
1118 1494 1480 1575 Respondeo
1527 1513 1653 1554 non
1705 1500 1950 1553 tantum
1990 1509 2121 1553 esse

557 1608 743 1669 supra
773 1595 1188 1662 enumeratOS,
1224 1588 1328 1648 sed
1359 1589 1550 1648 etiam
1595 1586 1768 1661 illos„
1813 1586 1923 1664 qui
1982 1603 2120 1664 pos-

558 1688 703 1743 sunt
757 1699 932 1741 arma
972 1699 1190 1760 capere
1220 1727 1237 1755 ,
1289 1682 1340 1740 si
1389 1681 1539 1740 alias
1598 1680 1673 1739 de
1713 1679 1835 1739 illis
1883 1684 2122 1738 constet

557 1793 686 1836 non
730 1774 916 1834 fuisse
947 1775 1274 1854 participes
1302 1775 1601 1849 criminiS,
1627 1789 1828 1852 neque
1852 1771 1999 1832 belli
2026 1773 2122 1832 in·-

550 1869 728 1948 justi,
760 1869 907 1947 quia
934 1867 1216 1928 naturale
1236 1867 1342 1945 jus
1371 1867 1641 1946 postulat
1669 1871 1739 1924 ut
1769 1864 1975 1923 nullus
2012 1882 2123 1942 per

562 1981 626 2022 se
673 1961 1007 2034 occidatur,
1039 1976 1225 2038 quem
1277 1977 1492 2019 revera
1531 1964 1772 2018 constat
1813 1975 1942 2017 non
1994 1975 2121 2018 esse

559 2055 623 2115 in
657 2053 856 2132 culpa.
902 2052 1059 2125 Quid
1088 2053 1141 2112 si
1187 2058 1478 2111 neutrum
1519 2056 1796 2124 constet,
1848 2049 1952 2109 sed
1986 2055 2122 2110 tan-

559 2156 694 2208 tum
723 2150 803 2207 sit
827 2146 932 2206 illa
961 2146 1384 2225 praesumptio,
1417 2146 1580 2224 quod
1613 2145 1926 2224 potuerint
1947 2161 2123 2204 arma

561 2241 818 2320 capere?
840 2239 956 2300 Sed
985 2238 1061 2299 de
1091 2239 1208 2298 hoc
1249 2239 1458 2298 statim
1486 2239 1709 2298 dicam.

641 2337 741 2393 16.
781 2331 1088 2414 Arquitur
1111 2337 1323 2394 contra
1369 2331 1804 2394 conclusionem
1839 2349 1911 2393 ex
1943 2330 2121 2395 Scri-

555 2433 766 2509 ptura.
792 2460 874 2472 —
900 2425 1002 2488 Ad
1027 2427 1140 2487 duo
1165 2425 1383 2508 priora
1421 2426 1574 2487 loca.
1616 2459 1696 2470 --
1727 2427 1833 2487 Ad
1871 2428 2122 2488 tertium

562 2523 778 2583 locum.
811 2551 892 2565 —
923 2518 1025 2580 Ad
1043 2523 1328 2598 quartum
1368 2520 1517 2600 quid
1557 2520 1910 2598 respondeat
1949 2518 2123 2580 divus

563 2613 844 2676 Thomas.
876 2643 957 2657 —
985 2612 1366 2675 Communicr
1400 2629 1611 2674 sensus
1655 2611 1829 2672 illius
1875 2613 2009 2674 loci.
2040 2643 2124 2656 —-

562 2706 878 2769 Abulensis
919 2705 1082 2768 ratio
1125 2723 1240 2786 pro
1291 2705 1408 2767 illa
1451 2706 1764 2784 facultate,
1803 2706 1985 2768 Dent.
2012 2706 2116 2780 20,

562 2801 890 2875 refellitur.
928 2833 1010 2847 —-
1034 2799 1552 2862 Accommodatior
1582 2800 1890 2880 responsio
1927 2797 2126 2878 quoad

558 2895 822 2974 primam
860 2899 1095 2971 partem
1125 2893 1450 2969 proedictoe
1473 2893 1812 2970 facultatis.
1851 2925 1928 2936 -
1966 2887 2126 2964 Quid

563 2988 761 3068 quoad
790 2991 1030 3066 partem
1059 2985 1338 3046 alteram.
1379 3016 1460 3030 -
1491 2986 1788 3061 Arguitur
1814 2989 2021 3044 tamen
2055 2984 2121 3043 in

563 3079 731 3140 hunc
761 3079 1051 3138 modum:
1091 3078 1273 3138 Josuc
1293 3079 1353 3153 6,
1381 3083 1443 3138 et
1471 3079 1493 3138 1
1525 3079 1766 3156 Regum
1798 3081 1895 3150 15,
1927 3095 2123 3156 popu-

566 3175 663 3235 lus
713 3174 820 3235 Dei
858 3175 1062 3253 jussus
1109 3185 1201 3234 est
1249 3171 1593 3233 interficere
1629 3189 1846 3232 omnes
1891 3170 2119 3244 hostes,

564 3269 750 3329 ctiam
799 3265 1126 3346 parvulos;
1168 3271 1230 3324 et
1274 3264 1564 3324 Judicum
1607 3265 1728 3340 ΞΟ,
1768 3263 1882 3324 filii
1933 3263 2121 3324 Israel

564 3362 921 3422 oct-iderunt
955 3377 1032 3420 ex
1064 3358 1231 3418 tribu
1269 3358 1594 3436 Benjamin
1615 3403 1634 3432 ,
1669 3362 1974 3436 quotquot
2014 3374 2123 3436 po·

563 3459 815 3514 tueruut
854 3453 986 3512 sine
1037 3451 1423 3526 discrimine,
1485 3450 1676 3511 etiam
1725 3449 1882 3509 citra
1932 3450 2124 3508 victo-

564 3549 742 3608 riam.
778 3549 853 3607 Et
902 3547 1339 3606 Deuteronom.
1379 3545 1701 3622 vigesimo,
1749 3550 1926 3621 capta
1976 3542 2121 3602 civi-

563 3647 711 3713 tate,
744 3639 927 3698 datur
967 3637 1224 3698 facultas
1267 3615 1583 3696 occidendi
1617 3642 1870 3695 cunctos
1895 3634 2120 3711 hostes,

565 3735 751 3793 etiam
795 3741 1084 3811 parvulos
1124 3749 1193 3791 ac
1237 3729 1548 3790 mulieres».
1597 3728 1690 3788 Ad
1731 3729 1857 3787 duo
1919 3730 2126 3809 priora

564 3825 916 3886 testimonia
957 3823 1185 3898 dicito,
1227 3823 1427 3884 solum
1494 3823 1687 3882 Deum
1751 3823 2021 3901 potuisse
2060 3822 2123 3883 id

564 3921 888 4000 praecipere
911 3964 929 3993 ,
973 3925 1158 3996 atque
1209 3918 1364 3978 adeo
1409 3917 1597 3978 fuisse
1650 3916 1911 3996 speciale
1957 3916 2123 3994 judi-

564 4016 728 4074 cium
781 4012 887 4072 Dei
935 4012 1012 4072 ad
1055 4019 1353 4071 terrorem
1391 4009 1640 4069 illarum
1691 4013 1970 4088 gentium
2003 4054 2023 4084 ,
2063 4016 2128 4070 et

567 4114 816 4185 propter
856 4123 1066 4165 earmn
1108 4104 1501 4183 iniquitatem
1524 4148 1543 4177 ,
1585 4109 1654 4162 ut
1691 4102 2004 4181 colligitur
2048 4121 2126 4162 ex

566 4201 776 4258 Deute1
791 4215 896 4258 on.
925 4197 986 4258 9.
1021 4195 1092 4258 ln
1119 4199 1304 4256 tertio
1331 4195 1484 4268 loco,
1531 4195 1690 4254 male
1723 4195 2003 4255 fecerunt
2042 4195 2123 4254 Is-

564 4290 794 4351 raelitae
823 4336 842 4366 ,
879 4290 954 4350 dc
986 4307 1110 4368 quo
1151 4288 1292 4348 vide
1339 4286 1634 4348 Abulens.
1663 4287 1749 4346 ibi
1773 4331 1793 4361 ,
1823 4305 1886 4366 q.
1921 4290 2019 4348 37.
2056 4289 2125 4349 In

567 4390 811 4464 quai-tc,
839 4385 1106 4444 Thomas
1137 4384 1196 4444 1.
1221 4383 1282 4456 Ξ,
1314 4399 1377 4460 q.
1415 4382 1554 4454 105,
1583 4387 1700 4439 art.
1733 4385 1794 4453 3,
1824 4381 1902 4440 ad
1924 4383 1989 4456 4,
2022 4399 2125 4441 ex·

566 4480 742 4557 ponit
765 4477 972 4536 datam
1003 4495 1132 4537 esse
1171 4475 1530 4535 facultatem
1565 4473 1884 4534 occidendi
1907 4492 2125 4535 omnes

567 4573 676 4649 qui
712 4570 1042 4630 noluerunt
1076 4569 1419 4628 consentire
1451 4568 1583 4645 paci
1610 4583 1630 4642 ;
1672 4567 1839 4626 unde
1879 4567 2124 4627 videtur

568 4662 922 4723 existimare
964 4662 1274 4722 licentiam
1325 4659 1494 4719 illam
1545 4659 1740 4720 solum
1783 4659 1969 4719 fuisse
2019 4677 2121 4718 ex-

567 4763 806 4816 tensam
839 4755 916 4814 ad
945 4759 1258 4815 nocentes,
1291 4755 1524 4812 Tamen
1553 4753 1926 4830 expositores
1956 4770 2120 4811 com-

569 4857 842 4908 muniter
881 4848 1174 4907 videntur
1224 4847 1449 4906 sentirc
1508 4846 1757 4906 extendi
1793 4847 1980 4905 etiam
2042 4844 2123 4904 ad

569 4961 781 5002 omnes
826 4941 988 5000 viros
1026 4941 1289 5014 adultos,
1321 4939 1429 5016 qui
1469 4945 1712 5016 possent
1741 4956 1915 4998 arma
1945 4955 2123 5016 cape-

563 5054 654 5108 re,
696 5035 839 5113 quia
885 5051 1097 5093 omnes
1125 5033 1171 5091 ii
1214 5039 1675 5111 praesumuntur
1707 5037 2014 5105 nocentes,
2062 5035 2123 5090 et

563 5129 702 5187 ideo
754 5126 916 5186 licite
963 5126 1348 5198 occiduntur,
1387 5125 1506 5182 nisi
1555 5126 1930 5184 contrarium
1968 5142 2111 5185 con-

563 5228 701 5281 stet.
756 5217 1081 5279 Abulensis
1146 5217 1318 5277 addit
1379 5216 1564 5275 aliam
1625 5235 1872 5277 causam
1910 5263 1927 5290 ,
1976 5217 2123 5295 quia

561 5315 719 5374 torte
741 5313 946 5372 hostes
973 5311 1062 5370 illi
1091 5309 1316 5370 iterum
1348 5317 1670 5370 moverent
1703 5311 1934 5370 bellum
1981 5329 2124 5370 con-

565 5413 660 5466 tra
709 5406 810 5467 Dei
855 5403 1194 5482 popuhnn3
1237 5401 1342 5461 sed
1387 5398 1519 5462 haec
1555 5403 1712 5462 ratio
1741 5421 1852 5482 per
1901 5422 1965 5465 se
1996 5403 2124 5464 sola

567 5517 691 5560 non
733 5495 994 5558 sufficit:
1051 5495 1216 5555 unde
1269 5494 1398 5573 ipse
1425 5495 1748 5556 Abulensis
1771 5540 1787 5570 ,
1819 5497 2009 5557 citata
2058 5515 2117 5576 q.

1591 365 1827 425 DISPUT.
1863 367 1994 423 xm.
2030 367 2111 422 ΕΤ
2146 365 2379 424 mmm
2413 371 2491 423 DE
2524 369 2739 423 BELLO.

2198 471 2312 546 37,
2350 469 2521 530 illam
2572 469 2853 529 confutat
2881 515 2901 546 ,
2958 469 3105 548 quia
3148 475 3397 549 propter
3452 477 3787 551 peccatum

2197 563 2478 623 futurum
2516 579 2701 623 nemo
2734 568 2938 642 potest
2963 563 3197 640 puniri,
3228 565 3279 622 si
3312 562 3473 624 alias
3520 581 3663 623 non
3712 566 3791 624 sit

2200 656 2427 733 dignus
2454 663 2652 716 morte
2681 673 2699 731 ;
2741 657 3012 716 maxime
3054 656 3199 735 quia
3234 657 3659 736 praesumptio
3688 657 3791 718 illa

2200 769 2310 830 per
2338 767 2403 810 se
2424 767 2552 810 non
2586 749 2833 811 videtur
2859 749 3167 811 sufficiens
3196 750 3272 810 ad
3311 751 3790 812 interficiendos

2200 843 2507 915 homineS,
2540 862 2678 903 cum
2722 844 2789 903 in
2827 844 3065 922 judicio
3094 845 3407 924 praecipue
3458 843 3790 904 criminali

2202 937 2597 1016 probationes
2626 935 2893 998 debeant
2925 955 3053 998 esse
3096 938 3515 1011 sufficientes,
3568 945 3641 997 et
3686 955 3793 1016 po-

2202 1029 2351 1102 tiuS,
2382 1030 2491 1108 qui
2518 1049 2641 1090 non
2676 1029 2973 1110 probatur
3002 1048 3251 1105 uocenS,
3280 1031 3603 1091 innocens
3636 1047 3792 1108 prze-

2204 1130 2508 1184 sumatur.
2544 1124 2841 1202 Deniquc,
2876 1123 3192 1184 moraliter
3234 1123 3563 1202 loquendo
3588 1168 3611 1196 ,
3666 1123 3790 1182 evi-

2202 1213 2356 1275 dens
2381 1221 2471 1276 est
2498 1216 2563 1276 in
2598 1221 2726 1276 tota
2753 1217 3152 1278 multitudine
3184 1217 3488 1291 inveniri,
3519 1217 3649 1294 qui
3682 1235 3787 1276 nec

2202 1309 2624 1369 consenserint
2663 1308 2848 1385 belle,
2904 1327 3019 1370 nec
3071 1308 3195 1371 sint
3252 1310 3627 1389 cooperati,
3690 1309 3787 1370 sed

2204 1401 2408 1480 potius
2454 1401 2780 1462 consilium
2828 1401 3111 1464 dederint
3146 1403 3225 1463 de
3264 1421 3409 1482 pace
3446 1408 3787 1479 acceptan-

2202 1495 2282 1554 da
2306 1511 2322 1554 z
2346 1513 2472 1556 non
2504 1500 2757 1572 possunt
2779 1513 2929 1574 ergo
2952 1495 3374 1557 indifferenter
3400 1495 3627 1556 occidi
3660 1512 3787 1554 om-

2200 1605 2335 1648 nes·
2386 1587 2531 1661 Quae
2578 1588 2851 1648 rationes
2902 1590 3283 1650 convincunt
3328 1596 3475 1668 post
3530 1596 3787 1668 partam

2195 1682 2329 1760 Jam
2360 1680 2681 1742 victoriam
2708 1701 2835 1742 non
2870 1683 3055 1743 licere
3080 1682 3455 1757 interficere,
3474 1684 3612 1742 nisi
3640 1699 3789 1760 quos

2202 1779 2440 1834 constat
2478 1793 2605 1835 esse
2642 1781 2977 1853 nocentesj,
3022 1781 3085 1837 et
3112 1777 3190 1836 ad
3236 1776 3494 1836 citatam
3550 1775 3785 1852 legem,

2202 1868 2319 1928 dici
2368 1874 2569 1947 potest
2617 1869 2805 1930 fuisse
2854 1871 3204 1948 positivam,
3238 1870 3638 1950 specialique
3692 1887 3789 1928 vo—

2203 1961 2441 2022 luntate
2474 1961 2582 2020 Dei
2611 1962 2842 2022 datam.
2897 1964 2979 2023 De
3022 1963 3346 2042 posteriori
3393 1981 3557 2022 vero
3614 1969 3791 2040 parte

2200 2053 2499 2114 illiusmet
2534 2053 2731 2131 legis,
2780 2055 2877 2116 vel
2920 2056 3159 2116 dicatur
3196 2056 3255 2115 id
3302 2055 3547 2115 factum
3593 2054 3789 2115 fuisse

2199 2153 2477 2226 tempore
2506 2148 2763 2208 actualis
2784 2167 3171 2227 congr-essm,
3204 2157 3389 2230 atque
3415 2150 3489 2209 in
3522 2167 3610 2209 eo
3644 2167 3791 2210 casu

2200 2257 2322 2319 quo
2350 2240 2565 2300 civitas
2600 2240 2850 2302 rebellis
2867 2243 3031 2319 juste
3054 2242 3319 2302 traditur
3346 2243 3521 2302 ferro
3550 2251 3623 2303 et
3652 2261 3788 2303 san·

2204 2332 2379 2410 guini
2412 2332 2524 2413 (ut
2564 2333 2841 2414 dicunt).
2894 2335 3048 2395 Nam
3096 2335 3213 2395 hoc
3261 2334 3595 2394 interdum
3646 2335 3787 2395 licet

2205 2427 2341 2486 sive
2376 2426 2455 2485 ob
2488 2427 2749 2486 nimiam
2790 2429 3067 2488 criminis
3102 2428 3503 2506 gravitatem,
3538 2429 3681 2490 sive
3706 2429 3785 2489 ad

2202 2519 2703 2580 emendationem
2732 2519 3042 2597 aliorum3
3084 2521 3229 2599 quia
3273 2539 3421 2581 vero
3468 2528 3633 2580 tunc
3680 2525 3785 2582 vix

2200 2618 2453 2692 possunt
2501 2613 2799 2690 distingui
2851 2613 3211 2674 innocentes
3268 2631 3305 2673 a
3370 2615 3778 2686 nocentibus,

2198 2707 2318 2765 nisi
2348 2723 2456 2784 per
2483 2723 2698 2766 sexum
2728 2705 2828 2766 vel
2856 2713 3101 2768 aetatem
3130 2755 3146 2778 ,
3194 2707 3330 2767 ideo
3374 2707 3589 2786 quoad
3640 2709 3782 2768 reli·

2200 2816 2353 2878 quos
2392 2800 2763 2877 generaliter
2808 2800 2993 2860 datur
3020 2799 3127 2860 illa
3178 2799 3461 2873 facultas,
3494 2801 3778 2878 quandin

2202 2891 2383 2951 durat
2444 2890 2698 2952 actualis
2754 2910 2964 2971 pugna
2995 2909 3011 2953 ε
3064 2911 3235 2954 secus
3282 2909 3435 2953 vero
3484 2893 3614 2953 erit
3676 2892 3779 2953 illa

2200 2987 2380 3048 finita
2406 2995 2469 3049 et
2508 2994 2685 3067 parta
2708 2990 2986 3050 victoria.

2284 3083 2380 3142 17.
2426 3079 2611 3144 Ratio
2642 3079 2995 3162 posterioris
3018 3080 3220 3164 partis
3244 3083 3779 3146 conclusionis.—

2202 3173 2432 3235 Ultima
2456 3173 2645 3235 etiam
2668 3191 2808 3252 pars
2838 3174 3251 3236 conclusionis
3274 3181 3370 3236 est
3392 3195 3537 3236 com
3546 3180 3774 3252 munis,

2202 3273 2265 3326 et
2298 3273 2469 3346 patet
2494 3267 2559 3326 in
2600 3266 2968 3345 quibusdam
3019 3267 3237 3327 mediis
3276 3271 3653 3329 necessariis
3703 3271 3781 3329 ad

2202 3360 2547 3434 victoriam,
2579 3376 2722 3418 cum
2768 3359 2993 3438 quibus
3044 3366 3253 3420 tamen
3282 3364 3643 3422 necessario
3686 3369 3779 3422 est

2202 3451 2530 3528 conjuncta
2560 3452 2962 3512 innocentum
2994 3469 3181 3528 morS,
3210 3458 3277 3513 ut
3310 3461 3462 3514 sunt
3487 3455 3781 3515 incendia

2204 3545 2547 3618 civitatum,
2576 3545 2923 3604 eversiones
2955 3544 3194 3604 arcium
3217 3593 3231 3618 ‚
3278 3553 3397 3607 etc.
3455 3548 3621 3606 Nam
3672 3547 3779 3626 qui

2204 3636 2392 3696 habet
2410 3637 2515 3715 jus
2542 3637 2621 3697 ad
2647 3637 2835 3698 finem
2864 3637 3035 3712 belli,
3068 3656 3177 3716 per
3206 3657 3270 3699 se
3294 3639 3645 3717 loquendO,
3672 3639 3777 3699 ha-

2205 3727 2309 3788 bet
2326 3730 2431 3808 jus
2457 3731 2535 3790 ad
2565 3731 2694 3791 haec
2724 3730 2926 3791 media
2976 3752 2991 3790 :
3040 3749 3205 3792 mors
3232 3738 3439 3792 autem
3472 3733 3779 3794 innocen-

2204 3827 2339 3882 tum
2368 3839 2493 3882 non
2524 3829 2611 3883 est
2653 3828 2803 3883 tunc
2832 3841 2943 3902 per
2978 3839 3042 3884 se
3070 3824 3343 3898 intenta,
3375 3823 3485 3884 sed
3521 3841 3641 3902 per
3682 3843 3779 3884 ac·

2206 3913 2417 3974 cidens
2450 3915 2747 3994 sequitur,
2782 3921 2845 3976 et
2882 3915 3023 3975 ideo
3062 3933 3191 3975 non
3230 3922 3525 3976 censetur
3554 3915 3780 3976 volun-

2203 4009 2386 4084 taria,
2416 4009 2521 4069 scd
2549 4011 2849 4089 permissa
2868 4009 2947 4070 ab
2977 4009 3107 4084 illo,
3136 4010 3245 4089 qui
3271 4011 3471 4069 utitur
3492 4011 3647 4088 jure
3668 4028 3778 4070 suo

2202 4107 2481 4180 tempore
2535 4103 2933 4163 necessitatis,
2993 4105 3069 4162 Et
3120 4103 3529 4162 contii-matur
3554 4125 3573 4176 3
3627 4121 3777 4163 nam

2206 4193 2326 4253 alia
2344 4194 2585 4255 ratione
2608 4195 2987 4273 impossibile
3012 4200 3169 4256 esset
3190 4196 3487 4275 perticere
3510 4195 3769 4256 bellum.

2204 4288 2357 4348 Item
2395 4289 2619 4348 mulier
2646 4289 2879 4350 habens
2907 4291 2972 4349 in
3005 4296 3181 4350 utcro
3211 4289 3405 4349 tilium
3440 4297 3649 4368 potoet
3688 4291 3775 4348 uti

2206 4383 2515 4441 medicina
2539 4384 2877 4444 necessaria
2923 4384 3000 4443 ad
3034 4383 3219 4443 titam
3253 4401 3434 4443 suam
3460 4427 3475 4456 ,
3527 4383 3773 4442 etiamsi

2204 4474 2355 4534 sciat
2410 4475 2555 4535 inde
2627 4477 3115 4556 consequendam
3168 4485 3431 4537 mortem
3484 4476 3627 4536 filii.
3684 4478 3773 4536 Ex

2204 4567 2426 4646 quibus
2476 4568 2817 4628 rationibus
2868 4569 3180 4647 colligitur
3229 4578 3405 4630 extra
3430 4569 3769 4630 articulum

2202 4662 2577 4721 necessitatis
2600 4661 2716 4721 hoc
2742 4679 2867 4721 non
2896 4661 3101 4722 licere.

2288 4757 2383 4815 18.
2430 4757 2737 4838 Arquitur
2768 4763 2979 4820 contra
3013 4759 3376 4837 praedictam
3396 4765 3668 4835 parum.
3692 4791 3771 4804 -

2206 4847 2323 4907 Sed
2351 4853 2633 4926 arguitur
2655 4849 2855 4928 primo
2887 4871 2902 4909 ι
2942 4867 3088 4909 nam
3113 4852 3177 4909 iu
3220 4868 3294 4911 eo
3330 4868 3471 4910 casu
3506 4853 3769 4930 positive

2202 4957 2343 5000 vere
2389 4943 2525 5020 quis
2569 4950 2931 5021 cooperatur
2964 4945 3150 5003 morti
3206 4944 3591 5021 innocentis3
3624 4964 3769 5023 ergo

2202 5050 2326 5093 non
2357 5042 2557 5112 potest
2592 5036 2866 5096 excusari
2896 5053 2933 5095 a
2962 5043 3233 5114 peccato.
3280 5037 3594 5110 Secundo,
3642 5047 3771 5099 tam

2202 5126 2528 5187 intrinsece
2589 5126 2823 5187 malum
2864 5133 2953 5188 est
3002 5119 3281 5189 occidere
3326 5131 3764 5203 innocentem,

2204 5220 2363 5278 sicut
2410 5238 2473 5279 sc
2516 5221 2717 5298 ipsum
2774 5239 2788 5279 ε
2844 5223 2947 5281 scd
2990 5221 3269 5282 occidere
3308 5240 3373 5282 se
3410 5222 3531 5282 hoc
3590 5225 3770 5284 modo

2204 5315 2392 5372 etiam
2430 5333 2538 5392 per
2582 5315 2883 5388 accidenS,
2926 5319 3017 5374 est
3053 5314 3311 5389 malum,
3346 5316 3541 5376 veluti
3576 5321 3628 5377 si
3660 5319 3769 5378 mi-

2202 5403 2343 5464 lites
2370 5408 2689 5467 diruerent
2713 5425 2915 5466 arcem
2945 5413 3007 5466 et
3036 5425 3312 5482 murum,
3342 5425 3495 5482 cum-
3518 5410 3771 5470 eviden-

2204 5503 2298 5558 ter
2342 5501 2573 5560 scircnt
2602 5518 2665 5560 se
2698 5517 2829 5561 esse
2870 5499 3058 5559 simul
3088 5500 3555 5579 opprimendos,
3584 5503 3771 5582 Cujus
