3900 6217
1519 347 1706 399 INDEX
1741 345 1971 398 RERUM.

191 431 579 496 portionatiter
605 435 775 502 magis
818 441 1018 501 patrem
1065 449 1190 505 erga
1220 439 1376 503 filios,
1426 441 1701 496 dominum

188 522 338 574 erga
366 523 572 570 servos,
594 525 741 564 num.
776 518 820 564 ⁴.

109 588 212 634 19.
261 585 514 639 l‘raelatus
542 600 650 641 non
699 590 1012 656 corripiens,
1049 603 1170 644 cum
1220 597 1446 656 tenetur,
1477 607 1584 647 uno
1633 609 1704 648 an

193 661 410 728 duplici
441 671 656 728 peccato
691 673 890 730 peccet,
927 667 1075 726 ibid..
1103 681 1248 720 num.
1282 674 1327 720 6.

113 743 213 789 20.
259 740 618 793 correctionis
647 748 910 808 praecepto
933 743 1238 812 obligantur
1268 746 1426 798 etiam
1457 753 1694 812 pcccato-

189 827 314 878 res,
343 829 492 868 num.
520 819 569 866 6.

195 893 286 942 An
347 898 629 946 teneamur
677 893 824 959 prius
878 894 1137 960 poenitere
1193 909 1352 964 quam
1411 899 1700 966 corripere,

197 965 340 1019 ibid.

111 1045 181 1092 21
201 1083 214 1104 ,
255 1037 620 1098 'lienebiturne
643 1045 710 1097 ad
741 1047 1108 1111 poenitendum
1133 1049 1223 1114 qui
1254 1050 1459 1104 ratione
1497 1052 1702 1118 proprii

197 1121 410 1184 peccati
437 1121 650 1186 ineptus
676 1130 758 1175 est.
783 1123 850 1175 ad
875 1124 1272 1190 corripiendum
1303 1133 1536 1180 extreme
1563 1127 1706 1179 indi-

196 1204 440 1264 gentem,
470 1205 524 1249 ιι.
557 1203 604 1251 7.

116 1277 215 1324 22.
255 1274 616 1327 correctionis
651 1283 972 1342 praeceptum
1005 1276 1206 1344 obligat
1229 1279 1296 1331 ad
1325 1280 1702 1345 corripiendos

199 1350 470 1413 subditos,
499 1353 732 1417 aequales
765 1353 874 1408 imo
899 1361 954 1407 et
983 1357 1308 1420 superiores,
1333 1358 1450 1410 ead.
1490 1357 1628 1423 disp.
1655 1363 1703 1420 8,

199 1433 336 1480 sect.
367 1433 413 1490 6,
441 1442 588 1481 ιιιιιιι.
620 1434 670 1492 1,
695 1434 742 1482 2.

120 1508 216 1556 23.
257 1505 613 1557 correctionis
641 1506 776 1559 ordo
805 1506 1108 1574 assignatus
1131 1509 1307 1561 matth.
1337 1513 1416 1566 18.
1441 1510 1704 1576 simplici-

203 1587 289 1632 ter
317 1581 456 1632 cadit
475 1581 577 1632 sub
601 1589 921 1647 praeceptum
958 1597 1054 1650 per
1073 1595 1132 1636 se
1159 1585 1450 1649 loquendo,
1474 1591 1619 1638 tract.
1648 1592 1702 1648 8,

197 1657 344 1722 disp.
371 1663 419 1720 8,
445 1665 576 1710 sect.
601 1664 650 1718 6,
679 1673 731 1710 ιι.
759 1664 805 1711 2.

197 1734 503 1799 Aliquando
532 1741 708 1788 tamen
741 1747 849 1787 non
875 1735 1090 1802 obligat,
1119 1737 1247 1790 ibid.

125 1814 215 1862 2⁴.
260 1808 516 1863 Delictum
544 1812 766 1876 proximi
794 1810 1064 1878 publicum
1087 1813 1207 1865 sine
1237 1813 1431 1879 praevia
1457 1815 1702 1868 monitio-

202 1901 276 1938 ne
301 1887 496 1950 corripi
529 1893 718 1950 potest,
750 1901 802 1939 ιι.
835 1893 882 1938 3.

201 1961 340 2022 Quid
370 1962 414 2012 si
457 1961 708 2014 delictum
755 1961 968 2016 duobus
1011 1969 1212 2016 tantum
1263 1977 1326 2018 ac
1371 1965 1701 2020 denuntianti

203 2045 392 2090 notum
418 2040 504 2097 sit,
533 2051 586 2090 n.
615 2045 660 2091 ⁴.

127 2119 218 2164 25.
259 2113 516 2166 Delictum
560 2115 718 2166 etiam
775 2115 1040 2167 occultum
1083 2129 1313 2182 vergens
1356 2117 1408 2169 in
1443 2118 1701 2172 damnum

203 2189 334 2241 boui
367 2190 666 2242 communis
701 2195 875 2254 potest
904 2190 1208 2244 immediate
1251 2193 1571 2254 denuntiari,
1598 2196 1698 2247 nisi

201 2265 274 2316 sit
299 2266 452 2317 firma
481 2279 606 2330 spes
627 2266 928 2319 consultum
957 2268 1016 2318 iri
1042 2267 1186 2321 bono
1211 2271 1482 2321 communi
1508 2285 1602 2336 per
1621 2285 1702 2324 se-

199 2348 402 2392 cretam
431 2341 871 2397 admonitionem.
903 2357 958 2394 ιι.
992 2349 1038 2395 6.

132 2421 218 2466 26.
257 2416 388 2478 Quid
435 2416 610 2481 quoad
655 2418 758 2470 boc
803 2419 942 2470 inter
977 2425 1191 2482 peccata
1239 2426 1508 2472 contraria
1555 2421 1700 2476 bono

203 2491 498 2550 communi,
523 2498 576 2543 et
602 2491 706 2542 alia
735 2491 956 2554 intersit,
981 2507 1035 2544 n.
1069 2497 1115 2545 6.

135 2573 218 2619 27.
257 2568 390 2628 Quid
419 2567 462 2620 si
491 2567 738 2621 delictum
761 2570 1024 2623 occultum
1057 2571 1125 2623 sit
1167 2571 1220 2622 in
1263 2569 1518 2624 damnum
1564 2573 1700 2625 alte-

205 2645 319 2695 rius
345 2655 589 2708 personae
624 2646 861 2710 privatae,
890 2659 943 2698 n.
975 2651 1023 2698 7.

131 2725 214 2772 28.
253 2720 475 2782 Quando
507 2729 778 2784 peccatum
827 2722 1053 2774 omnino
1098 2724 1366 2775 occultum
1417 2723 1471 2775 in
1501 2724 1700 2778 nullius

200 2795 338 2846 tertii
365 2803 744 2849 nocumentum
777 2798 968 2864 vergit,
995 2798 1452 2851 denuntiationem
1498 2813 1700 2865 prrce-

199 2870 328 2923 dere
355 2871 514 2923 debet
541 2879 743 2924 secreta
770 2873 1012 2935 monitio,
1042 2873 1086 2926 si
1115 2873 1255 2926 adsit
1281 2887 1404 2941 spes
1438 2877 1697 2939 emendae,

201 2948 320 2999 ead.
347 2953 474 3000 sect.
499 2953 546 3004 6.
585 2961 637 2999 n.
675 2953 702 2998 8

137 3029 221 3076 29.
256 3024 390 3086 Quid
415 3023 458 3076 si
492 3025 737 3089 Episcopi
767 3025 848 3076 vel
881 3025 1227 3090 inquisitores
1255 3027 1564 3092 praecipiant
1584 3029 1701 3082 haec

203 3107 418 3165 peccata
443 3101 545 3152 sibi
575 3101 896 3158 denuntiari,
937 3113 970 3152 n
1029 3105 1106 3152 1ο.

137 3181 217 3227 30.
255 3176 604 3229 correctionis
629 3175 874 3228 fraternae
895 3177 1030 3230 ordo
1047 3189 1330 3242 quousque
1355 3177 1408 3229 in
1429 3177 1698 3244 religioni·

199 3250 303 3301 bus
330 3253 640 3315 servandus,
675 3252 824 3310 ibid..
851 3265 904 3304 n.
932 3257 987 3305 11
1017 3259 1070 3306 et
1092 3266 1244 3319 seqq.

199 3327 335 3388 Quid
364 3328 408 3379 si
435 3328 684 3380 Praelatus
707 3329 1015 3395 interroget,
1045 3329 1174 3381 ibid.

139 3406 216 3453 31.
253 3402 462 3454 Primus
489 3403 838 3456 correctionis
867 3411 1016 3456 actus
1044 3404 1088 3456 si
1119 3415 1230 3456 non
1259 3411 1506 3470 speretur
1529 3406 1693 3465 utilis,

201 3489 310 3529 non
341 3478 516 3530 statim
545 3479 799 3530 tentanda
833 3487 914 3532 est
935 3479 1286 3542 denuntiatio,
1317 3481 1413 3533 sed
1441 3481 1588 3547 prius
1609 3481 1700 3534 ad·

201 3552 418 3605 bibendi
449 3560 628 3616 testes,
659 3556 704 3607 si
731 3562 908 3608 tamen
937 3557 1006 3607 sit
1033 3569 1179 3620 speS,
1209 3570 1261 3608 n.
1288 3561 1368 3609 18.

141 3633 218 3680 32.
255 3631 304 3682 Si
355 3643 498 3683 unus
545 3637 750 3684 tantum
799 3633 946 3685 novit
977 3632 1248 3694 delictum,
1285 3645 1352 3685 an
1403 3631 1694 3686 adhibendi

205 3707 384 3772 plures
413 3714 591 3770 testeS,
625 3723 678 3761 ιι.
707 3714 786 3762 14.

201 3787 278 3834 An
315 3784 556 3837 adhiberi
587 3787 755 3851 possit
782 3787 1033 3838 Praelatus
1062 3791 1118 3838 ut
1145 3787 1313 3849 testie,
1351 3799 1458 3852 qua
1487 3787 1700 3853 privata

203 3873 450 3925 persona,
479 3874 530 3913 n.
556 3866 635 3913 16.

143 3941 220 3987 38.
256 3937 587 3990 Denuntiatio
621 3942 795 4003 potest
827 3937 940 3989 fleri
972 3937 1278 3989 immediate
1307 3937 1528 3988 Praelato
1559 3950 1702 4002 quo-

208 4014 302 4065 ties
341 4013 395 4064 in
439 4013 964 4078 prioribus'actibus
995 4013 1142 4067 nulla
1184 4017 1266 4066 est
1308 4025 1433 4078 spes
1475 4013 1698 4076 fructus,

209 4105 260 4141 n.
293 4095 370 4141 16.

146 4171 224 4217 84.
259 4167 363 4218 Etsi
386 4172 628 4231 speretur
648 4165 894 4232 aliqualis
918 4167 1145 4219 emenda
1161 4165 1336 4218 fratris
1371 4179 1466 4231 per
1495 4167 1702 4232 priores

211 4247 373 4302 actus„
403 4247 581 4294 tamen
627 4255 724 4308 per
761 4242 967 4295 Praelati
1007 4242 1426 4296 admonitionem
1461 4251 1704 4308 speretur

212 4331 328 4370 cum
355 4318 523 4370 multo
553 4319 739 4381 majori
765 4317 956 4379 fructu,
987 4323 1157 4382 potest
1189 4318 1310 4383 quis
1335 4317 1390 4370 in
1429 4317 1706 4385 religioni-

214 4393 310 4444 bus
341 4393 642 4447 immediate
675 4393 1007 4456 denuntiare,
1039 4407 1092 4445 n.
1125 4397 1203 4445 17.

212 4473 284 4519 Αιι
308 4469 464 4520 etiam
495 4469 637 4521 inter
658 4469 840 4530 laicOS,
867 4469 994 4520 ibid.

156 4549 232 4594 35.
263 4543 538 4604 Quomodo
559 4557 618 4596 se
639 4557 826 4606 gerere
847 4545 1038 4598 debeat
1061 4545 1310 4597 Praelatus
1332 4543 1417 4597 cui
1439 4544 1498 4595 fit
1523 4543 1708 4597 imme-

216 4620 354 4672 diata
378 4618 590 4684 delatio,
621 4620 768 4681 ibid„
798 4634 851 4674 n.
881 4626 958 4673 18.

485 4790 758 4838 cunnum,
795 4789 1088 4835 nannents,
1123 4789 1363 4826 cunutus.

159 4930 202 4976 1.
235 4921 502 4974 credenda
526 4933 588 4974 ex
619 4921 932 4973 necessitate
961 4920 1141 4981 medii,
1167 4920 1291 4973 vide
1313 4920 1452 4972 Fiunt
1483 4934 1707 4972 necesst-

159 5013 503 5124 2.Tg:edenda
530 5084 592 5124 ex
621 5071 934 5124 necessitate
960 5070 1230 5137 praecepti,
1256 5069 1377 5123 vide
1408 5069 1544 5120 thu
1574 5085 1708 5121 rnn-

163 5163 700 5288 8.ῦξῖι;ῃῖὲτεᾱειιιεε)
732 5220 861 5288 quid
893 5221 1161 5287 importet,
1191 5225 1343 5272 tract.
1375 5223 1423 5279 1,
1455 5217 1592 5284 disp.
1625 5223 1704 5280 2⁴,

221 5307 341 5353 sect.
365 5305 413 5361 1,
438 5313 492 5352 n.
519 5305 541 5350 1
568 5308 620 5352 et
641 5304 689 5352 tl.

3233 340 3349 402 775

1847 443 2157 496 contineant
2189 442 2431 497 diversos
2472 443 2592 496 fidei
2637 445 2802 502 actus,
2842 445 2989 493 tract.
3033 445 3079 502 1,
3119 439 3256 506 disp.
3296 445 3346 498 6,

1849 527 1975 572 sect.
2005 526 2049 576 8,
2076 533 2222 572 ιιιιιιι.
2245 525 2293 572 2.

1787 599 1833 644 6.
1871 593 2097 647 Credere
2135 596 2189 647 in
2235 597 2396 647 Deum
2432 595 2571 647 sitne
2614 607 2801 646 revera
2838 601 2987 646 actus
3026 593 3345 656 intellectus,

1849 683 1916 722 an
1941 671 2115 736 potius
2140 672 2444 732 voluntatiS,
2472 670 2619 733 ibid.,
2650 683 2702 721 n.
2730 675 2775 720 8.

1787 751 1832 798 ’1.
1871 747 2093 800 Credere
2116 747 2167 797 in
2194 749 2354 799 Deum
2380 761 2447 799 an
2476 745 2645 811 possit
2666 751 2926 811 peccator,
2948 745 3098 812 thid„
3123 760 3176 799 n.
3204 749 3250 798 ⁴.

1787 828 1833 874 8.
1870 823 2111 884 Credere,
2136 823 2257 876 vide
2278 840 2407 876 riost
2440 840 2606 880 serus.

1785 907 1832 952 9.
1870 899 2126 952 credendi
2155 901 2418 964 voluntas,
2444 902 2565 954 vide
2592 917 2841 955 vomu-ms
2866 916 3125 953 canosum.

2390 1033 2735 1072 cnssntntuns.

1788 1129 1835 1176 1.
1871 1125 2133 1178 credibile
2165 1126 2429 1190 objectum
2458 1127 2674 1191 aliquod
2704 1127 2987 1193 dupliciter
3016 1127 3119 1180 dici
3150 1135 3348 1192 potest,

1851 1207 2001 1253 tract.
2040 1205 2085 1265 1,
2119 1200 2258 1269 disp.
2300 1207 2346 1263 8,
2372 1207 2500 1256 sect.
2538 1209 2587 1264 2,
2618 1215 2672 1256 n.
2712 1207 2765 1268 73
2798 1207 2847 1254 et
2876 1203 3017 1268 disp.
3056 1207 3101 1266 ⁴,
3128 1210 3256 1256 sect.
3294 1209 3342 1266 2,

1850 1291 1903 1331 n.
1931 1285 1977 1330 8.

1787 1358 1834 1406 2.
1871 1355 2101 1406 Deturne
2142 1355 2373 1421 primum
2403 1356 2657 1408 credibile
2694 1369 2726 1407 a
2766 1366 2875 1422 quo
2909 1359 3098 1408 coetera
3138 1355 3345 1422 depen-

1848 1431 2026 1491 deant,
2061 1439 2207 1485 tract.
2235 1437 2281 1494 1,
2304 1433 2439 1498 disp.
2463 1438 2513 1492 2,
2538 1438 2665 1485 sect.
2690 1435 2737 1490 ⁴,
2763 1444 2795 1483 a
2818 1445 2871 1483 n.
2904 1437 2948 1484 5.

1787 1511 1834 1561 8.
1869 1508 2152 1561 credibilia
2182 1507 2457 1560 evidenter
2488 1514 2610 1560 sunt
2640 1507 2946 1560 christianae
2982 1507 3104 1560 fidei
3144 1513 3345 1574 myste-

1847 1583 1944 1644 ria,
1970 1589 2119 1636 tract.
2152 1590 2200 1643 1,
2226 1584 2363 1649 disp.
2397 1589 2441 1644 4,
2468 1591 2595 1636 sect.
2625 1588 2675 1646 8,
2708 1598 2760 1635 n.
2794 1589 2820 1635 1
2852 1589 2903 1635 et
2931 1595 3081 1648 seqq.

1788 1665 1834 1713 ⁴.
1873 1662 2033 1725 Hujus
2073 1660 2439 1713 credibilitalis
2479 1660 2823 1712 fundamenta
2872 1659 3128 1711 latissime
3174 1657 3347 1724 expli-

1845 1744 2053 1799 cantur,
2081 1735 2209 1789 ibid.

1783 1817 1829 1866 6.
1867 1813 2153 1865 Evidenter
2174 1809 2480 1864 credibilior
2502 1816 2581 1863 est
2606 1809 2737 1864 tides
2758 1811 3050 1864 christiana
3080 1811 3199 1863 aliis
3223 1823 3343 1864 sec-

1845 1888 1930 1940 tis.
1956 1890 2067 1941 lmo
2087 1888 2171 1941 hae
2204 1900 2314 1953 prae
2336 1887 2425 1938 illa
2452 1895 2578 1940 sunt
2608 1887 2965 1949 incredibiles,
2990 1887 3105 1941 ead.
3132 1886 3271 1952 disp.
3297 1889 3349 1948 ⁴,

1845 1970 1975 2017 sect.
2000 1969 2046 2024 4,
2072 1977 2219 2016 ιιιιιιι.
2245 1968 2292 2016 1.

1847 2040 2105 2093 Probatur
2132 2039 2307 2104 quoad
2336 2041 2723 2107 paganismum,
2750 2053 2802 2090 n.
2828 2043 2859 2089 2
2884 2045 2935 2091 et
2964 2043 3009 2090 8.

1845 2115 2027 2178 Quoad
2053 2115 2401 2179 judaismum,
2424 2129 2571 2167 num.
2602 2121 2647 2177 ⁴,
2676 2121 2704 2166 5
2728 2120 2779 2167 et
2809 2120 2855 2166 6.

1845 2191 2025 2252 Quoad
2058 2191 2320 2250 haeresim,
2346 2191 2449 2244 late
2476 2203 2507 2243 a
2537 2203 2590 2243 n.
2624 2195 2669 2243 7.

1783 2275 1828 2321 6.
1867 2267 2239 2320 credibilitatis
2269 2268 2428 2330 hujus
2465 2268 2732 2321 evidentia
2773 2280 2883 2321 non
2924 2273 3005 2320 est
3048 2279 3194 2319 mere
3238 2267 3342 2318 hu-

1845 2357 2020 2401 mana.
2047 2344 2141 2397 scd
2171 2343 2419 2408 superior
2444 2349 2495 2395 et
2525 2343 2821 2408 perfectior.
2849 2350 2975 2396 sect.
3010 2349 3055 2402 5,
3084 2357 3137 2395 n.
3170 2348 3216 2394 2.

1781 2425 1828 2472 7.
1865 2419 2234 2472 Credibilitatis
2255 2419 2519 2472 evidentia
2542 2431 2647 2471 non
2672 2418 2895 2484 impedit
2922 2425 3097 2470 actum
3122 2418 3241 2470 fldei
3270 2419 3339 2470 li-

1845 2497 2030 2549 berum
2060 2496 2110 2547 in
2137 2495 2307 2548 doctis
2335 2503 2387 2546 et
2412 2495 2760 2560 sapientibus,
2788 2494 2937 2555 ibid„
2966 2509 3016 2546 n.
3044 2500 3089 2544 6.

1781 2576 1828 2625 8.
1865 2573 1989 2624 Sine
2012 2571 2276 2625 evidentia
2304 2569 2666 2622 credibilitatis
2690 2571 2867 2622 nullus
2894 2570 3181 2636 perfectum
3212 2569 3332 2622 tidei

1841 2647 2147 2701 christianae
2168 2659 2445 2699 assensum
2472 2647 2686 2711 praebet,
2714 2661 2767 2698 n.
2796 2651 2839 2698 8.

1782 2730 1830 2777 9.
1866 2724 2139 2778 Evidentia
2164 2723 2525 2776 credibilitatis
2552 2735 2659 2776 non
2689 2737 2841 2788 aeque
2868 2722 3181 2787 postulanda
3205 2735 3235 2774 a
3258 2735 3341 2774 sa-

1845 2799 2113 2864 pientibus
2141 2812 2204 2852 ac
2233 2798 2427 2851 idiotis
2453 2801 2508 2850 ln
2538 2799 2623 2850 his
2652 2811 2749 2864 per
2779 2799 3040 2850 internam
3070 2798 3154 2850 Dei
3178 2810 3343 2850 voca·

1842 2875 2043 2926 tionem
2074 2869 2459 2939 nonnunquam
2492 2875 2803 2939 completur,
2832 2889 2883 2926 n.
2910 2880 2956 2926 9.

1781 2953 1861 3000 1ο.
1895 2950 2157 3003 Iudicium
2178 2950 2397 3003 evidens
2422 2951 2489 3003 de
2507 2949 2855 3003 credibilitate
2878 2963 2984 3003 non
3006 2955 3087 3002 est
3115 2949 3344 3002 elicitive

1842 3037 1874 3077 a
1903 3026 2103 3078 lumine
2134 3026 2274 3088 fidei,
2300 3026 2393 3079 sed
2420 3027 2564 3078 velut
2592 3025 2902 3091 dispositive
2940 3039 3002 3078 ex
3034 3031 3181 3092 parte
3209 3025 3342 3077 sub-

1841 3100 1981 3164 jecti,
2006 3101 2123 3153 ead.
2146 3101 2283 3167 disp.
2312 3107 2357 3160 3,
2384 3106 2511 3153 sect.
2544 3107 2592 3162 6,
2618 3113 2650 3153 a
2680 3115 2731 3154 n.
2760 3105 2810 3150 2.

1778 3179 1859 3226 11.
1895 3176 2156 3229 iudicium
2214 3176 2580 3228 credibilitatis
2636 3176 2955 3229 antecedens
3014 3177 3340 3228 voluntatem

1843 3252 2115 3314 credendi,
2154 3253 2394 3305 naturale
2422 3259 2501 3304 est
2532 3251 2583 3304 in
2618 3265 2717 3305 sua
2756 3253 3068 3312 substantia.
3112 3258 3260 3304 tract.
3294 3255 3342 3314 1,

1843 3326 1982 3394 disp.
2010 3331 2059 3387 6,
2083 3335 2212 3380 sect.
2242 3332 2289 3388 8,
2323 3341 2373 3379 n.
2409 3332 2487 3379 12.

1841 3402 1920 3454 Ad
1947 3402 2075 3455 illud
2098 3408 2275 3455 tamen
2299 3403 2455 3455 debet
2480 3403 2733 3456 accedere
2754 3401 3174 3468 supernaturalis
3198 3403 3351 3455 illus-

1842 3480 1999 3532 tratio
2030 3479 2259 3542 interna,
2280 3480 2347 3532 ad
2372 3479 2704 3533 excitandam
2728 3481 3055 3535 voluntatem
3084 3479 3337 3533 credendi

1841 3554 2147 3615 christiane,
2176 3569 2229 3608 n.
2263 3561 2321 3607 13
2348 3562 2401 3608 et
2428 3559 2507 3608 1⁴.

2529 3680 2589 3752 D
2652 3759 2655 3762 ,

2313 3846 2511 3893 naiton,
2546 3846 2823 3885 asturus.

1784 3939 1832 3988 1.
1866 3935 1924 3986 ln
1952 3934 2199 3987 daemone
2222 3939 2311 3985 aut
2350 3933 2569 3986 homine
2608 3933 2859 3986 damnato
2888 3945 2998 3986 non
3030 3935 3185 3986 datur
3212 3934 3347 3986 fides

1847 4011 2293 4075 supernaturalis..
2330 4011 2487 4062 etiam
2532 4009 2802 4072 informis,
2842 4016 2993 4063 tract.
3034 4015 3078 4070 1,
3116 4010 3253 4076 disp.
3295 4014 3350 4071 6,

1847 4093 1960 4139 sect
2004 4090 2051 4145 9,
2078 4091 2298 4137 numa.

1847 4163 2009 4214 Datur
2039 4167 2216 4212 tamen
2246 4160 2379 4213 fides
2408 4167 2609 4224 coacta,
2633 4175 2685 4212 n.
2717 4165 2795 4212 1ο.

1784 4242 1814 4286 2
1869 4238 2143 4289 Daemones
2164 4249 2231 4287 an
2254 4242 2305 4288 et
2325 4236 2598 4300 quomodo
2616 4249 2841 4302 capaces
2858 4236 3171 4301 Prophetiae.
3196 4243 3347 4289 tract.

1851 4315 1898 4372 1,
1921 4312 2058 4377 disp.
2083 4317 2130 4370 8,
2152 4317 2280 4363 sect.
2306 4315 2355 4373 τ,
2379 4323 2434 4362 ιι.
2460 4315 2505 4362 3.

1788 4388 1834 4438 8.
1872 4389 1928 4439 ln
1960 4386 2203 4438 daemone
2230 4386 2373 4439 nulla
2402 4393 2479 4438 est
2508 4399 2651 4451 speS,
2674 4393 2763 4438 aut
2788 4387 3226 4450 supernaturalis,
3253 4393 3345 4439 aut

1851 4463 2127 4526 acquisita.
2156 4469 2304 4515 tract.
2338 4465 2385 4520 1,
2410 4461 2548 4526 disp.
2573 4465 2621 4519 1,
2646 4469 2774 4514 sect.
2802 4466 2849 4523 8,
2876 4475 2929 4513 ιι.
2962 4468 3007 4513 8.

1789 4543 1836 4590 4.
1873 4541 2185 4592 Damnatum
2214 4551 2273 4591 se
2306 4539 2419 4591 sore
2443 4537 2672 4601 cuipiam
2704 4551 2771 4590 an
2802 4539 2973 4602 possit
2994 4550 3026 4589 a
3064 4539 3167 4589 Deo
3198 4549 3351 4590 reve-

1852 4615 1967 4679 lari,
1991 4621 2139 4668 tract.
2165 4620 2214 4678 2,
2240 4615 2379 4680 disp.
2410 4619 2458 4673 2,
2490 4618 2620 4666 sect.
2643 4617 2692 4674 2,
2718 4627 2770 4664 n.
2802 4617 2848 4662 6.

2434 4743 2679 4782 1281?me
2686 4769 2697 4780 .

1788 4841 1837 4888 1.
1874 4838 2133 4892 Defensor
2158 4837 2543 4902 haeretici-quis
2578 4836 2898 4899 censenduS,
2920 4843 2967 4888 et
3006 4848 3141 4900 quas
3164 4847 3354 4900 poenas

1854 4911 2106 4976 incurrat,
2130 4919 2263 4966 tract
2306 4917 2353 4974 1,
2380 4912 2518 4978 disp.
2543 4915 2625 4972 2⁴,
2648 4920 2775 4965 sect.
2801 4916 2849 4974 1,
2875 4924 2929 4964 ιι.
2961 4918 3009 4973 6,
3031 4915 3058 4961 7
3089 4917 3141 4963 ct
3169 4923 3317 4976 seqq.

2370 5079 2376 5088 ,
2398 5043 2688 5082 uertuntur!
2696 5043 2743 5080 0.

1790 5145 1836 5194 1.
1873 5143 2208 5198 Denuntiatio
2230 5143 2333 5195 alia
2354 5141 2675 5208 evangelica,
2698 5141 2802 5192 alia
2823 5139 3104 5206 judiciam,
3128 5145 3279 5191 tract.
3301 5143 3349 5202 1,

1854 5218 1993 5284 disp.
2018 5223 2091 5276 20.
2121 5228 2247 5272 sect.
2290 5223 2335 5282 ⁴,
2362 5233 2415 5270 n.
2447 5223 2499 5268 2.
2533 5223 2583 5270 et
2614 5223 2762 5270 tract.
2792 5221 2843 5280 8,
2877 5215 3015 5279 disp.
3042 5219 3093 5276 8,
3130 5221 3257 5266 sect.
3300 5220 3350 5273 6,

1856 5305 1909 5344 n.
1935 5298 1983 5346 1.

166 5381 208 5428 4.
241 5375 461 5428 Credere
485 5375 538 5427 in
563 5377 726 5427 Deum
765 5374 850 5426 vel
889 5374 944 5425 in
974 5370 1281 5430 Ecclesiam,
1303 5381 1464 5434 quem
1493 5381 1711 5422 sonsum
1793 5373 1842 5420 2.
1878 5371 2214 5423 Denuntiatio
2256 5370 2324 5422 ab
2352 5367 2689 5422 accusatione
2732 5367 2786 5418 in
2828 5378 2937 5432 quo
2976 5363 3204 5428 differat,
3235 5365 3352 5416 ead.

223 5451 425 5513 habeat,
455 5457 600 5502 tract.
627 5455 677 5513 1,
701 5448 838 5515 disp.
868 5455 916 5510 2,
939 5455 1066 5501 sect.
1092 5453 1136 5511 5,
1164 5461 1216 5499 ιι.
1242 5451 1302 5497 12
1329 5452 1382 5497 et
1411 5449 1488 5496 13.

1858 5454 1988 5498 secl.
2013 5452 2059 5505 ⁴.
2086 5461 2137 5498 n.
2165 5451 2210 5498 3.

169 5533 212 5581 5.
244 5525 462 5580 credere
497 5527 620 5589 Deo,
647 5525 866 5578 credere
889 5525 1072 5588 Deum,
1097 5521 1316 5578 credere
1345 5521 1398 5574 in
1435 5522 1622 5585 Deum,
1643 5533 1712 5573 an
1799 5527 1847 5574 8.
1888 5522 2223 5574 Denuntiatio
2244 5519 2509 5586 judicialis
2534 5531 2675 5585 quae,
2694 5517 2813 5572 eod.
2855 5527 3002 5568 num.
3028 5521 3077 5567 ⁸.
