3900 6217
709 387 882 438 SECT.
921 389 957 440 1.
997 387 1078 440 AN
1115 387 1320 442 nss'run
1353 387 1738 442 rnaecssrwnt
1771 389 1852 442 DE
1884 389 2007 440 ΛΒΤ
2010 391 2048 441 U
2082 389 2266 452 Fiunt,
2302 391 2381 442 ΕΤ
2412 389 2535 452 Qt'o
2566 391 2735 444 sum-3.

211 496 398 583 proecipi
417 499 475 554 ut
494 489 764 552 ascendat
785 486 946 548 ultra
969 489 1231 569 gradum
1246 496 1308 550 et
1327 495 1554 550 statum
1569 489 1688 550 hu·

212 609 360 656 manae
381 591 609 659 naturae,
637 599 842 662 neque
863 588 936 642 ut
987 581 1123 644 illos
1166 591 1338 644 actus
1381 587 1684 658 exerceat,

206 707 282 768 qm
301 684 360 743 ad
389 687 589 742 statum
617 675 956 736 naturalem
990 679 1124 754 ejus
1169 695 1291 738 non
1351 678 1683 756 pertinent.

209 775 456 842 Secundo,
499 771 672 832 etiam
704 769 1036 845 difficilius,
1061 771 1210 849 quia
1227 789 1411 832 omne
1459 789 1683 852 praece-

203 881 334 954 ptum
361 863 670 945 imponitur
698 861 790 922 illi
833 863 940 941 qui
992 868 1190 943 potest
1230 863 1384 924 illud
1429 881 1684 942 cognos-

201 983 300 1024 cere
321 960 642 1042 priusquam
673 961 978 1035 praecepto
1007 955 1335 1036 obligetur,
1379 957 1528 1037 qnia
1553 975 1680 1019 non

198 1058 446 1132 obligatur
477 1049 585 1110 nisi
619 1047 822 1110 media
869 1049 1266 1128 cognitione3
1298 1058 1682 1131 praeceptum

195 1159 356 1212 antem
393 1145 521 1206 fidei
551 1143 672 1204 tale
718 1150 829 1218 est,
879 1151 949 1204 ut
993 1160 1120 1206 non
1167 1147 1355 1225 possit
1399 1147 1683 1225 cognosci

193 1245 479 1323 prinsquam
494 1235 748 1316 obliget3
771 1238 897 1298 imo
913 1257 1114 1317 neque
1131 1239 1494 1319 priusquam
1515 1257 1687 1301 exer-

191 1343 368 1404 ceatur,
398 1333 526 1412 quia
564 1347 689 1391 non
720 1337 918 1411 potest
952 1333 1236 1410 cognosci
1269 1333 1388 1393 nisi
1433 1352 1546 1413 per
1589 1334 1684 1412 ip·

189 1447 286 1488 sam
306 1426 496 1499 fidem3
517 1441 664 1501 ergo
685 1443 1003 1504 nunquam
1027 1432 1226 1504 potest
1241 1427 1509 1508 incipere
1531 1427 1686 1488 obli-

189 1539 320 1598 gare,
343 1517 468 1597 quia
490 1517 738 1578 deberet
760 1517 1036 1596 obligare
1057 1519 1374 1579 hominem
1403 1521 1685 1581 nondum

184 1613 494 1683 ualentem,
538 1610 700 1688 quod
745 1610 996 1672 videtur
1045 1611 1423 1694 impossibile
1469 1614 1548 1676 ob
1593 1635 1688 1678 ra-

185 1711 370 1769 tionem
396 1703 599 1764 factam
613 1750 627 1764 .

242 1805 288 1862 9..
327 1799 526 1860 Prima
562 1797 842 1863 assertio.
882 1835 964 1845 —
1009 1801 1424 1863 Nihilominus
1475 1803 1684 1864 diccu-

183 1895 292 1952 dum
341 1897 422 1952 est
462 1890 682 1970 prim0,
732 1892 946 1954 datum
999 1911 1128 1955 esse
1169 1895 1522 1957 hominibus
1567 1895 1683 1956 ali·

183 1985 302 2066 quod
344 1989 700 2063 praeceptum
743 1984 1024 2065 obligans
1064 1987 1138 2048 ad
1187 1989 1541 2050 interiorem
1597 1987 1678 2049 fi-

183 2083 301 2140 dem,
339 2081 464 2140 Haec
501 2079 756 2141 assertio
805 2083 1152 2143 communis
1197 2089 1288 2143 est
1333 2083 1679 2144 Themista-

179 2193 304 2250 rum,
329 2181 381 2234 et
417 2181 574 2234 certa
611 2173 958 2235 secundum
1011 2175 1198 2236 fidem
1233 2193 1250 2238 z
1283 2176 1549 2238 habetur
1574 2195 1680 2238 ex-

179 2271 376 2346 pressa!
408 2267 632 2328 Joann.
669 2269 708 2328 3
740 2288 755 2327 :
788 2267 926 2330 Hoc
955 2272 1045 2329 est
1059 2271 1410 2332 mandatum
1429 2271 1584 2350 ejus,
1608 2276 1683 2333 ut

181 2362 426 2422 credamus
446 2359 508 2420 in
534 2359 773 2423 nomine
800 2359 960 2422 Filii
985 2362 1136 2440 ejus.
1171 2363 1402 2426 Deinde
1447 2363 1682 2441 colligi-

179 2463 255 2513 tur
275 2471 338 2514 ex
361 2453 619 2532 quadam
653 2461 822 2516 certa
851 2454 1090 2532 regula,
1117 2456 1282 2534 quod
1309 2457 1522 2518 omnia
1541 2475 1681 2537 quae

181 2547 226 2606 in
258 2547 536 2626 Scriptura
572 2553 1008 2626 proponuntur
1043 2548 1157 2609 suh
1197 2550 1680 2611 comminatione

181 2647 370 2700 aterna:
395 2641 836 2714 damnationiS‚
859 2641 1056 2720 posita
1087 2649 1232 2702 sunt
1260 2642 1375 2704 sub
1405 2644 1681 2721 rigoroso

179 2740 440 2812 praecepto,
465 2734 622 2794 sicut
656 2733 908 2810 Paulus,
939 2740 1079 2814 post
1116 2735 1312 2796 multa
1339 2755 1478 2815 quoe
1507 2737 1680 2797 dixe-

181 2835 250 2884 rat
281 2828 342 2886 ad
375 2826 566 2887 Galat.
603 2829 672 2902 5,
703 2827 1071 2905 subjunxit:
1111 2829 1227 2903 Qui
1265 2830 1422 2894 talia
1465 2837 1679 2912 ayunt,

189 2937 368 2998 requam
397 2921 508 2982 Dei
530 2937 660 2980 non
679 2921 1102 2998 possidebunt‚·
1133 2929 1193 2983 et
1221 2924 1380 2984 sicut
1407 2925 1684 2985 Christus

187 3011 296 3070 dixit
325 3013 528 3073 Joann.
573 3015 614 3074 6
657 3031 672 3074 ε
707 3013 864 3077 Nisi
889 3015 1403 3080 manducaveritis
1443 3035 1683 3080 earnem

183 3104 295 3164 Filii
323 3105 587 3179 hominis,
617 3113 768 3180 etc„
799 3125 918 3169 non
947 3111 1239 3173 habebitis
1265 3113 1458 3172 vitam
1485 3111 1552 3172 in
1579 3129 1686 3172 co-

169 3201 235 3262 bis
257 3227 276 3258 .·
297 3219 426 3262 nam
465 3203 614 3262 inde
657 3204 890 3282 optime
922 3203 1234 3282 colligitur
1265 3211 1677 3284 praeceptum3

167 3295 364 3354 stratio
387 3302 494 3370 est,
523 3297 686 3375 quia
713 3313 900 3357 nemo
925 3285 1261 3357 damnatur
1285 3298 1402 3358 nisi
1433 3305 1684 3378 propter

163 3392 468 3464 peccatum3
511 3405 710 3449 omne
749 3396 956 3450 autem
999 3397 1317 3470 peccatum
1355 3397 1446 3451 est
1472 3397 1685 3452 contra

161 3488 507 3559 praeceptum,
527 3483 722 3561 juxta
751 3481 1176 3544 definitionem
1205 3501 1419 3561 suam3
1447 3490 1510 3544 at
1537 3503 1683 3546 vero

157 3571 276 3632 fides
297 3574 550 3654 exigitur
581 3577 657 3636 in
686 3576 1006 3656 Scriptura
1052 3577 1168 3638 sub
1202 3578 1314 3653 tali
1343 3579 1686 3638 commina-

159 3667 328 3742 tione,
379 3671 592 3731 Matth.
661 3670 868 3733 ultim.
925 3688 942 3732 ε
1006 3671 1124 3746 Qui
1165 3691 1284 3735 non
1337 3671 1681 3749 crediderit,

157 3763 640 3839 eodemmodern
689 3765 864 3825 Paul.
910 3764 990 3824 ad
1046 3765 1232 3826 Hebr.
1279 3767 1360 3827 2:
1391 3765 1684 3840 Quomodo

157 3871 242 3914 nos
261 3855 620 3937 effugiemus,
661 3859 724 3920 si
758 3862 992 3920 tantam
1034 3857 1472 3941 neyleoeerimus
1517 3860 1688 3922 salu-

155 3948 286 4008 tem?
307 3953 364 4008 et
399 3967 530 4029 cap.
581 3952 712 4011 10:
741 3951 966 4012 Juseue
1009 3967 1084 4014 ex
1135 3953 1254 4026 fide
1291 3953 1486 4025 vivit;
1525 3953 1686 4033 quod

155 4040 198 4098 si
229 4042 580 4106 subtraxerit
625 4061 735 4117 se,
777 4059 896 4105 non
938 4043 1198 4125 placebit
1240 4046 1464 4108 animoe
1509 4065 1674 4107 meten

153 4133 232 4192 Est
249 4151 382 4213 ergo
403 4137 552 4199 fides
582 4137 706 4198 suh
731 4144 1037 4218 praecepto
1064 4139 1338 4216 rigorose
1368 4138 1681 4218 obligante

153 4227 240 4284 snb
265 4237 424 4290 reatu
450 4237 708 4292 aeternae
739 4231 1175 4292 damnationis.
1218 4233 1296 4292 Et
1341 4231 1456 4292 hoc
1497 4233 1680 4293 modo

151 4318 278 4380 dixit
302 4323 556 4401 cyrillus
599 4325 1220 4404 Hierosolymitanus,
1257 4325 1557 4386 catechesi
1589 4327 1627 4388 5
1660 4343 1677 4387 ι

155 4411 276 4474 Care
295 4433 360 4476 ne
383 4417 446 4479 ob
471 4418 792 4481 inscitiam
813 4435 1044 4499 pereas,
1079 4417 1187 4477 ubi
1211 4417 1580 4497 loquebatur
1605 4420 1683 4480 de

149 4503 245 4566 fide
269 4510 519 4586 symboli
537 4533 556 4586 ;
591 4517 656 4571 et
683 4511 972 4572 similiter
1007 4511 1298 4586 lrenaeuS,
1327 4511 1438 4573 lib.
1471 4515 1506 4572 3
1537 4529 1683 4573 con-

150 4603 226 4657 tra
253 4601 533 4677 Haereses,
553 4621 696 4683 cap.
729 4608 802 4665 21
835 4621 852 4664 ε
880 4605 1267 4686 Ignorantes,
1295 4605 1522 4683 inquit,
1549 4623 1684 4668 ewm

149 4692 233 4769 qui
279 4711 346 4756 ex
375 4695 612 4778 tie-fine
661 4703 755 4760 est
782 4745 797 4769 ‚
853 4698 1186 4776 privantur
1231 4715 1474 4759 munere
1525 4699 1680 4777 ejus,

151 4788 279 4862 quod
295 4793 378 4850 est
403 4789 532 4852 vita
559 4795 814 4852 oeterna.
851 4791 928 4850 Et
949 4788 1177 4851 similia
1209 4789 1402 4850 videri
1425 4795 1683 4870 possunt

151 4875 202 4935 in
235 4879 504 4960 Gregor„
535 4882 627 4945 lib
685 4885 716 4944 1
751 4883 1014 4962 Regum,
1059 4901 1193 4962 cap.
1247 4887 1349 4958 16,
1394 4890 1456 4944 et
1483 4883 1591 4946 lib.
1645 4885 1682 4944 7

151 4969 524 5047 Epistolarum
547 5021 566 5048 ‚
625 4975 886 5054 epistola
931 4979 1048 5050 473
1109 4983 1172 5036 ct
1217 4976 1282 5036 in
1341 4977 1682 5055 Augustino

151 5063 366 5144 etaliis,
393 5066 700 5148 superiori
742 5067 1156 5148 disputatione
1203 5069 1518 5146 allegatis3
1547 5071 1684 5131 haec

151 5155 290 5216 enim
341 5161 594 5220 assertio
641 5161 830 5222 etiam
861 5162 1142 5240 sequitur
1197 5180 1274 5222 ex
1321 5162 1408 5222 ibi
1468 5163 1683 5240 dictis;

151 5263 274 5308 nam
300 5269 524 5331 eaqnae
569 5260 720 5314 sunt
765 5255 966 5315 media
1011 5255 1362 5315 necessaria
1402 5255 1481 5316 ad
1525 5255 1687 5316 salu·

153 5345 276 5416 tem,
305 5347 354 5405 si
377 5347 722 5408 consistant
747 5349 814 5408 in
851 5355 994 5409 actu
1042 5348 1238 5408 libero
1283 5354 1346 5409 et
1385 5349 1683 5425 humano,

153 5435 314 5496 etiam
333 5445 472 5498 sunt
511 5439 636 5500 sub
685 5447 1010 5520 praecepto,
1068 5442 1240 5520 quia,
1281 5447 1352 5501 ut
1397 5441 1486 5502 ibi
1531 5441 1683 5517 dixi,

153 5529 236 5588 vel
271 5531 398 5609 ipsa
432 5533 765 5596 necessitas
811 5535 1001 5596 medii
1027 5535 1225 5598 oritur
1245 5553 1323 5597 ex
1354 5541 1679 5617 praecepto,

3214 387 3325 448 361

1769 489 1866 551 vel
1901 490 2056 551 illud
2098 509 2303 551 secum
2334 491 2607 568 adducit,
2636 490 2783 570 quia
2812 491 3085 553 maxime
3110 494 3331 573 praeci-

1770 583 2030 663 piuntur
2050 583 2159 644 illa
2188 603 2326 663 quae
2357 584 2435 644 ad
2474 584 2733 646 salutem
2772 586 3114 646 necessaria
3140 592 3327 663 sunt3

1769 694 1918 736 nam
1945 677 2067 737 hoc
2088 678 2397 756 pra’cipue
2426 678 2695 757 pertinet
2730 678 2807 739 ad
2837 678 3065 740 bonam
3094 684 3155 740 et
3184 699 3330 786 pru-

1763 769 2017 830 dentem
2053 770 2561 847 gubernationem
2576 787 2597 848 3
2632 773 2793 832 Deus
2820 772 2989 834 enim
3019 774 3329 852 praecipue

1763 861 2031 923 intendit
2082 863 2343 924 salutem
2402 864 2727 925 hominum
2758 880 2779 942 3
2838 883 2985 944 ergo
3056 867 3329 927 maxime

1763 957 1950 1018 etiam
1984 957 2269 1039 praecipit
2306 958 2471 1038 quod
2506 960 2581 1020 ad
2634 959 2805 1020 illam
2834 963 3326 1040 consequendam

1760 1051 2171 1112 necessarium
2198 1058 2290 1112 est
2298 1068 2319 1130 3
2353 1070 2494 1112 cum
2528 1069 2676 1132 ergo
2704 1052 2855 1114 fides
2878 1055 2956 1114 sit
2984 1055 3329 1115 necessaria

1763 1144 1840 1205 ad
1869 1145 2157 1220 salutem,
2188 1146 2581 1206 manifestum
2605 1153 2695 1207 est
2722 1146 2800 1208 de
2822 1148 2929 1208 illa
2952 1148 3165 1208 datum
3194 1167 3327 1210 esse

1764 1244 2162 1318 praeceptum,
2188 1257 2328 1299 cum
2353 1239 2487 1318 ipsa
2508 1241 2575 1301 in
2603 1247 2747 1302 actu
2774 1241 3049 1303 humano
3091 1249 3155 1303 et
3177 1242 3330 1304 libc-

1763 1350 1835 1392 ro
1863 1333 2063 1410 posita
2090 1334 2190 1393 sit.

1847 1429 1906 1488 3.
1965 1425 2245 1491 Secunda
2295 1428 2595 1492 assertio:
2629 1429 2805 1510 quale
2847 1430 2933 1494 sit
2974 1432 3081 1493 hoe
3102 1447 3329 1510 proece-

1755 1525 1934 1602 ptum
1956 1523 2101 1599 fidei
2122 1522 2403 1585 internae.
2434 1555 2519 1570 -
2540 1524 2663 1585 Jees
2692 1524 2976 1587 auctorale
3008 1522 3329 1604 dupliciter

1764 1618 2128 1696 usurpatur.
2159 1648 2241 1661 —
2270 1617 2413 1676 Dico
2440 1616 2749 1677 secundot
2776 1617 2894 1677 hoc
2925 1622 3323 1696 praeceptum,

1765 1707 2109 1769 secundum
2134 1708 2546 1770 substantiam
2584 1727 2759 1770 suam
2798 1709 2956 1788 juris
2984 1711 3204 1786 divini,
3236 1716 3329 1772 est

1761 1801 1971 1880 aliquo
1996 1802 2179 1862 modo
2208 1802 2533 1879 naturalia,
2560 1809 2621 1863 et
2644 1803 2851 1882 aliquo
2882 1805 3068 1863 modo
3112 1823 3328 1884 super-

1761 1895 2083 1957 naturalis.
2122 1898 2203 1956 De
2232 1897 2421 1976 priori
2454 1903 2625 1976 parte
2654 1897 3007 1959 assertionis
3030 1897 3205 1958 nulla
3234 1901 3327 1958 est

1760 1988 2111 2062 difficultas,
2142 1993 2279 2049 tum
2304 1994 2555 2069 propter
2583 1990 2885 2050 rationem
2918 1990 2985 2050 in
3022 1989 3328 2070 principio

1758 2081 2012 2158 factam,
2034 2083 2181 2161 quia
2203 2082 2322 2143 hoc
2352 2089 2721 2162 proeceptum
2744 2089 2836 2143 est
2862 2083 2937 2144 de
2966 2095 3105 2144 actu
3136 2083 3328 2143 maxi-

1759 2193 1859 2236 me
1909 2175 2199 2253 intern03
2248 2181 2385 2236 tum
2437 2177 2625 2236 etiam
2686 2175 2834 2255 qnia
2892 2181 2983 2238 est
3044 2175 3121 2237 de
3183 2181 3329 2237 actu

1760 2268 2240 2348 supernaturali,
2284 2275 2346 2329 et
2386 2267 2463 2329 de
2508 2267 2917 2329 fundamento
2960 2275 3325 2348 supernatu-

1757 2362 1876 2424 rali
1912 2362 2189 2441 justitiae,
2223 2361 2301 2422 ad
2334 2380 2523 2443 quam
2553 2361 2717 2422 solus
2754 2363 2914 2424 Deus
2942 2368 3184 2442 poterat
3214 2361 3325 2424 ho-

1763 2456 1995 2516 minem
2035 2455 2343 2534 obligare:
2384 2455 2543 2516 illud
2578 2461 2787 2516 autem
2821 2461 3196 2536 praeceptum
3226 2457 3325 2518 di-

1760 2549 1922 2610 citur
1954 2568 2081 2609 esse
2110 2549 2307 2610 divini
2337 2549 2515 2627 juriS,
2550 2549 2715 2628 quod
2756 2551 2947 2611 Deum
2976 2549 3181 2628 ipsum
3214 2549 3325 2610 ha-

1759 2643 1867 2704 bet
1907 2649 2223 2704 auctorem
2268 2641 2701 2704 immediatum
2742 2649 2804 2704 et
2836 2644 3212 2723 proximum.
3246 2643 3329 2706 Ut

1761 2741 1971 2796 autem
1999 2734 2193 2796 altera
2234 2753 2378 2814 pars
2407 2736 2812 2815 intelligatur,
2858 2737 3172 2797 sciendum
3203 2737 3327 2796 im·

1763 2830 1977 2906 primis
2024 2834 2138 2901 est,
2181 2829 2281 2907 jus
2335 2829 2617 2889 naturale
2664 2828 2904 2891 duobus
2950 2828 3151 2889 modis
3204 2829 3325 2890 dici

1761 2939 1961 3000 posse.
1996 2921 2131 2983 Uno
2156 2921 2356 2994 modo,
2388 2939 2499 2999 per
2528 2921 2809 2982 ordinem
2838 2921 2914 2982 ad
2956 2921 3323 2983 rationalem

1764 3021 2053 3075 naturam
2082 3033 2235 3093 pure
2270 3024 2606 3094 sumptam,
2634 3015 2697 3074 id
2724 3021 2839 3089 est,
2870 3025 2940 3075 ut
2960 3015 3323 3076 tendentem

1763 3109 1828 3168 in
1869 3107 2218 3168 naturalem
2260 3108 2472 3180 finem,
2516 3113 2579 3169 et
2606 3107 2939 3169 dictantem
2970 3126 3081 3187 per
3125 3107 3327 3168 solum

1760 3200 1974 3262 lumen
2015 3201 2315 3262 naturalis
2361 3201 2637 3262 rationis
2687 3200 2825 3262 Alio
2872 3201 3055 3261 modo
3104 3201 3331 3262 dicitur

1759 3295 1860 3374 jus
1909 3294 2193 3355 naturale
2246 3313 2357 3373 per
2414 3294 2994 3356 connaturalitatem
3050 3294 3127 3354 ad
3188 3311 3330 3373 gra-

1763 3390 1940 3464 tiam,
1974 3405 2082 3448 seu
2102 3388 2179 3448 ad
2209 3387 2741 3467 supernaturalem
2778 3385 2991 3460 finem,
3037 3387 3114 3448 ad
3141 3403 3329 3466 quem

1763 3481 1952 3541 homo
1980 3481 2253 3543 elevatus
2276 3493 2339 3543 et
2378 3481 2697 3542 ordinatus
2736 3486 2850 3555 est,
2884 3480 3195 3560 quomodo
3236 3481 3329 3540 di-

1765 3581 1991 3635 cuntur
2034 3575 2319 3635 homines
2364 3573 2626 3652 gentiles
2674 3574 2947 3652 potuisse
2981 3573 3207 3634 salvari
3262 3573 3331 3634 in
3406 3579 3415 3586 “

1765 3667 1902 3745 lege
1933 3674 2195 3742 naturae,
2244 3685 2370 3728 non
2422 3667 2569 3746 quia
2624 3685 2737 3747 per
2789 3666 2983 3728 solam
3024 3667 3332 3728 rationem

1767 3761 2111 3821 naturalem
2150 3759 2373 3820 salvari
2408 3766 2680 3839 possent,
2712 3760 2819 3820 sed
2848 3760 2997 3839 quia
3024 3765 3175 3820 tunc
3207 3777 3331 3820 non

1765 3853 2079 3915 habebant
2120 3860 2425 3934 praecepta
2455 3855 2689 3930 divina,
2734 3854 2856 3915 nisi
2902 3854 3331 3915 connaturalia

1767 3948 1867 4009 vel
1908 3963 2171 4023 naturae,
2202 3947 2304 4008 vel
2336 3949 2579 4028 gratiae,
2624 3953 2695 4008 ut
2738 3948 2924 4010 latius
2969 3948 3035 4009 in
3072 3947 3333 4009 materia

1760 4041 1839 4102 de
1865 4040 2108 4116 legibus
2138 4047 2462 4102 tractatur.

1840 4138 1900 4197 4.
1939 4133 2088 4209 Qua·
2123 4135 2381 4218 coquitio
2420 4137 2533 4198 Dei
2560 4135 2647 4198 sit
2677 4136 2745 4198 in
2775 4141 3093 4218 proeeepco.
3118 4165 3201 4182 —-
3228 4136 3335 4197 Se·-

1762 4228 2039 4290 cundum
2073 4229 2527 4290 observandum
2555 4235 2667 4304 est,
2706 4228 2877 4290 aliud
2903 4247 3033 4289 esse
3060 4228 3228 4307 loqui
3254 4228 3331 4289 de

1763 4323 2121 4403 cognitione
2154 4325 2286 4399 Dci,
2314 4329 2424 4384 aut
2466 4341 2674 4384 rerum
2701 4321 3085 4402 agendarum
3116 4322 3195 4382 ab
3223 4321 3332 4382 ho·

1763 4418 1934 4480 mine
1958 4424 2121 4480 recte
2164 4425 2227 4479 et
2267 4418 2548 4493 honeste,
2581 4417 2752 4478 aliud
2803 4435 2953 4478 vero
2999 4435 3127 4478 esse
3158 4416 3331 4495 loqui

1761 4511 1839 4572 de
1860 4513 2213 4590 cognitione
2239 4530 2349 4592 per
2372 4511 2592 4572 fidem:
2614 4518 2949 4591 utrumque
2972 4511 3139 4571 enim
3166 4510 3333 4571 cadit

1763 4605 1880 4666 sub
1907 4605 2355 4688 obligationem
2381 4605 2591 4684 aliquo
2616 4605 2800 4665 modo
2824 4603 3194 4679 naturalem,
3226 4604 3334 4664 sed

1763 4717 1890 4760 non
1916 4699 2194 4778 ejusdem
2224 4699 2503 4760 rationiS.
2552 4699 2725 4760 Unde
2763 4697 2813 4758 si
2843 4696 3181 4776 loquamur
3224 4698 3334 4757 ab·

1763 4791 1961 4854 solute
2002 4793 2079 4853 de
2127 4793 2505 4870 cognitione,
2552 4810 2692 4871 quae
2736 4809 2845 4871 per
2882 4789 3201 4851 scientiam
3237 4789 3336 4850 vel

1763 4885 2037 4965 aliquam
2058 4885 2245 4949 fidem
2267 4885 2609 4946 humanam
2630 4891 2692 4944 et
2718 4885 3085 4963 prudentem
3112 4883 3333 4944 haberi

1763 4984 1983 5056 potest,
2015 4978 2116 5038 lex
2146 4996 2296 5056 pure
2328 4976 2629 5037 naturalis
2657 4977 2996 5038 consistens
3037 4976 3105 5036 in
3140 4975 3331 5036 dicta-

1763 5071 1933 5130 mine
1964 5071 2222 5130 rationis
2262 5071 2520 5130 fundato
2544 5069 2607 5129 in
2634 5070 2765 5129 solo
2800 5075 2969 5128 nutui
2984 5068 3067 5128 ali
3095 5065 3333 5126 lumine

1766 5163 2003 5241 obligat
2043 5162 2119 5223 ad
2150 5161 2499 5224 habendam
2534 5169 2598 5223 et
2626 5160 3074 5241 procurandam
3121 5177 3332 5219 veram

1769 5257 1878 5316 Dei
1907 5256 2349 5334 cognitionem.
2396 5257 2629 5330 Primo,
2661 5255 2808 5333 quia
2852 5259 2941 5313 est
2980 5252 3233 5312 ultimus
3262 5251 3334 5312 fi-

1767 5349 1867 5410 nis
1897 5349 1965 5409 in
1994 5367 2180 5428 quem
2208 5367 2331 5409 non
2364 5355 2560 5427 potest
2588 5347 2839 5408 tendere
2864 5344 3327 5416 convenienter,

1767 5441 1887 5502 nisi
1917 5441 2088 5502 illam
2118 5447 2467 5520 cognoscat.
2498 5438 2809 5513 Secundo,
2838 5436 2987 5516 quia
3021 5436 3120 5498 lex
3154 5441 3335 5496 natu-

1765 5533 1912 5597 ralis
1956 5534 2187 5613 obligat
2226 5534 2307 5596 ad
2350 5533 2735 5613 diligendum
2789 5532 3005 5606 Deum,
3060 5534 3123 5590 et
3174 5530 3333 5591 sicut
