3900 6217
525 395 644 460 368

523 523 670 577 osse,
731 506 800 569 in
853 505 1016 568 omni
1064 510 1236 570 statu
1301 525 1534 589 sempor
1577 508 1808 574 estitit.
1833 541 1916 556 —
1939 509 2087 571 Dico

521 598 715 677 igitur
766 599 970 679 primo
997 645 1018 676 ,
1061 601 1130 661 in
1170 602 1652 682 omnitempore
1697 603 1910 664 datum
1954 621 2087 666 esse

525 699 905 772 praeceptum
931 693 1219 754 credendi
1248 695 1444 756 Deum
1473 714 1624 759 esse.
1660 697 1808 757 Haec
1831 697 2086 758 assertio

523 791 615 845 est
660 787 1006 847 communis
1034 786 1564 865 scholasticorum,
1613 788 1680 850 in
1723 791 1782 865 3,
1809 789 1950 850 dist.
1980 791 2081 852 25.

524 878 828 940 Probatur
842 880 1043 959 primo
1068 899 1145 941 ex
1170 881 1278 942 illo
1305 882 1633 963 principio,
1661 883 1829 962 quod
1849 884 2084 958 omnia,

521 989 662 1050 quae
711 979 856 1033 sunt
917 975 1258 1035 necessaria
1311 977 1673 1036 necessitate
1728 976 1920 1038 medii
1950 1022 1972 1051 ,
2026 989 2089 1037 et

521 1065 861 1126 consistunt
886 1066 954 1127 in
989 1073 1132 1128 actu
1179 1067 1480 1144 humane,
1511 1075 1660 1130 sunt
1699 1070 1886 1148 etiam
1933 1088 2089 1150 prae-

519 1166 734 1238 cepta3
783 1160 1056 1238 cognitio
1090 1169 1300 1223 autem
1343 1161 1454 1224 Dei
1481 1179 1556 1223 ex
1596 1162 1719 1224 fide
1755 1169 1848 1223 est
1873 1181 2089 1226 neces-

519 1255 684 1314 saria
725 1256 1094 1317 necessitate
1123 1257 1335 1330 medii,
1363 1262 1518 1318 teste
1547 1257 1758 1335 Paulo,
1787 1266 1858 1320 ut
1901 1277 2089 1338 supra

523 1345 648 1408 late
676 1347 880 1408 visum
917 1355 1042 1426 cst3
1086 1367 1234 1427 ergo
1261 1349 1400 1410 talis
1425 1349 1578 1412 fides
1603 1369 1848 1432 semper
1874 1353 1993 1412 fuit
2022 1354 2087 1413 in

519 1447 852 1521 praecepto·
883 1442 1190 1519 Secundo,
1227 1445 1375 1522 quia
1406 1441 1556 1505 fides
1581 1445 1688 1506 Dei
1721 1448 2091 1526 supponitur

519 1535 866 1595 necessaria
896 1535 980 1595 ad
1031 1553 1282 1598 omnem
1333 1537 1522 1598 fidem
1547 1538 1813 1600 aliorum
1857 1547 2089 1618 myste-

519 1628 779 1700 riorum,
839 1634 912 1688 ut
951 1647 1139 1715 supra
1169 1628 1510 1708 deelaravi3
1534 1649 1684 1710 ergo
1711 1632 1900 1694 etiam
1929 1651 2087 1713 prae·

517 1727 762 1800 ceptum
814 1721 1001 1801 hujus
1048 1723 1192 1784 fidei
1233 1727 1576 1786 necessario
1609 1727 1979 1806 supponitur
2006 1728 2085 1789 ad

521 1833 932 1894 quaecumque
965 1823 1273 1896 praecepta
1298 1817 1564 1879 aliarum
1595 1838 1803 1881 rerum
1832 1819 2087 1881 creden-

519 1908 764 1970 darum.
801 1908 922 1970 Sed
954 1908 1137 1988 objici
1163 1916 1364 1989 potest
1395 1912 1464 1972 D.
1509 1913 1800 1990 Thomas,
1833 1917 1893 1975 2.
1927 1915 1990 1989 2,
2020 1932 2082 1993 q.

519 2003 620 2074 16,
641 2008 759 2063 art.
795 2005 894 2078 Η,
923 2002 1032 2063 ubi
1057 2023 1135 2064 ex
1155 2005 1272 2065 hoc
1292 2006 1426 2084 ipso
1450 2005 1884 2083 fundamento,
1918 2007 2087 2068 vide-

517 2099 624 2154 tur
677 2095 896 2156 docere
941 2097 1010 2156 in
1055 2096 1192 2176 lege
1220 2099 1416 2160 veteri
1453 2117 1582 2160 non
1633 2100 1824 2161 fuisse
1869 2100 2085 2162 datum

518 2194 895 2268 praeceptum
939 2189 1227 2252 credendi
1256 2193 1454 2253 Deum
1483 2211 1636 2270 esse,
1691 2195 1838 2274 quia
1875 2201 2086 2256 aucto-

518 2281 672 2342 ritas
701 2283 1110 2362 praecipientis
1137 2284 1320 2346 dehet
1367 2287 1635 2367 supponi
1670 2287 1749 2348 ad
1779 2294 2089 2367 praecepta

517 2373 696 2454 legis,
743 2394 885 2436 eum
917 2376 996 2437 ab
1041 2377 1150 2439 illa
1203 2381 1568 2442 auctoritate
1617 2382 1979 2459 dimanent3
2024 2388 2088 2443 et

519 2471 708 2533 simili
757 2475 998 2535 ratione
1027 2475 1186 2537 dixit
1230 2476 1394 2538 idem
1424 2479 1492 2540 D.
1524 2477 1795 2540 Thomas
1835 2481 1894 2540 2.
1927 2480 1989 2554 2,
2018 2498 2079 2558 q.

518 2566 660 2640 104,
691 2572 807 2627 art.
841 2570 902 2642 Ξ,
933 2567 1012 2629 ad
1041 2569 1319 2645 tertium,
1349 2570 1535 2634 fidem
1557 2591 1632 2634 ex
1655 2577 1830 2652 parte
1858 2571 2081 2650 objecti

517 2677 650 2720 esse
673 2661 942 2739 priorem
960 2663 1332 2740 obedientia,
1364 2666 1510 2743 quia
1552 2667 1841 2745 proponit
1873 2674 2076 2727 aucto·

516 2753 768 2815 ritatem
822 2757 1255 2836 praecipientis,
1311 2758 1740 2837 Respondetur
1807 2765 2080 2821 mentem

519 2846 589 2906 D.
624 2845 874 2908 Th0mae
901 2848 1087 2910 fuisse
1127 2849 1369 2926 docere,
1402 2859 1777 2932 praeceptum
1807 2852 1926 2913 hoc
1956 2871 2082 2914 non

519 2957 650 3001 esse
681 2942 1002 3020 proprium
1030 2941 1186 3022 legis
1211 2945 1479 3023 veteris,
1505 2945 1624 3006 fuit
1644 2947 1814 3007 enim
1843 2963 2085 3023 semper

517 3034 800 3095 divinum
821 3041 884 3098 et
901 3037 1207 3113 naturale,
1239 3038 1424 3099 modo
1453 3055 1640 3119 supra
1665 3038 1991 3119 explicato,
2024 3046 2085 3100 et

516 3127 659 3188 ideo
705 3129 772 3190 in
802 3129 940 3209 lege
982 3130 1176 3192 veteri
1215 3131 1420 3210 potius
1473 3133 1842 3212 supponitur
1891 3151 2081 3214 quam

519 3223 832 3284 tradatur:
859 3229 1043 3302 atque
1071 3222 1188 3285 hac
1211 3225 1450 3287 ratione
1479 3224 1782 3304 distingui
1809 3225 1961 3286 solet
1980 3227 2081 3287 lex

517 3313 631 3374 illa
657 3333 694 3374 a
721 3314 864 3388 fide,
897 3322 962 3377 et
985 3316 1101 3378 hoc
1129 3317 1314 3378 modo
1341 3317 1568 3379 dicitur
1601 3337 1724 3378 non
1757 3335 1886 3380 esse
1911 3318 1979 3378 in
2006 3337 2080 3379 ca

515 3408 746 3468 tradita
769 3407 1056 3488 specialia
1084 3419 1390 3490 praecepta
1415 3412 1595 3473 fidei:
1637 3412 1948 3490 quomodo
1972 3430 2081 3472 au-

516 3507 646 3562 tem
675 3503 864 3580 possit
877 3503 992 3564 sub
1021 3511 1394 3583 praeceptum
1413 3505 1556 3566 fidei
1583 3504 1798 3566 cadere
1819 3505 2081 3584 ipsemet

519 3601 734 3656 auctor
765 3595 908 3656 talis
947 3599 1258 3676 praecepti,
1289 3599 1354 3657 in
1381 3599 1585 3678 prima
1612 3598 1878 3659 sectione
1906 3616 1943 3658 a
1972 3616 2081 3658 no·

516 3689 614 3749 bis
663 3689 1036 3769 explicatum
1083 3697 1197 3766 est,
1246 3693 1395 3771 qnia
1443 3698 1643 3772 potest
1703 3691 2083 3752 sufficienter

515 3783 805 3862 proponi,
832 3790 902 3843 ut
935 3783 1164 3862 dignus
1185 3786 1282 3844 cui
1311 3785 1617 3860 credatur,
1650 3790 1712 3844 et
1737 3785 1838 3846 cui
1863 3802 2080 3844 seeun-

516 3876 667 3935 dum
697 3884 928 3937 rcctam
979 3877 1284 3938 rationem
1313 3878 1687 3939 credendum
1734 3878 1833 3951 sit,
1880 3879 2079 3957 prius-

517 3987 708 4048 quam
738 3977 878 4031 actu
911 3973 1213 4034 credatur.

605 4065 664 4124 3.
714 4063 996 4130 Secunda
1028 4065 1282 4131 assertio
1311 4065 1720 4147 :quidquidin
1739 4063 1864 4145 leae
1890 4065 2080 4126 veteri

518 4159 810 4220 creditum
851 4164 941 4221 est
968 4163 1040 4222 ut
1075 4161 1336 4222 medium
1362 4159 1768 4222 necessarium
1789 4155 1874 4219 ad
1911 4157 2082 4220 salu-

518 4257 656 4326 tem,
690 4253 872 4314 etiam
896 4254 1024 4332 fuit
1063 4271 1293 4335 semper
1338 4254 1406 4315 de
1441 4252 1792 4313 necessitate
1809 4264 2083 4329 praecep-

453 4422 456 4425 ·
515 4345 588 4406 ti.
610 4377 694 4390 -·
715 4346 860 4407 Dico
912 4345 1180 4406 secundo
1227 4361 1244 4406 z
1309 4344 1414 4406 illo
1475 4351 1752 4424 tempore
1817 4360 2081 4422 proeccp-

512 4443 648 4498 tum
701 4437 826 4499 fuit
856 4439 1101 4500 credere
1126 4439 1202 4499 de
1229 4439 1352 4499 Deo
1397 4437 1681 4517 explicite
1710 4436 1922 4496 omnia
1974 4434 2081 4494 illa

513 4551 652 4611 qnae
683 4532 951 4593 diximus
974 4551 1106 4594 esse
1133 4531 1436 4593 credenda
1461 4548 1538 4592 ex
1566 4531 1926 4591 necessitate
1954 4545 2081 4588 mc-

511 4625 622 4685 dii.
655 4627 784 4686 Hoc
815 4626 1144 4705 probatum
1184 4631 1418 4700 manet,
1446 4632 1584 4686 tum
1610 4642 1686 4684 ex
1714 4622 1820 4684 illo
1849 4621 2078 4702 princi-

511 4722 639 4800 pie,
669 4720 832 4799 quod
863 4719 1068 4782 media
1107 4718 1452 4779 necessaria
1472 4724 1618 4777 sunt
1644 4718 1710 4776 in
1737 4721 2037 4794 praecepto
2054 4729 2074 4790 3

510 4822 648 4873 tum
694 4813 882 4873 etiam
909 4812 1056 4892 quia
1108 4817 1240 4872 tota
1269 4809 1378 4871 illa
1402 4810 1554 4871 fides
1583 4809 1692 4870 Dei
1721 4815 1852 4894 erat
1871 4824 2080 4867 neces-

509 4905 695 4980 saria,
729 4913 799 4964 ut
823 4906 1106 4965 homines
1143 4911 1390 4984 possent
1425 4901 1750 4982 justificari
1781 4906 1843 4962 et
1871 4907 2079 4960 sancte

512 5001 740 5060 vivere.
784 5000 938 5059 Hinc
967 4999 1318 5078 pertinebat
1340 4997 1648 5078 imprimis
1675 4995 1754 5055 ad
1775 4994 1894 5055 hoc
1919 5011 2083 5073 prae-

512 5099 784 5172 ceptum,
817 5089 1062 5153 credere
1105 5093 1303 5152 Deum
1345 5109 1472 5152 esse
1501 5095 1839 5150 creatorem
1870 5103 2080 5148 rerum

511 5187 820 5261 omnium,
853 5189 999 5263 qnia
1028 5185 1158 5246 haec
1187 5185 1456 5262 cognitio
1481 5188 1614 5243 erat
1635 5181 1981 5242 necessaria
2001 5178 2081 5240 ad

513 5279 842 5340 colendum
873 5280 1069 5339 Deum
1109 5277 1318 5339 debito
1343 5276 1534 5351 cultu,
1567 5285 1631 5335 et
1657 5275 1734 5335 ad
1759 5273 2079 5333 vitandam

513 5372 954 5448 idololatriam,
985 5378 1048 5432 et
1095 5371 1236 5432 ideo
1257 5370 1321 5430 in
1348 5370 1464 5430 hac
1485 5367 1608 5429 fide
1638 5367 2079 5428 continebatur

513 5467 701 5526 ctiam
758 5464 1046 5546 explicita
1091 5463 1244 5523 ficies
1297 5463 1553 5523 unitatis
1603 5462 1736 5536 Dei,
1789 5460 1934 5538 quia
1964 5459 2081 5518 hoc

509 5560 700 5622 etiam
739 5565 869 5622 erat
905 5557 1318 5620 necessarium
1341 5556 1421 5617 ad
1455 5553 1777 5617 vitandum
1805 5553 2079 5632 plurium

1365 403 1604 461 nlsruT.
1639 407 1768 462 xm.
1805 407 1888 462 DE
1917 404 2257 462 PRAEOEPTO
2287 406 2637 464 JN‘rssmoms
2668 405 2850 464 mom.

2165 510 2432 572 Deorum
2480 509 2741 572 cultum.
2794 510 3098 572 Proeterea
3133 510 3444 590 oportebat
3464 513 3681 578 credere

2166 604 2455 684 explicite
2490 652 2505 670 .
2558 609 2813 684 eratque
2866 603 2935 664 in
2997 611 3304 685 proeoepto
3358 623 3684 685 cognoscere

2166 698 2362 759 Deum
2388 705 2457 759 ut
2478 698 2671 760 finem
2692 697 3225 777 supernaturalem
3248 720 3265 772 3
3296 705 3425 759 tum
3446 702 3579 778 quia
3596 703 3686 764 illa

2168 791 2441 870 cognitio
2494 797 2627 853 erat
2690 790 3035 852 necessaria
3084 790 3163 850 ad
3224 791 3579 853 tendendum
3630 797 3686 856 in

2166 884 2345 944 illum
2388 883 2577 946 finem
2612 901 2723 962 per
2740 886 3160 963 operationes3
3187 893 3319 944 tum
3364 885 3536 946 ctiam
3562 890 3689 966 quia

2168 982 2301 1038 erat
2328 976 2739 1038 necessarium
2766 975 3017 1037 eredere
3040 978 3582 1038 remunerationem
3604 997 3689 1039 su·

2171 1069 2656 1149 pernaturalem‚
2682 1076 2755 1130 ut
2776 1088 2961 1148 supra
2990 1069 3318 1130 declaravi.
3345 1071 3559 1132 Deinde
3580 1077 3691 1133 crat

2167 1165 2581 1224 necessarium
2640 1181 3011 1242 cognoscere
3062 1164 3257 1224 Deum
3314 1172 3381 1222 ut
3412 1169 3723 1224 auctorem·

2162 1257 2444 1334 justitioe,
2474 1264 2538 1318 et
2564 1257 2944 1318 remissionis
2981 1262 3395 1336 peccatorum,
3442 1263 3693 1337 utsupra

2169 1350 2300 1410 dixi
2314 1373 2331 1425 ;
2355 1357 2417 1412 et
2441 1351 2581 1411 ideo
2604 1351 2721 1411 hoc
2748 1351 2937 1410 etiam
2960 1349 3447 1430 praecipiehatur.
3473 1351 3543 1411 Et
3570 1351 3694 1410 hinc

2168 1443 2243 1502 fit
2276 1458 2347 1504 ut
2372 1450 2677 1524 oporteret
2714 1443 2904 1515 etiam
2934 1461 3009 1504 cx
3036 1449 3341 1524 praecepto
3368 1461 3695 1521 cognoscere

2168 1539 2364 1598 Deum
2392 1537 2624 1598 offendi
2648 1538 2909 1617 peccatis
2938 1538 3187 1614 nostris,
3214 1555 3290 1598 ac
3316 1537 3562 1598 subinde
3586 1555 3695 1598 esse

2168 1630 2587 1709 legislatorem
2624 1637 2929 1707 nostrum,
2960 1631 3117 1710 quia
3158 1631 3311 1691 alias
3337 1631 3465 1691 sine
3490 1631 3589 1691 tali
3616 1649 3696 1690 co-

2169 1725 2451 1802 gnitione
2474 1743 2603 1785 non
2622 1730 2827 1804 posset
2852 1724 3142 1802 cognosci
3165 1724 3433 1803 gravitas
3454 1731 3698 1803 peccato-

2168 1836 2334 1893 rum,
2371 1836 2487 1878 nee
2516 1818 2707 1878 etiam
2734 1825 2933 1897 posset
2968 1817 3251 1897 praestari
3300 1817 3422 1877 Deo
3445 1817 3700 1878 obedien·

2168 1911 2279 1986 tia,
2316 1917 2387 1971 ut
2428 1929 2541 1990 par
2568 1917 2684 1984 est,
2716 1928 2919 1990 neque
2946 1913 3139 1970 etiam
3166 1916 3374 1992 posset
3400 1909 3476 1970 ab
3498 1927 3565 1971 eo
3588 1928 3701 1988 pos·

2168 2005 2359 2066 tulari
2382 2005 2564 2066 venia
2608 2010 3023 2083 peccatorum.
3059 2005 3339 2085 Denique
3364 2021 3703 2083 consequen-

2169 2106 2265 2160 ter
2311 2097 2631 2176 oportebat
2672 2096 2923 2158 credere
2972 2098 3161 2159 Deum
3191 2097 3418 2178 punire
3446 2103 3701 2176 peccata3

2166 2193 2315 2271 quia
2336 2191 2455 2251 hoc
2472 2193 2664 2252 etiam
2694 2191 2963 2270 pertinet
2988 2191 3065 2252 ad
3096 2191 3558 2252 convenientem
3584 2209 3702 2270 pro-

2166 2284 2505 2345 videntiam
2550 2289 2613 2344 et
2660 2283 3175 2362 gubernationem
3205 2282 3552 2356 hominum,
3576 2283 3702 2361 quia

2168 2378 2367 2440 solent
2395 2380 2667 2440 maxime
2700 2379 2939 2439 moveri
2988 2380 3061 2440 ad
3096 2379 3433 2440 servandas
3458 2378 3610 2456 leges
3632 2377 3703 2438 ti·

2166 2491 2339 2534 more
2379 2487 2751 2553 poenarum3
2786 2491 2870 2533 an
2928 2491 3077 2534 vero
3118 2479 3281 2536 esset
3324 2471 3702 2533 necessarium

2166 2586 2557 2648 cognoscere,
2588 2572 2650 2628 et
2674 2567 2923 2630 credere
2944 2568 3011 2628 in
3040 2568 3147 2630 illo
3189 2573 3469 2648 tempore
3490 2568 3704 2628 aeterni-

2164 2669 2357 2723 tatem
2392 2681 2743 2742 poeuarnm,
2800 2662 2946 2722 satis
2992 2661 3183 2723 dubia
3206 2679 3309 2723 res
3344 2666 3457 2736 est,
3486 2666 3707 2740 propter

2163 2756 2695 2835 imperfectionem
2718 2755 2970 2816 illorum
2998 2761 3392 2835 tempornm3
3422 2751 3707 2833 probabile

2164 2856 2373 2908 autem
2422 2856 2535 2924 est,
2574 2867 2679 2928 per
2706 2867 2773 2909 se
2804 2847 3136 2928 loquendo,
3182 2848 3303 2910 hoc
3331 2848 3517 2908 etiam
3548 2845 3706 2904 fuisse

2164 2941 2279 3002 sub
2294 2941 2694 3021 obligatione,
2718 2947 2967 3021 propter
2988 2943 3265 3003 rationes
3284 2941 3499 3008 dictas,
3518 2956 3705 3017 quam-

2165 3034 2345 3094 visin
2378 3035 2589 3094 multis
2634 3035 2815 3096 facile
2838 3053 2969 3095 esse
3006 3043 3207 3113 posset
3261 3033 3607 3112 ignorantia
3628 3032 3707 3090 iu-

2164 3129 2471 3190 vinoibilis
2504 3148 2584 3190 ex
2614 3130 2856 3190 defectu
2884 3129 3201 3190 doctrinas.

2245 3227 2306 3284 4.
2356 3224 2567 3285 Tertia
2586 3225 2877 3286 assertio:
2922 3220 3103 3285 etiam
3128 3229 3276 3286 tunc
3302 3223 3557 3286 dabatur
3571 3239 3707 3302 pra·-

2162 3322 2397 3398 ceptum
2428 3316 2724 3388 credendi,
2757 3322 2813 3378 et
2860 3317 3253 3398 coqnoscmdi
3276 3319 3577 3396 proeoepta
3606 3333 3708 3374 mo-

2158 3408 2347 3484 ralia,
2378 3415 2495 3470 etc.
2524 3440 2601 3454 --
2624 3407 2773 3472 Alia
2799 3427 2931 3490 quoe
2953 3426 3187 3487 sempor
3204 3412 3464 3488 fuerunt
3490 3410 3551 3469 in
3576 3425 3706 3488 proe-

2163 3508 2349 3584 cepto.
2378 3533 2462 3548 --
2482 3503 2626 3562 Dico
2654 3505 2870 3563 tertio:
2900 3503 3089 3563 etiam
3136 3509 3293 3562 tunc
3314 3501 3435 3563 fuit
3464 3519 3706 3563 necessa-

2165 3597 2331 3657 rium
2378 3614 2456 3657 ex
2500 3603 2805 3675 praecepto
2854 3596 3127 3672 credere,
3181 3601 3247 3655 et
3310 3595 3587 3656 distincte
3627 3613 3708 3653 ro-

2165 3707 2457 3768 gnosrere
2482 3697 2786 3768 praecepta
2818 3688 3099 3763 moralia,
3132 3694 3195 3749 et
3238 3690 3456 3749 omnia
3490 3707 3619 3768 quae
3642 3684 3707 3746 ad

2160 3785 2357 3843 vitam
2402 3789 2567 3843 recte
2611 3781 3059 3844 instituendam
3112 3785 3465 3843 necessaria
3519 3783 3709 3842 existe-

2161 3875 2335 3936 bant.
2382 3876 2509 3936 Hoc
2560 3875 2749 3936 etiam
2776 3874 3087 3952 colligitur
3124 3895 3203 3936 ex
3254 3875 3475 3936 iisdem
3505 3873 3709 3954 princi-

2160 3970 2301 4049 piis,
2332 3977 2395 4030 ct
2432 3970 2601 4049 prior
2644 3987 2785 4048 pars
2816 3971 3073 4048 ponitur
3114 3971 3429 4050 praecipue
3486 3973 3707 4048 propter

2160 4069 2468 4142 praecepta
2500 4061 2806 4140 Decalogi‚
2838 4069 2901 4124 et
2937 4061 3086 4137 alia,
3112 4081 3253 4142 quse
3296 4065 3366 4124 in
3392 4063 3466 4124 iis
3508 4063 3707 4121 virtute

2162 4164 2225 4217 et
2260 4173 2371 4236 per
2422 4156 2833 4216 necessariam
2882 4155 3229 4216 illationem
3278 4155 3667 4217 continentur
3688 4197 3703 4224 ‚

2162 4250 2309 4329 quia
2342 4249 2569 4310 horum
2612 4249 2835 4309 notitia
2872 4253 2964 4309 est
2990 4249 3341 4310 necessaria
3377 4249 3457 4310 ad
3480 4249 3708 4309 honeste

2162 4343 2524 4417 vivendum,
2578 4347 2641 4403 et
2688 4349 3139 4422 consequenter
3184 4343 3267 4402 ad
3315 4344 3511 4404 vitam
3554 4347 3707 4401 aetcr-

2160 4453 2308 4497 nam
2360 4435 2879 4514 consequendam.
2918 4434 3117 4511 Dices,
3176 4435 3317 4496 haec
3370 4435 3576 4497 omnia
3624 4451 3703 4491 co·

2161 4529 2373 4607 gnosci
2430 4528 2805 4590 sufficienter
2862 4547 2973 4607 per
3018 4529 3373 4590 naturalem
3400 4529 3704 4598 rationem,

2160 4623 2338 4683 etsie
2372 4624 2622 4700 cognita
2650 4622 2841 4682 etiam
2872 4621 3149 4682 sufficere
3200 4621 3282 4682 ad
3332 4622 3584 4682 honeste
3630 4618 3705 4675 vi-

2158 4717 2454 4778 vendum.
2487 4714 2913 4794 Respondetur
2934 4714 3149 4774 multis
3176 4713 3527 4776 rationibus
3541 4713 3706 4772 fuisse

2158 4808 2569 4869 necessariam
2594 4806 2846 4867 illorum
2872 4807 3099 4868 fidem:
3138 4807 3369 4886 primo,
3400 4812 3473 4866 ut
3508 4800 3705 4880 majori

2160 4900 2531 4962 certitudine
2568 4906 2954 4975 tenerentur,
3014 4900 3194 4960 etita
3240 4908 3495 4980 possent
3524 4895 3705 4958 homi-

2162 5012 2273 5055 nes
2300 5013 2411 5074 per
2454 4993 2642 5053 fidem
2670 4993 2881 5072 juvari
2908 4993 2986 5053 ad
3016 4992 3233 5054 eadem
3271 5003 3571 5073 praecepta
3598 5007 3706 5048 ser·

2162 5087 2389 5160 vande,
2415 5085 2561 5165 quia
2585 5102 2697 5164 per
2720 5084 2916 5146 solam
2936 5084 3357 5164 cognitionem
3382 5081 3705 5145 naturalem

2161 5199 2289 5240 non
2322 5185 2590 5258 possent.
2625 5178 2929 5253 Secundo,
2960 5179 3107 5258 quia
3132 5178 3291 5238 ratio
3310 5173 3605 5238 naturalis
3628 5173 3706 5232 Ia-

2160 5273 2280 5333 cile
2322 5273 2389 5331 in
2416 5271 2513 5331 his
2544 5270 2883 5331 moralibus
2926 5276 2989 5332 et
3016 5271 3301 5350 practicis
3356 5277 3541 5342 errat,
3568 5283 3707 5346 pra}-

2162 5365 2375 5426 sertim
2400 5370 2538 5444 post
2581 5371 2921 5442 peccatum.
2954 5365 3190 5440 Terti0‚
3217 5363 3365 5442 quia
3394 5363 3589 5439 major
3610 5358 3705 5417 ho-

2160 5459 2401 5519 miuum
2436 5455 2767 5517 multitudo
2810 5475 2936 5518 nou
2976 5461 3177 5536 potest
3203 5476 3313 5517 suo
3364 5456 3629 5514 discursu
3652 5457 3705 5510 et

2158 5553 2399 5612 ratione
2441 5550 2686 5632 assequi
2732 5547 2865 5611 haec
2910 5551 3144 5626 omnia,
3188 5567 3325 5630 quaa
3358 5548 3435 5609 ad
3466 5547 3701 5608 honeste
