3900 6217
768 401 939 457 SECT.
977 405 1058 458 m.
1095 401 1178 455 AN
1214 402 1274 456 [N
1304 401 1644 455 PltAEchis
1678 397 2059 454 lNFlDELlBUS
2094 397 2277 453 OMNIS
2311 397 2492 453 ACTIO
2529 397 2803 466 numm,
2840 399 2973 456 E‘l'c.

254 523 376 565 non
411 511 696 585 possunt3
737 505 962 584 saepius
990 505 1157 566 enim
1197 509 1476 584 peccant,
1509 509 1571 563 et
1599 501 1817 562 remis·

251 599 490 658 sionem
555 605 946 678 peccatorum
1006 597 1297 676 consequi
1351 615 1480 656 non
1535 600 1812 674 possunt.

253 692 528 770 quandin
580 691 860 751 infideles
917 697 1080 750 sunt.
1151 691 1425 768 Denique
1476 689 1582 748 illa
1630 688 1819 749 verba

253 783 426 842 Pauli
461 806 478 842 τ
517 781 674 846 Sine
711 785 830 860 fide
862 782 1233 864 impossiwe
1276 787 1366 846 est
1395 781 1636 861 placere
1675 783 1812 855 Dec,

251 875 326 934 ad
353 875 604 955 singula
645 893 832 954 opera
866 876 1192 955 applicata,
1221 874 1624 952 intelligenda
1670 879 1819 932 sunt

251 969 324 1029 de
353 985 543 1048 opere
572 969 734 1048 quod
763 969 960 1047 placet
1001 969 1123 1028 Deo
1161 969 1226 1028 in
1267 968 1480 1027 ordine
1513 967 1592 1026 ad
1625 965 1816 1026 finem

251 1061 810 1140 supernaturalem,
873 1080 978 1123 seu
1015 1063 1079 1121 in
1145 1061 1361 1122 ordine
1418 1060 1496 1120 ad
1541 1059 1817 1138 aliquam

249 1155 468 1231 gratiae
505 1156 1094 1226 remunerationem,
1123 1163 1193 1216 ut
1226 1159 1315 1214 est
1333 1153 1678 1214 communis
1707 1171 1818 1212 ex-

249 1247 471 1326 positio
517 1249 791 1323 Patrum,
823 1247 900 1307 de
939 1266 1061 1326 qua
1099 1247 1162 1306 in
1201 1247 1462 1307 materia
1493 1246 1568 1305 de
1594 1248 1811 1323 gratia.

325 1342 387 1399 8.
433 1338 772 1421 Anqustini
809 1341 1152 1402 testimonia
1191 1340 1591 1422 amplicantur.
1617 1371 1698 1384 —-
1723 1340 1816 1399 Ad

251 1434 608 1495 testimonia
651 1435 1006 1513 Augustini,
1039 1453 1270 1513 negare
1320 1453 1448 1494 non
1493 1451 1816 1513 possumus

251 1527 595 1608 aliquando
633 1527 819 1588 fuisse
849 1529 915 1588 in
948 1528 1064 1588 hac
1112 1529 1374 1588 materia
1401 1547 1513 1608 per
1554 1545 1818 1606 exagge-

251 1620 564 1680 rationem
607 1621 921 1694 locutum3
954 1629 1163 1681 tamen
1199 1622 1342 1700 quia
1369 1623 1436 1681 in
1475 1620 1612 1681 aliis
1638 1619 1811 1688 loc-iS‚

248 1719 320 1771 ut
366 1713 668 1786 vidimuS,
716 1715 1083 1774 sententiam
1140 1733 1312 1774 suam
1356 1713 1708 1773 moderatus
1755 1717 1816 1771 et

249 1806 697 1885 interpretatus
739 1814 854 1882 est,
884 1806 1124 1866 duobus
1163 1805 1360 1866 modis
1389 1807 1455 1865 in
1491 1805 1628 1864 aliis
1667 1804 1814 1864 locis

247 1899 476 1979 exponi
511 1905 728 1980 potest.
765 1901 939 1961 Prior
980 1908 1094 1976 est,
1123 1907 1195 1960 ut
1223 1902 1387 1960 dicat
1412 1899 1690 1961 infideles
1719 1899 1813 1958 ni-

246 1992 334 2052 hil
363 1993 520 2052 boni
548 1995 792 2073 operari
823 2011 1021 2072 posse,
1053 2013 1166 2074 per
1205 1994 1440 2054 bonum
1469 1991 1815 2070 intelligen-

247 2085 350 2158 do,
377 2085 538 2146 illud
578 2087 742 2166 quod
786 2087 866 2147 ad
911 2088 1176 2164 gratiam
1219 2087 1318 2146 vel
1369 2086 1628 2164 gloriam
1669 2103 1815 2144 con-

246 2178 439 2253 ducit,
466 2180 615 2258 quia
668 2185 871 2239 totum
913 2179 1066 2239 illud
1105 2180 1270 2260 quod
1299 2179 1656 2257 hujusmodi
1688 2197 1814 2238 non

247 2278 361 2347 est,
413 2273 588 2350 quasi
625 2273 783 2331 nihil
829 2279 1176 2350 reputatur,
1223 2275 1402 2352 juxta
1436 2273 1692 2332 modum
1727 2271 1814 2331 lo-

247 2365 480 2444 quendi
511 2365 710 2441 Pauli,
744 2366 765 2425 t
807 2366 885 2424 ad
909 2367 1184 2426 Corinth.
1221 2369 1292 2426 ¹3
1324 2365 1430 2429 :Si
1459 2367 1815 2428 charitatem

245 2475 366 2518 non
405 2457 686 2532 habuero,
711 2457 868 2519 nihil
897 2477 1054 2520 sum.
1098 2459 1306 2520 Altera
1360 2459 1662 2538 expositio
1697 2463 1812 2532 est,

247 2557 317 2610 ut
372 2551 484 2611 illa
535 2551 872 2631 propositio
920 2553 1338 2614 universalis:
1377 2553 1589 2615 Omnia
1639 2571 1818 2630 opera

247 2645 591 2721 infidelium
648 2649 794 2708 sunt
827 2651 1097 2726 peccata,
1159 2650 1222 2704 et
1277 2645 1526 2720 similes,
1583 2643 1809 2705 intelli·

247 2745 480 2817 gantur
507 2757 633 2798 non
661 2739 940 2817 rigoroso
957 2740 1060 2799 sed
1092 2738 1310 2798 morali
1336 2739 1520 2798 modo
1532 2754 1552 2815 ;
1581 2757 1724 2798 nam
1749 2740 1816 2798 in

251 2829 620 2906 moralihuS,
645 2850 782 2911 quae
813 2849 1004 2910 parva
1049 2839 1214 2892 sunt.
1247 2843 1307 2890 et
1336 2849 1474 2891 raro
1506 2831 1815 2905 accidunt,

255 2941 378 2983 non
421 2923 912 2998 considerantur,
971 2931 1032 2984 et
1077 2925 1301 2984 idcirco
1347 2924 1644 2984 dicuntur
1688 2942 1818 2984 mo-

257 3017 464 3078 raliter
495 3019 746 3077 evenire
783 3035 1047 3096 semper,
1097 3035 1237 3096 quae
1305 3035 1447 3077 raro
1489 3017 1809 3076 deficiunt.

253 3109 453 3170 Sentit
481 3127 632 3188 ergo
670 3109 1055 3187 Augustinus
1095 3108 1259 3169 bona
1293 3127 1479 3188 opera
1507 3110 1572 3168 in
1605 3109 1818 3170 infide-

251 3203 416 3264 libus
457 3209 524 3263 et
563 3203 726 3262 levia
761 3209 822 3263 et
851 3203 1168 3264 rarissima
1189 3221 1350 3278 esse3
1384 3209 1446 3263 et
1479 3201 1619 3262 ideo
1645 3201 1819 3263 abso-

255 3297 388 3358 lute
425 3297 504 3357 de
559 3296 684 3356 illis
749 3295 1064 3356 interdum
1105 3297 1534 3374 pronuntiavit
1578 3314 1820 3376 semper

251 3407 530 3470 peccare.

331 3485 395 3545 9.
448 3482 740 3547 Solvitur
763 3483 969 3562 prima
986 3499 1141 3562 pars
1175 3483 1400 3562 prfmoe
1425 3484 1820 3562 confirmatio-

251 3578 356 3638 πίε
381 3575 564 3637 initio
594 3577 831 3657 positoe.
877 3609 939 3618 —
979 3574 1312 3640 Virtualem
1339 3575 1726 3638 intentionem
1751 3583 1822 3640 ut

253 3669 454 3750 aliqui
506 3670 930 3748 explicent.—
987 3665 1196 3732 Verior
1235 3668 1580 3748 explicatio.
1601 3701 1681 3712 -—
1725 3669 1818 3729 Ad

247 3765 563 3823 rationem
593 3761 1020 3842 principalem,
1052 3775 1160 3819 seu
1199 3761 1466 3839 primam
1491 3762 1821 3822 cornfirma-

249 3857 488 3917 tionem
517 3860 830 3934 sumptam
871 3871 951 3914 ex
987 3852 1138 3925 fine,
1167 3855 1574 3932 respondetur
1599 3855 1818 3916 distin-

249 3950 502 4028 guendo
541 3949 700 4009 duas
733 3946 876 4008 illas
916 3949 1137 4025 partes,
1165 3945 1396 4006 scilieet
1422 3946 1650 4008 hahere
1677 3965 1816 4028 pra-

249 4061 402 4103 vum
449 4042 642 4103 finem
687 4043 752 4101 in
801 4037 1060 4118 singulis
1112 4039 1422 4117 operibuS,
1460 4039 1560 4100 vel
1609 4057 1817 4101 carere

251 4135 419 4196 bono
445 4135 574 4196 fine
605 4132 969 4194 necessarie.
1005 4129 1212 4192 Primo
1267 4149 1416 4210 ergo
1448 4149 1608 4210 nego
1655 4133 1818 4211 prio-

249 4247 386 4288 rem
420 4233 700 4307 partem;
733 4221 1178 4287 advertendum
1213 4231 1304 4285 est
1325 4225 1493 4286 enim
1514 4223 1817 4304 triplicem

251 4321 556 4399 distingui
583 4321 996 4382 intentionem
1030 4339 1068 4382 a
1110 4317 1455 4396 Theologis,
1487 4319 1811 4391 actualem,

252 4413 639 4476 habitualem
679 4419 745 4473 et
783 4415 1137 4476 virtualem.
1175 4411 1377 4472 Prima
1423 4417 1537 4484 est,
1569 4412 1815 4489 quaudo

257 4508 448 4568 homo
507 4525 622 4586 per
684 4520 920 4583 actum,
986 4525 1173 4587 quem
1239 4504 1580 4565 formaliter
1629 4503 1815 4564 habet

257 4601 504 4680 quando
525 4605 840 4680 operatur,
865 4600 1134 4661 intendit
1163 4597 1355 4658 talem
1377 4597 1602 4671 finem3
1629 4602 1688 4657 et
1720 4601 1814 4655 ta-

243 4692 334 4752 'lis
359 4695 626 4752 intentio
651 4695 784 4753 sine
827 4693 1016 4753 dubio
1057 4689 1324 4751 maculat
1349 4705 1541 4768 opus3
1567 4707 1691 4750 non
1723 4695 1816 4748 est

255 4793 466 4845 tamen
503 4803 617 4844 cur
642 4783 908 4845 infidelis
933 4801 1174 4863 semper
1196 4782 1382 4843 talem
1407 4781 1814 4842 intentionem

259 4877 504 4952 habeat,
531 4887 600 4937 ut
640 4883 732 4938 est
755 4895 863 4956 per
897 4895 962 4938 se
1003 4875 1425 4938 manifestum.
1457 4875 1594 4934 Alia
1619 4875 1818 4935 inten-

261 4973 345 5031 tio
371 4979 466 5032 est
490 4970 844 5046 habitualis,
891 4987 1030 5050 quae
1057 4972 1125 5030 in
1157 4973 1452 5048 operante
1479 4973 1691 5026 manet
1720 4984 1816 5024 so-

262 5064 480 5124 lumin
501 5063 744 5135 habitu,
775 5066 918 5124 etin
950 5069 1121 5123 actus
1148 5077 1269 5122 non
1305 5059 1532 5132 influit,
1560 5059 1819 5137 ideoque

263 5173 370 5217 nec
420 5157 764 5218 honitatem
825 5173 941 5216 nec
989 5154 1292 5215 malitiam
1347 5153 1568 5213 tribuit
1611 5153 1817 5229 actui3

239 5251 386 5310 'imo
411 5251 554 5311 talis
597 5249 860 5310 intentio
884 5248 1032 5309 boni
1063 5249 1206 5308 finis
1248 5251 1450 5327 potest
1505 5263 1632 5306 esse
1674 5263 1818 5304 eum

265 5343 488 5404 actuali
527 5351 800 5424 peccato,
831 5349 903 5402 ut
925 5347 1017 5403 est
1051 5348 1368 5420 peccatum
1393 5338 1633 5399 veniale
1675 5355 1819 5398 oiim

267 5435 480 5496 habitu
517 5437 870 5509 eharitatis;
908 5441 974 5496 et
1001 5453 1036 5494 e
1063 5434 1376 5494 contrario
1403 5431 1640 5492 bonum
1669 5448 1822 5509 opus

264 5535 454 5606 potest
481 5547 616 5591 esse
641 5547 787 5589 cum
821 5527 1038 5588 habitu
1084 5543 1290 5606 pravae
1341 5523 1730 5600 intentioniS,
1761 5527 1824 5584 et
1877 5563 1886 5572 -

3334 399 3453 459 433>

1898 501 1985 561 sic
2026 500 2306 580 quamvis
2346 501 2559 562 demus
2596 501 2911 563 infidelem
2953 501 3182 565 habere
3212 523 3456 585 semper

1897 593 2127 654 malam
2178 595 2587 656 intentionem
2642 597 2705 655 in
2766 595 3007 672 habitu,
3050 597 3455 658 nihilominus

1896 686 2213 747 interdum
2244 689 2467 766 poterit
2497 687 2654 749 bene
2698 690 2959 768 operari.
3012 689 3306 750 virtualis
3359 693 3455 752 in-

1897 782 2093 840 tentio
2121 779 2199 839 ab
2242 781 2551 858 aliquibus
2580 781 2943 860 appellatur,
2971 783 3077 842 illa
3099 801 3235 862 quae
3266 785 3451 843 sumi-

1897 879 2001 931 tur
2033 891 2108 932 ex
2150 879 2289 932 actu
2322 876 2635 952 praeterito
2660 893 2784 933 non
2816 881 3165 950 retractate,
3198 895 3319 955 quo
3346 878 3455 936 ali-

1898 966 2033 1044 quis
2061 965 2273 1027 retulit
2300 967 2511 1027 omnia
2547 985 2731 1044 opera
2762 987 2873 1028 sua
2915 970 2982 1029 in
3025 971 3241 1042 Deum,
3276 971 3447 1030 verbi

1899 1061 2122 1136 gratia,
2153 1058 2251 1119 vel
2282 1061 2540 1130 idolum,
2570 1069 2631 1120 et
2656 1061 2771 1121 hoe
2801 1067 3022 1140 putant
3048 1062 3197 1122 satis
3222 1081 3353 1123 esse
3384 1069 3451 1122 ut

1895 1153 2036 1212 talis
2067 1153 2333 1214 intentio
2362 1154 2465 1213 det
2502 1153 2840 1215 bonitatem
2888 1154 2986 1215 vel
3027 1154 3327 1233 malitiam
3354 1175 3454 1216 ac-

1896 1248 2012 1306 tui.
2047 1246 2221 1308 Unde
2271 1247 2347 1305 ad
2404 1247 2709 1307 rationem
2754 1248 3079 1308 contrariae
3132 1248 3451 1310 sententiae

1897 1347 2204 1418 coguntur
2235 1340 2625 1418 respondere,
2655 1341 2944 1416 negando
2984 1359 3199 1400 omnes
3236 1341 3455 1400 infide-

1896 1432 1985 1491 les
2022 1431 2249 1492 habere
2288 1432 2642 1510 huiusmodi
2688 1433 3096 1492 intentionem
3130 1434 3453 1494 virtualem

1899 1525 2049 1584 mali
2090 1525 2255 1599 finis,
2285 1526 2430 1604 quia
2472 1545 2597 1586 non
2626 1531 2719 1586 est
2756 1543 2999 1586 necesse
3030 1530 3099 1585 ut
3118 1526 3289 1588 illam
3317 1529 3454 1587 uni-

1896 1618 2199 1678 versalem
2227 1617 2590 1678 relationem
2634 1636 2745 1697 per
2778 1619 3449 1702 actum-praecedentem

1896 1709 2250 1782 habuerint,
2282 1710 2427 1789 quia
2470 1710 2589 1770 hoc
2624 1711 2849 1790 pendet
2897 1729 2971 1771 cx
3020 1711 3301 1772 libertate
3354 1730 3451 1775 eo·

1896 1819 2063 1876 rum,
2092 1803 2188 1862 vel
2216 1805 2383 1883 quia,
2414 1803 2557 1864 licet
2590 1803 2945 1877 habuerint,
2988 1809 3243 1883 possunt
3278 1806 3449 1866 illam

1897 1901 2235 1957 retractare
2270 1897 2585 1976 operando
2608 1896 2787 1958 bene.
2822 1898 2974 1969 lmo,
3002 1913 3075 1957 eo
3108 1897 3243 1976 ipso
3286 1899 3452 1977 quod

1903 1996 2043 2070 post
2070 1991 2483 2053 intentionem
2518 1990 2930 2052 universalem
2954 2007 3206 2070 pravam
3232 1991 3454 2070 aliquis

1897 2086 1965 2142 in
2024 2083 2380 2162 particulari
2420 2089 2711 2164 operatur
2754 2091 3003 2162 propter
3045 2082 3279 2143 bonum
3322 2101 3455 2146 mo·

1893 2176 2095 2235 tivum
2145 2177 2279 2236 sine
2324 2177 2624 2237 memoria
2668 2176 2887 2255 prioris
2935 2181 3138 2251 actus,
3170 2183 3456 2238 censetur

1895 2269 1962 2328 in
2010 2269 2297 2346 praesenti
2351 2274 2414 2329 et
2444 2268 2800 2350 particulari
2840 2287 3025 2348 opere
3064 2268 3329 2347 priorem
3362 2271 3454 2330 iu·

1898 2363 2245 2422 tentionem
2274 2367 2627 2423 retractare.
2656 2363 2829 2423 Sicut
2854 2379 2887 2422 e
2904 2363 3236 2435 contrario,
3260 2380 3456 2440 quan·

1897 2454 1979 2512 do
2001 2455 2203 2533 J‘ustus
2230 2457 2441 2516 omnia
2468 2473 2656 2534 opera
2686 2455 2883 2514 suain
2919 2455 3111 2514 Deum
3134 2454 3369 2529 retulit,
3392 2465 3457 2516 et

1897 2555 2106 2626 postea
2124 2548 2451 2609 venialiter
2476 2549 2787 2628 peccat,in
2817 2548 2923 2609 illo
2958 2565 3143 2626 opero
3188 2548 3456 2626 priorem

1897 2641 2314 2702 intentionem
2359 2648 2670 2702 retractat.
2721 2641 2922 2721 Atque
2974 2641 3105 2701 haec
3137 2642 3455 2720 responsio

1897 2735 1964 2794 in
1988 2735 2192 2812 rigore
2232 2735 2577 2796 satisfacere
2615 2741 2839 2814 posset.
2884 2734 3321 2796 Verumtamen
3372 2735 3453 2794 ad

1897 2825 2195 2888 doctrinae
2270 2830 2598 2889 veritatem
2678 2834 2743 2888 et
2788 2826 3189 2900 soliditatem,
3228 2826 3455 2886 addere

1899 2927 2165 2998 oportet,
2194 2921 2271 2981 ad
2302 2923 2715 2982 intentionem
2758 2919 3088 2982 virtualem
3138 2937 3263 2979 non
3304 2920 3457 2979 satis
3554 2918 3562 2924 '

1900 3029 2027 3074 esse
2056 3015 2217 3092 quod
2256 3021 2429 3074 actus
2473 3014 2839 3074 universalis
2882 3013 3225 3093 praecesseri
3235 3019 3288 3089 t,
3336 3013 3456 3072 uisi

1897 3123 2013 3185 per
2038 3107 2310 3186 aliquam
2330 3107 2721 3180 memoriam,
2740 3105 2838 3166 vel
2860 3108 3153 3166 viruitem
3175 3105 3457 3166 relictam

1901 3206 2147 3259 moveat
2191 3199 2269 3260 ad
2314 3217 2493 3279 opus,
2526 3199 2691 3277 quod
2735 3206 2983 3278 propter
3028 3197 3214 3257 talem
3264 3196 3456 3258 finem

1902 3292 2037 3352 fieri
2060 3292 2305 3366 dicitur,
2337 3293 2485 3372 quia
2505 3293 2553 3352 si
2582 3309 2695 3352 nec
2718 3307 2825 3369 per
2846 3311 2934 3366 se,
2966 3307 3079 3350 nec
3123 3307 3231 3369 per
3263 3289 3456 3350 virtu·

1901 3393 2028 3445 tem
2060 3384 2339 3445 relictam
2372 3387 2577 3446 influit
2621 3385 2687 3445 in
2729 3390 2963 3459 actum,
2998 3382 3195 3444 solum
3246 3387 3457 3442 manet

1902 3479 1970 3537 in
1998 3477 2215 3538 habitu
2231 3493 2253 3555 3
2277 3487 2338 3538 et
2365 3477 2451 3538 ita
2474 3479 2675 3556 potius
2704 3485 2796 3540 est
2829 3477 3095 3537 intentio
3126 3473 3459 3536 habitualis

1901 3587 2091 3648 quam
2114 3571 2424 3645 virtualis„
2453 3571 2715 3650 ideoque
2766 3587 2891 3630 uon
2932 3573 3131 3648 potest
3166 3585 3323 3646 opus
3358 3566 3455 3626 in-

1903 3664 2085 3725 ficere
2120 3683 2229 3726 seu
2286 3665 2601 3725 moraliter
2654 3663 2922 3737 afficere,
2964 3668 3025 3724 et
3074 3660 3161 3720 ita
3213 3659 3457 3719 facilius

1901 3755 2161 3816 solvitur
2196 3763 2671 3835 argumentum;
2706 3756 2875 3835 quia,
2900 3754 3043 3814 licet
3080 3752 3345 3813 fortasse
3368 3758 3457 3812 ta-

1899 3848 1979 3908 lis
2020 3848 2286 3909 intentio
2322 3851 2385 3908 in
2436 3847 2671 3910 infideli
2720 3847 3121 3927 praecesserit,
3172 3863 3305 3905 non
3364 3851 3459 3905 cst

1899 3957 2149 4002 necesse
2192 3948 2265 4001 ut
2312 3942 2507 4002 virtus
2562 3943 2694 4020 ejus
2746 3957 2989 4019 semper
3040 3945 3101 3999 et
3142 3956 3257 4017 pro
3286 3937 3461 3998 omni

1898 4039 2177 4112 tempore
2208 4032 2433 4096 influat
2448 4049 2469 4110 3
2508 4033 2713 4113 qualis
2740 4039 2949 4094 autem
2984 4032 3063 4090 sit
3096 4031 3197 4090 hic
3224 4031 3459 4090 virtua-

1897 4125 1975 4185 lis
2014 4125 2288 4187 influxus
2330 4126 2733 4206 praeeedentis
2772 4123 3157 4197 intentionis,
3194 4129 3259 4183 et
3304 4140 3457 4202 quo-

1901 4218 2088 4280 modo
2133 4219 2264 4294 fiat,
2298 4218 2600 4299 explicavi
2638 4217 2761 4279 late
2816 4219 2883 4278 in
2930 4217 3114 4276 tertio
3170 4227 3339 4275 tomo
3378 4215 3457 4276 de

1899 4312 2337 4386 Sacramentis,
2368 4311 2787 4390 disputatione
2816 4308 3057 4374 decima
3116 4308 3317 4381 tertia,
3367 4325 3458 4368 se-

1895 4406 2101 4466 ctione
2130 4405 2333 4480 tertia,
2372 4404 2480 4464 ubi
2506 4421 2645 4482 quae
2670 4402 2801 4462 dixi
2837 4399 3033 4460 videri
3055 4405 3331 4479 possunt.

1981 4498 2078 4559 10.
2130 4495 2413 4561 Secunda
2455 4495 2719 4559 solvitur
2758 4510 2911 4576 pars
2940 4493 3203 4572 ejusdem
3232 4494 3446 4570 confir-

1893 4593 2205 4654 mationis.
2236 4623 2319 4638 —
2352 4587 2454 4651 Aa
2505 4588 2769 4667 primam
2822 4588 3351 4666 confirmationem.
3374 4615 3455 4632 —-

1896 4684 1992 4744 Ad
2020 4684 2277 4744 alteram
2304 4679 2793 4744 confirmationis
2829 4689 3073 4760 partem
3108 4678 3187 4738 de
3212 4679 3452 4740 deiectu

1898 4776 2377 4838 circumstantiae
2424 4772 2783 4835 necessariae
2827 4772 2973 4832 boni
3004 4770 3171 4847 finis,
3208 4789 3455 4850 respou-

1895 4869 2078 4929 detur
2100 4867 2263 4927 hanc
2288 4865 2815 4928 circumstantiam
2842 4863 2914 4922 in
2936 4862 3147 4939 rigore
3168 4879 3297 4924 uon
3323 4879 3455 4922 esse

1899 4961 2305 5022 necessariam
2336 4977 2413 5020 ex
2444 4963 2615 5037 parte
2636 4956 2789 5018 finis
2814 4955 3165 5029 extrinseci,
3192 4952 3301 5029 sed
3316 4960 3455 5017 tan·

1901 5061 2037 5114 tum
2071 5070 2148 5114 ex
2174 5061 2345 5132 parte
2376 5050 2641 5130 objecti,
2668 5067 2777 5110 seu
2822 5049 3040 5118 motivi
3082 5055 3145 5108 et
3190 5046 3333 5108 finis
3354 5048 3458 5122 ,iu-

1900 5148 2173 5208 trinseci.
2208 5145 2379 5206 Unde
2427 5145 2507 5204 ad
2542 5143 2651 5202 illa
2678 5139 2867 5202 verba
2908 5140 3081 5204 Pauli
3112 5143 3135 5201 t
3178 5139 3456 5202 Corinth.

1904 5243 1978 5302 10
2014 5256 2031 5299 :
2066 5238 2285 5302 Omnia
2314 5239 2379 5299 iu
2406 5235 2667 5318 ylon'am
2702 5235 3047 5312 Deisaoita
3088 5231 3459 5312 responden-

1899 5335 2054 5394 dum
2070 5349 2167 5392 est
2186 5349 2265 5392 ex
2290 5331 2363 5390 D.
2383 5333 2623 5390 'l‘homa
2648 5327 2762 5402 ihi,
2796 5327 3041 5388 duobus
3067 5329 3266 5386 modis
3288 5345 3459 5405 posse

1901 5426 2150 5506 exponi.
2180 5427 2389 5484 Primo
2416 5426 2730 5499 negative,
2760 5421 2825 5480 id
2856 5427 2986 5480 est:
3020 5419 3189 5480 Nihil
3224 5419 3464 5478 faciatis

1901 5519 2071 5598 quod
2114 5521 2203 5579 sit.
2244 5523 2465 5578 contra
2500 5514 2803 5574 honorem
2835 5520 2897 5579 et
2932 5514 3194 5591 gioriam
3232 5511 3373 5587 Dei;
3400 5517 3464 5574 et
