3900 6217
561 328 682 390 218

1179 569 1400 624 sacrm
1433 570 1490 624 V.

643 753 936 832 Quomodo
949 761 1346 836 postmortem
1365 758 1690 820 amittatur
1705 757 1876 834 fides,
1899 762 1956 821 et
1974 758 2039 821 in

797 852 1014 933 quibus
1050 851 1334 930 subjectis
1347 856 1588 914 maneat
1615 851 1876 916 tandem.

641 1107 700 1166 1.
742 1103 886 1166 Hoec
912 1101 1168 1184 quaestio
1194 1117 1272 1164 ex
1299 1100 1480 1164 dictis
1501 1101 1579 1164 de
1611 1107 1777 1178 actu,
1813 1102 1879 1164 in
1905 1103 2118 1184 dispu-

560 1195 792 1260 tatione
836 1193 1208 1276 praecedenti
1219 1239 1240 1272 ‚
1283 1195 1549 1258 sectione
1593 1213 1762 1256 nona
1777 1240 1796 1270 ,
1849 1195 2121 1260 resoluta

559 1296 687 1368 est3
739 1308 888 1352 nam
917 1287 1226 1368 generalis
1265 1288 1482 1367 regula
1508 1293 1622 1364 est,
1655 1287 1979 1369 posthanc
2024 1290 2118 1351 vi-

557 1389 690 1446 tam
719 1383 788 1446 in
833 1383 930 1446 his
969 1388 1214 1448 tantum
1258 1383 1536 1464 personis
1561 1383 1914 1445 conservari
1939 1382 2117 1446 habi-

555 1484 694 1540 tum
727 1477 897 1554 fidei,
928 1495 1066 1557 quae
1105 1484 1365 1557 possunt
1397 1483 1570 1538 actus
1606 1476 1751 1538 fidei
1801 1495 2112 1542 exercere.

553 1571 804 1636 Etenim
846 1570 1096 1634 habitus
1149 1577 1240 1634 est
1285 1577 1536 1651 propter
1591 1578 1824 1632 actum.
1865 1572 2121 1651 Oportet

555 1683 705 1728 vero
733 1663 990 1728 modum
1016 1664 1422 1744 corruptionis
1463 1665 1528 1726 in
1565 1664 1824 1744 singulis
1849 1665 2118 1744 explica·

553 1778 662 1834 τες
709 1778 990 1843 suppono
1017 1771 1226 1822 autem
1265 1777 1344 1821 ex
1370 1759 1489 1820 hoc
1517 1758 1846 1840 principio,
1871 1759 1940 1820 in
1967 1777 2121 1839 pur-

559 1854 823 1931 gatorio,
859 1852 1160 1934 quamdiu
1183 1852 1288 1914 ille
1321 1857 1515 1914 status
1547 1852 1750 1929 durat,
1781 1871 1906 1914 non
1942 1853 2118 1933 perdi
2150 1855 2157 1860 ’

557 1948 872 2026 habitum,
903 1949 1050 2029 quia
1091 1949 1160 2010 in
1203 1947 1312 2010 illo
1355 1957 1516 2010 statu
1539 1948 1768 2010 animae
1799 1965 1945 2010 vere
1992 1966 2120 2010 cre-

559 2042 722 2106 dunt
741 2042 865 2106 fide
893 2043 1122 2118 infusa,
1159 2055 1230 2104 ut
1269 2042 1436 2116 dixi3
1485 2041 1688 2104 solum
1716 2059 1866 2119 ergo
1907 2048 2123 2104 manet

559 2138 816 2218 quaestio
856 2137 934 2198 de
962 2143 1126 2198 statu
1152 2135 1565 2199 damnationis
1595 2141 1657 2198 et
1689 2135 2113 2200 beatitudiuis.

637 2231 698 2292 2.
745 2229 960 2309 Opinio
1011 2229 1320 2304 Duo-andi,
1355 2229 1658 2293 damnatis
1703 2246 1944 2292 manere
1978 2227 2120 2310 fidei

557 2325 845 2388 habitum.
864 2323 1126 2403 —E'jtcs
1147 2324 1436 2386 motivum
1463 2323 1752 2402 primum.
1775 2355 1858 2370 —
1887 2322 2116 2386 Secun-

559 2421 720 2482 dum.
740 2451 820 2464 —
837 2417 1136 2481 Tertium.
1155 2451 1235 2464 —-
1253 2417 1338 2480 De
1361 2417 1563 2497 primo
1581 2417 1741 2478 dixit
1764 2417 2113 2493 DuranduS,

556 2514 628 2574 in
659 2513 866 2586 tertia,
917 2511 1312 2572 distinctione
1347 2510 1880 2585 vigesimatertia,
1912 2529 2115 2590 quaes-

557 2608 730 2668 tione
798 2624 998 2683 nona,
1056 2605 1341 2666 habitum
1393 2603 1540 2665 fidei
1589 2622 1716 2666 non
1757 2604 2115 2683 corrumpi,

557 2700 748 2762 etiam
779 2700 848 2760 in
881 2699 990 2760 illo
1017 2705 1206 2772 statu,
1249 2698 1354 2760 scd
1398 2715 1651 2760 manere
1688 2697 1755 2758 in
1784 2697 2115 2774 damnatis,

558 2794 708 2872 quia
732 2792 1025 2870 Magister
1062 2791 1150 2852 ibi
1181 2790 1421 2873 scripsit
1458 2790 1525 2852 in
1559 2790 1942 2852 daemonibus
1987 2809 2117 2852 esso

559 2885 748 2947 fidem
777 2875 1130 2959 informem,
1160 2885 1324 2964 quod
1361 2885 1518 2946 dixit
1559 2885 1747 2946 etiam
1775 2883 1987 2946 Glossa
2038 2885 2116 2946 ad

559 2979 870 3041 Romanos
902 2978 1102 3058 primo
1118 2994 1138 3054 ;
1167 2985 1230 3039 et
1246 2977 1456 3040 Glossa
1490 2977 1558 3038 in
1583 2976 1826 3040 rubrica
1845 2977 1922 3038 de
1951 2996 2118 3040 sum-

559 3089 666 3134 ma
706 3071 1006 3132 Trinitate
1033 3076 1096 3132 et
1123 3067 1268 3134 Fide
1302 3070 1632 3134 catholica.
1687 3071 1838 3132 Item
1875 3072 2027 3150 quia
2049 3071 2117 3132 in

559 3163 868 3226 damnatis
892 3163 1100 3225 nullus
1130 3170 1221 3225 est
1241 3183 1412 3228 error
1435 3163 1581 3226 fidei
1611 3166 1981 3226 contrarius.
2006 3166 2119 3226 De-

560 3259 748 3338 nique
799 3257 947 3337 quia
997 3257 1313 3320 character
1365 3264 1577 3320 manet
1622 3259 1688 3319 in
1745 3257 2065 3338 baptizatis
2096 3305 2117 3336 ,

559 3351 803 3413 etiamsi
822 3350 1218 3426 damnentur,
1240 3351 1318 3412 ad
1340 3352 1763 3414 testimonium
1779 3352 1977 3432 culpae
2006 3371 2079 3414 eo
2094 3389 2108 3398 ·

559 3463 738 3518 rum3
780 3463 926 3525 ergo
979 3445 1169 3506 simili
1202 3443 1386 3506 modo
1432 3452 1632 3526 potest
1674 3465 1927 3508 manere
1964 3444 2117 3509 fides

561 3540 759 3618 quoad
789 3538 1098 3615 habitum,
1131 3539 1370 3600 etiamsi
1407 3539 1510 3600 hic
1539 3557 1857 3619 nunquam
1897 3557 2116 3620 opera-

560 3639 738 3696 turus
764 3633 866 3695 sit.

636 3728 696 3790 3.
743 3726 961 3808 Opinio
977 3727 1288 3790 contraria
1301 3726 1491 3791 multo
1501 3726 1870 3809 probabilior
1885 3745 1959 3790 ea:
1978 3745 2119 3790 auo-

556 3821 825 3892 toritate.
842 3818 1040 3882 ——E'oe
1057 3821 1422 3882 rationibus.
1436 3820 1846 3883 —Contraria
1874 3828 2117 3881 senteu-

555 3911 642 3973 tia
672 3912 857 3991 longe
895 3911 1276 3992 probabilior
1301 3919 1427 3989 est,
1462 3931 1649 3993 quam
1679 3919 1894 3974 tenent
1939 3912 2118 3973 divus

554 4005 846 4081 Thomas,
891 4009 953 4066 et
981 4022 1195 4067 omnes
1230 4025 1409 4086 quos,
1454 4005 1562 4068 illa
1608 4007 1873 4068 sectione
1922 4024 2113 4082 nona,

554 4098 740 4172 retuli
780 4098 857 4159 dc
898 4105 1040 4159 actu
1067 4098 1212 4160 fidei
1259 4099 1328 4160 in
1367 4100 1697 4162 damnatis,
1725 4101 1932 4179 Neque
1990 4101 2118 4162 Ma·

553 4193 747 4274 gister
767 4198 878 4254 aut
901 4192 1126 4254 Glossae
1149 4193 1352 4256 citatae
1374 4193 1823 4269 contradicunt,
1853 4213 2001 4257 nam
2029 4194 2119 4255 lo-

553 4294 834 4367 quuntur
851 4287 928 4348 de
948 4286 1072 4349 fide
1092 4286 1343 4348 informi
1357 4286 1500 4362 late,
1527 4292 1599 4348 ut
1624 4287 1888 4348 includit
1909 4288 2119 4368 acqui-

555 4381 760 4444 sitam.
789 4382 865 4442 Et
913 4381 1077 4442 favet
1127 4381 1475 4461 Dionysius,
1525 4382 1724 4461 capite
1781 4388 2001 4460 quarto
2041 4383 2119 4442 de

555 4473 794 4535 Divinis
818 4472 1200 4548 nominibus,
1218 4474 1430 4536 dicens
1449 4475 1515 4536 in
1531 4472 1915 4534 daemouibus
1943 4473 2119 4534 nulla

556 4567 745 4630 fuisse
775 4567 986 4628 relicta
1012 4566 1357 4646 spiritualia
1391 4567 1576 4628 dona.
1617 4567 1908 4628 Rationes
1941 4573 2113 4642 sunt,

556 4660 782 4741 prima,
829 4660 978 4740 quia
1015 4660 1293 4720 damnati
1321 4677 1395 4721 ex
1429 4666 1592 4720 statu
1619 4677 1730 4721 suo
1771 4659 2115 4721 redduntur

556 4753 879 4833 incapaces
919 4761 1170 4815 actuum
1198 4751 1342 4814 fidei
1372 4798 1394 4828 ,
1441 4759 1514 4814 ut
1548 4772 1736 4832 supra
1774 4760 1866 4814 est
1909 4759 2116 4814 osten·

557 4862 730 4924 sum3
763 4845 1013 4908 habitus
1056 4851 1266 4908 autem
1300 4852 1392 4908 est
1439 4853 1690 4927 propter
1735 4856 1965 4908 actum.
2011 4848 2116 4907 Se-

559 4940 785 5015 cunda,
817 4941 964 5020 quia
1011 4945 1158 5000 sunt
1197 4940 1522 5020 incapaces
1579 4940 1748 5022 spei,
1806 4946 1870 5002 et
1917 4940 2116 5002 omni-

560 5052 643 5094 no
667 5039 845 5094 extra
871 5032 1038 5102 viam
1049 5049 1071 5110 3
1099 5032 1252 5094 fides
1294 5039 1507 5094 autem
1536 5033 1718 5094 datur
1758 5040 1830 5095 ut
1850 5034 1930 5094 sit
1971 5035 2118 5096 fun-

559 5126 930 5188 damentum
975 5125 1127 5206 spei,
1163 5131 1349 5206 atque
1387 5131 1460 5187 ut
1487 5145 1598 5206 per
1632 5127 1805 5188 illam
1842 5126 2119 5188 ambule-

559 5238 722 5282 mus.
773 5221 852 5280 Et
878 5219 968 5280 ita
1009 5223 1179 5298 patet
1219 5219 1536 5298 responsio
1589 5220 1667 5280 ad
1717 5220 2023 5282 rationem
2051 5222 2119 5281 in

560 5314 967 5389 contrarium,
1011 5329 1157 5374 nam
1187 5313 1428 5374 ratione
1471 5318 1662 5374 status
1711 5313 1990 5374 aufertur
2016 5313 2119 5374 hic

557 5405 808 5469 habitus
849 5425 890 5467 a
931 5406 1264 5468 damnatis.
1309 5406 1502 5473 Addit
1537 5405 1910 5482 Paludanus,
1954 5406 2122 5468 dicta

557 5498 958 5566 distinctione
1002 5499 1304 5581 vigesima
1327 5499 1536 5576 tertia,
1565 5500 1906 5582 quastione
1933 5517 2121 5584 quar-

1201 337 1438 390 ntsPUT.
1478 337 1580 392 vu.
1616 339 1697 394 DE
1730 339 2000 394 vlnTu’rE
2031 341 2193 399 Fmssl
2226 342 2525 406 QUANTmt
2552 343 2641 396 An
2674 343 2937 398 mmws
2969 347 3128 402 Esus,

2202 447 2289 517 ta,
2344 447 2416 502 ut
2464 441 2801 504 secundum
2858 446 3163 506 motivum
3216 445 3461 514 Durandi
3495 456 3663 536 solvat,

2201 533 2429 598 habere
2479 535 2803 598 damnatos
2847 537 3085 618 aliquos
3129 545 3297 602 actus
3322 542 3449 609 fidei
3472 559 3665 616 contra-

2202 628 2349 702 rios,
2380 629 2491 690 ubi
2520 649 2632 710 per
2658 630 3035 695 evidentiam
3070 651 3209 714 non,
3232 645 3526 716 coguntur,
3544 651 3667 723 quod

2206 727 2298 782 est
2338 722 2678 802 probabile,
2731 723 2840 784 sed
2890 725 3231 802 incertum;
3274 730 3411 792 satis
3446 751 3565 813 ergo
3600 749 3667 802 est

2207 817 2369 897 quod
2404 817 2640 880 habent
2690 819 3077 884 voluntatem
3116 840 3299 903 prave
3340 825 3595 908 affectam,
3624 843 3669 898 et

2206 909 2463 972 omnino
2516 911 2944 992 indispositam
3008 915 3089 976 ad
3146 915 3495 982 credendum
3534 947 3549 998 ;
3576 943 3669 990 non

2201 1004 2369 1065 enim
2434 1005 2733 1068 amittunt
2787 1006 3073 1070 habitum
3130 1009 3279 1072 fidei
3324 1031 3423 1090 per
3468 1014 3669 1082 formam

2195 1096 2450 1178 physice
2468 1106 2943 1179 repugnantem,
2970 1101 3075 1164 sed
3088 1109 3335 1182 propter
3350 1105 3668 1190 demeritum,

2197 1197 2407 1270 utpote
2432 1193 2561 1271 jam
2591 1193 2657 1254 in
2689 1193 2909 1256 ultimo
2928 1196 3195 1257 termino
3234 1199 3519 1260 constituti
3539 1223 3554 1276 ;
3577 1222 3671 1283 quae

2197 1289 2329 1346 erat
2357 1285 2665 1348 sufficiens
2684 1287 2845 1348 ratio
2868 1289 2948 1348 ad
2976 1307 3163 1367 quam
3186 1290 3411 1350 accedit
3430 1292 3521 1352 illa
3536 1314 3672 1374 prava

2200 1378 2542 1458 dispositio,
2576 1380 2673 1442 Ad
2700 1379 2997 1444 ultimum
3028 1383 3332 1444 motivum
3344 1383 3415 1446 de
3441 1384 3675 1452 characte-

2196 1490 2288 1548 re,
2320 1472 2546 1551 primo,
2580 1492 2706 1535 non
2736 1480 2826 1535 est
2854 1481 3091 1537 certum
3124 1495 3372 1539 manere
3398 1479 3459 1539 in
3484 1479 3675 1544 damna-

2197 1567 2297 1641 tis,
2324 1573 2395 1626 ut
2412 1568 2596 1629 tertia
2622 1573 2821 1647 parte,
2860 1571 3197 1649 quaestione
3226 1573 3575 1650 sexagesima
3592 1581 3676 1636 ter·

2198 1661 2309 1734 tia,
2340 1661 2601 1722 articulo
2624 1661 2865 1741 quinto,
2894 1664 2963 1724 in
2984 1667 3425 1728 commentario
3440 1667 3675 1744 indicam

2198 1760 2260 1815 et
2277 1754 2498 1816 deinde
2531 1774 2657 1817 non
2686 1763 2781 1818 est
2802 1757 3016 1819 eadem
3053 1761 3238 1837 ratio,
3269 1761 3411 1839 quia
3434 1761 3677 1824 character

2196 1867 2326 1910 non
2355 1855 2447 1912 est
2489 1848 2687 1914 virtus
2714 1871 2917 1934 neque
2937 1853 3183 1917 habitus
3210 1855 3547 1934 simpliciter
3582 1879 3679 1940 ope-

2196 1944 2455 2020 rativus,
2486 1945 2593 2006 sed
2620 1947 2935 2028 quoddam
2980 1949 3267 2027 signum3
3299 1949 3446 2012 fides
3471 1971 3593 2014 vero
3620 1961 3681 2015 cst

2196 2037 2414 2113 virtus,
2446 2044 2509 2100 et
2530 2038 2777 2102 habitus
2806 2043 3161 2120 operativus
3184 2049 3250 2105 et
3276 2045 3524 2124 infusus,
3548 2065 3679 2127 quem

2196 2149 2325 2194 non
2350 2131 2527 2195 decet
2567 2153 2817 2196 manere
2840 2135 2905 2196 in
2941 2136 3048 2197 illo
3086 2142 3277 2200 statu.

2276 2227 2337 2290 t.
2384 2226 2602 2309 Opinio
2630 2231 2889 2308 ejusdem
2928 2231 3215 2296 Dumandi
3238 2236 3300 2296 et
3325 2233 3577 2308 alim-nm,
3598 2254 3681 2298 m·

2194 2341 2333 2386 nere
2359 2323 2425 2386 in
2448 2323 2634 2386 beatis
2638 2324 2781 2405 fidei
2797 2325 3513 2406 habitum—Oppositum
3529 2331 3683 2407 proba·

2197 2416 2385 2478 bflius
2416 2418 2612 2496 quoad
2649 2418 2923 2480 habitum
2957 2420 3335 2493 intellectum
3364 2421 3591 2485 conciuit
3611 2442 3683 2482 as-

2198 2515 2348 2585 otor,
2383 2511 2421 2570 3
2444 2528 2533 2588 p„
2555 2529 2611 2590 q.
2644 2515 2703 2584 7,
2732 2516 2853 2574 art.
2890 2513 2949 2584 3,
2976 2515 3044 2574 in
3074 2511 3401 2577 Commeat.
3426 2545 3501 2560 -··
3520 2516 3683 2594 Super-

2198 2610 2288 2666 est
2307 2604 2636 2666 dicendum
2667 2605 2743 2668 de
2778 2607 3003 2681 Beatis‚
3030 2607 3108 2668 de
3134 2606 3367 2686 quibus
3414 2614 3498 2670 est
3528 2610 3685 2670 cadem

2196 2698 2654 2775 controversia3
2684 2717 2831 2760 nam
2862 2699 3187 2760 Durandus
3209 2699 3515 2777 probabile
3539 2709 3685 2762 censet

2188 2792 2550 2854 'conservari
2577 2795 2647 2854 in
2676 2792 2877 2854 Beatis
2900 2792 3179 2854 habitum
3208 2792 3383 2868 fidei,
3404 2801 3463 2854 et
3486 2794 3587 2854 fuit
3598 2796 3687 2874 opi·

2199 2884 2305 2945 nio
2350 2883 2634 2959 Gerson.‚
2658 2886 2727 2946 in
2754 2889 3019 2948 tractatu
3052 2886 3131 2947 de
3160 2887 3307 2948 Vita
3332 2887 3626 2966 spirituali;
3648 2897 3685 2948 et

2197 2985 2643 3057 consequenter
2664 2979 2781 3040 hoc
2822 2979 3190 3056 affirmatur,
3224 2981 3275 3040 si
3309 2981 3475 3042 Beati
3502 2987 3686 3060 possunt

2196 3069 2429 3134 habere
2446 3080 2652 3136 actum
2684 3071 2854 3145 fidei,
2874 3074 3036 3134 sicut
3060 3072 3251 3134 etiam
3278 3073 3582 3134 Durandus
3598 3076 3684 3152 opi·

2198 3173 2380 3226 natus
2407 3171 2517 3228 est.
2550 3167 2989 3230 Verumtamen
3020 3167 3271 3230 etiamsi
3300 3187 3593 3249 nunquam
3614 3169 3687 3230 ha·

2198 3258 2385 3320 beant
2402 3267 2629 3336 actum,
2652 3279 2779 3320 non
2806 3260 3055 3321 videtur
3075 3261 3463 3337 incredibile,
3490 3264 3687 3323 retinere

2198 3350 2506 3429 habitum,
2557 3355 2705 3432 quia
2746 3372 2875 3415 non
2919 3363 3255 3432 repugnat,
3297 3361 3363 3416 et
3406 3373 3509 3434 per
3548 3375 3600 3416 se
3632 3361 3690 3415 est

2198 3447 2483 3527 quaedam
2506 3447 2841 3526 perfecti03
2872 3449 2970 3508 cui
3010 3449 3198 3508 etiam
3234 3447 3445 3509 favere
3472 3449 3691 3509 videntur

2200 3541 2489 3617 Ire-naeus,
2516 3540 2678 3602 libro
2714 3541 3005 3613 secundo,
3040 3542 3245 3622 capite
3288 3542 3693 3622 quadragesimo

2198 3635 2461 3714 septimo
2490 3680 2507 3708 ,
2556 3642 2618 3698 et
2666 3634 2824 3695 libro
2872 3639 3097 3714 quarto
3128 3680 3147 3708 ,
3210 3636 3417 3716 capite
3460 3637 3693 3714 vigesimo

2198 3728 2447 3804 quinto;
2484 3727 2921 3798 TertullianuS‚
2953 3728 3023 3788 in
3071 3727 3233 3790 libro
3284 3729 3365 3791 de
3414 3729 3692 3799 Patientia,
3784 3777 3786 3792 .

2197 3817 2357 3880 circa
2401 3817 2614 3896 finem,
2647 3818 2796 3880 dum
2825 3819 3037 3896 fidem,
3078 3839 3278 3900 spem,
3310 3823 3635 3883 charitatem
3650 3822 3694 3879 in
3784 3813 3786 3816 ⁴

2198 3913 2400 3993 patria
2424 3931 2673 3975 manere
2688 3914 2919 3975 dicunt.
2940 3914 3359 3977 Nihilominus
3382 3916 3695 3977 contrarium

2200 4011 2291 4067 est
2326 4005 2727 4085 probabilius,
2745 4007 2913 4087 quod
2942 4013 3111 4070 tenet
3138 4007 3207 4070 D.
3238 4009 3524 4084 Thomas,
3549 4005 3697 4069 etalii

2200 4117 2386 4179 supra
2430 4099 2600 4160 citati
2647 4099 2724 4162 de
2774 4107 2933 4162 actu.
2970 4101 3223 4180 Oportet
3261 4109 3471 4164 tamen
3537 4098 3697 4161 distin-

2200 4211 2389 4272 guere
2426 4192 2905 4256 intellectualem
2942 4195 3228 4256 habitum
3278 4195 3362 4258 ab
3402 4195 3594 4256 habitu
3627 4211 3697 4252 vo-

2196 4286 2495 4357 luntatis;
2542 4303 2691 4348 nam
2740 4287 2816 4347 de
2861 4286 2978 4348 hoc
3015 4289 3343 4366 posteriori
3390 4286 3700 4368 probabilius
3772 4317 3785 4339 .

2198 4387 2291 4441 est
2319 4398 2573 4442 manere
2603 4381 2670 4442 in
2706 4380 2907 4442 Beatis
2930 4427 2953 4455 ,
3006 4381 3153 4459 quia
3178 4426 3197 4456 ,
3237 4387 3314 4441 ut
3370 4401 3543 4460 supra
3580 4379 3697 4448 dixi,

2198 4472 2616 4552 disputatione
2644 4479 2839 4549 sexta,
2870 4474 3143 4535 sectione
3165 4492 3359 4550 nona,
3386 4491 3617 4535 numero
3638 4489 3699 4531 se·

2198 4567 2417 4646 ptimo,
2448 4566 2515 4626 in
2556 4567 2679 4627 illis
2734 4572 2946 4627 manet
2989 4566 3092 4646 pia
3127 4566 3378 4629 affectio
3406 4613 3423 4638 .
3464 4573 3519 4628 et
3556 4563 3700 4628 animi

2200 4659 2565 4739 praeparatio
2592 4660 2669 4720 ad
2698 4659 3114 4720 obediendum
3145 4659 3315 4735 fidei,
3355 4661 3406 4721 si
3430 4663 3698 4740 oporteret,

2198 4753 2347 4832 quia
2388 4759 2481 4813 est
2519 4759 2697 4814 actus
2726 4771 2835 4831 per
2878 4771 2941 4813 se
2990 4752 3191 4813 bonus
3212 4797 3233 4826 ,
3262 4759 3330 4814 et
3370 4753 3536 4814 nullo
3564 4749 3699 4812 modo

2196 4863 2555 4924 repugnans
2582 4845 2853 4906 beatitud
2863 4845 2951 4906 ini
2974 4867 2992 4922 3
3022 4863 3172 4926 ergo
3199 4853 3414 4909 manet
3439 4847 3607 4908 etiam
3624 4843 3701 4902 ha-

2199 4938 2386 4999 bitus,
2430 4939 2601 5012 Quod
2648 4944 2858 5018 aperte
2898 4940 3087 5000 sentit
3130 4939 3196 5000 D.
3238 4940 3525 5014 Thomas,
3569 4935 3703 4998 tertia

2201 5038 2397 5109 parte,
2441 5033 2779 5111 quaestione
2808 5032 3092 5112 septima,
3126 5033 3389 5095 articulo
3430 5033 3621 5104 tertio,
3646 5027 3700 5088 ad

2200 5125 2567 5201 secundum,
2594 5125 2802 5188 dicens
2840 5143 3097 5188 manere
3140 5127 3207 5187 in
3234 5127 3433 5188 beatis
3470 5125 3701 5188 obedien-

2197 5218 2349 5280 tiam
2376 5219 2451 5279 ad
2475 5217 2684 5294 fidem,
2711 5220 2778 5280 in
2806 5238 2931 5299 qua
2950 5226 3043 5282 est
3063 5220 3357 5281 honestas
3376 5225 3441 5282 et
3468 5217 3701 5280 meritum

2199 5313 2356 5392 ejus»,
2403 5318 2475 5372 ut
2502 5312 2591 5372 ibi
2618 5314 2807 5374 etiam
2834 5313 3143 5376 intellexit
3172 5315 3515 5392 caietanus.

2281 5408 2341 5468 5.
2394 5404 2519 5479 Quo
2540 5411 2719 5485 pacto
2747 5407 2990 5488 habitus
3028 5407 3285 5469 luminis
3320 5406 3529 5489 qlorioe
3556 5397 3704 5464 esclu-

2194 5501 2304 5568 dat
2334 5501 2605 5565 lubitum
2642 5503 2809 5582 fidei.
2844 5535 2929 5550 —
2962 5502 3183 5588 Opinio
3224 5519 3377 5585 ergo
3412 5495 3705 5564 communis
