3900 6217
568 388 689 455 288

568 498 644 559 Et
669 492 868 573 capite
895 488 995 567 18,
1017 488 1218 551 eidem
1243 507 1383 551 cum
1408 490 1642 553 caeteris
1662 490 1970 572 Apostolis
1990 491 2131 552 uni·

564 587 867 653 versalem
897 588 1261 665 potestatem
1286 582 1525 661 ligandi
1551 591 1614 647 et
1639 584 1915 647 solvendi
1943 604 2132 663 gene-

565 681 776 744 raliter
811 674 1161 759 promisisse
1172 690 1195 753 3
1233 682 1564 757 utramque
1604 696 1751 757 ergo
1780 676 2133 761 promissio-

569 790 717 835 nem
758 776 896 851 post
940 768 1450 831 resurrectionem
1497 770 1803 851 implevit,
1837 771 2132 851 posterio-

567 882 703 927 rem
729 864 891 924 hanc
922 875 985 923 et
1021 861 1400 940 generalem,
1443 863 1670 925 Joann.
1701 866 1802 941 20,
1839 872 1910 924 ut
1947 883 2132 945 supra

566 957 836 1018 vidimus
850 972 870 1033 3
893 956 1165 1036 priorem
1194 954 1556 1034 singulatim
1587 959 1762 1019 Petro
1789 958 2039 1033 factam,
2066 959 2133 1019 in

567 1070 622 1113 c.
655 1052 729 1113 21
759 1049 935 1112 Joan.
965 1048 1140 1110 Unde
1167 1048 1298 1109 haec
1327 1048 1656 1129 singularis
1685 1052 1991 1113 concessio
2018 1051 2131 1113 ali-

567 1144 716 1225 quid
745 1143 878 1204 sine
903 1140 1093 1203 dubio
1123 1141 1420 1219 continet,
1442 1142 1606 1222 quod
1632 1142 1697 1203 in
1722 1142 1831 1204 illa
1857 1144 2135 1223 generali

567 1254 696 1297 non
756 1234 1188 1297 continebatur
1214 1256 1234 1310 ς
1295 1254 1445 1299 nam
1507 1236 1815 1314 generalis
1880 1238 2131 1300 Petrum

568 1330 759 1392 etiam
806 1327 1390 1409 comprehendebat,
1435 1334 1498 1397 et
1539 1347 1615 1390 ex
1660 1328 1765 1390 illa
1804 1329 1938 1407 jam
1990 1333 2135 1393 satis

571 1422 914 1488 constabat.
967 1420 1047 1482 ob
1095 1422 1444 1500 negationis
1491 1420 1775 1503 culpam,
1825 1440 1952 1483 non
2004 1423 2135 1487 fore

571 1518 752 1579 Petro
779 1515 1209 1593 denegandam
1241 1514 1603 1594 promissam
1630 1516 1822 1577 semel
1850 1516 2137 1597 apostoli-

567 1628 701 1671 cam
738 1609 1151 1687 dignitatem3
1193 1608 1424 1687 aliquid
1455 1626 1605 1687 ergo
1647 1628 1881 1671 novum
1923 1616 2137 1691 postea

567 1702 657 1764 illi
703 1702 918 1764 datum
961 1707 1085 1779 est3
1123 1709 1310 1781 atque
1339 1708 1410 1763 ut
1443 1700 1818 1780 signiticaret
1861 1704 2137 1765 Christus

567 1794 865 1858 Dominus
903 1795 1068 1856 hanc
1096 1794 1476 1875 singularem
1517 1796 1915 1859 traditionem
1942 1798 2137 1878 priori

567 1888 868 1967 singulari
914 1888 1302 1967 promissioni
1345 1889 1742 1971 respondere,
1773 1890 1992 1953 eodem
2022 1887 2133 1951 no-

569 1982 736 2045 mine
764 1980 920 2045 illud
948 1981 1277 2061 compellat
1309 1980 1530 2045 Simon
1553 1982 1816 2047 Joannis
1829 2009 1855 2057 ,·
1883 1989 1946 2045 et
1980 1985 2137 2046 sicut

566 2075 696 2137 illic
735 2074 905 2151 fidei,
946 2075 1034 2135 ita
1067 2073 1170 2135 hic
1207 2074 1524 2137 charitatis
1565 2076 2014 2138 confessionem
2054 2077 2134 2138 ab

567 2168 676 2229 illo
707 2168 902 2249 exigit
910 2184 931 2247 3
957 2172 1052 2229 ter
1079 2173 1290 2230 autem
1317 2169 1682 2248 interrogat,
1714 2176 1783 2230 ut
1810 2172 1992 2231 trinae
2028 2189 2135 2233 ne·

569 2263 808 2342 gationi
857 2263 1024 2323 trina
1075 2262 1374 2325 confessio
1424 2263 1916 2343 correspondeat,
1967 2264 2133 2344 quod

567 2357 846 2418 adductis
870 2355 1075 2417 verbis
1103 2354 1366 2435 Cyrillus
1389 2356 1783 2435 significavit,
1809 2376 1950 2417 cum
1976 2358 2135 2418 dixit

452 2477 463 2488 ·
568 2450 878 2513 Christum
910 2449 1246 2511 Dominum
1276 2450 1669 2513 confirmasse
1698 2453 1876 2513 Petro
1905 2452 2136 2531 prima-

565 2550 726 2621 tum,
771 2562 899 2606 non
935 2561 1122 2623 quem
1149 2562 1218 2606 re
1261 2543 1394 2624 ipsa
1419 2550 1565 2605 ante
1615 2544 1979 2620 obtinuerit,
2026 2546 2134 2607 sed

567 2656 676 2717 spe
720 2642 785 2699 et
830 2639 1258 2718 promissione,
1288 2656 1477 2717 quam
1509 2639 1728 2701 asserit
1767 2656 1894 2700 non
1945 2638 2135 2699 fuisse

565 2748 826 2792 vacuam
872 2731 953 2792 ob
986 2730 1402 2809 negationem.
1449 2732 1538 2791 Ita
1577 2739 1898 2812 exponunt
1938 2732 2128 2793 etiam

559 2823 948 2900 AmbrosiuS,
971 2823 1130 2886 Psal.
1158 2825 1272 2899 47;
1305 2824 1710 2902 Augustinus,
1733 2824 1991 2904 epistola
2014 2824 2125 2902 503

563 2916 828 2996 Cyrillus
856 2916 1472 2996 HierosolymitanuS,
1498 2916 1814 2995 Catechesi
1840 2920 1878 2977 2
1893 2933 1913 2994 3
1945 2918 2128 2997 Opta-

562 3016 682 3087 tus,
707 3010 850 3073 libr.
877 3014 916 3073 2
941 3018 1155 3072 contra
1183 3011 1501 3082 Parmen.;
1532 3010 1902 3085 Bernardus,
1933 3028 2119 3073 serm.

560 3102 639 3164 de
662 3104 842 3165 Petro
871 3111 933 3165 et
957 3104 1178 3182 Paulo3
1207 3102 1465 3180 Arnob.,
1496 3102 1715 3165 Psalm.
1752 3104 1870 3166 108
1885 3121 1906 3180 3
1927 3104 2128 3167 Theo·

561 3195 868 3275 phyiact„
897 3196 1044 3257 Luc.
1076 3199 1175 3259 22.

643 3292 744 3351 21.
790 3290 1011 3353 Altera
1037 3290 2130 3355 calumnia.—Dissolvitur.-Aliter

561 3390 860 3465 proeterea
891 3390 1193 3445 conantur
1229 3385 1502 3447 haeretici
1539 3383 1971 3463 subterfugere
1997 3386 2125 3444 vim

561 3476 750 3556 hujus
799 3476 950 3551 loci,
993 3475 1306 3539 Christum
1354 3495 1480 3538 non
1525 3477 1900 3539 commisisse
1949 3480 2127 3539 Petro

561 3586 706 3631 oves
734 3570 1075 3631 universim
1092 3586 1114 3648 3
1154 3588 1282 3631 non
1333 3570 1502 3632 enim
1546 3571 1696 3631 dicit
1731 3586 1747 3631 ε
1778 3571 1977 3634 Pasce
2004 3588 2128 3633 om·

543 3674 690 3739 ’ne-5,
717 3661 822 3723 sed
847 3679 1034 3737 meas,
1065 3663 1228 3741 quod
1251 3662 1418 3724 idem
1448 3660 1754 3724 verificari
1783 3664 1988 3743 potuit
2016 3681 2126 3743 pro

560 3756 798 3818 caeteris
824 3754 1152 3836 Apostolis,
1183 3754 1310 3816 imo
1352 3772 1464 3835 pro
1491 3753 1768 3835 quolibet
1794 3756 2123 3835 Episcopo;

561 3867 689 3910 non
719 3865 867 3928 ergo
894 3846 1042 3907 hinc
1069 3854 1306 3909 constat
1332 3848 1540 3910 datam
1569 3847 1756 3909 tuisse
1786 3849 1962 3909 Petro
1992 3848 2128 3908 uni-

560 3940 862 4003 versalem
909 3946 1296 4022 potestatem,
1339 3940 1446 4002 sed
1496 3957 1636 4003 cum
1687 3941 1983 4017 maxime,
2033 3941 2128 4002 in-

561 4037 811 4115 quiunt,
832 4034 1040 4113 colligi
1063 4040 1259 4114 potest
1279 4035 1459 4097 Petro
1477 4034 1664 4095 fuisse
1684 4034 1890 4095 datam
1915 4052 2131 4095 curam

560 4128 792 4189 Judoeis
818 4127 1218 4209 praedicandi,
1239 4128 1421 4208 juxta
1447 4128 1511 4188 id
1542 4128 1621 4189 ad
1652 4127 1784 4188 Gal.
1814 4131 1852 4211 2
1877 4144 1894 4187 :
1928 4126 2131 4191 Credi·

561 4226 692 4285 tum
727 4225 819 4284 est
859 4220 1011 4283 mihi
1055 4219 1464 4302 Evanqelium
1507 4220 1828 4302 praeputii,
1873 4222 2034 4283 sicut
2072 4227 2132 4284 et

561 4314 747 4378 Petro
774 4310 1270 4387 circumcisionis,
1298 4318 1412 4375 etc.
1441 4312 1961 4394 Respondendum
1984 4331 2129 4373 cum

562 4404 900 4481 BernardO,
920 4404 1032 4466 lib.
1059 4406 1097 4465 2
1126 4404 1204 4467 de
1241 4405 1652 4483 Considerat.,
1679 4425 1732 4469 c.
1761 4406 1826 4481 8,
1851 4406 1937 4465 sic
1976 4390 2127 4467 scri-

561 4497 778 4560 bente:
803 4500 998 4563 Pasce
1025 4516 1158 4562 oves
1184 4518 1370 4577 mas,
1388 4500 1584 4581 quas?
1609 4498 1810 4576 illius,
1832 4499 1926 4563 vel
1954 4498 2128 4563 illius

555 4592 793 4675 populi,
823 4592 1117 4667 civitatis,
1147 4592 1241 4656 vel
1273 4590 1557 4673 reqiom‘s,
1590 4596 1696 4655 aut
1723 4592 1872 4657 certi
1905 4591 2125 4673 requi?

568 4682 716 4747 Oves
743 4702 928 4756 meas,
955 4683 1155 4765 inquit
1187 4709 1210 4743 .·
1237 4683 1334 4747 cui
1370 4702 1490 4745 non
1508 4684 1788 4767 planum,
1815 4702 1932 4747 non
1970 4686 2128 4749 desi-

564 4793 782 4857 mam-ve
823 4778 1086 4858 aliquas,
1130 4778 1240 4841 sed
1275 4778 1619 4859 assiqnasso
1657 4779 1899 4841 omnes?
1939 4778 2128 4843 Nihil

565 4868 884 4951 excipitur,
907 4868 1008 4933 ubi
1025 4870 1427 4953 distinquicm·
1445 4870 1622 4933 nihil.
1647 4870 1880 4945 Quibus
1899 4871 2123 4949 verbis,

567 4968 792 5041 praeter
835 4961 1135 5023 Ber-nardi
1184 4964 1638 5041 auctoritatem,
1686 4963 1898 5025 multae
1939 4963 2130 5027 etiam

565 5055 836 5116 rationes
865 5056 1282 5118 continentur.
1323 5056 1530 5119 Prima
1556 5072 1572 5117 ε
1603 5055 1779 5117 nulla
1814 5063 1906 5119 est
1933 5060 2133 5138 major

564 5150 725 5209 ratio
752 5147 1120 5228 designandi
1154 5148 1265 5209 has
1311 5150 1411 5211 vel
1437 5149 1573 5211 illas
1613 5168 1794 5227 oves;
1837 5151 1937 5212 vel
1984 5170 2132 5231 ergo

566 5260 782 5303 omnes
824 5242 1156 5319 commisit,
1207 5243 1305 5305 vel
1345 5242 1570 5307 nullas.
1623 5245 1927 5320 Secunda,
1980 5246 2133 5307 dum

568 5334 715 5396 dicit
741 5352 928 5409 meas,
957 5342 1158 5396 totum
1185 5355 1369 5398 snum
1397 5337 1555 5400 ovile
1577 5342 1787 5417 aperte
1814 5337 2127 5417 intelligit,

567 5428 727 5489 sicut
753 5430 860 5509 qui
896 5428 1074 5490 alteri
1116 5429 1698 5491 commendat-filios
1724 5430 1826 5491 vel
1867 5430 2133 5510 discipu·

565 5518 680 5598 los,
707 5522 912 5601 quiin
939 5528 1308 5585 testamento
1334 5522 1642 5605 relinquet
1663 5541 1776 5585 sua
1803 5522 1992 5600 bona,
2026 5524 2133 5584 ni-

1635 392 1873 447 msPtJT.
1909 392 1971 447 Χ.
2008 394 2089 447 ΒΕ
2120 392 2332 449 8111110
2366 395 2708 451 ΡΟΝΤΙΠΕΕ.

2210 492 2303 553 hil
2345 494 2592 575 excipit.
2624 494 2856 569 Tertio,
2905 496 3076 573 patet
3110 510 3147 553 a
3185 491 3389 569 simili,
3419 494 3582 557 Joan.
3622 502 3712 561 10:

2216 584 2508 669 Coqnosco
2537 604 2670 650 oves
2698 604 2883 659 meas,
2912 590 2971 648 et
3000 603 3131 647 oves
3171 602 3313 647 meoe
3345 603 3523 651 vocem
3560 609 3719 657 meam

2212 680 2494 755 audiunt,
2524 686 2581 744 et
2608 679 2796 743 vitam
2820 684 3105 742 aternam
3136 678 3205 739 do
3236 678 3342 741 eis.
3366 680 3613 743 Tandem
3638 684 3720 747 hic

2214 781 2307 835 est
2348 776 2599 836 Patrum
2633 792 2847 835 sensus
2882 780 2945 835 et
2973 770 3279 847 Ecclesiae,
3308 790 3435 850 quae
3460 774 3617 835 Petro
3642 796 3722 837 ca-

2212 871 2308 928 nit
2336 886 2353 931 z
2386 868 2483 931 Istc
2522 886 2583 930 σε
2618 874 2834 951 pastor
2879 866 3099 940 ovium,
3138 866 3414 945 pn'noeps
3458 864 3721 948 Apostolo-

2210 979 2370 1023 rum.
2409 960 2548 1023 Tibi
2580 959 2839 1025 tradidit
2878 961 3044 1021 Deus
3080 959 3281 1020 omnia
3328 974 3505 1039 remia
3527 962 3718 1041 muudi,

2213 1059 2329 1116 etc.
2388 1053 2792 1115 Consentiunt
2838 1053 2959 1113 Leo
3015 1052 3214 1130 Papa,
3264 1049 3720 1133 chrysostomus,

2215 1146 2597 1221 Ambrosius,
2636 1145 3157 1225 TheophylactuS,
3191 1148 3255 1203 et
3288 1142 3392 1203 alii
3420 1144 3586 1223 paulo
3608 1154 3723 1209 ante

2215 1240 2419 1315 citati3
2445 1240 2851 1321 Epiphanius,
2880 1238 2945 1297 in
2966 1236 3343 1311 Anchorato,
3364 1236 3515 1297 circa
3536 1237 3695 1301 finem
3706 1258 3723 1319 3

2215 1333 2568 1413 Gregorius,
2590 1332 2637 1393 l.
2669 1335 2733 1408 4,
2758 1330 3013 1411 Epistol.
3044 1330 3162 1403 323
3192 1329 3581 1408 Augustinus,
3600 1332 3653 1391 in
3678 1334 3727 1393 id

2218 1424 2375 1487 Psal.
2424 1426 2542 1487 103
2577 1446 2591 1485 :
2640 1425 2951 1488 potabunt
2995 1438 3194 1484 omues
3236 1420 3430 1483 bestia·
3468 1424 3611 1505 apri.
3638 1424 3729 1498 Qui

2216 1519 2423 1579 Patres
2478 1536 2555 1579 ex
2606 1518 2715 1579 illo
2778 1518 2967 1577 etiam
3033 1514 3388 1575 discrimine
3444 1516 3729 1579 verborum

2214 1610 2439 1671 Christi
2470 1625 2486 1671 ε
2518 1612 2713 1675 Pasce
2756 1628 2947 1691 aanor
2978 1626 3169 1683 mos,
3190 1624 3372 1689 pasce
3414 1625 3538 1672 oves
3573 1628 3724 1683 mas,

2216 1703 2515 1783 colligunt
2542 1704 2744 1765 omnis
2784 1703 3029 1783 generis
3070 1707 3132 1762 et
3168 1700 3529 1761 conditionis
3564 1700 3729 1762 homi-

2216 1814 2327 1857 nes
2346 1846 2359 1867 ‚
2412 1797 2540 1857 sive
2590 1796 2912 1858 inferiores
2928 1840 2947 1871 ,
2993 1795 3121 1855 sive
3169 1794 3539 1873 superiores,
3585 1796 3729 1855 Petro

2214 1889 2403 1951 fuisse
2432 1890 2818 1963 commissos3
2865 1888 3031 1969 quod
3068 1905 3219 1949 vero
3248 1886 3511 1947 haeretici
3548 1886 3729 1967 adjun-

2216 1988 2398 2059 gunt,
2428 1981 2787 2044 Judaeorum
2818 1999 3034 2043 curam
3064 1977 3417 2058 specialiter
3456 1978 3623 2040 fuisse
3646 1982 3731 2041 Pe-

2213 2082 2310 2137 tro
2340 2076 2755 2152 commissam,
2781 2082 2989 2155 aperte
3012 2074 3242 2135 falsum
3267 2077 3377 2135 est.
3400 2074 3543 2135 Nam
3566 2073 3729 2153 primu

2214 2169 2265 2229 si
2309 2169 2639 2251 loquamur
2680 2170 2758 2229 de
2798 2169 3145 2231 ministerio
3188 2165 3636 2247 praedicationis
3670 2168 3730 2227 de

2214 2279 2337 2342 quo
2364 2261 2643 2324 haeretici
2667 2262 2788 2342 ipsi
2808 2261 3169 2341 loquuntur,
3199 2265 3438 2320 constat
3457 2278 3529 2320 ex
3548 2260 3726 2320 Matth.

2216 2356 2331 2416 ult.
2340 2400 2361 2431 ,
2387 2374 2515 2418 non
2540 2355 2739 2417 solum
2756 2356 2959 2431 Petro,
2982 2354 3090 2415 sed
3106 2356 3299 2415 etiam
3312 2352 3583 2415 omnibus
3604 2354 3732 2433 Apo-

2214 2446 2386 2509 stolis
2412 2448 2622 2510 datam
2650 2449 2835 2509 fuisse
2873 2454 3243 2527 potestatem
3273 2446 3525 2508 docendi
3556 2464 3731 2506 omnes

2212 2549 2428 2620 gentes
2454 2564 2471 2618 ;
2516 2552 2578 2603 et
2616 2544 2825 2603 Actor.
2858 2541 2935 2602 10
2964 2546 3025 2601 et
3055 2542 3158 2616 15,
3184 2540 3400 2601 Petrus
3439 2538 3733 2618 specialiter

2213 2635 2481 2697 mittitur
2526 2634 2607 2695 ad
2652 2633 3115 2716 praedicandum
3160 2632 3455 2713 gentibus
3470 2649 3491 2709 3
3534 2638 3733 2693 constat

2210 2730 2399 2790 etiam
2434 2748 2513 2791 ex
2550 2730 2880 2791 traditione
2910 2736 3209 2809 perpetua
3252 2728 3581 2808 praecipuas
3615 2744 3735 2805 gen·

2206 2826 2367 2885 tium
2416 2823 2739 2899 Ecclesias,
2779 2822 3259 2896 Antiochenam,
3316 2820 3657 2893 Romanam,
3688 2828 3737 2879 et

2205 2917 2379 2996 aliaS,
2419 2916 2727 2998 praecipue
2766 2932 2877 2995 per
2914 2916 3253 2994 Europam,
3300 2932 3341 2975 a
3375 2914 3543 2974 Petro
3582 2912 3733 2973 fuisse

2214 3016 2467 3087 erectas,
2495 3017 2566 3072 ut
2588 3009 2767 3070 docet
2795 3008 3191 3069 Innocentius
3220 3007 3271 3083 1,
3312 3006 3489 3089 epist.
3515 3006 3735 3083 13sieut

2212 3122 2247 3165 e
2276 3103 2587 3165 contrario
2626 3102 2813 3163 Paulo
2850 3119 2979 3162 non
3014 3100 3217 3163 solum
3256 3100 3469 3161 datum
3498 3106 3583 3161 est
3618 3116 3733 3177 gen·

2210 3196 2398 3271 tibus,
2431 3196 2539 3257 sed
2570 3194 2804 3257 Judaeis
2845 3194 3035 3257 etiam
3076 3194 3448 3274 praedicare,
3477 3193 3659 3254 Actor.
3683 3193 3727 3252 9.

2211 3289 2386 3351 Unde
2414 3291 2441 3351 ί
2487 3287 2761 3349 Corinth.
2794 3286 3121 3367 profitetur
3148 3306 3214 3348 se
3237 3286 3470 3348 Judaeis
3492 3284 3731 3347 Judaeum

2208 3382 2443 3443 factum
2466 3400 2620 3457 esse,
2647 3388 2718 3441 ut
2738 3398 2953 3441 omnes
2976 3380 3370 3441 lucrifaceret
3382 3395 3403 3458 3
3428 3380 3618 3458 itaque
3634 3394 3735 3437 non

2207 3482 2409 3555 potest
2440 3493 2515 3537 ea
2550 3474 2791 3535 ratione
2828 3473 3091 3551 astringi
3135 3473 3301 3533 Petri
3344 3478 3620 3553 potestas,
3646 3487 3736 3529 uec

2207 3568 2301 3629 illi
2338 3568 2651 3647 designari
2674 3578 2933 3651 possunt
2956 3572 3138 3627 certae
3163 3564 3451 3645 quoedam
3480 3580 3609 3625 oves
3632 3578 3736 3621 ma-

2207 3660 2302 3739 gis
2334 3678 2521 3740 quam
2550 3659 2714 3720 aliae.
2757 3658 2931 3733 Quod
2961 3676 3104 3719 vero
3132 3658 3463 3718 adducitur
3502 3676 3573 3719 ex
3608 3656 3643 3715 2
3676 3653 3736 3713 ad

2206 3753 2469 3828 Galatas,
2494 3752 2925 3833 accipiendum
2954 3758 3045 3812 est
3072 3749 3419 3812 secuudum
3442 3748 3738 3831 quamdam

2206 3846 2834 3908 accommodationem
2848 3867 2867 3920 3
2893 3844 3183 3906 convenit
3208 3842 3381 3905 enim
3407 3844 3562 3904 inter
3580 3840 3739 3919 Apos-

2208 3938 2365 4001 tolos
2391 3945 2461 3999 ut
2480 3940 2763 4019 regiones
2786 3938 3006 4000 mundi
3030 3938 3195 3999 inter
3218 3956 3285 3999 se
3311 3936 3663 4009 dividerent,
3685 3950 3741 3993 ac

2210 4036 2368 4095 iorte
2399 4034 2611 4095 Petrus
2641 4041 2703 4096 et
2749 4034 2975 4095 Paulus
3010 4034 3175 4095 inter
3210 4052 3277 4095 se
3322 4034 3652 4095 statuerunt
3686 4031 3741 4087 ut

2209 4128 2367 4190 alter
2401 4128 2824 4209 principaliter
2864 4127 3212 4189 attenderet
3253 4124 3625 4189 conversioni
3654 4121 3738 4182 Ju-

2210 4221 2511 4297 daeorum,
2554 4220 2837 4301 gentium
2880 4220 3059 4297 alter,
3100 4227 3171 4282 ut
3211 4220 3337 4283 late
3364 4221 3741 4295 Hieronymus

2210 4332 2283 4375 eo
2323 4312 2457 4375 loco
2498 4313 2773 4393 exponit,
2804 4313 2914 4393 qui
2942 4314 3011 4373 in
3037 4313 3300 4393 epistola
3324 4313 3405 4373 ad
3429 4310 3737 4381 Salvinam,

2198 4406 2395 4487 paulo
2430 4412 2567 4487 post
2596 4405 2870 4482 initium,
2902 4406 3015 4481 ait,
3042 4412 3258 4486 postea
3287 4407 3533 4468 Petrum
3556 4402 3627 4461 ab
3650 4419 3742 4459 au-

2210 4499 2415 4579 gustia
2449 4498 2935 4561 circumcisionis
2962 4498 3335 4565 translatum
3363 4514 3491 4561 esse
3513 4494 3587 4558 ad
3614 4511 3740 4574 prae-

2210 4591 2371 4671 putii
2397 4589 2815 4654 latitudinem.

2287 4688 2387 4747 22.
2438 4684 2649 4751 Tertia
2687 4686 2965 4767 probatio
3014 4703 3088 4749 em
3126 4684 3555 4769 proezoyativis
3585 4678 3741 4747 Petri

2205 4779 2272 4842 in
2296 4778 2633 4861 Evanqelio
2658 4782 2952 4845 contentis
2967 4826 2983 4855 ‚
3015 4782 3084 4843 do
3110 4780 3327 4861 quibus
3352 4781 3613 4841 recenter
3646 4774 3741 4835 Ja-

2208 4875 2383 4938 cobus
2411 4874 2653 4954 Baras,
2690 4866 2735 4937 Ζ.
2766 4876 2804 4935 2
2828 4876 3331 4947 Institutionum
3362 4890 3492 4955 cap.
3527 4872 3653 4933 117.
3674 4896 3741 4911 —-

2213 4969 2420 5031 Tertio
2441 5014 2463 5046 ,
2516 4969 2937 5049 principaliter
2984 4967 3281 5047 probatur
3336 4964 3631 5028 conclusio
3678 4978 3741 5021 ex

2213 5062 2349 5125 aliis
2380 5063 2526 5124 locis
2560 5063 2905 5142 Evangelii,
2944 5069 3007 5125 et
3040 5080 3119 5123 ex
3154 5062 3446 5123 Actorum
3484 5058 3651 5133 libro,
3686 5056 3741 5113 iu

2213 5156 2438 5235 quibus
2462 5156 2771 5217 indicatur
2797 5154 2928 5217 haec
2952 5154 3116 5217 Petri
3140 5154 3429 5233 dignitas.
3480 5154 3547 5212 ln
3570 5152 3741 5211 Evan-

2212 5248 2389 5327 geliis
2422 5249 2593 5310 enim
2624 5255 2770 5310 sunt
2798 5248 2997 5309 multa
3034 5246 3157 5309 alia
3196 5246 3513 5327 dignitatis
3548 5244 3738 5321 signa:

2214 5340 2437 5421 primo,
2484 5340 2577 5401 illi
2614 5340 3013 5419 singulariter
3060 5347 3335 5402 mutatur
3390 5354 3609 5399 nomen
3626 5377 3647 5409 ,
3690 5336 3743 5389 et

2213 5432 2383 5494 aliud
2426 5434 2811 5513 imponitur,
2855 5432 3021 5514 quod
3075 5449 3315 5512 semper
3360 5429 3636 5500 retinuit,
3679 5438 3739 5480 ae

2213 5524 2393 5587 valde
2425 5526 2959 5589 accommodatum
2991 5525 3070 5587 ad
3106 5522 3567 5607 significandam
3598 5520 3741 5579 futu·
