3900 6217
532 429 696 480 SEGT.
734 430 770 481 1.
809 431 889 480 AN
924 429 1021 482 Sl'l'
1058 429 1133 480 ΕΤ
1166 430 1313 492 Quin
1346 431 1443 480 Sl'r
1478 429 1769 482 eccm-:sis
1802 429 1881 481 ΕΤ
1917 430 1998 481 Ex
2034 429 2254 492 QUIBUS
2289 428 2589 480 PARTIBUS
2622 427 2914 480 CONSTET.

180 538 245 595 ita
264 547 445 610 aperte
466 529 645 590 sentit
668 529 1069 606 Augustinus„
1100 534 1282 590 tract.
1315 531 1355 588 t
1378 531 1439 588 iu
1465 529 1673 603 Joan„

180 626 275 688 etl.
300 630 333 686 -1
372 625 441 684 «le
485 622 813 701 Baptismo,
858 639 995 700 cap.
1026 625 1097 683 21
1125 638 1146 700 3
1193 623 1481 701 idemque
1514 621 1675 682 sumi

180 725 333 801 potest
354 735 419 778 ex
447 717 755 796 GregoriO,
805 718 885 778 24
914 715 1154 789 Mol-al„
1207 735 1259 778 c.
1293 718 1356 790 2,
1392 723 1453 776 et
1488 715 1529 775 1.
1572 718 1673 790 35,

180 817 289 874 c.7.
331 811 583 872 Tandem
637 809 989 889 Dionysius,
1016 809 1091 870 de
1127 809 1355 870 Eccles,
1404 810 1673 884 Hieran,

178 907 261 967 suh
288 906 477 978 finem,
505 921 637 982 cap.
664 905 726 978 6,
758 903 1029 964 dlversos
1052 903 1279 980 gradus
1315 902 1677 964 hierarchiae

65 1049 68 1082 ÷
178 997 533 1060 ecclesiasticae
558 996 967 1074 distinguens,
1006 996 1467 1058 catechumenis
1490 1013 1673 1056 suum

65 1087 68 1110 ¹
174 1094 335 1153 locum
370 1089 597 1150 tribuit.
648 1090 852 1168 Neque
886 1089 1137 1150 obstant
1186 1090 1253 1152 in
1290 1089 1675 1150 contrarium

65 1187 67 1252 ῗ
174 1186 427 1262 adducta3
454 1184 653 1244 solum
692 1186 859 1246 enim
896 1183 1161 1264 probant
1200 1184 1675 1246 catechumenos

65 1305 67 1354 3
171 1297 269 1340 non
300 1295 413 1338 esse
458 1275 535 1338 de
582 1277 873 1354 Ecclesia,
918 1283 1223 1356 quantum
1250 1278 1329 1338 ad
1356 1295 1461 1338 eas
1493 1295 1680 1356 pecu>-

168 1373 311 1432 liarae
342 1371 736 1446 conditiones,
794 1378 859 1431 et
906 1370 1097 1431 veluti
1136 1369 1503 1439 accidentia,
1536 1389 1675 1450 qnoe

168 1465 389 1526 Christus
414 1464 693 1526 Ecclesiae
743 1463 1187 1545 superaddidit,
1220 1482 1347 1526 non
1377 1483 1523 1525 vero
1546 1481 1675 1526 non

168 1577 265 1620 esse
292 1559 476 1638 q'uoad
530 1576 607 1620 ea
634 1577 775 1638 qum
816 1567 963 1620 sunt
1008 1561 1187 1639 quasi
1228 1560 1307 1622 de
1332 1559 1673 1622 substantia

166 1653 424 1727 Ecclesiae,
475 1669 617 1731 qum
654 1671 899 1733 semper
925 1653 1141 1715 eadem
1190 1653 1332 1729 fuit,
1378 1671 1519 1734 quae
1547 1654 1673 1714 duo

168 1748 349 1807 suntin
376 1746 662 1820 Ecclesia,
686 1754 867 1825 prout
880 1763 1049 1807 nunc
1074 1752 1189 1823 est,
1208 1746 1667 1826 distinguenda.

230 1837 419 1902 l9.Ad
449 1841 863 1921 probationem
898 1841 967 1902 in
1000 1859 1164 1902 nuni.
1200 1843 1299 1902 17.
1322 1871 1404 1888 --
1428 1842 1678 1904 Instau-

170 1937 239 1999 tia
260 1934 514 1996 diluitur.
546 1965 635 1980 --
678 1933 851 1996 Unde
892 1934 971 1996 ad
1020 1933 1293 2014 primum
1348 1934 1675 2012 responde-

168 2035 263 2102 tur,
288 2043 621 2086 sermonem
662 2043 791 2088 esse
816 2026 884 2087 in
928 2026 1049 2088 illis
1092 2027 1243 2088 locis
1294 2026 1373 2088 de
1408 2027 1675 2090 Ecclesia

168 2121 442 2181 seumdum
492 2138 644 2182 enm
697 2126 927 2180 statum
974 2121 1289 2198 integrum
1352 2138 1535 2199 quem
1596 2141 1673 2182 ex

168 2215 340 2276 Christi
376 2213 767 2275 institutione
810 2213 1021 2290 habet,
1054 2215 1337 2293 quamvis
1382 2214 1683 2293 explicari

168 2309 349 2388 possint
368 2308 549 2368 etiam
588 2308 663 2369 de
704 2309 1017 2386 Baptismo
1064 2309 1127 2368 in
1170 2327 1239 2368 re
1276 2306 1371 2368 vel
1408 2308 1475 2368 in
1505 2315 1672 2368 voto.

168 2401 235 2462 Ad
250 2402 481 2480 primam
501 2401 1040 2462 confirmationem
1050 2447 1070 2476 ,
1084 2402 1273 2462 dicito
1288 2419 1675 2481 synagogam

169 2513 261 2554 nou
286 2495 450 2554 ruisse
470 2493 894 2554 universalem
920 2494 1280 2570 Ecclesiam,
1308 2495 1468 2556 sicut
1489 2513 1562 2558 ea
1587 2501 1681 2556 est

170 2588 225 2648 de
260 2606 363 2667 qua
386 2605 549 2648 nunc
596 2587 927 2666 loquimur.
976 2587 1073 2648 Ad
1106 2588 1463 2661 secundam,
1510 2589 1679 2666 quic-

173 2681 280 2758 quid
304 2681 371 2739 sit
392 2680 465 2739 de
490 2681 918 2756 antecedenti,
944 2681 1229 2759 neganda
1262 2687 1353 2742 est
1382 2680 1681 2761 simplici-

174 2776 691 2854 terconsequentia,
716 2793 862 2834 nam
894 2780 1093 2853 potest
1114 2774 1377 2854 quilibet
1404 2775 1675 2836 exterius

178 2868 380 2944 pmfiteri
404 2868 621 2942 fidem,
657 2869 847 2929 etiam
882 2873 1027 2928 ante
1062 2867 1459 2948 baptismum.
1498 2869 1680 2929 Dein-

190 2960 257 3033 de,
274 2969 323 3020 ut
352 2979 673 3022 summum
708 2960 896 3024 efficit
930 2959 1322 3022 confirmatio
1368 2962 1475 3024 illa
1518 2969 1677 3024 cate-

190 3053 437 3115 chumenos
477 3073 609 3114 non
646 3055 739 3114 ita
766 3073 894 3116 esse
931 3056 1007 3117 de
1051 3055 1318 3116 Ecclesia
1357 3074 1396 3116 a
1438 3056 1679 3118 Christo

182 3145 416 3223 instituta,
445 3156 517 3208 ut
546 3148 661 3227 jus
706 3147 977 3209 habeant
1010 3149 1089 3210 ad
1130 3154 1533 3222 sacramenta,
1580 3150 1677 3210 vel

176 3247 433 3302 teneantur
449 3242 713 3304 obedire
732 3241 969 3320 legibus
992 3241 1303 3316 Ecclesiae,
1328 3247 1447 3302 etc.
1473 3241 1673 3318 Unde,

173 3333 225 3392 ad
241 3340 443 3394 tertiam
466 3335 1033 3406 confirmationem,
1061 3334 1557 3413 respondendum
1578 3353 1677 3394 ca·-

171 3427 543 3488 teehumenum
564 3447 705 3490 non
726 3435 967 3488 tantum
996 3427 1227 3488 habere
1254 3429 1551 3490 unionem
1578 3429 1675 3488 in·

168 3521 375 3594 ternam,
422 3523 527 3581 sed
570 3527 921 3595 externam,
956 3521 1147 3581 etiam
1196 3539 1301 3600 per
1352 3528 1675 3583 externam

168 3610 273 3672 fidei
294 3615 753 3689 confessionem,
779 3632 935 3693 qtiae,
992 3621 1061 3674 ut
1112 3615 1319 3676 Patres
1345 3614 1538 3693 aliqui
1580 3615 1675 3674 in-

167 3707 559 3783 terpretantur,
624 3707 1107 3768 fundamentum
1174 3712 1267 3768 est
1320 3707 1417 3766 vel
1472 3707 1676 3786 potius

166 3798 317 3860 forma
340 3802 639 3864 Ecclesiae.
697 3804 778 3863 At
822 3801 993 3880 quid,
1028 3803 1080 3862 si
1117 3802 1205 3862 ita
1233 3801 1487 3862 haberet
1512 3805 1675 3861 cate-

166 3889 445 3954 chumenus
470 3895 841 3956 interiorem
868 3893 1079 3969 fidem,
1102 3901 1173 3954 ut
1196 3894 1367 3955 nullo
1386 3893 1675 3955 exteriori

65 3999 67 4006 ·
166 3985 300 4061 signo
322 3988 481 4050 illam
503 3989 922 4068 profiteretur,
949 3990 1139 4050 etiam
1158 3989 1431 4050 occulte?
1459 3988 1677 4048 Occur-

166 4077 397 4155 rendum,
424 4080 485 4142 id
512 4083 625 4143 vix
654 4099 785 4144 esse
806 4082 1123 4144 moraliter
1142 4081 1447 4161 possibile,
1482 4098 1679 4159 eoque

166 4171 336 4248 fosite,
372 4175 571 4236 adhuc
596 4175 783 4236 illum
826 4176 961 4236 fore
1000 4175 1345 4236 vocandum
1392 4173 1675 4236 Ecclesiae

166 4266 481 4344 membrum,
526 4277 785 4348 propter
830 4276 1193 4346 argumenta
1226 4269 1427 4346 facta3
1480 4285 1676 4327 mem·

164 4355 303 4418 hrum
342 4363 501 4424 enim
541 4363 787 4424 visibile
830 4368 1027 4441 potest
1068 4363 1385 4424 interdum
1422 4377 1673 4422 manere

164 4453 499 4528 conjunctum
560 4473 673 4532 per
716 4455 909 4516 solam
964 4455 1342 4516 invisibilem
1382 4456 1669 4527 formam,

163 4563 267 4620 qnae
294 4547 359 4606 de
388 4565 449 4608 se
480 4567 589 4626 per
613 4548 871 4609 effectus
902 4548 1173 4608 visibiles
1216 4547 1667 4620 manifestatur,

164 4640 391 4711 quamvis
468 4641 681 4721 aliquo
730 4649 1003 4720 tempore
1074 4643 1195 4701 illis
1252 4641 1517 4701 deficiat.
1577 4639 1670 4701 Ad

164 4727 399 4792 ultimam
420 4735 953 4796 confirmationem
982 4754 1059 4796 ex
1089 4735 1393 4809 Patribus,
1424 4751 1673 4812 respon-

168 4823 254 4882 ·lco
273 4845 361 4887 eos
382 4829 757 4908 distinguere
778 4832 941 4892 inter
958 4832 1425 4892 catechumenos
1446 4836 1507 4891 et
1525 4829 1674 4908 bap-

170 4915 359 4994 timos,
396 4939 519 4984 non
564 4925 631 4984 in
674 4924 913 4985 ratione
955 4923 1407 4998 membrorum,
1458 4923 1565 4982 sed
1605 4923 1673 4984 in

172 5015 671 5076 communicatione
708 5024 1265 5078 sacramentorum.

230 5105 312 5165 20.
344 5107 487 5181 Qu
507 5113 783 5194 sufficiat
808 5113 891 5173 ad
912 5129 1059 5172 mem
1068 5113 1237 5172 hrum
1258 5109 1574 5174 Ecclesioe.
1598 5145 1676 5156 --

65 5219 67 5222 >
181 5195 405 5275 Septim
426 5205 627 5283 opinio
650 5207 719 5266 iu
760 5206 985 5268 ordine.
1016 5237 1093 5250 -
1136 5204 1421 5267 Primum
1450 5207 1679 5282 sanda-

178 5299 405 5356 αποπητη.
430 5329 503 5342 -
528 5297 951 5377 confirmatur.
976 5329 1059 5344 --
1077 5299 1197 5360 Sex
1226 5297 1523 5358 hactenus
1550 5299 1679 5374 opi·

182 5384 349 5446 nionoe
372 5391 801 5465 recensuimus,
844 5407 979 5470 quae
1036 5389 1297 5470 aliquid,
1342 5396 1563 5469 praeter
1604 5390 1679 5450 fi-

182 5473 310 5552 dem,
330 5481 387 5540 in
404 5482 691 5544 membris
714 5483 996 5545 Ecclesioe
1017 5483 1377 5562 requirunt:
1403 5490 1679 5562 superest

184 5578 235 5626 ut
256 5589 679 5652 enumeremus,
712 5595 847 5658 quoe
874 5594 989 5640 nec
1034 5575 1223 5638 fidem
1244 5577 1439 5660 ipsam
1470 5593 1678 5639 neces·

3197 425 3306 488 25¹

1754 529 1980 590 sariam
2035 547 2160 590 esse
2215 529 2598 590 arbitrentur
2643 546 2658 588 ε
2701 535 2766 590 et
2809 531 3098 608 primum,
3153 535 3316 611 apud

1756 640 1972 690 ,omues
2006 621 2425 684 indubitatum
2455 628 2547 683 est
2573 641 2696 698 eoa,
2742 625 2848 702 qui
2893 624 3014 685 fide
3043 626 3226 686 simul
3257 633 3320 688 et

1758 716 2112 778 charactere
2149 716 2448 794 Baptismi
2481 723 2714 792 carent,
2745 735 2872 778 non
2907 721 3212 797 pertinere
3241 721 3317 782 ad

1756 810 2118 885 Ecclesiam3
2154 809 2230 870 de
2267 812 2366 872 his
2399 811 2563 871 enim
2613 810 2995 889 potissimum
3028 812 3320 892 iutelligi-

1756 911 1860 964 tur
1888 903 1954 963 id
1979 903 2152 964 Pauli
2182 921 2200 965 :
2240 901 2400 976 Quid
2415 903 2571 966 mihi
2597 905 2666 965 de
2683 905 2780 967 tais
2819 903 2926 984 qui
2947 904 3106 980 foris·
3129 907 3320 970 sunt?

1758 997 1960 1076 prima
1993 996 2265 1058 Corinth.
2293 998 2354 1058 ὃ.
2385 996 2620 1056 Volunt
2645 996 2837 1075 igitur
2857 997 3144 1058 nonnulli
3173 997 3321 1078 bap-

1755 1091 1974 1152 tizatos
2006 1090 2330 1152 haereticos
2369 1107 2606 1152 omnes*
2629 1107 2758 1151 esse
2809 1091 3092 1153 membra
3117 1091 3320 1154 Eccle-

1756 1185 1889 1260 siae,
1934 1191 2118 1264 atque
2161 1185 2314 1246 adeo
2349 1203 2474 1244 non
2517 1185 2728 1262 fidem,
2767 1185 2873 1246 sed
2902 1185 3318 1248 charactere-m

1756 1296 1885 1340 esse
1916 1277 2184 1340 formam
2237 1279 2642 1340 necessariam
2667 1322 2687 1354 ‚
2731 1284 2795 1340 et
2843 1280 3318 1342 constituentem

1757 1389 1980 1450 corpus
2007 1372 2316 1434 Ecclesiae.
2349 1372 2440 1432 lta
2469 1371 2700 1448 Castro,
2737 1373 3006 1434 secundo
3031 1373 3108 1434 de
3147 1376 3344 1436 Justa'

1758 1465 2207 1526 Haereticorum
2229 1465 2577 1544 punitione,
2595 1483 2732 1544 cap.
2755 1468 2858 1542 243
2884 1466 3229 1545 cajetanus,
3251 1469 3318 1528 iu

1756 1576 1963 1637 opusc.
2000 1564 2024 1620 1
2063 1558 2142 1622 de
2165 1559 2544 1622 Auctoritate
2570 1561 2774 1639 Papae,
2819 1579 2874 1622 c.
2919 1561 2994 1620 12
3035 1566 3098 1622 et
3125 1563 3228 1635 27,
3261 1567 3322 1624 et

1752 1651 1820 1712 in
1852 1669 2066 1731 opusc.
2109 1655 2172 1728 2,
2204 1671 2258 1715 c.
2292 1654 2394 1716 25.
2430 1653 2927 1715 Fundamentum
2969 1653 3177 1716 afferri
3215 1673 3320 1736 po-

1759 1753 1878 1808 test
1932 1748 2158 1827 prime,
2192 1749 2339 1828 quia
2393 1749 2659 1810 Ecclesia
2704 1767 2828 1809 non
2875 1755 3074 1828 potest
3101 1749 3340 1828 punire·

1758 1858 1883 1916 eos,
1926 1841 2032 1920 qui
2059 1849 2206 1902 sunt
2233 1849 2406 1904 extra
2447 1843 2680 1922 ipsam3
2729 1848 2926 1920 potest
2950 1847 3159 1904 autem
3207 1861 3319 1924 pu-

1756 1935 1893 1996 nire
1914 1935 2256 2008 haereticos.
2287 1936 2595 2010 Secunde,
2615 1935 2885 1998 haerctici
2911 1942 3198 1998 exercent
3217 1955 3322 1998 ve-

1754 2043 1857 2088 ros
1906 2035 2077 2088 actus
2125 2028 2380 2105 ordinis,
2434 2029 2738 2090 nimirum
2786 2030 3206 2102 consecrandi,
3259 2035 3324 2091 et

1752 2120 1911 2182 forte
1940 2121 2380 2198 iurisdictionis
2419 2123 2486 2182 in
2513 2122 2718 2201 aliquo
2754 2129 3004 2198 eventu,
3051 2123 3242 2185 veluti
3270 2126 3322 2184 si

1756 2215 2088 2294 Episcopus
2113 2221 2226 2276 aut
2251 2216 2440 2276 etiam
2471 2217 2632 2294 Papa
2662 2216 2728 2276 in
2751 2217 3032 2278 haeresim
3063 2217 3318 2292 incidat,

1754 2308 2269 2388 permittaturque
2333 2309 2680 2387 gubernare
2708 2332 2724 2384 ς
2783 2327 2922 2388 quoe
2970 2312 3220 2372 nonnisi
3283 2327 3322 2370 a

1758 2399 2054 2460 membris
2083 2401 2360 2462 Ecclesiae
2393 2408 2648 2480 possunt
2677 2402 2849 2479 fleri3
2885 2409 3030 2464 sunt
3057 2421 3208 2481 ergo
3227 2422 3322 2464 re·

1757 2511 1905 2554 vera
1932 2495 2216 2556 membra
2256 2495 2441 2558 illius.
2494 2497 2724 2570 Terti0,
2776 2499 2923 2576 quia
2973 2497 3322 2576 Baptismus

1760 2595 1851 2649 est
1868 2590 2064 2666 janua
2084 2589 2161 2650 ad
2191 2590 2554 2666 Ecclesiam3
2586 2607 2734 2668 ergo
2764 2590 3049 2670 proprius
3071 2589 3324 2651 effectus

1762 2682 1897 2760 ejus
1938 2680 2258 2743 constituit
2297 2681 2648 2744 membrum
2687 2683 2968 2744 Ecclesia?
2990 2698 3010 2760 3
3058 2683 3164 2744 ille
3213 2701 3324 2744 au-

1754 2781 1883 2836 tem
1936 2782 2024 2836 est
2075 2776 2419 2848 character3
2481 2793 2653 2854 erge,
2715 2782 2832 2838 etc.
2885 2775 3318 2837 Confirmatur.

1758 2867 1913 2928 Nam
1938 2867 2053 2928 hac
2079 2869 2342 2942 ratione,
2371 2868 2656 2946 insigniti
2699 2887 2772 2930 eo
2799 2869 3148 2930 charactere
3169 2869 3320 2931 reci·

1759 2962 1941 3041 piunt
1967 2961 2206 3041 aliquos
2231 2961 2504 3024 influxus
2533 2961 2925 3042 peculiaresa
2953 2963 3196 3024 Christo
3225 2981 3325 3024 ca·-

1762 3055 1907 3134 pitc.
1940 3056 2195 3131 Quarto,
2227 3057 2396 3134 quia,
2429 3059 2468 3118 2
2505 3057 2583 3116 ad
2636 3056 2906 3117 Timoth.
2957 3059 3021 3133 2,
3051 3057 3140 3117 ait
3169 3058 3324 3118 Pau·

1758 3148 1853 3208 lus
1885 3163 1901 3208 ε
1938 3148 2024 3209 In
2057 3165 2282 3231 maqna
2323 3151 2490 3210 domo
2513 3193 2529 3222 ,
2579 3148 2643 3209 id
2691 3153 2784 3209 est
2835 3148 3123 3226 Ecclesia,
3181 3155 3325 3213 sunt

1757 3258 1907 3302 vasa
1938 3246 2220 3324 προπίω
2249 3246 2310 3303 et
2348 3242 2601 3318 fictitia,
2649 3243 2712 3304 id
2751 3250 2844 3303 est
2883 3241 3189 3317 hoeretici3
3234 3243 3324 3303 lo-

1757 3338 1972 3414 quitur
1993 3335 2162 3398 enim
2205 3337 2282 3396 de
2309 3337 2650 3414 Hymenaeo
2679 3345 2741 3399 et
2787 3337 3067 3413 Phileto;
3095 3338 3184 3398 ita
3223 3337 3325 3398 vi-

1754 3428 1932 3489 detur
1967 3429 2360 3507 interpretari
2391 3431 2798 3509 Augustinus,
2839 3431 2998 3493 libro
3027 3431 3208 3492 tertio
3241 3431 3320 3492 de

1754 3523 2090 3602 Baptistae,
2127 3541 2181 3583 c.
2215 3525 2316 3599 19,
2359 3532 2422 3584 et
2460 3524 2502 3584 l.
2537 3526 2599 3599 4,
2631 3543 2685 3585 c.
2733 3527 2810 3586 ⁴2
2840 3541 2858 3601 3
2907 3523 3172 3586 habetur
3217 3526 3320 3597 23,

1756 3622 1968 3694 quaest.
2001 3617 2064 3688 4,
2105 3617 2292 3695 capit.
2348 3615 2465 3690 Qui
2494 3619 2840 3680 secundum.
2881 3617 3318 3694 Confirmatur,

1756 3710 1903 3788 quia
1929 3707 2182 3780 ibidem,
2228 3710 2296 3770 in
2335 3727 2471 3790 cap.
2520 3712 2816 3787 Quantus,
2850 3712 3192 3790 Cyprianus
3217 3730 3325 3791 pa-

1758 3801 2035 3864 rabolam
2077 3803 2491 3880 zizaniorum,
2539 3805 2758 3868 Matth.
2797 3808 2900 3879 13,
2933 3805 3010 3865 de
3054 3805 3324 3868 Ecclesia

1755 3896 1988 3958 dictam
2017 3915 2146 3958 esse
2171 3897 2483 3976 intelligit,
2519 3916 2661 3959 cum
2701 3905 2910 3960 tamen
2933 3899 3166 3960 zizania
3195 3899 3324 3958 sint

1756 3989 2034 4051 haeretici
2053 4037 2070 4065 ,
2101 4009 2181 4052 ex
2209 3992 2588 4071 Hieronymo
2621 3999 2682 4053 et
2715 3991 3171 4072 chrysostome,
3210 3992 3320 4068 ibi,

1758 4091 1821 4146 et
1846 4084 2220 4162 Augustino,
2261 4103 2322 4165 q.
2359 4089 2429 4147 11
2468 4085 2534 4146 in
2562 4085 2784 4148 Matth.

1836 4178 1936 4238 21.
1969 4178 2294 4256 Rejz‘citur.
2317 4209 2394 4226 --
2413 4177 2832 4240 Nihilominus
2851 4178 3158 4239 contraria
3187 4196 3324 4239 sen·

1756 4271 1954 4330 tentia
1983 4289 2128 4331 vera
2153 4278 2266 4346 est,
2289 4278 2350 4332 et
2377 4271 2692 4350 colligitur
2717 4271 2900 4350 plane
2927 4289 3004 4332 ex
3031 4272 3323 4332 omnibus

1759 4363 1962 4424 citatis
1991 4364 2295 4437 Patribus,
2325 4365 2552 4443 quibus
2583 4364 2769 4426 fidem
2797 4383 2928 4424 esse
2950 4364 3322 4424 fundamen·

1753 4466 1887 4516 tum
1908 4458 2410 4518 confirmavimus
2421 4474 2441 4534 3
2465 4457 2630 4536 quod
2646 4458 2834 4518 etiam
2855 4457 3035 4518 docet
3061 4457 3322 4536 Cypria·

1752 4568 1892 4624 nus,
1922 4550 2033 4611 lib.
2084 4553 2140 4621 1,
2171 4550 2430 4628 epistola
2475 4553 2512 4611 3
2547 4564 2609 4610 et
2641 4551 2781 4626 6,1.
2829 4551 2890 4626 3,
2940 4550 3197 4630 epistola
3241 4552 3320 4625 93

1754 4641 2208 4719 Hieronymus,
2253 4642 2500 4721 dialogo
2552 4649 2762 4704 contra
2819 4644 3212 4719 Luciferian„
3257 4645 3322 4703 in

1753 4734 1915 4810 fine;
1957 4735 2312 4814 GregoriuS,
2359 4738 2434 4796 12
2477 4737 2718 4807 Moral„
2773 4756 2907 4817 cap.
2961 4740 3060 4814 15,
3117 4745 3178 4800 et
3209 4737 3318 4799 lib.

1756 4828 1857 4903 16,
1888 4846 2024 4907 cap.
2056 4831 2159 4903 21,
2191 4829 2280 4890 ait
2317 4830 2642 4891 haereticos
2669 4831 2924 4894 nomine
2957 4838 3140 4893 tenus
3191 4845 3324 4894 esse

1756 4921 2158 4997 Christianos,
2205 4941 2332 4983 non
2367 4937 2468 5000 re;
2509 4923 2660 4985 item
2703 4925 3109 5003 Augustinus,
3141 4925 3254 4985 lib.
3286 4927 3323 4985 ‘1

1757 5014 1833 5074 de
1876 5014 2210 5094 BaptismO,
2241 5015 2439 5094 capite
2473 5019 2572 5092 10,
2624 5023 2686 5076 et
2713 5017 2792 5076 de
2830 5017 3078 5078 Unitute
3119 5016 3323 5078 Eccle-

1756 5109 1887 5181 siae,
1930 5108 2213 5186 eapite't.
2252 5109 2410 5168 Hinc
2441 5109 2630 5169 etiam
2661 5111 2886 5179 Patres,
2921 5127 3066 5171 cum
3094 5111 3172 5170 de
3199 5110 3326 5171 hoe·

1757 5200 1964 5260 reticis
1986 5199 2348 5279 loquuntur,
2377 5217 2480 5262 eos
2501 5201 2716 5261 dicunt
2743 5219 2872 5262 esse
2899 5203 3070 5278 foris,
3099 5208 3160 5264 et
3179 5221 3322 5264 eum

1759 5299 2230 5368 convertuntur,
2261 5293 2464 5354 redire
2489 5294 2566 5356 ad
2598 5295 2953 5371 Ecclesiam,
2983 5313 3108 5376 quo
3137 5297 3324 5362 modo

1757 5386 2100 5464 loquuntur
2127 5387 2334 5448 Sixtus
2373 5388 2562 5467 Papa,
2589 5387 2849 5467 epistola
2889 5390 3091 5466 prima
3117 5389 3324 5451 decre·

1759 5483 1906 5555 tali3
1939 5481 2110 5544 Felix
2154 5483 2200 5556 l,
2256 5483 2516 5562 epistola
2549 5483 2778 5561 prima3
2819 5483 2969 5559 imo,
3021 5491 3086 5544 et
3115 5485 3324 5545 Conci·

1760 5573 1919 5642 lium
1946 5576 2291 5653 Nicaenum,
2327 5593 2463 5654 cap.
2521 5577 2597 5636 18
2643 5582 2705 5636 et
2757 5579 2867 5652 193
2919 5577 3208 5655 Irenoeus,
3249 5577 3324 5641 li·
