3900 6217
498 304 620 371 464

500 413 658 475 illud
700 410 981 473 additum
1034 409 1342 483 matina,
1371 426 1498 471 non
1537 407 1919 487 significatur
1945 407 2062 467 cri-

505 524 646 567 men
678 504 778 566 vel
811 510 1132 584 peccatum
1155 502 1542 581 proferentis,
1571 501 1678 562 sed
1709 500 1935 580 gradus
1962 500 2063 563 vel

503 599 771 678 qualitas
813 597 956 659 talis
993 595 1278 657 falsitatis
1305 610 1328 673 ;
1378 614 1526 675 ergo
1551 594 1826 655 absolute
1855 595 1941 655 sic
1976 594 2065 655 di-

504 692 666 752 citur
693 709 804 771 per
847 689 1128 751 ordinem
1157 689 1234 749 ad
1278 706 1412 750 rem
1455 688 1885 767 significatam,
1937 706 2065 747 non

505 802 618 864 per
657 783 1090 846 habitudinem
1140 781 1220 843 ad
1260 781 1590 843 dicentem.
1639 782 1716 843 Et
1759 780 2067 842 declarari

507 877 739 958 optime
767 882 968 956 potest
994 895 1033 936 a
1068 876 1397 951 contrari0,
1430 876 1578 954 quia
1603 874 1936 955 propositio
1965 892 2066 935 ve·

505 989 578 1029 ra
606 969 672 1030 in
701 969 982 1031 doctrina
1020 986 1192 1029 sacra
1223 988 1352 1029 non
1387 968 1613 1029 dicitur
1653 975 1804 1028 tunc
1831 984 1963 1027 esse
1988 967 2065 1026 de

505 1062 628 1125 fide
659 1062 910 1143 quando
953 1060 1076 1123 fide
1119 1061 1390 1123 creditur
1409 1108 1428 1135 ,
1463 1066 1574 1122 aut
1625 1079 1698 1121 ex
1757 1058 1879 1120 fide
1925 1076 2067 1138 pro·

504 1156 724 1232 fertur,
767 1156 876 1219 sed
913 1155 1212 1231 absolute,
1245 1155 1390 1235 quia
1433 1154 1808 1215 sufficienter
1843 1172 2067 1233 propo·

505 1251 628 1311 sita
663 1255 754 1311 est
805 1256 876 1311 ut
915 1268 952 1309 a
1003 1250 1126 1311 Deo
1174 1248 1466 1323 revelata,
1512 1256 1574 1308 et
1622 1254 2069 1327 consequenter

507 1346 655 1424 quia
693 1343 1034 1405 secundum
1061 1362 1126 1404 se
1151 1342 1344 1421 digna
1388 1347 1477 1402 est
1513 1347 1681 1402 certa
1721 1340 1886 1415 fide3
1919 1357 2067 1418 ergo

507 1437 842 1517 propositio
885 1435 1062 1511 falsa,
1111 1436 1204 1497 illi
1254 1435 1500 1496 veritati
1551 1432 1695 1495 fidei
1743 1433 2068 1495 manifeste

507 1548 888 1609 repugnans„
931 1528 1123 1591 habet
1150 1528 1482 1607 quemdam
1512 1528 1776 1607 gradum
1805 1525 2068 1588 certissi-

507 1640 627 1685 mae
681 1622 985 1695 falsitatiS,
1016 1640 1203 1701 quem
1254 1639 1582 1701 possumus
1627 1639 1848 1681 vocare
1899 1637 2069 1681 sum·

507 1732 682 1777 mum
713 1716 780 1777 in
807 1716 914 1777 illo
954 1716 1193 1790 ordine,
1225 1716 1466 1777 ratione
1493 1715 1668 1793 cujus
1691 1715 1948 1792 indigna
1980 1720 2073 1773 est

507 1816 578 1871 ut
605 1828 646 1871 a
670 1808 1012 1871 Christiano
1038 1810 1346 1881 credatur;
1373 1809 1542 1869 hunc
1570 1815 1776 1869 autem
1806 1807 2071 1886 gradum

508 1901 818 1981 significat
839 1902 950 1963 illa
972 1901 1272 1981 particula
1303 1902 1607 1976 Itoerotica,
1633 1918 1782 1961 nam
1807 1898 2073 1979 explieat

509 1996 740 2059 dictam
783 1996 1282 2057 contrarietatem
1324 1994 1402 2055 ad
1441 1994 1672 2069 fidem;
1723 2010 1870 2072 ergo
1911 1992 2072 2053 indi·

510 2093 611 2151 cat
648 2087 994 2151 absolutam
1038 2088 1478 2169 proprietatem
1523 2087 1663 2148 talis
1711 2085 2073 2167 propositio-

508 2182 638 2258 nis,
675 2182 890 2262 utique
925 2182 1154 2261 absque
1192 2190 1470 2261 respectu
1519 2181 1600 2241 ad
1649 2181 1932 2241 animum
1982 2180 2073 2243 lo-

509 2276 776 2356 quentis·
810 2276 984 2337 Unde
1023 2277 1208 2337 etiam
1256 2274 1609 2337 confirmari
1657 2279 1880 2354 potest,
1925 2274 2071 2352 quia

509 2369 844 2449 propositio
871 2386 1000 2431 non
1047 2375 1136 2430 est
1173 2369 1487 2444 haeretica,
1517 2386 1590 2429 eo
1626 2367 1794 2447 quod
1833 2366 1912 2427 ab
1943 2366 2073 2427 hae-

509 2462 700 2525 retico
737 2462 1104 2541 proferatur,
1133 2463 1241 2523 sed
1267 2463 1472 2542 potius
1499 2480 1534 2523 e
1559 2461 1892 2533 contrario,
1923 2461 2074 2540 quia

508 2556 845 2634 propositio
893 2556 1180 2617 hoeretiea
1225 2563 1352 2633 est,
1407 2556 1546 2617 ideo
1597 2556 1928 2617 haereticus
1974 2553 2068 2629 fit,

511 2648 616 2727 qui
661 2648 1082 2711 voluntarium
1115 2668 1430 2711 assensum
1459 2649 1554 2711 illi
1599 2648 1872 2729 praebet:
1924 2666 2071 2728 ergo

505 2742 852 2804 secundum
879 2762 944 2805 se
975 2750 1040 2805 et
1062 2744 1340 2805 absolute
1369 2746 1510 2805 talis
1531 2750 1664 2805 est.

587 2839 648 2899 5.
699 2834 802 2900 Aa
848 2840 1303 2915 [ammentum
1351 2840 1574 2921 prima·
1641 2838 1942 2921 opinionis
2009 2840 2076 2900 in

505 2949 570 2994 π.
625 2936 682 2993 1.
713 2964 798 2977 -
836 2933 931 2993 Ad
979 2933 1462 2995 fundamentum
1507 2934 1706 3012 igitur
1755 2931 2075 2992 contrariae

507 3026 854 3101 sententiae,
877 3032 1144 3104 negatur
1169 3027 1564 3102 antecedenS,
1593 3025 1740 3106 quia
1751 3025 1999 3087 hoeresis
2012 3030 2077 3085 et

506 3122 844 3199 propositio
869 3118 1196 3181 haerectiea
1225 3120 1472 3199 proprie
1513 3125 1576 3183 et
1619 3119 1686 3179 in
1715 3120 1918 3197 rigore
1947 3134 2075 3177 non

508 3218 655 3273 sunt
681 3211 872 3287 idem,
901 3211 1008 3273 sed
1040 3212 1338 3273 differunt
1373 3219 1671 3292 tanquam
1718 3218 1917 3285 actus,
1964 3226 2076 3271 seu

510 3310 854 3384 peccatum,
885 3312 948 3367 et
995 3306 1258 3367 materia
1302 3306 1466 3366 circa
1515 3322 1704 3385 quam
1751 3309 2071 3377 versatur3

507 3398 758 3460 haeresis
771 3401 940 3461 enim
961 3401 1204 3480 proprie
1219 3400 1528 3479 significat
1543 3404 1862 3480 peccatum
1881 3398 2077 3478 quod-

509 3492 656 3553 dam
697 3492 1114 3571 infidelitatis3
1147 3496 1482 3574 propositio
1531 3500 1742 3555 autem
1785 3490 2077 3553 hoeretica

508 3592 758 3647 tantum
789 3586 1100 3665 significat
1128 3590 1452 3649 materiam
1479 3588 1642 3648 circa
1683 3604 1873 3668 quam
1919 3582 2072 3645 illud

509 3688 834 3760 peccatum
860 3687 1160 3758 versatur,
1181 3682 1446 3762 ideoque
1471 3683 1614 3743 licet
1643 3681 1981 3761 pertinacia
2000 3679 2080 3741 sit

511 3776 588 3835 de
613 3775 856 3836 ratione
879 3775 1151 3851 haeresis,
1179 3794 1306 3838 nou
1331 3778 1472 3839 ideo
1502 3777 1783 3856 sequitur
1809 3776 1974 3857 quod
2000 3776 2081 3837 sit

512 3869 588 3929 de
616 3870 857 3931 ratione
887 3872 1321 3949 propositionis
1347 3870 1674 3932 haereticae.
1701 3868 1842 3930 Dixi
1865 3876 2079 3929 autem

504 3970 776 4049 proprie,
807 3973 864 4030 ot
886 3970 956 4028 iu
975 3967 1199 4046 rmore,
1229 3984 1377 4027 nam
1407 3963 1704 4043 distingui
1749 3962 1938 4023 etiam
1966 3976 2081 4040 po-

512 4070 632 4123 test
659 4062 909 4123 haeresis
931 4062 999 4121 in
1029 4060 1412 4123 materialem
1441 4066 1504 4119 et
1519 4057 1868 4133 formalem,
1903 4068 1974 4119 et
1992 4058 2081 4119 sie

514 4157 639 4219 dici
714 4164 916 4237 potest
982 4156 1463 4236 propositionem
1537 4154 1889 4215 haereticam
1951 4170 2081 4215 esse

512 4251 850 4330 quamdam
882 4250 1190 4325 haeresim,
1215 4268 1342 4309 non
1372 4248 1722 4322 formalem,
1753 4249 1857 4309 sed
1889 4255 2083 4310 mate·

512 4344 757 4419 rialem,
785 4345 950 4405 unde
984 4360 1230 4405 necesse
1258 4360 1384 4403 uon
1409 4348 1502 4404 est
1535 4351 1604 4403 ut
1629 4360 1706 4403 ex
1743 4343 2084 4421 pertinacia

513 4437 884 4517 proferentis
908 4437 1197 4517 pendeat,
1228 4436 1346 4497 hoc
1385 4436 1555 4497 enim
1579 4435 1780 4497 solum
1816 4435 2085 4515 pertinet

515 4531 595 4592 ad
625 4531 907 4593 haeresim
933 4530 1299 4606 formalem;
1329 4530 1494 4610 quod
1533 4534 1732 4611 potest
1778 4529 1957 4590 aliter
1986 4544 2088 4591 ex-

515 4623 732 4703 plicari
771 4639 849 4685 ex
875 4624 1206 4700 contrario,
1250 4624 1418 4704 quod
1459 4630 1552 4685 est
1595 4623 1776 4701 fides;
1819 4622 2091 4687 diximus

513 4718 684 4779 enim
731 4736 939 4796 supra,
983 4717 1174 4779 fidem
1213 4719 1529 4780 interdum
1573 4719 1766 4798 accipi
1797 4736 1906 4797 pro
1951 4718 2092 4780 doc-

515 4811 704 4886 triua,
732 4812 892 4871 utin
919 4812 1216 4891 Symbolo
1243 4812 1605 4875 Athanasii:
1632 4812 1790 4875 Hoec
1823 4816 1914 4873 est
1939 4812 2091 4889 fides

521 4904 874 4981 Catholioa‚·
903 4907 1220 4969 interdum
1266 4914 1328 4968 et
1387 4908 1780 4969 communius
1827 4924 1940 4987 pro
1996 4925 2091 4967 as-

515 5016 700 5059 sensu
731 4999 914 5077 fidei,
961 5006 1144 5080 prout
1181 5001 1478 5063 definitur
1528 5000 1682 5063 fides
1729 5018 1858 5062 esse
1907 5018 2093 5083 arqu-

517 5098 784 5157 mentm
829 5112 948 5157 non
996 5096 1423 5176 apparentium
1436 5120 1463 5169 ;
1521 5094 1608 5155 sic
1641 5112 1792 5173 ergo
1841 5092 2092 5153 haeresis

520 5186 682 5246 sumi
710 5192 910 5265 potest
938 5193 1000 5246 et
1048 5205 1156 5265 pro
1185 5187 1466 5248 doctrina
1493 5186 1802 5248 contraria
1832 5184 1997 5260 fidei,
2030 5190 2093 5246 et

517 5296 634 5359 pro
651 5294 902 5341 assensu
929 5279 1068 5341 talis
1095 5280 1393 5341 doctrinm
1414 5280 1881 5359 peccaminosoe,
1899 5284 1961 5341 et
1976 5278 2096 5341 hoc

520 5373 794 5435 secundo
817 5372 1002 5457 modo
1035 5373 1373 5435 necessaria
1397 5380 1492 5435 est
1513 5375 1850 5455 pertinaci-a
1875 5379 1947 5435 ut
1972 5372 2096 5435 tale

519 5472 836 5547 peecatum
867 5468 946 5529 sit
975 5466 1251 5545 haeresis»,
1279 5473 1350 5528 ut
1383 5469 1666 5549 sequenti
1693 5470 1963 5531 sectione
2002 5467 2095 5528 vi-

1089 308 1326 363 nlsPuT.
1361 309 1493 362 XlX.
1529 310 1610 361 DE
1643 306 2031 361 lNFiDELlBUS
2060 304 2419 366 APOSTATiS.
2452 307 2569 359 sssu
2602 304 2963 368 HAEBETICIS,
2996 304 3132 359 mc.

2142 406 2459 482 debimus3
2496 409 2567 469 in
2590 407 2795 487 prima
2816 424 2965 469 vero
2988 406 3442 487 significatione
3474 407 3702 469 abstra-

2142 499 2239 561 hit
2262 520 2301 562 a
2322 501 2681 580 pertinacia,
2700 507 2763 561 et
2784 500 2903 561 hoc
2925 502 3109 562 modo
3128 516 3271 561 cum
3294 503 3705 581 propositione

2145 595 2437 657 haeretiea
2466 596 2775 657 coincidit.

2226 692 2287 751 6.
2332 687 2433 751 An
2468 692 2801 772 propositio
2844 690 3127 755 heretica
3153 688 3221 752 in
3264 692 3471 754 varios
3515 694 3709 754 modos

2146 785 2692 865 subdistinyuatur.
2724 818 2809 833 --
2838 783 3313 867 vadistinyunt
3350 784 3562 866 phares
3586 804 3713 847 mo-

2146 879 2251 941 dos
2279 879 2568 941 Tura-eor.
2612 883 2671 940 et
2716 879 2853 942 alii.
2882 908 2965 925 ·-
2996 878 3203 952 Quaeri
3248 885 3463 941 antem
3515 884 3713 958 potest

2145 972 2307 1032 circa
2332 971 2691 1049 hujusmodi
2738 971 3003 1051 gradum
3052 972 3491 1052 propositionis
3518 972 3711 1033 haere·

2142 1064 2309 1139 ticae,
2348 1082 2429 1125 an
2458 1066 2539 1125 sit
2568 1083 2731 1125 unus
2758 1072 2823 1125 et
2852 1066 3137 1144 simplex,
3168 1064 3269 1127 vel
3298 1064 3554 1127 subitio
3572 1065 3713 1143 plu-

2146 1174 2245 1219 res
2284 1158 2704 1237 distinguendi
2732 1158 2878 1233 sint,
2922 1175 3069 1218 nam
3122 1158 3238 1219 hoc
3274 1159 3585 1238 posterius
3626 1158 3715 1218 vi·

2146 1251 2373 1312 dentur
2398 1252 2709 1313 affirmare
2734 1252 2863 1313 fere
2882 1270 3100 1313 omnes
3122 1252 3409 1312 Doctores
3432 1252 3711 1329 allegati3

2148 1353 2211 1407 et
2246 1345 2611 1420 fundantur,
2662 1346 2811 1425 quia
2860 1352 3014 1425 quot
3062 1346 3261 1406 modis
3308 1346 3717 1423 distinguitur
3841 1374 3842 1425 ς

2148 1458 2346 1501 unum
2390 1440 2837 1519 oppositorum,
2870 1446 2963 1500 tot
2989 1440 3189 1501 modis
3222 1439 3631 1517 distinguitur
3654 1444 3717 1499 et

2148 1532 2353 1610 aliud3
2385 1533 2723 1617 propositio
2752 1538 2962 1594 autem
2991 1533 3067 1594 de
3093 1532 3217 1594 fide
3242 1550 3375 1593 non
3399 1540 3499 1594 ωε
3534 1532 3717 1591 unius
3841 1534 3842 1537 ’

2150 1632 2398 1688 tantum
2438 1628 2693 1705 graduS,
2738 1628 2843 1687 sed
2894 1627 3099 1706 plures
3144 1626 3313 1687 modi
3352 1625 3715 1705 propositio·

2150 1738 2303 1781 num
2328 1719 2473 1782 fidei
2500 1739 2539 1781 a
2569 1720 2899 1798 Theologis
2920 1720 3388 1799 distinguuntur
3400 1740 3419 1792 3
3449 1734 3609 1797 ergo
3632 1724 3717 1777 tot

2152 1813 2351 1874 modis
2394 1813 2834 1892 distinguenda
2875 1820 2967 1875 est
3012 1814 3348 1893 propositio
3395 1810 3705 1885 haeretica,

2152 1925 2291 1987 quse
2320 1906 2725 1987 propositioni
2752 1908 2831 1967 de
2856 1905 2981 1967 fide
3000 1908 3312 1967 contraria
3336 1912 3475 1983 eet3
3520 1904 3713 1965 mino-

2151 2020 2286 2062 rem
2347 1999 2619 2065 declarat
2682 2002 3131 2061 Turrecremat.
3199 2016 3429 2079 supra,
3498 2000 3717 2058 distin-

2153 2094 2403 2173 guendo
2449 2100 2687 2174 septem
2732 2093 2959 2173 gradus
3010 2095 3509 2173 propositionum
3552 2090 3712 2164 fidei,
3841 2140 3842 2161 ἦ

2154 2207 2309 2267 quos
2332 2189 2499 2249 Cano
2539 2186 2618 2248 ad
2646 2195 2783 2249 octo
2812 2187 3057 2266 regulas
3091 2186 3237 2248 fidei
3284 2186 3555 2261 reducit,
3586 2201 3719 2265 quas
3841 2190 3842 2241 3

2153 2281 2283 2343 fere
2310 2283 2377 2343 in
2403 2282 2567 2342 idem
2594 2280 2975 2355 coincidunt,
3026 2286 3089 2341 et
3116 2281 3398 2360 sequitur
3428 2282 3641 2343 Penne
3662 2284 3722 2339 et
3841 2268 3842 2291 ³

2150 2376 2396 2436 easdem
2437 2375 2565 2436 fere
2608 2376 2867 2437 tradunt
2894 2373 3157 2436 Cordub.
3188 2379 3251 2434 et
3290 2372 3423 2434 alii.
3458 2374 3534 2433 D.
3568 2372 3723 2433 Tho·
3841 2364 3842 2393 ³

2150 2488 2285 2530 mas
2323 2476 2532 2529 autem
2572 2470 2724 2529 duos
2754 2469 2978 2542 solum,
3014 2468 3119 2529 vel*
3154 2472 3279 2529 tres
3310 2467 3547 2545 gradus
3586 2482 3722 2545 pro-
3841 2506 3842 2509 κ

2153 2563 2525 2642 positionum
2568 2562 2711 2623 fidei
2766 2556 3144 2641 distinguere
3176 2560 3350 2635 solet,
3398 2566 3477 2619 ut
3518 2559 3723 2619 videre
3841 2572 3842 2575 ’

2152 2661 2245 2717 est
2275 2660 2303 2716 i
2336 2674 2425 2735 p.,
2460 2662 2677 2735 quaest.
2716 2658 2818 2729 22,
2848 2662 2969 2717 art.
3006 2657 3089 2731 43
3124 2660 3187 2716 et
3212 2656 3273 2714 2.
3311 2656 3375 2727 2,
3404 2657 3629 2731 quaest.
3665 2652 3723 2725 Ξ,

2154 2755 2270 2810 art.
2302 2752 2373 2825 53
2404 2754 2466 2810 et
2492 2768 2554 2829 q.
2590 2752 2686 2823 11,
2710 2755 2825 2811 art.
2862 2752 2885 2810 ⁴
2916 2755 2979 2810 et
3000 2753 3067 2826 23
3098 2752 3207 2809 eti
3239 2746 3318 2808 sd
3342 2746 3589 2806 Corint.
3628 2747 3743 2818 u,-

2155 2843 2297 2903 lect.
2330 2844 2401 2918 33
2460 2850 2523 2903 et
2562 2843 2803 2903 notavit
2840 2843 3248 2917 Heimericus,
3282 2841 3353 2900 in
3382 2836 3727 2899 Directorio

2158 2937 2621 3016 Inquisitorum‚
2654 2956 2715 3016 q.
2754 2938 2791 2995 7
2832 2940 2897 2997 et
2948 2938 3044 3011 12,
3070 2934 3273 3014 prima
3320 2938 3527 3013 parte,
3578 2948 3727 2991 nam

2154 3031 2437 3109 quaedam
2489 3031 2823 3110 propositio
2870 3030 3100 3090 dicitur
3138 3029 3368 3087 directe
3413 3025 3725 3106 pertinere

2154 3123 2233 3183 ad
2262 3122 2473 3201 fidem,
2502 3123 2625 3183 alia
2644 3129 2889 3183 tantum
2912 3122 3231 3198 indirecte,
3254 3121 3427 3200 quia,
3462 3118 3721 3191 scilicet,

2154 3234 2233 3277 ex
2282 3220 2559 3296 opposita
2606 3217 2884 3295 sequitur
2935 3215 3169 3295 aliquid
3214 3220 3433 3274 contra
3490 3212 3719 3282 fidem3

2154 3310 2307 3370 item
2352 3310 2635 3389 quasdam
2664 3309 3001 3389 propositio
3024 3315 3115 3369 est
3142 3307 3219 3372 de
3244 3304 3366 3367 fide
3394 3305 3719 3385 primario,

2156 3409 2453 3482 tanquam
2478 3422 2588 3483 per
2636 3420 2703 3463 se
2743 3402 3087 3464 necessaria
3116 3400 3193 3462 ad
3223 3398 3721 3461 beatitudinem:

2156 3496 2279 3557 alia
2292 3514 2441 3559 vero
2474 3496 2873 3572 secundario,
2888 3501 2951 3557 et
2976 3495 3151 3574 quasi
3183 3510 3297 3573 per
3314 3491 3625 3565 accidens,
3658 3494 3726 3549 ut
3841 3492 3842 3495 ’

2158 3590 2321 3670 quod
2348 3591 2513 3652 Isaac
2540 3589 2729 3651 fuerit
2754 3588 2923 3650 filius
2955 3587 3253 3659 Abrahae;
3302 3590 3399 3647 tot
3422 3600 3727 3663 ergomo·

2159 3684 2255 3745 dis
2276 3682 2713 3763 distinguenda
2736 3684 2857 3744 erit
2883 3682 3215 3763 propositio
3241 3680 3559 3753 haeraica,
3578 3676 3729 3756 quia

2158 3777 2447 3839 omnihus
2472 3777 2595 3838 illis
2624 3782 2825 3857 potest
2860 3776 2997 3837 dari
3040 3773 3375 3854 propositio
3413 3769 3730 3832 sonu-aria

2158 3870 2324 3933 fidei.
2373 3870 2497 3933 Alii
2530 3871 2819 3949 denique,
2854 3869 3195 3949 praesertim
3223 3863 3527 3927 Corduba.
3537 3906 3559 3939 ‚
3596 3862 3729 3923 dis·

2156 3968 2459 4044 tinguant
2500 3964 2979 4045 propositionem
3018 3962 3096 4024 de
3140 3960 3263 4023 fide
3290 3958 3359 4020 in
3387 3957 3731 4019 mediatam
3841 3960 3842 3971 ¹

2160 4067 2223 4123 et
2246 4059 2711 4134 immediatam3
2742 4076 2890 4119 nam
2916 4074 3057 4137 quae
3106 4056 3173 4116 in
3202 4072 3267 4115 se
3291 4052 3569 4114 revelata
3609 4054 3725 4121 est,

2160 4154 2387 4215 dicitur
2406 4168 2537 4214 esse
2566 4154 2925 4214 immediate
2956 4148 3221 4224 de-fide3
3253 4159 3399 4227 quai
3412 4161 3567 4206 veno
3590 4150 3731 4205 tan·

2148 4252 2297 4331 ‘tum
2331 4252 2423 4307 est
2446 4245 2719 4307 revelata
2741 4245 2809 4305 in
2836 4244 2959 4305 alio
2998 4242 3329 4323 principio,
3350 4258 3430 4301 ex
3464 4254 3595 4319 quo
3620 4254 3733 4315 per

2166 4339 2514 4403 evidentem
2564 4338 2904 4400 illationem
2956 4336 3255 4416 sequitur,
3306 4332 3534 4394 dicitur
3600 4348 3733 4390 esse

2166 4433 2432 4495 med-iate
2459 4433 2537 4493 de
2557 4432 2704 4507 tide,
2726 4435 2791 4492 ot
2814 4432 3061 4511 utrique
3090 4429 3308 4490 volunt
3328 4426 3565 4507 opponi
3589 4442 3734 4504 pro-

2167 4530 2535 4609 positionem
2590 4528 2943 4589 hseoeticam
2964 4576 2978 4600 ,
3038 4542 3111 4587 ac
3158 4522 3425 4585 subinde
3480 4520 3734 4582 eosdem

2169 4621 2325 4683 duos
2350 4622 2577 4701 gradus
2597 4624 2662 4682 in
2690 4621 2801 4681 illa
2818 4617 3287 4698 distinguendos
3314 4626 3469 4677 esso.

2252 4720 2312 4777 7.
2357 4715 2642 4779 Auctoris
2680 4714 2917 4779 decisio.
2958 4746 3037 4760 —
3068 4712 3537 4784 Verumtamen,
3592 4706 3737 4766 licet

2172 4808 2304 4871 liaec
2332 4809 2609 4871 doctrina
2634 4819 2801 4869 recte
2838 4806 3136 4885 explicata
3176 4804 3401 4884 majori
3434 4818 3519 4865 ex
3560 4806 3736 4881 parte
3841 4808 3842 4813 ’

2172 4920 2319 4966 vera
2342 4904 2443 4979 sit,
2478 4912 2542 4965 et
2564 4903 2639 4964 ad
2670 4900 3096 4981 explicandam
3124 4898 3433 4960 diversam
3462 4895 3736 4975 gravita-

2172 5004 2297 5059 tem
2320 4998 2389 5058 in
2416 5002 2665 5076 peccato
2687 4993 2939 5057 haeresis
2956 4993 3234 5056 conferre
3260 4992 3477 5072 possit,
3508 4988 3736 5049 nihilo-

2172 5094 2405 5169 minus,
2468 5089 2809 5151 formaliter
2842 5088 3149 5169 loquendo
3192 5088 3271 5149 de
3318 5085 3737 5166 propositione

2174 5186 2459 5247 haeretica
2486 5184 2686 5263 quoad
2726 5183 2987 5262 gradum
3030 5180 3315 5242 falsitatis
3365 5180 3525 5258 ejus,
3580 5178 3738 5239 exis-

2174 5280 2331 5339 timo
2358 5280 2425 5339 in
2444 5296 2519 5339 eo
2548 5294 2677 5337 non
2704 5276 3003 5353 distingui
3030 5274 3237 5354 plures
3260 5274 3495 5352 gradus
3520 5288 3737 5333 seeun-

2174 5373 2325 5433 dum
2352 5370 2554 5449 magis
2576 5376 2639 5431 et
2666 5370 2896 5443 minus,
2923 5376 2995 5428 ut
3032 5369 3120 5429 ita
3156 5367 3395 5444 dicam3
3450 5366 3563 5427 sed
3604 5380 3740 5425 om-

2176 5482 2323 5528 nem
2350 5465 2833 5547 propositionem
2857 5462 3212 5525 haeieticsm
3245 5475 3381 5522 esse
3420 5473 3601 5540 neque
3628 5456 3737 5519 fal-
