3900 6217
655 375 826 430 SECT.
859 377 900 432 1.
935 377 1018 431 AN
1051 377 1388 431 courucsss
1418 377 1874 433 flammineum
1905 377 2113 432 1³OEle
2142 377 2352 432 Eorum
2384 379 2835 442 suasionum&
2870 379 3005 432 ETC.

2854 295 2890 346 Ο

3294 379 3381 438 ’,59
3392 380 3415 438 1

219 474 330 536 illa
355 475 708 556 ignorantia
745 484 998 538 excusat
1022 499 1040 552 ;
1081 484 1142 540 et
1169 479 1309 540 ideo
1345 498 1474 541 non
1511 480 1779 542 incurri·
1859 478 2060 557 magis
2085 479 2252 540 favet
2274 478 2440 552 fidei,
2474 485 2537 540 et
2560 479 2901 542 detestatur
2924 479 3232 554 hoeresim,
3256 483 3422 561 quod

219 575 329 628 tur
355 587 636 644 censura,
657 588 795 648 quae
819 572 1080 632 modum
1107 573 1398 650 peccandi
1425 573 1494 634 in
1517 591 1628 635 sua
1647 591 1782 652 spe-
1856 571 2001 650 jura
2056 571 2389 633 intendunt
2416 593 2433 647 ;
2486 581 2621 635 tum
2678 572 2866 633 etiam
2926 574 3073 652 quia
3118 575 3421 653 applicata

219 663 314 722 cie
348 669 848 724 consummatum
873 666 1153 744 requirit.

309 757 408 816 13.
458 755 916 828 Quoestiuncula
939 758 1154 824 alteo-a.
1176 793 1261 808 -
1283 760 1564 824 Secunda
1593 761 1782 822 inter-

221 851 464 928 rogatio
493 855 606 924 est,
649 867 730 910 an
772 851 880 929 qui
918 851 1090 913 favet
1123 853 1414 918 haeretico
1443 872 1569 916 non
1608 872 1779 928 vero,

223 943 331 1002 sed
367 942 844 1022 praesumptione
864 944 1028 1021 juris
1047 991 1066 1019 ,
1117 945 1280 1008 hauc
1317 965 1644 1008 censuram
1691 947 1786 1008 in-

223 1041 454 1095 currat.
501 1033 675 1108 Quod
703 1035 963 1096 dubium
993 1040 1246 1116 attingit
1283 1041 1529 1115 Navar.,
1569 1039 1780 1102 consil.

226 1129 331 1202 14,
355 1127 432 1188 de
451 1128 705 1203 Efferat„
745 1147 924 1191 num.
963 1131 1024 1205 3,
1056 1131 1314 1211 loquens
1339 1133 1404 1194 iu
1431 1132 1786 1212 particulari

224 1220 304 1281 de
321 1221 428 1280 illo
455 1221 565 1300 qui
589 1223 982 1300 praesumitur
1007 1223 1354 1298 baereticuS,
1375 1227 1522 1305 quia
1543 1243 1651 1305 per
1677 1244 1788 1286 an—

226 1331 382 1374 num
403 1315 468 1374 in
493 1317 1128 1378 excommunicatione
1157 1317 1545 1394 instirdescit‚
1565 1324 1628 1382 et
1647 1337 1786 1380 sen-

225 1408 346 1468 tire
367 1408 615 1470 videtur
639 1407 945 1472 fautorem
975 1411 1112 1488 ejus
1137 1412 1454 1473 incurrere
1487 1411 1649 1474 hanc
1677 1405 1784 1474 eit-'-

225 1501 874 1564 communicationcm.
917 1503 1096 1578 Quod
1141 1504 1397 1590 fortasse
1443 1504 1781 1580 intellexit,

227 1599 298 1652 ut
331 1595 522 1654 etiam
549 1593 893 1673 significat,
943 1597 1010 1657 in
1051 1597 1188 1666 foro
1225 1598 1547 1672 exteriori,
1601 1605 1663 1662 et
1707 1616 1785 1660 ex

227 1685 444 1748 eadem
496 1689 972 1768 praesumptione
991 1734 1012 1766 ,
1063 1689 1134 1750 in
1183 1709 1306 1769 quo
1347 1709 1526 1755 sensu
1565 1709 1784 1752 verum

226 1785 338 1840 aet.
367 1780 784 1846 Nihilominus
813 1791 1020 1844 tamen
1043 1783 1352 1859 existimo,
1387 1785 1438 1844 si
1465 1783 1788 1862 hujusmo-

227 1874 292 1932 di
319 1871 526 1934 fautor
551 1880 758 1935 certus
783 1875 867 1935 sit
903 1874 1082 1937 illum
1111 1893 1326 1938 revera
1349 1893 1476 1938 non
1504 1895 1636 1938 esse
1662 1877 1787 1938 hae-

227 1968 514 2043 reticum,
536 1986 649 2030 nec
677 1985 1040 2048 permanere
1056 1971 1126 2030 iu
1149 1971 1786 2032 excommunicatione

227 2079 300 2120 ex
341 2061 555 2124 animo
587 2062 858 2138 infideli,
887 2063 994 2124 sed
1035 2081 1111 2124 ex
1157 2064 1280 2125 alia
1306 2065 1638 2143 protervia,
1689 2065 1788 2126 vel

227 2153 578 2228 affectione,
630 2156 794 2236 quod
831 2157 897 2218 in
941 2157 1316 2220 conscientia
1350 2175 1476 2218 non
1517 2159 1791 2218 incurret

227 2265 552 2308 censuram
568 2263 610 2324 3-
635 2265 784 2310 nam
824 2248 1034 2309 forum
1065 2250 1456 2312 conscientias
1501 2250 1792 2310 innititur

229 2342 502 2418 veritati,
532 2360 660 2404 non
705 2345 1216 2424 praesumptioui3
1259 2345 1366 2406 ille
1409 2351 1618 2408 autem
1648 2363 1790 2406 vere

229 2440 290 2494 et
317 2435 386 2496 in
415 2453 484 2496 re
511 2435 647 2516 ipsa
693 2435 822 2497 noh
865 2443 960 2498 est
985 2437 1352 2515 haereticus3
1379 2455 1528 2516 ergo
1559 2439 1666 2518 qui
1699 2438 1792 2498 illi

229 2527 422 2605 favet,
457 2547 600 2591 vere
628 2549 754 2592 non
785 2537 876 2592 est
902 2531 1107 2594 fautor
1131 2531 1424 2594 haeretici.
1469 2535 1620 2593 Item
1645 2532 1792 2612 quia

223 2621 368 2699 jura
399 2623 490 2685 ita
515 2630 662 2684 sunt
687 2623 1111 2704 intelligenda,
1139 2643 1281 2686 cum
1305 2625 1664 2704 simpliciter
1699 2623 1792 2686 lo—

231 2722 526 2792 quantur,
573 2720 920 2796 praesertim
967 2737 1112 2780 cum
1162 2719 1302 2780 odia
1365 2718 1794 2796 restringenda

231 2807 375 2870 sint.

315 2905 413 2963 ¹4.
457 2902 912 2976 Qnoestiuncala
953 2905 1490 2988 tertiam-Opinio
1543 2904 1786 2970 Samii.

232 2994 550 3078 -Opn'm'o
586 2999 806 3079 Sami.
826 3001 1084 3065 -Hoec
1105 3005 1408 3084 posterior
1427 3003 1624 3082 παρῶ
1649 3001 1791 3082 pla-

215 3094 342 3153 ἀεί.
359 3093 660 3156 -Tertia
684 3095 1090 3173 interrogatio
1115 3100 1228 3170 est,
1255 3111 1336 3155 an
1365 3093 1570 3155 fautor
1595 3092 1791 3154 haere-

231 3185 364 3260 tici,
389 3185 640 3264 quando
671 3186 928 3250 effectus
963 3206 1091 3249 non
1131 3188 1469 3263 obtinetur,
1513 3174 1793 3249 incur-‘rat

231 3279 396 3338 hauc
431 3296 782 3352 censuram,
813 3279 986 3340 verbi
1017 3281 1241 3358 gratia,
1284 3283 1337 3341 si
1363 3280 1640 3342 defendit
1666 3281 1793 3343 has·-

230 3373 519 3446 reticum,
556 3379 860 3450 quantum
899 3373 1120 3452 potuit,
1172 3391 1251 3433 ne
1281 3381 1621 3452 caperetur,
1663 3391 1794 3438 non

231 3471 447 3525 tamen
483 3465 776 3540 obtinuit,
813 3468 959 3545 quia
988 3468 1238 3529 tandem
1269 3473 1480 3546 captus
1523 3474 1633 3528 cst.
1667 3471 1795 3530 Hoc

233 3557 494 3618 dubium
541 3560 796 3637 attingit
829 3561 1116 3634 Saucius,
1147 3561 1310 3620 dicto
1337 3549 1594 3640 capno,
1632 3580 1696 3622 n.
1728 3565 1792 3637 9,

233 3659 298 3712 et
335 3653 664 3732 respondet
706 3672 832 3716 non
868 3655 1206 3716 incurrere.
1257 3655 1576 3715 Fundetur
1594 3701 1614 3732 ,
1651 3658 1796 3736 quia

237 3748 476 3825 quoties
525 3750 1088 3810 excommunicatio
1141 3767 1280 3830 quae
1338 3747 1540 3810 fertur
1581 3759 1796 3811 contra

237 3843 695 3903 committentes
723 3842 972 3921 aliquod
999 3843 1318 3918 delictum,
1340 3843 1696 3904 extenditur
1716 3844 1794 3904 ad

235 3933 622 4006 mandantes,
661 3937 976 4013 juvantes,
1019 3941 1135 3996 etc.
1161 3979 1176 4008 ,
1225 3935 1332 4014 qui
1379 3937 1654 4007 mandat,
1693 3937 1794 3998 vel

229 4028 429 4106 juvat,
461 4029 516 4088 si
541 4027 794 4090 effectus
833 4045 959 4090 non
989 4026 1338 4107 perficitur,
1379 4047 1506 4088 non
1531 4029 1796 4090 incurrit

238 4137 588 4194 censuram,
625 4123 720 4182 vel
754 4121 1273 4199 irregularitatem
1286 4121 1339 4201 ,ι
1351 4128 1424 4182 ut
1451 4129 1544 4182 est
1579 4121 1795 4200 vulga·

235 4231 326 4286 re,
369 4222 435 4276 et
474 4216 888 4278 communiter
915 4222 1228 4295 receptum
1255 4217 1324 4276 in
1349 4215 1706 4291 homicidia,
1733 4221 1798 4277 et

235 4309 585 4383 similihus3
615 4309 720 4370 sed
773 4309 840 4371 iu
865 4309 1152 4388 praeseuti
1191 4309 1400 4369 fautor
1441 4325 1795 4370 excommu-

235 4403 484 4464 nicatur
517 4403 904 4480 secundario,
937 4411 998 4464 et
1045 4423 1154 4484 per
1181 4405 1516 4484 quamdam
1552 4404 1795 4465 habitu-

233 4497 448 4559 dinem
487 4499 566 4558 ad
613 4497 938 4576 haeresim3
987 4515 1134 4576 ergo
1169 4515 1298 4561 non
1340 4503 1667 4559 consecuto
1709 4497 1794 4558 ef-

233 4591 404 4652 fectu
429 4637 446 4664 ,
500 4610 628 4653 non
683 4593 949 4654 incurrit
1007 4609 1354 4653 censuram.
1410 4591 1794 4652 contrariam

233 4688 614 4748 sententiam
649 4693 820 4748 tenet
858 4689 1113 4766 Scyrus,
1161 4686 1226 4746 iu
1263 4687 1556 4745 Thesaur.
1576 4729 1592 4756 ‚
1629 4690 1798 4744 tomo

238 4785 298 4850 1,
332 4781 446 4842 lib.
497 4781 558 4852 3,
609 4799 743 4860 cap.
782 4783 844 4855 5,
875 4799 1049 4842 num.
1099 4783 1162 4856 4,
1212 4787 1274 4841 et
1309 4780 1614 4840 tundatur
1665 4778 1798 4838 des*

231 4873 504 4934 truendo
533 4874 986 4952 praecedentem
1012 4875 1340 4949 rationem,
1367 4871 1655 4951 negando
1683 4871 1800 4932 mi-

231 4985 480 5030 norem.
509 4969 694 5029 Putat
719 4970 888 5029 euim
924 4967 1088 5028 hanc
1129 4985 1452 5028 censuram
1497 4981 1623 5026 non
1669 4983 1796 5027 esse

231 5079 550 5122 annexam
582 5060 824 5132 haeresi,
861 5061 966 5121 sed
1013 5077 1125 5138 per
1165 5077 1230 5120 se
1278 5077 1352 5120 ac
1381 5058 1799 5138 priimipaliter

231 5155 389 5215 ferri
415 5155 484 5214 in
513 5153 867 5232 hujusmodi
898 5154 1192 5224 fautores,
1213 5158 1288 5211 ut
1313 5155 1478 5228 patet
1507 5169 1584 5211 ex
1613 5150 1798 5219 modo

229 5246 532 5328 loquendi
561 5247 796 5326 jurium
826 5248 890 5306 iu
921 5263 1056 5325 cap.
1087 5243 1272 5309 Sicut
1309 5246 1424 5319 ait,
1457 5261 1598 5304 cum
1628 5245 1796 5304 simi-

227 5341 422 5413 libus,
466 5339 544 5400 de
590 5339 910 5400 haereticis.
946 5341 1022 5399 Et
1047 5337 1330 5418 quamvis
1370 5353 1468 5398 res
1516 5336 1799 5398 videatur

229 5435 452 5504 dubia,
484 5449 602 5510 ego
639 5431 786 5492 huic
813 5429 1136 5512 posteriori
1163 5429 1487 5491 sententies
1509 5429 1796 5492 adhaereo

229 5535 538 5610 tauquam
567 5525 967 5608 probabiliori
1009 5532 1072 5586 et
1109 5524 1402 5584 securiori
1421 5545 1437 5596 ;
1469 5528 1602 5582 tum
1649 5523 1796 5602 quia

1863 665 2179 726 contraria
2214 665 2429 744 opinio
2454 665 2693 726 casibus
2730 666 3220 745 particularibus,
3254 667 3424 730 vide·

1863 763 1968 818 tur
1994 757 2395 830 incredibilis,
2444 764 2507 819 et
2550 765 2767 820 contra
2811 760 3079 839 praxim.
3128 761 3285 822 Nam
3312 761 3421 840 qui

1863 868 1991 911 non
2010 851 2335 912 denuntiat
2350 851 2709 914 haereticum
2730 869 2871 913 cum
2890 858 3157 926 tenetur,
3176 871 3422 914 excom-

1865 945 2350 1006 municationem
2378 945 2663 1018 incurrit,
2694 946 2939 1007 etiamsi
2982 945 3140 1009 alter
3184 947 3425 1008 denun-

1867 1040 2000 1111 tiet,
2048 1044 2111 1099 'et
2158 1045 2607 1117 consequenter
2632 1040 2803 1118 prior
2838 1057 2966 1101 non
3014 1048 3423 1120 consequatur

1867 1131 2194 1210 effectum3
2225 1139 2289 1193 et
2318 1133 2482 1193 idem
2508 1141 2599 1192 est
2626 1133 2702 1192 de
2727 1131 2833 1192 illo
2856 1133 2987 1211 qui,
3014 1151 3123 1212 per
3150 1135 3425 1194 testimo-

1867 1227 2043 1286 nium
2072 1226 2296 1286 falsum
2318 1270 2334 1299 ,
2366 1225 2720 1286 haereticum
2750 1225 3008 1286 liberare
3048 1227 3420 1305 procuravit,

1867 1324 1928 1380 et
1950 1337 2078 1379 non
2108 1321 2331 1398 potuit,
2356 1319 2504 1398 quia
2535 1337 2645 1398 per
2682 1319 2831 1379 alios
2876 1325 3059 1380 testes
3100 1321 3421 1380 convictus

1865 1418 1977 1474 est.
2005 1413 2163 1472 Tum
2194 1413 2457 1492 denique
2476 1413 2625 1492 quia
2654 1411 2760 1472 illa
2783 1412 3019 1489 regula,
3048 1413 3114 1472 iu
3138 1431 3259 1491 qua
3283 1412 3425 1474 fun-

1864 1506 2049 1566 datur
2080 1505 2280 1584 prima
2312 1505 2618 1566 sententia
2638 1549 2653 1578 ‚
2688 1521 2812 1565 uon
2840 1511 3003 1565 recte
3036 1506 3414 1584 applicatum

1865 1599 2140 1679 procedit
2190 1599 2359 1659 enim
2406 1599 2654 1677 quando
2695 1597 3057 1658 mandatum
3108 1598 3205 1659 vel
3249 1601 3426 1660 auxi-

1866 1693 2020 1753 lium
2070 1691 2393 1752 ordinatur
2420 1691 2499 1751 ad
2541 1692 2969 1751 executionem
3010 1691 3289 1768 ejusdem
3320 1693 3425 1754 de·

1865 1786 2018 1862 licti,
2048 1785 2222 1847 verbi
2267 1785 2489 1864 gratia,
2516 1783 2835 1846 homicidii
2859 1800 2879 1860 ;
2910 1784 3011 1846 hic
3056 1795 3263 1848 autem
3296 1805 3425 1848 non

1867 1883 1957 1941 ita
2007 1885 2135 1954 est;
2175 1896 2323 1940 nam
2362 1878 2535 1938 favor
2577 1896 2686 1957 per
2729 1895 2793 1938 se
2825 1896 2951 1940 non
2993 1880 3329 1941 ordinatur·
3354 1889 3429 1943 ut

1867 1974 2024 2035 alter
2048 1974 2395 2033 committat
2420 1971 2700 2032 haeresim
2720 1985 2740 2046 ;
2764 1971 2891 2030 imo
2915 1971 3085 2031 illam
3110 1976 3422 2052 supponit,

1869 2073 1932 2128 et
1961 2067 2039 2127 ad
2067 2064 2699 2142 tuitionem4bominis
2722 2063 2854 2142 jam
2882 2064 3153 2126 haeretici
3179 2068 3426 2130 ordina·-

1869 2165 1995 2232 tur,
2022 2165 2084 2220 et
2105 2158 2195 2220 ita
2218 2157 2337 2218 hoc
2364 2157 2657 2218 delictum
2681 2157 2748 2218 in
2778 2175 2887 2218 suo
2918 2175 3145 2235 genere
3166 2169 3261 2222 est
3282 2180 3427 2223 con·

1868 2258 2273 2324 summatum,
2316 2251 2601 2330 quamvis
2646 2251 2899 2311 effectus
2936 2267 3065 2311 non
3104 2263 3421 2332 sequatur.

1867 2346 2039 2408 Solet
2083 2351 2291 2406 autem
2346 2345 2467 2406 diei
2512 2343 2644 2405 haec
2685 2343 3017 2422 prohibitio
3062 2348 3427 2410 secundario

1870 2440 2181 2518 pertinere
2238 2437 2315 2498 ad
2370 2436 2657 2498 haeresim
2674 2481 2695 2511 ,
2748 2439 2896 2516 quia
2950 2444 3197 2516 propter
3252 2439 3427 2501 illam

1869 2531 2178 2612 praecipue
2216 2529 2291 2590 fit
2312 2573 2329 2604 ‚
2382 2547 2509 2590 non
2560 2531 2709 2609 quia
2756 2531 2933 2608 quasi
2990 2549 3099 2610 per
3142 2531 3427 2593 haeresim

1871 2631 2335 2686 consummetur
2365 2623 2657 2684 delictum
2680 2667 2696 2697 ,
2748 2625 2851 2684 cui
2891 2643 3138 2686 annexa
3165 2633 3257 2686 est
3296 2627 3429 2688 haec

1871 2735 2150 2780 censura.
2184 2719 2259 2778 Et
2282 2715 2421 2778 ideo
2450 2735 2575 2778 non
2604 2723 2770 2778 recte
2803 2717 2867 2777 in
2902 2720 3281 2780 contrarium
3318 2722 3428 2782 ad·

1871 2811 2120 2871 ducitur
2144 2810 2445 2882 doctrina,
2468 2826 2659 2889 quam
2678 2809 2755 2870 de
2782 2809 2897 2871 hac
2917 2829 2985 2871 re
3012 2811 3241 2872 tradidi
3266 2813 3431 2876 dicta

1871 2906 2286 2984 disputatione
2316 2905 2614 2982 vigesima
2640 2903 2863 2984 prima,
2906 2906 3175 2967 sectione
3208 2923 3431 2969 secun-

1871 2999 1973 3068 da,
1996 3016 2169 3060 num.
2202 3000 2243 3059 8
2264 3003 2327 3058 et
2354 3002 2411 3060 9.
3332 3051 3347 3067 ,

1956 3094 2057 3153 15.
2100 3091 2317 3155 Altera
2368 3111 2547 3173 poma
2613 3097 2703 3156 est
2766 3091 3035 3174 privatio
3072 3093 3427 3175 sepulturae,

1873 3183 2255 3262 oblationum,
2288 3186 2725 3263 beneficiortmt,
2766 3192 2879 3248 etc.
2898 3185 3157 3247 —Ultra
3186 3203 3430 3247 excom-

1875 3279 2385 3354 municationem,
2414 3279 2664 3342 additur
2687 3279 2808 3340 alia
2841 3297 3025 3359 poena
3066 3280 3427 3359 spiritualis,

1874 3393 2063 3454 quam
2096 3373 2164 3434 hi
2197 3374 2467 3435 fautores
2494 3376 2821 3436 incurrunt
2832 3389 2852 3451 3
2889 3374 3213 3454 privantur
3262 3377 3432 3436 enim

1874 3467 2188 3548 sepultura
2235 3485 2425 3544 sacra,
2459 3475 2523 3529 et
2556 3467 2991 3542 oblationibus,
3023 3474 3150 3528 tam
3195 3469 3433 3547 passive

1875 3579 2065 3641 quam
2102 3563 2321 3636 active,
2356 3560 2419 3622 id
2457 3568 2571 3634 est,
2622 3579 2700 3622 nc
2746 3581 2856 3641 pro
2904 3561 3026 3622 illis
3068 3561 3427 3638 offerantur,

1875 3671 1991 3715 nec
2036 3655 2113 3714 ab
2151 3653 2275 3715 illis
2340 3655 2755 3734 recipiantur3
2812 3654 2995 3733 idque
3052 3671 3179 3715 non
3230 3654 3433 3716 solum

1875 3748 2022 3827 quia
2050 3748 2592 3820 excommunicati,
2628 3749 2733 3808 sed
2758 3748 2943 3808 etiam
2986 3749 3135 3826 quia
3162 3749 3435 3810 baeretici

1875 3847 2042 3915 sunt,
2069 3847 2141 3901 ut
2156 3846 2395 3902 constat
2426 3859 2502 3901 ex
2530 3841 2693 3902 dicto
2712 3857 2843 3920 cap.
2870 3839 3051 3904 Siout
3074 3838 3185 3916 ait,
3212 3848 3274 3902 ct
3296 3859 3428 3921 cap.

1874 3933 2514 4009 Eoecommunt'camus,
2550 3936 2608 4009 1,
2652 3933 2691 4014 ξ
2706 3932 3018 3998 Credmee
3057 3933 3134 3994 de
3176 3934 3434 4009 Haeret„

1873 4037 1936 4090 et
1982 4047 2059 4089 ex
2088 4029 2253 4088 dieta
2280 4027 2457 4088 Bulla
2485 4027 2733 4089 Martini
2778 4027 2853 4086 V.
2888 4027 3042 4087 Item
3088 4029 3437 4106 puniuntur

1874 4123 2221 4203 privatione
2263 4120 2704 4183 beneficiorum
2742 4119 2943 4200 quoad
2986 4121 3159 4199 prius
3198 4119 3433 4196 habita,

1877 4233 2006 4278 non
2049 4217 2185 4295 ipso
2214 4215 2400 4290 fact0,
2432 4214 2537 4275 sed
2566 4231 2677 4294 per
2692 4214 3036 4288 hominem,
3058 4213 3221 4293 quod
3248 4213 3314 4273 in
3338 4213 3437 4274 his

1875 4310 2105 4372 certius
2134 4315 2227 4368 est
2252 4326 2439 4387 quam
2491 4307 2555 4367 in
2588 4307 2911 4381 haereticis,
2937 4312 3008 4366 ut
3046 4306 3285 4366 notavit
3326 4307 3438 4366 Co-

1873 4421 2036 4479 var.,
2070 4407 2107 4463 2
2148 4403 2413 4476 vni-iar„
2446 4421 2497 4463 c..
2544 4403 2633 4476 8.,
2682 4417 2856 4460 num.
2902 4403 2973 4474 43
3017 4404 3077 4459 ct
3106 4397 3338 4475 Penna,
3368 4399 3436 4461 in

1875 4498 2167 4558 Director.
2182 4543 2196 4560 .
2221 4501 2552 4557 comment.
2588 4495 2728 4569 162,
2750 4511 2827 4554 ex
2846 4493 3013 4552 dicto
3030 4492 3069 4572 ξ
3098 4491 3432 4566 Credentes,

1877 4597 2037 4652 etex
2064 4592 2261 4671 capite
2288 4590 2631 4663 Commissi,
2658 4587 2694 4667 ἓ
2722 4586 3045 4658 Prt'vnndi,
3078 4587 3155 4646 de
3182 4585 3435 4662 Haeret„

1877 4685 1943 4745 in
1972 4687 2034 4746 6.
2058 4683 2271 4758 Quoad
2290 4683 2589 4744 beneficia
2616 4699 2761 4742 vero
2784 4686 2997 4760 postea
3010 4679 3286 4755 obtenta,
3304 4681 3437 4760 ipso

1875 4779 2042 4839 facto
2088 4778 2161 4839 fit
2206 4777 2492 4857 privatio,
2546 4778 2693 4856 quia
2747 4780 2893 4834 sunt
2941 4773 3245 4834 inhabiles
3302 4774 3437 4854 ipso

1875 4873 2015 4952 jure
2037 4917 2057 4948 ,
2088 4879 2150 4933 et
2179 4873 2623 4948 consequenter
2648 4867 2771 4927 fuit
2796 4866 2977 4927 irrita
3024 4867 3313 4945 meepuo,
3366 4875 3438 4926 ut

1877 4965 2067 5026 iidem
2092 4969 2369 5026 auctores
2399 4966 2638 5037 notant,
2671 4979 2747 5022 cx
2774 4977 2909 5038 cap.
2946 4961 3008 5033 9,
3032 4977 3247 5038 parag.
3286 4959 3437 5022 Hoe·

1877 5060 2077 5132 retici,
2100 5058 2179 5118 de
2212 5059 2463 5130 Haeret„
2492 5057 2555 5114 in
2602 5055 2663 5115 6.
2698 5055 2999 5114 Praeterea
3028 5052 3217 5112 etiam
3247 5053 3436 5114 iidem

1876 5151 2149 5212 fautores
2184 5150 2344 5210 fiunt
2376 5147 2639 5209 infames
2666 5147 2800 5227 ipso·
2832 5148 3001 5225 jure,
3060 5165 3187 5206 nou
3225 5153 3438 5207 tamen

1879 5245 2096 5306 eodem
2126 5241 2309 5303 modo
2329 5259 2456 5321 quo
2482 5240 2783 5312 haeretici,
2810 5241 2915 5300 sed
2960 5257 3100 5299 cum
3132 5239 3248 5300 hac
3275 5239 3438 5298 limi·

1877 5337 2111 5400 tatione
2143 5356 2157 5395 :
2184 5337 2245 5396 Si
2277 5353 2389 5415 per
2429 5351 2665 5394 aunum
2710 5333 3119 5394 obdurescant
3131 5352 3151 5406 3
3186 5339 3250 5391 et
3286 5339 3439 5391 tunc

1876 5430 2065 5492 etiam
2096 5428 2254 5488 fiunt
2273 5426 2675 5501 intestabilcS,
2695 5433 2757 5486 et
2784 5426 3105 5503 incapaces
3128 5423 3206 5483 ad
3217 5423 3429 5497 multa,

1875 5527 1948 5582 ut
1973 5521 2183 5582 videre
2210 5519 2357 5582 licat
2378 5519 2634 5582 indicto
2662 5533 2872 5598 parag.
2904 5517 3239 5579 Credentes.
3287 5515 3437 5577 Aliae
