3900 6217
543 354 664 419 336

545 478 656 543 per
671 459 918 523 diversa
933 466 1240 541 praecepta
1267 458 1590 538 mandari;
1621 468 1695 521 ut
1719 460 1936 522 eadem
1962 476 2109 522 con·

545 555 716 617 tritio
771 558 974 634 potest
1020 554 1270 634 prascipi
1321 571 1398 615 ex
1449 555 1676 616 virtute
1719 554 1977 633 justitiae
2028 554 2108 615 ad

545 648 766 721 Deum,
803 651 869 709 ct
917 646 1146 708 virtute
1195 646 1514 709 charitatis
1565 648 1646 707 ad
1702 648 1999 727 seipsum,
2040 647 2108 707 iu

544 740 938 821 procuranda
963 739 1268 820 spirituali
1293 739 1515 801 salute.
1543 739 1660 801 Ubi
1683 740 1870 801 etiam
1899 740 2109 801 notari

545 840 766 915 potest,
797 835 1050 915 quando
1077 834 1176 895 hae
1207 833 1346 894 duae
1371 834 1763 895 necessitates
1789 834 1858 893 in
1889 834 2105 895 eodem

545 934 687 989 actu
753 928 1219 1008 conjunguntur
1238 972 1259 1004 ,
1317 926 1634 990 interdum
1683 925 2109 987 necessitatem

544 1022 738 1083 medii
763 1023 916 1084 oriri
951 1040 1028 1083 ex
1057 1026 1382 1101 proeccpto,
1409 1026 1482 1082 ut
1529 1021 1599 1082 in
1642 1019 1973 1099 baptismo,
2010 1018 2111 1080 vel

545 1115 947 1191 confessione,
971 1134 1110 1195 qum
1127 1133 1205 1177 ex
1235 1122 1460 1176 natura
1493 1114 1584 1177 rei
1611 1111 1955 1177 necessaria
1982 1129 2109 1173 non

547 1215 713 1285 sunt,
753 1228 865 1289 per
894 1214 1272 1289 pracceptum
1302 1215 1512 1269 autem
1539 1206 1704 1268 facta
1729 1213 1873 1267 sunt
1901 1222 2111 1267 neces-

545 1304 742 1380 saria3
775 1302 1146 1383 quandoque
1175 1320 1328 1363 vero
1348 1320 1384 1363 c
1411 1300 1722 1363 contrario
1753 1306 1926 1362 actus
1951 1316 2107 1379 proe-

547 1400 795 1480 cipitur,
816 1400 982 1479 quod
1011 1416 1090 1460 ex
1119 1404 1342 1459 natura
1361 1414 1474 1457 sua
1499 1396 1578 1457 ad
1605 1396 1866 1456 salutem
1895 1394 1975 1453 sit
1998 1412 2107 1455 ne·

547 1492 848 1555 cessarius
865 1538 886 1569 ,
937 1497 1011 1554 ut
1068 1493 1134 1553 in
1179 1490 1552 1553 contritione
1607 1496 1669 1551 et
1711 1504 1924 1549 amore
1972 1486 2103 1561 Dei,

547 1586 834 1666 idemque
883 1592 995 1661 est,
1024 1591 1094 1645 ut
1140 1583 1510 1659 videbimus,
1539 1582 1606 1643 in
1651 1586 1793 1642 actu
1837 1578 2007 1656 fidei,
2039 1579 2107 1639 in

547 1698 672 1758 quo
707 1680 868 1741 hanc
911 1678 1222 1758 duplicem
1271 1678 1700 1740 necessitatem
1741 1672 2107 1753 explicaturi

547 1790 800 1835 sumus:
831 1773 1128 1853 priorem,
1155 1773 1220 1833 id
1247 1777 1362 1848 est,
1397 1771 1611 1846 medii,
1643 1770 1710 1830 in
1745 1768 1864 1829 hac
1901 1765 2109 1846 dispu-

549 1866 812 1943 tatione,
841 1866 1098 1929 alteram
1129 1866 1196 1928 in
1224 1865 1529 1946 sequenti.

1181 2110 1396 2163 smrlo
1435 2112 1475 2165 1.

561 2299 784 2363 Utrum
801 2298 952 2381 fides
989 2298 1076 2361 sit
1109 2297 1370 2362 medium
1413 2298 1497 2361 ad
1521 2295 1906 2378 spiritualem
1943 2296 2111 2363 salu·

807 2398 925 2457 tem
951 2393 1414 2473 consequendam
1435 2391 1856 2457 necessarium.

635 2625 693 2682 Ι.
740 2618 984 2704 Pelaffii
1009 2636 1202 2684 mor.
1224 2651 1307 2666 —
1336 2618 1404 2679 ln
1432 2618 1551 2679 hoc
1581 2624 1815 2699 puncto
1854 2618 1976 2681 fuit
2019 2636 2114 2681 er-

551 2732 658 2775 ror
688 2714 943 2793 Pelagii,
971 2714 1080 2793 qui
1119 2712 1427 2792 imprimis
1466 2713 1717 2791 negavit
1749 2711 1934 2774 fldem
1980 2730 2113 2777 esse

549 2826 664 2890 per
695 2828 760 2870 se
796 2806 1204 2869 necessariam
1230 2805 1308 2866 ad
1333 2805 1618 2882 salutem,
1646 2805 1810 2885 quod
1838 2806 2113 2886 primum

551 2904 630 2965 de
662 2900 939 2984 parvulis
972 2899 1252 2976 asseruit,
1279 2916 1407 2961 non
1445 2899 1647 2961 solum
1684 2900 1834 2980 quia
1865 2901 2113 2981 incapa-

553 3015 654 3059 ces
679 3000 828 3057 sunt
851 3001 1022 3056 actus
1051 2992 1220 3069 fidei,
1261 2992 1367 3054 sed
1405 2994 1592 3055 etiam
1635 2995 1783 3074 quia
1827 3012 1955 3055 non
2005 3012 2113 3074 pu-

554 3090 727 3153 tabat
759 3106 863 3151 eos
894 3088 1136 3166 concipi
1182 3087 1248 3147 in
1279 3094 1552 3167 peccato,
1587 3106 1792 3167 neque
1836 3088 2115 3167 indigere

545 3184 792 3264 justitia
818 3189 890 3243 ut
937 3181 1345 3244 salvarentur.
1385 3181 1602 3243 Postea
1646 3181 1811 3243 idem
1859 3182 2117 3242 asseruit

553 3278 630 3341 de
661 3277 912 3352 adultis,
943 3276 1089 3355 quia
1116 3274 1380 3355 putabat
1415 3292 1520 3337 eos
1547 3292 1722 3355 posse
1749 3274 1977 3336 salvari
2005 3293 2116 3355 per

553 3371 900 3433 naturalem
931 3370 1042 3433 Dei
1073 3369 1518 3448 cognitionem,
1550 3370 1727 3429 etita
1755 3368 2118 3449 simpliciter

553 3465 759 3546 posuit
792 3464 870 3526 de
907 3462 1266 3525 hominihus
1302 3464 1368 3523 in
1407 3468 1572 3523 statu
1600 3462 1756 3540 legis
1789 3461 2113 3539 naturalis,

553 3564 627 3619 ut
661 3556 851 3619 refert
876 3556 1282 3637 Augustinus,
1325 3555 1433 3618 lib.
1464 3557 1540 3617 de
1569 3557 1822 3619 Peccato
1858 3556 2085 3636 origin.
2094 3602 2115 3634 ,

553 3670 688 3732 cap.
713 3653 816 3715 26.
847 3652 918 3713 In
948 3651 1088 3730 lege
1121 3657 1329 3712 autem
1349 3650 1576 3731 scripta
1606 3654 1668 3712 et
1695 3651 1931 3731 gratiae,
1958 3650 2117 3711 dixit

555 3746 963 3807 necessariam
1019 3744 1208 3805 fuisse
1267 3743 1708 3805 revelationem
1762 3744 2116 3823 aliquorum

557 3838 946 3900 credibilium
973 3856 1051 3899 ex
1077 3836 1291 3899 divina
1319 3836 1730 3919 providentia,
1763 3845 1827 3899 et
1865 3837 1944 3899 ad
1970 3856 2117 3907 ,mc-

555 3932 678 3994 lius
695 3950 850 4009 esse,
867 3950 998 3993 non
1013 3938 1224 3993 tamen
1243 3950 1320 3993 ex
1344 3932 1702 3993 necessitate
1729 3931 2114 4011 simpliciter3

557 4034 620 4088 et
669 4032 967 4107 praeterea
1017 4026 1222 4088 aiebat
1275 4024 1526 4087 illarum
1575 4044 1785 4087 rerum
1831 4024 2115 4087 sufficere

556 4119 745 4181 fidem
787 4119 1122 4200 quamdam
1155 4119 1522 4199 acquisitam
1551 4124 1614 4180 et
1657 4120 1924 4201 propriis
1972 4118 2120 4180 viri·

555 4212 676 4273 bus
713 4216 1095 4293 conceptam.
1135 4211 1432 4293 Theologi
1475 4212 1762 4275 nonnulli
1790 4213 1993 4275 etiam·
2009 4212 2119 4273 Ca-

555 4306 770 4369 tholici
793 4322 872 4368 ex
899 4312 1072 4387 parte
1094 4306 1382 4369 videntur
1417 4306 1579 4368 hanc
1617 4324 1874 4386 negasse
1913 4324 2120 4369 neces-

555 4400 826 4478 sitatem,
850 4418 995 4462 cum
1017 4399 1240 4481 quibus
1259 4398 1708 4480 disputabimus
1731 4402 2003 4463 sectione
2025 4418 2120 4463 se-

559 4494 799 4574 quenti,
830 4499 893 4556 et
918 4493 1006 4554 ibi
1033 4492 1338 4556 solvemus
1365 4492 1867 4572 fundamentum,
1893 4494 1943 4557 si
1970 4494 2117 4576 quid

559 4604 691 4648 esse
719 4593 918 4669 potest
944 4586 1132 4666 hujus
1157 4586 1473 4649 doctrinm.

637 4682 698 4743 2.
747 4682 970 4744 Prima
1002 4676 1256 4745 assertio
1270 4705 1292 4741 .·
1324 4682 1475 4761 fides
1514 4686 1603 4743 ost
1638 4679 1893 4745 medium
1919 4698 2119 4745 noces-

561 4774 796 4838 san‘wm
847 4774 931 4839 acl
969 4774 1249 4836 salutem.
1293 4806 1376 4821 —
1427 4772 1739 4838 Probatur
1777 4777 2002 4859 primo.
2038 4806 2124 4822 —

565 4867 874 4932 Probatur
927 4868 1202 4931 secundo.
1224 4902 1306 4912 —
1333 4868 1571 4947 Regula
1623 4886 1770 4949 ergo
1820 4868 2121 4930 catholica

560 4968 673 5037 est,
713 4960 899 5024 fldem
949 4980 1079 5023 esse
1123 4961 1483 5043 simpliciter
1525 4962 1805 5024 medium
1847 4980 2123 5024 necessa·

561 5055 726 5117 rium
755 5054 833 5117 ad
861 5054 1164 5116 salutem:
1197 5054 1284 5115 ita
1331 5054 1522 5117 tradit
1556 5056 1627 5116 D.
1671 5056 1941 5119 Thomas
1965 5058 2026 5118 2.
2056 5057 2119 5131 2,

563 5156 785 5230 quaest.
826 5151 889 5225 2,
921 5155 1040 5211 art.
1076 5150 1137 5226 3,
1166 5153 1230 5210 et
1268 5146 1356 5209 ibi
1383 5166 1599 5211 omnes
1625 5150 2024 5231 expositore-S,
2063 5155 2125 5214 et

559 5246 917 5307 Scholastici
956 5262 1100 5306 cum
1127 5242 1444 5323 Magistro,
1488 5242 1556 5305 in
1600 5246 1661 5322 3,
1705 5244 1981 5306 distinct.
2018 5246 2121 5322 23,

563 5345 628 5400 et
676 5358 831 5419 quos
874 5339 1138 5401 referam
1185 5339 1450 5401 sectione
1484 5340 1791 5419 sequenti.
1826 5340 2126 5401 Probatur

563 5434 767 5514 primo
794 5452 871 5494 ex
909 5450 1086 5495 sacra
1115 5432 1470 5515 Scriptura:
1501 5451 1648 5494 nam
1667 5432 1885 5515 justus
1905 5452 1979 5497 τω
2008 5436 2127 5515 fide

562 5530 740 5605 vivit,
777 5528 1084 5604 Habacuc,
1133 5528 1191 5591 2.
1228 5528 1404 5592 Unde
1429 5526 1675 5604 Paulus,
1706 5528 1784 5591 ad
1835 5528 2125 5591 Hebroeos

955 360 1195 415 nlsru‘r.
1229 361 1335 414 xn.
1372 360 1454 413 ΒΕ
1483 360 1902 413 Nsscsssslu'rss
1933 358 2099 413 num
2130 359 2459 423 eumenus
2490 362 2607 414 EST
2638 360 2877 414 nomn
2909 360 2994 413 An
3026 358 3317 439 SALQTEU.

2190 466 2259 523 Η
2288 476 2306 521 :
2344 461 2498 525 Sine
2532 460 2673 539 fide,
2718 458 2946 540 inquit,
2990 459 3341 541 impossibile
3373 470 3453 528 est
3478 466 3674 547 placere

2186 557 2315 619 Deo
2328 578 2355 627 ,·
2390 554 2633 635 placere
2675 560 2885 615 autem
2934 554 3059 614 Deo
3106 556 3491 617 necessarium
3516 566 3591 620 est
3612 563 3675 623 ad

2140 710 2165 731 ‚
2188 649 2475 710 salutem.
2498 647 2701 727 Atque
2724 646 2887 707 hanc
2902 647 3225 707 veritatem
3246 664 3316 708 ex
3342 650 3581 729 professo
3596 655 3679 716 de-

2189 749 2493 805 monstrat
2519 743 2682 803 idem
2714 741 2962 816 Paulus,
3012 746 3142 801 tota
3184 742 3349 821 epist.
3402 744 3473 804 ad
3508 746 3677 824 Rom„

2188 837 2522 899 ostendens
2543 836 2851 915 justitiam
2881 834 3057 913 legis,
3101 836 3225 896 sive
3260 836 3548 913 naturalis,
3572 842 3681 904 sive

2190 931 2452 1012 scriptae,
2484 947 2611 991 non
2646 928 2952 990 suffecisse
2990 927 3070 988 ad
3106 928 3355 989 salutem
3397 929 3517 991 sine
3533 933 3681 1010 justi·

2190 1024 2281 1085 tia
2312 1024 2479 1100 fidei,
2520 1023 2684 1104 quod
2732 1021 2951 1102 probat
2992 1021 3274 1102 exemplo
3314 1022 3569 1099 Abrahm,
3597 1029 3683 1105 qui

2190 1137 2264 1180 ex
2312 1116 2435 1181 fide
2463 1117 2833 1198 justificatus
2878 1122 2992 1182 est.
3024 1116 3203 1196 juxta
3249 1115 3427 1177 illud:
3460 1116 3685 1183 Credidit

2187 1214 2501 1279 Abraham
2534 1214 2680 1285 Deo,
2708 1216 2764 1275 ee
2792 1216 3135 1293 reputatum
3165 1214 3253 1273 esc
3294 1210 3390 1273 illi
3432 1213 3503 1274 ad
3526 1213 3688 1290 justi-

2189 1310 2341 1373 tiam
2358 1330 2387 1380 ,·
2424 1313 2488 1368 et
2530 1306 2709 1367 illum
2742 1305 3033 1385 proponit
3059 1310 3351 1383 tanquam
3384 1304 3687 1383 exemplum

2188 1404 2469 1466 omnium
2493 1401 2599 1481 qui
2618 1398 2899 1461 salvandi
2918 1404 3083 1459 sunt.
3113 1396 3283 1471 Quod
3305 1404 3689 1475 argumentum

2188 1495 2582 1577 prosequitur
2610 1494 2678 1553 in
2716 1498 2847 1554 tota
2874 1490 3116 1573 epistol.
3146 1490 3220 1552 ad
3244 1490 3461 1565 Galat„
3482 1489 3688 1567 ubisit,

2186 1609 2321 1669 rap.
2354 1590 2437 1651 5:
2483 1589 2617 1652 Nos
2657 1606 2729 1650 σω
2762 1588 2883 1667 fide
2920 1586 3210 1667 spiritum
3226 1584 3485 1665 justitiae
3508 1585 3695 1665 accipi·
3820 1650 3822 1673 i

2187 1701 2362 1754 mus;
2399 1681 2567 1745 et·ad
2606 1681 2830 1761 Ephes.
2864 1683 2941 1742 3:
2978 1678 3201 1745 Gratia
3222 1679 3366 1741 estis
3392 1676 3696 1757 salvatiper
3820 1676 3822 1697 ³

2182 1777 2386 1856 fidant,
2419 1782 2482 1835 et
2528 1774 2663 1836 alia·
2696 1772 2928 1835 similia
2982 1779 3131 1833 sunt
3184 1768 3423 1831 infinita
3467 1786 3602 1850 pene
3642 1772 3695 1832 in

2191 1869 2528 1948 Scriptum.
2570 1866 2851 1929 Secundo
2890 1865 3189 1945 probatur
3227 1869 3430 1943 aperte
3472 1880 3541 1923 ex
3578 1864 3697 1922 doc-

2192 1964 2362 2023 trina
2400 1961 2659 2023 Concilii
2684 1958 3057 2035 Tridentini,
3088 1976 3235 2019 sess.
3268 1956 3329 2032 6,
3368 1974 3491 2037 cap.
3532 1956 3587 2031 Ἰ,
3614 1954 3699 2015 ubi
3822 1954 3824 1959 ’

2192 2056 2545 2120 describens
2590 2054 2867 2117 ordinem
2901 2050 3380 2133 justificationis,
3420 2051 3700 2111 exordium

2190 2149 2357 2211 illius
2384 2150 2561 2230 ponit
2590 2150 2658 2211 in
2686 2147 3008 2210 vocatione
3036 2145 3115 2208 ad
3144 2144 3357 2220 fidem,
3378 2151 3437 2205 et
3450 2142 3598 2203 infra
3616 2143 3701 2205 do*

2190 2247 2287 2305 cet
2312 2242 2692 2323 baptismum
2733 2260 2865 2303 esse
2907 2240 3376 2305 Sacramentum
3408 2238 3558 2318 fidei,
3599 2239 3705 2299 sine
3824 2238 3826 2243 ’

2192 2356 2313 2420 qua
2352 2338 2515 2402 nulli
2551 2356 2819 2421 unquam
2870 2336 3123 2417 oontiyit
3152 2332 3558 2415 justificata),-
3592 2348 3705 2412 quc

2193 2432 2382 2495 verba
2411 2435 2682 2494 maxime
2708 2430 3063 2509 significant
3088 2426 3279 2490 medii
3308 2426 3700 2488 necessitatem.

2192 2527 2269 2588 Et
2296 2528 2363 2587 in
2390 2544 2527 2606 cap.
2562 2526 2601 2588 8
2629 2525 2882 2605 exponit
2906 2522 3229 2586 hominem
3252 2520 3389 2581 ideo
3412 2520 3525 2580 dici
3549 2518 3703 2597 justi·

2194 2620 2365 2682 ficari
2395 2639 2505 2701 per
2532 2619 2744 2696 fidem,
2776 2620 2920 2699 quia
2945 2616 3097 2678 fides
3126 2620 3222 2677 est
3248 2614 3424 2676 radix
3443 2618 3502 2674 et
3527 2614 3707 2690 funda-

2192 2720 2459 2778 mentum
2486 2714 2765 2795 justitia
2779 2738 2805 2786 ;
2837 2710 2989 2791 quid
3016 2716 3232 2771 autem
3258 2708 3455 2785 magis
3480 2722 3710 2767 necessa-

2193 2810 2358 2870 rium
2392 2808 2471 2869 ad
2498 2806 2826 2869 :edificium
2856 2823 2985 2867 esse
3022 2808 3252 2884 potest,
3306 2818 3489 2881 quam
3528 2798 3711 2859 funda-

2194 2902 2520 2963 mentum?
2557 2899 2804 2976 Tertio,
2834 2902 2927 2960 est
2972 2898 3101 2959 haec
3134 2894 3478 2958 communis
3502 2890 3713 2953 traditio

2199 2986 2551 3059 sanctorum
2582 2994 2870 3069 Patrum3
2903 2992 3351 3073 chrysostom„
3382 2989 3447 3049 in
3476 2986 3628 3048 hom.
3652 2984 3713 3045 dc

2197 3092 2345 3154 Fide
2371 3091 2591 3169 atejus
2616 3096 2879 3150 natura:
2909 3086 3171 3162 Nullus,
3204 3084 3432 3163 inquit,
3472 3079 3591 3143 eine
3621 3080 3715 3156 fido

2194 3188 2386 3251 vitam
2434 3184 2689 3257 habui&
2738 3182 3046 3256 Ambros.,
3083 3179 3151 3241 in
3200 3176 3311 3239 illa
3360 3174 3540 3237 verba
3584 3176 3609 3234 1
3655 3172 3712 3233 ad

2192 3280 2419 3345 Timot.
2460 3282 2541 3342 2:
2606 3276 2752 3345 Vult
2793 3278 2957 3339 Deus
3002 3290 3204 3337 omnes
3249 3270 3508 3335 hominos
3552 3266 3715 3331 salvos

2188 3376 2329 3457 fieri
2349 3399 2372 3435 .·
2398 3370 2607 3445 Fides,
2638 3370 2865 3450 inquit,
2896 3374 2985 3431 est
3026 3386 3159 3450 quoe
3206 3366 3319 3429 dat
3357 3364 3615 3427 salutem.
3640 3361 3717 3421 Si-

2197 3467 2371 3529 milia
2400 3464 2591 3527 habet
2622 3462 3042 3543 Hieronymus
3075 3477 3264 3540 super
3290 3458 3480 3538 Epist.
3524 3454 3595 3516 ad
3624 3454 3716 3515 Ga·

2197 3562 2337 3638 lat.,
2384 3580 2519 3643 cap.
2572 3562 2655 3638 43
2707 3558 3012 3638 praecipuc
3058 3570 3207 3616 vero
3246 3554 3562 3613 veritatem
3586 3548 3721 3609 hanc

2197 3652 2471 3717 defendit
2493 3653 2901 3733 Augustinus,
2932 3646 3169 3729 epistol.
3198 3649 3305 3724 57,
3336 3646 3417 3708 94
3439 3654 3499 3707 et
3521 3644 3621 3705 157
3639 3664 3653 3717 ;
3672 3646 3721 3701 et

2198 3751 2275 3812 de
2304 3748 2699 3829 Correptione
2731 3752 2793 3809 et
2823 3745 3046 3825 gratia,
3078 3762 3215 3823 cap.
3252 3742 3314 3816 7,
3346 3748 3409 3803 et
3435 3738 3565 3802 aliis
3597 3736 3723 3798 locis

2196 3845 2361 3908 infra
2390 3842 2746 3905 referendis.
2811 3851 2834 3890 ί

2280 3942 2337 4002 3.
2384 3936 2641 4003 Notatio
2658 3952 2777 4019 pro
2803 3934 2985 3997 tertia
3002 3928 3540 4017 probativum—Ut
3562 3924 3725 3989 ratio·

2199 4051 2279 4095 ne
2320 4030 2627 4093 declarem
2674 4036 2737 4091 et
2775 4026 3097 4090 ostendam
3138 4024 3612 4095 conclusionem,
3640 4018 3726 4079 ad-

2196 4132 2369 4189 verto
2411 4124 2716 4205 imprimis
2745 4138 2872 4183 non
2900 4138 3031 4182 esse
3068 4136 3420 4181 sermonem
3450 4116 3524 4177 de
3550 4128 3729 4175 ncces—

2196 4223 2377 4283 sitate
2404 4219 2473 4281 in
2503 4218 2720 4280 ordine
2747 4214 2824 4278 ad
2858 4215 3198 4297 potentiam
3241 4208 3581 4295 absolutam
3606 4206 3725 4279 θεὶς

2198 4314 2498 4398 potuisset
2525 4310 2693 4374 enim
2722 4311 2882 4371 Deus
2924 4326 3033 4389 per
3078 4306 3431 4368 naturalem
3458 4298 3729 4381 cognitio-

2198 4426 2342 4471 nem
2372 4424 2590 4470 omnes
2617 4404 2877 4479 salvare,
2904 4402 2956 4462 si
2984 4398 3307 4476 voluisset3
3330 4396 3561 4460 nullam
3587 4394 3728 4456 enim

2199 4501 2264 4562 id
2303 4498 2786 4581 repugnantiam
2828 4493 3127 4557 involvit:
3157 4492 3479 4573 loquimur
3506 4504 3641 4567 ergo
3670 4484 3731 4543 dc

2199 4594 2557 4655 necessitate
2586 4588 2928 4654 secundum
2966 4586 3170 4665 legem
3198 4584 3595 4655 ordinariam,
3622 4585 3676 4639 et
3702 4594 3730 4635 a

2200 4689 2323 4749 Deo
2368 4674 2665 4747 statutam
2686 4729 2707 4761 ,
2757 4698 2897 4763 quae
2946 4681 3013 4741 in
3059 4678 3390 4759 Scripturis
3438 4670 3734 4738 manifesta

2200 4788 2314 4858 est,
2346 4796 2535 4860 quam
2573 4777 2772 4840 solum
2804 4791 3129 4856 possumus
3173 4772 3417 4835 ratione
3443 4766 3733 4832 ostendere

2201 4892 2331 4938 esse
2358 4872 2534 4935 valde
2572 4870 2953 4933 conformem
2980 4866 3221 4928 naturis
3256 4881 3493 4939 rerum,
3522 4867 3583 4923 et
3606 4874 3735 4941 prte-

2202 4966 2414 5029 sertim
2443 4964 2749 5040 rationali,
2793 4968 2865 5024 ut
2904 4962 2982 5024 ad
3012 4960 3200 5021 finem
3231 4951 3735 5040 supernaturalem

2203 5058 2482 5122 elevatae.
2508 5058 2739 5121 Deinde
2767 5060 3013 5138 oportet
3037 5052 3417 5133 distinguere
3440 5057 3733 5133 personas;

2205 5173 2351 5215 nam
2386 5170 2708 5235 possumus
2754 5150 2926 5230 loqui
2972 5147 3068 5210 vel
3111 5148 3188 5208 de
3234 5145 3380 5208 solis
3412 5143 3626 5207 adultis
3656 5156 3735 5199 ra-

2205 5250 2374 5309 tione
2404 5246 2746 5313 utentibus,
2770 5243 2868 5305 vel
2910 5243 3096 5304 etiam
3128 5241 3203 5302 de
3232 5236 3525 5321 parvulis,
3554 5228 3739 5311 Aliqui

2204 5360 2353 5421 ergo
2396 5339 2730 5402 voluerunt
2764 5328 3045 5416 regulam
3094 5334 3353 5413 positam
3400 5330 3479 5391 ad
3526 5324 3739 5389 adultos

2204 5435 2598 5515 restringere,
2636 5452 2709 5494 eo
2748 5433 2911 5512 quod
2956 5428 3221 5490 infantes
3262 5446 3387 5488 non
3438 5424 3741 5485 videantur

2204 5548 2454 5610 capaces
2492 5526 2660 5604 fidei,
2691 5534 2761 5587 ut
2794 5522 3098 5604 significat
3138 5518 3530 5583 Innocentius
3566 5514 3655 5589 ΙΙΙ,
3688 5514 3740 5571 in
