3900 6217
533 403 653 466 760

530 521 657 590 tur,
685 533 828 573 uam
850 513 1140 575 bellicum
1169 513 1530 574 exercitium
1574 513 1832 576 mortale
1873 531 2089 594 pecca·-

532 611 668 666 tum
695 613 806 682 est,
835 608 887 667 si
914 608 994 667 sit
1043 624 1184 667 eum
1219 606 1489 667 evidenti
1535 606 1806 685 periculo
1835 607 2087 682 mortis;

533 700 641 778 qui
667 701 924 760 enimin
965 719 1038 760 eo
1063 701 1433 775 moriuntur,
1475 701 1796 778 privantur
1823 699 2095 778 sepultu-

530 811 598 853 ra
624 793 1044 870 ecclesiastica,
1079 800 1274 868 extra,
1307 792 1382 853 de
1419 794 1906 867 TorneamentiS,
1936 813 1989 854 c.
2033 795 2091 868 1;

533 905 705 963 erge,
725 893 840 947 etc.
863 903 883 964 ;
913 887 1200 966 idemque
1221 905 1296 946 ex
1321 886 1534 947 eadem
1560 887 1798 947 ratione
1827 887 2095 946 sentien-

532 979 682 1038 dum
735 979 813 1039 de
865 979 1092 1053 duella,
1132 981 1295 1058 quod
1333 978 1401 1039 fit
1452 979 1531 1038 ad
1574 979 2093 1040 manifestandam

531 1073 878 1148 veritatem,
911 1073 1009 1133 vel
1042 1072 1429 1151 purgandum
1470 1089 1599 1133 sese
1635 1073 1714 1132 ab
1744 1072 1951 1150 aliquo
1983 1072 2095 1132 cri-

533 1166 723 1238 mine,
758 1171 826 1225 ut
851 1166 1030 1225 docet
1050 1167 1376 1245 cajetanus
1413 1167 1470 1225 2.
1502 1169 1565 1237 2,
1595 1172 1808 1244 quaest.
1841 1167 1944 1239 95,
1974 1171 2090 1226 art.

533 1259 594 1334 8,
650 1265 710 1319 et
737 1259 1002 1319 liabetur
1029 1277 1082 1318 c.
1111 1261 1169 1331 ⁴l,
1204 1265 1401 1331 extra,
1429 1258 1504 1318 de
1552 1260 1924 1337 purgatione
1963 1257 2100 1317 vul-

533 1353 690 1430 gari,
721 1358 784 1412 et
830 1371 963 1432 cap.
1021 1353 1520 1427 Monomackiam‚
1583 1352 1874 1426 secunda,
1923 1371 1986 1431 q.
2034 1354 2094 1428 5,

531 1443 641 1504 ubi
669 1447 1165 1519 Turrecremata,
1195 1451 1258 1506 et
1282 1447 1603 1522 Henrieus,
1633 1445 1994 1517 Quodlibeto
2030 1447 2093 1520 9,

533 1557 595 1616 q.
627 1541 729 1600 32.
759 1540 938 1600 Ratio
967 1545 1079 1612 est,
1111 1539 1258 1618 quia
1295 1551 1418 1598 nou
1455 1545 1547 1599 est
1575 1557 1789 1599 revera
1817 1540 2093 1601 medium

533 1632 610 1692 ad
656 1635 978 1695 veritatem
1027 1640 1089 1694 et
1147 1633 1568 1693 innocentiam
1621 1633 2091 1707 ostendendam,

533 1727 1038 1804 quandoquidem
1077 1726 1410 1806 aliquando
1452 1725 1750 1786 innocens
1777 1727 1844 1785 in
1888 1725 2096 1785 duello

535 1818 866 1897 occiditur3
895 1837 1004 1880 nec
1028 1821 1187 1880 ratio
1236 1818 1545 1880 sufficiens
1581 1821 1656 1880 asl
1693 1819 2097 1880 occidendum

536 1915 728 1975 alium
775 1915 1129 1974 intercedit:
1181 1933 1330 1992 ergo
1377 1933 1576 1993 neque
1621 1915 1697 1974 ad
1730 1913 2100 1992 aggredien-

537 2007 708 2068 dum.
764 2008 1062 2069 Praeterea
1099 2008 1164 2068 in
1195 2027 1266 2069 eo
1315 2009 1520 2087 agitur
1544 2013 1754 2068 contra
1789 2008 2095 2086 propriam

534 2101 898 2161 charitatem
921 2117 941 2178 ς
991 2120 1139 2162 nam
1196 2102 1246 2163 si
1291 2119 1626 2181 provocans
1678 2101 1755 2160 sit
1784 2102 2096 2176 innoccnS,

539 2194 791 2272 exponit
826 2213 888 2255 se
936 2193 1208 2274 periculo
1253 2197 1510 2273 mortis3
1551 2194 1600 2254 si
1648 2211 1796 2254 vero
1853 2212 2102 2271 nocens,

537 2287 734 2348 multo
777 2288 978 2365 magis
1001 2293 1243 2366 -peccat,
1275 2287 1488 2348 volens
1511 2307 1576 2348 se
1607 2303 1868 2366 purgare
1895 2305 2107 2365 super-

537 2381 1006 2442 stitioso-modo,
1037 2379 1309 2459 Denique
1333 2382 1490 2441 Deus
1521 2382 1649 2460 ipse
1678 2380 1745 2440 in
1798 2397 1872 2439 eo
1905 2386 2106 2440 teuta-

535 2479 660 2551 tur,
692 2492 830 2533 cum
861 2492 970 2554 per
1006 2475 1282 2535 medium
1325 2474 1671 2534 indebitum
1731 2473 1808 2534 ab
1837 2490 1910 2533 eo
1930 2475 2108 2533 auxi-

538 2566 694 2628 lium
717 2575 1015 2647 speretur.
1045 2568 1232 2645 (Vide
1261 2573 1599 2644 auctorem,
1643 2567 1688 2630 l.
1739 2571 1768 2628 1
1803 2567 1878 2628 de
1906 2568 2107 2628 Irreli-

547 2661 856 2738 giositate,
905 2680 956 2722 c.
985 2663 1044 2737 3,
1088 2681 1152 2722 n.
1188 2660 1279 2742 8.)

621 2756 682 2816 2.
733 2753 1011 2817 Secunda
1075 2756 1392 2819 conclusio.
1440 2790 1524 2803 —-
1576 2757 1716 2818 Dico
1781 2757 2048 2817 seeundo
2082 2771 2097 2816 :

543 2865 730 2908 omne
763 2847 1070 2926 privatum
1102 2848 1402 2920 duellum,
1435 2851 1496 2910 id
1543 2856 1655 2922 est,
1695 2850 1857 2929 quod
1896 2851 2103 2928 aliquo

539 2940 725 3001 modo
771 2958 898 3000 non
946 2945 1218 3003 continet
1261 2961 1476 3004 omnes
1519 2943 1900 3005 conditiones
1943 2944 2100 3020 justi

541 3031 712 3105 belli,
767 3041 859 3092 est
911 3034 1240 3095 intrinsece
1297 3035 1556 3096 malum.
1610 3037 1717 3096 Est
1752 3037 2101 3097 eommunis

543 3125 1043 3202 Summistarum,
1086 3127 1274 3187 verbo
1301 3129 1582 3190 Duellum
1603 3153 1629 3200 ,·
1655 3135 1719 3190 et
1745 3130 1995 3207 quidem
2026 3129 2102 3190 de

543 3225 913 3298 provocante
951 3219 1027 3280 ad
1069 3219 1370 3293 duellum,
1412 3221 1543 3281 sine
1572 3222 1698 3282 ulla
1729 3221 2104 3283 limitatione

543 3316 654 3370 aut
679 3310 1072 3372 distinctione
1099 3311 1470 3388 admittitur,
1504 3332 1577 3374 ac
1605 3315 1920 3394 probatur,
1958 3316 2104 3393 quia

543 3403 814 3464 occidere
856 3404 1176 3466 hominem
1205 3407 1445 3485 privata
1474 3409 1836 3468 auctoritate
1877 3415 1970 3468 est
2010 3409 2104 3467 in-

541 3496 805 3557 trinsece
834 3497 1094 3573 malum,
1125 3506 1540 3579 praeterquam
1571 3501 1634 3560 in
1662 3502 1977 3580 propriam
2008 3501 2106 3562 sui

545 3607 920 3670 suarumque
947 3610 1157 3653 rerum
1190 3595 1598 3656 necessariam
1637 3594 2056 3656 defensionem
2083 3618 2102 3670 ;

543 3683 650 3743 sed
697 3685 804 3763 qui
847 3693 1136 3765 provocat
1180 3686 1258 3746 ad
1306 3689 1617 3767 privatum
1663 3688 1964 3762 duellum,
1994 3707 2107 3752 sua

541 3780 790 3856 propria
809 3781 1170 3840 auctoritate
1195 3781 1432 3859 privata
1463 3781 1819 3860 aggreditur
1856 3783 1932 3842 ad
1954 3785 2107 3843 occi-

542 3871 850 3945 denslum3
901 3890 1072 3951 ergo,
1109 3880 1224 3933 etc.
1261 3874 1564 3950 Secunde,
1601 3875 1768 3936 idem
1809 3876 2106 3955 probatur

543 3966 620 4028 de
639 3969 990 4044 acceptante
1003 3983 1023 4042 3
1053 3985 1196 4026 nam
1220 3967 1322 4027 ille
1345 3968 1480 4028 vnlt
1502 3969 1720 4048 reipsa
1747 3969 2000 4046 aggredi
2024 3967 2103 4028 ad

541 4058 950 4120 occidendum
979 4060 1241 4120 alterum
1282 4067 1737 4139 provocantem.
1771 4061 2105 4121 Confirma-

539 4156 666 4220 tur,
705 4152 851 4230 quia
885 4152 1008 4212 tale
1050 4152 1323 4213 duellum
1363 4154 1733 4230 generaliter
1774 4153 2104 4214 damnatur

537 4243 702 4319 jure,
738 4244 801 4302 in
837 4243 973 4322 lege
1011 4247 1240 4324 prima,
1275 4247 1492 4307 Codice
1529 4246 1604 4306 de
1629 4247 2099 4321 Gladiatoribus,

539 4343 601 4395 et
623 4336 686 4395 in
703 4337 1087 4411 Tridentin0‚
1106 4358 1250 4402 sess.
1269 4343 1372 4415 25,
1391 4341 1466 4400 de
1481 4340 1960 4413 Reformatioue‚
1986 4339 2105 4398 im-

539 4429 793 4506 ponitur
815 4449 996 4509 poena
1018 4433 1697 4507 excommunicationiS,
1727 4439 1788 4493 et:
1805 4433 1942 4492 aliae
1974 4432 2103 4510 plu-

543 4521 716 4581 rimae
749 4525 1193 4601 pugnantibuS,
1229 4524 1518 4585 dantibus
1555 4525 1899 4598 consilium,
1932 4543 2099 4604 spec-

538 4615 862 4686 tatoribus,
893 4623 1008 4677 etc.
1039 4617 1115 4676 Et
1140 4617 1204 4676 in
1236 4617 1410 4677 Bulla
1439 4619 1703 4696 quadam
1741 4618 1831 4678 Pii
1866 4621 1967 4690 IV,
2006 4638 2104 4680 re-

537 4715 818 4768 servatur
841 4727 908 4768 ea
933 4709 1482 4769 excommunicatio
1511 4709 1817 4782 Pontifici,
1850 4717 2103 4789 praeter-

535 4817 726 4879 quam
758 4801 824 4861 in
853 4820 1111 4880 persona
1141 4802 1526 4880 imperatoris
1553 4812 1610 4862 et
1645 4803 1826 4880 regis
1859 4805 1937 4862 Et
1965 4802 2105 4863 licet:

539 4893 671 4953 haec
693 4894 839 4972 jura
867 4893 1193 4956 videantur
1217 4895 1414 4954 solum
1449 4895 1618 4974 loqui
1653 4896 1729 4955 de
1758 4894 1963 4955 duello
1992 4914 2106 4974 pu·

539 4985 723 5060 blica,
756 4991 960 5047 tamen
993 4987 1323 5065 Gregorius
1353 4988 1486 5048 XIII
1511 4988 1789 5048 extendit
1813 4987 1873 5048 id
1900 4988 2105 5067 ipsum

539 5079 614 5137 ad
641 5079 881 5157 privata
909 5081 1248 5140 certamina
1276 5079 1640 5158 singularia,
1673 5081 1955 5159 quamvis
1978 5099 2105 5142 non

538 5178 811 5232 reservet
841 5173 1570 5233 excommunicationem.

621 5267 680 5326 3.
713 5265 1114 5338 Quorumdam
1138 5264 1429 5329 limitatio
1461 5265 2109 5327 conclusionis.—Eo-

537 5375 677 5420 rum
701 5359 1172 5434 fundamentum.
1208 5391 1286 5402 —-
1308 5359 1634 5440 Rejicitur.
1662 5391 1746 5404 —
1770 5357 1869 5420 Ad
1887 5358 2107 5434 funda-

539 5457 800 5513 mentum
836 5453 1338 5514 adversarior-nm.
1367 5482 1448 5497 -
1470 5450 1931 5512 Advertendum
1960 5468 2107 5511 vero

537 5540 837 5603 limitasse
867 5544 1164 5622 quosdam
1207 5543 1368 5604 lianc
1401 5544 1858 5604 conclusionem
1905 5544 1967 5605 in
2008 5561 2106 5608 ac-

1574 414 1809 466 nlsrm'.
1847 415 1975 467 xm.
2014 413 2091 465 ΕΤ
2128 409 2356 464 ULmJA
2394 414 2471 465 DE
2506 413 2718 465 BELLO.

2172 519 2479 592 ceptante,
2512 515 2560 573 si
2592 513 2655 574 id
2686 513 2870 574 faeiat
2916 513 3285 574 defendendi
3312 509 3595 573 honoris
3636 529 3752 586 gra.

2172 607 2283 682 tia,
2318 608 2481 687 quod
2508 607 2659 668 alias
2688 615 2963 668 maneret
2994 606 3267 678 infamis,
3300 607 3352 666 si
3380 609 3755 683 provocatus

2174 719 2299 760 nou
2327 707 2696 780 acceptaret.
2726 701 2803 760 Et
2826 701 3118 760 suadetur
3148 719 3185 759 a
3210 699 3403 760 simili
3438 713 3458 755 ε
3492 715 3649 756 nam
3678 697 3759 756 vir

2176 794 2425 868 nobilis,
2451 813 2636 872 quem
2660 793 2817 854 alter
2832 793 3215 871 aggreditur,
3241 811 3367 852 uon
3382 797 3657 851 tenetur
3674 788 3759 848 fu-

2175 905 2343 965 gere,
2375 887 2479 947 sed
2510 887 2679 947 licite
2716 893 3037 966 expectare
3070 891 3293 964 potest,
3330 903 3403 946 ac
3452 902 3529 944 se
3562 882 3759 941 delen-

2176 981 2377 1040 dendo
2433 986 2871 1060 provocantem
2934 980 3238 1054 occidere,
3296 979 3505 1057 idque
3566 974 3760 1036 solum

2179 1079 2426 1153 propter
2466 1074 2766 1134 tuendum
2804 1074 3099 1133 honorem
3128 1073 3629 1133 convenientem
3662 1087 3761 1128 suo

2178 1167 2401 1243 statui3
2432 1185 2581 1245 ergo
2619 1167 2923 1240 similiter,
2967 1173 3082 1226 etc.
3110 1167 3189 1226 Et
3214 1166 3335 1226 hoc
3363 1164 3627 1225 iudicat
3652 1163 3761 1222 Na·

2179 1277 2369 1333 varr„
2396 1260 2461 1318 in
2486 1261 2766 1334 Summa,
2788 1278 2841 1320 c.
2870 1261 2968 1334 ⁴¹5,
2994 1261 3062 1319 in
3080 1259 3227 1334 fine,
3254 1258 3569 1338 quamvis
3593 1275 3647 1315 c.
3672 1259 3762 1330 11,

2178 1371 2245 1412 n.
2266 1355 2365 1425 39,
2387 1352 2557 1413 aliud
2575 1354 2821 1414 sentiat.
2845 1352 2963 1414 Sed
2983 1351 3361 1413 contrarium
3384 1355 3493 1412 est
3512 1349 3763 1409 omnino

2179 1466 2421 1518 verum,
2453 1456 2524 1508 ut
2566 1455 2734 1527 patet
2777 1467 2853 1509 ex
2880 1448 3130 1527 juribus
3170 1449 3395 1523 citatiS,
3446 1447 3763 1525 praecipue

2177 1559 2253 1599 ex
2273 1540 2443 1600 bulla
2464 1541 2556 1602 Pii
2575 1541 2681 1616 IV,
2704 1543 2768 1601 in
2796 1561 2918 1622 qua
2940 1541 3213 1602 notanda
3232 1548 3377 1601 sunt
3398 1541 3525 1601 illa
3550 1539 3764 1599 verba:

2177 1633 2291 1694 Ex
2317 1652 2677 1715 quacumque
2707 1653 2914 1711 causa,
2946 1637 3130 1697 etiam
3155 1654 3192 1696 a
3225 1635 3469 1717 lembus
3504 1651 3631 1693 non
3662 1633 3766 1692 im-

2175 1729 2445 1805 probata,
2472 1727 2677 1808 quovis
2696 1736 3000 1812 proetextu
3026 1731 3360 1798 admittere,
3377 1734 3510 1789 ete.
3532 1727 3719 1787 Ratio
3736 1745 3769 1788 a

2179 1821 2501 1898 posteriori
2552 1822 2853 1882 naturalis
2902 1829 3015 1896 est,
3065 1825 3211 1903 quia
3252 1822 3512 1902 judicio
3572 1823 3766 1898 cujus-

2182 1931 2447 1992 cumque
2490 1915 2839 1992 prudentis,
2894 1923 3108 1978 contra
3155 1923 3385 1976 rectam
3448 1913 3771 1975 rationem

2181 2013 2442 2085 uterque
2483 2007 2729 2068 illorum
2760 2015 2910 2070 tunc
2948 2009 3121 2087 eligit
3166 2008 3361 2069 alium
3406 2014 3763 2088 pereutere.

2185 2101 2358 2160 Addo
2386 2101 2639 2181 insuper
2658 2101 2827 2162 illam
2853 2121 2979 2163 non
3004 2121 3133 2162 esse
3154 2121 3369 2162 verum
3396 2101 3768 2174 infamiam,

2186 2195 2468 2272 quamvis
2511 2195 2868 2274 imperitum
2910 2195 3135 2274 vulgus
3164 2196 3251 2255 ita
3274 2195 3554 2273 judicet.
3598 2193 3765 2252 Ratio

2185 2305 2332 2346 vero
2352 2307 2387 2346 a
2416 2289 2605 2366 priori
2628 2288 2841 2366 liquet,
2872 2289 3019 2366 quia
3047 2288 3155 2348 illa
3184 2306 3309 2347 non
3334 2295 3429 2347 est
3455 2285 3761 2358 defensio,

2186 2381 2292 2440 sed
2322 2383 2677 2459 aggressi03
2722 2400 2987 2461 namque
3021 2381 3295 2441 defensio
3334 2379 3555 2440 solum
3587 2378 3763 2438 habet

2186 2472 2391 2534 locum
2418 2474 2525 2533 ubi
2552 2475 2638 2534 vis
2664 2475 2723 2534 vi
2745 2474 3096 2554 repellitur3
3121 2474 3207 2534 ibi
3230 2481 3443 2534 autem
3472 2473 3655 2532 nulia
3678 2473 3763 2530 in·

2186 2567 2444 2627 tercedit
2472 2567 2585 2642 vis,
2618 2568 2680 2627 in
2712 2587 2833 2647 quo
2860 2567 3067 2628 differt
3096 2567 3195 2627 hic
3222 2585 3396 2627 casus
3422 2565 3517 2626 ab
3548 2565 3657 2624 1110
3684 2565 3758 2623 si-

2187 2659 2319 2718 mili
2348 2661 2453 2738 qui
2484 2661 2928 2722 adducebatur.
2962 2661 3051 2722 Ibi
3076 2662 3243 2721 enim
3272 2661 3373 2719 vir
3396 2659 3641 2718 nobilis
3666 2677 3761 2734 pa·

2182 2753 2337 2813 titur
2363 2759 2501 2814 actu
2520 2756 2645 2814 vim
2653 2801 2672 2830 ,
2696 2763 2758 2815 et
2780 2755 3021 2833 cogitur
3048 2754 3123 2814 ad
3158 2753 3479 2832 agendum
3528 2750 3755 2830 aliquid

2184 2844 2348 2924 quod
2388 2845 2505 2906 sibi
2542 2847 2692 2907 alias
2732 2865 2858 2906 non
2895 2847 3069 2922 licet3
3114 2846 3215 2906 hic
3252 2863 3402 2905 vero
3446 2844 3631 2904 nulla
3677 2849 3758 2902 est

2184 2939 2296 2998 viS.
2338 2941 2488 3000 Item
2510 2939 2597 3000 ibi
2634 2948 3002 3019 provocatur
3048 2941 3236 3001 homo
3266 2939 3343 2999 ad
3378 2955 3623 3018 puram
3659 2937 3751 2997 de·

2184 3031 2526 3093 sensionem
2559 3055 2573 3106 3
2604 3032 2707 3094 hic
2734 3053 2879 3110 vero
2905 3037 3091 3094 etiam
3133 3033 3209 3093 ad
3258 3033 3745 3110 aggressionem,

2182 3143 2366 3204 quam
2394 3125 2651 3186 honesta
2680 3127 2918 3186 ratione
2946 3143 3177 3202 negare
3205 3130 3428 3204 potest.
3464 3126 3565 3182 Ita
3596 3123 3753 3200 Caje-

2183 3225 2365 3278 tanus
2392 3238 2457 3278 su
2468 3237 2597 3297 pra,
2629 3221 2789 3280 circa
2806 3220 3169 3279 solutionem
3194 3219 3273 3278 ad
3302 3220 3363 3290 3,
3392 3222 3455 3277 et
3475 3218 3553 3277 in
3578 3219 3749 3277 Sum-

2186 3328 2308 3384 ma,
2330 3311 2521 3371 verbo
2552 3313 2853 3386 Duellum,
2878 3312 2984 3372 ubi
3011 3311 3293 3385 Armilla,
3324 3329 3393 3371 n.
3428 3313 3453 3368 1
3504 3332 3523 3384 ;
3558 3311 3747 3382 Solus,

2185 3403 2227 3464 l.
2258 3407 2295 3465 5
2318 3405 2392 3464 de
2416 3406 2682 3478 Justitia,
2706 3423 2765 3484 q.
2794 3411 2852 3481 1,
2879 3410 2994 3464 art.
3018 3407 3081 3478 8,
3102 3423 3262 3466 vers,
3290 3403 3468 3477 Quod
3492 3405 3561 3467 si
3584 3406 3750 3476 ἠύτε,-

2186 3497 2505 3570 Abulen3.,
2540 3502 2564 3558 1
2602 3499 2781 3572 Reg..
2814 3517 2865 3559 c.
2904 3502 3004 3572 17,
3038 3518 3101 3579 q.
3150 3498 3261 3557 ult.

2264 3593 2321 3650 4.
2374 3589 2652 3653 Secunda
2676 3591 3081 3654 limitatio.—
3102 3589 3472 3653 Sublimitat
3508 3590 3751 3668 Cajeta-

2184 3700 2319 3744 πως.
2348 3715 2427 3728 -
2449 3682 2752 3764 Arguitur
2804 3701 2842 3744 a
2888 3685 3203 3765 proedicte’s
3250 3684 3613 3746 auctoribus
3644 3701 3751 3764 pro

2185 3793 2297 3838 sua
2323 3774 2705 3838 limitatione.
2728 3809 2809 3820 ——
2836 3777 3144 3849 Secunde,
3176 3776 3485 3836 limitatur
3516 3776 3751 3836 conclu·

2186 3867 2276 3927 sio
2301 3867 2367 3927 in
2394 3885 2466 3928 eo
2496 3874 2662 3942 casu,
2693 3887 2817 3947 quo
2842 3869 3141 3929 innocens
3172 3869 3401 3946 injuste
3430 3875 3749 3929 accusatus

2186 3965 2248 4021 et
2272 3961 2618 4036 damnatuS,
2648 3963 2747 4022 vel
2774 3968 2937 4022 certe
2956 3961 3465 4022 condemnandus
3492 3963 3575 4023 ad
3600 3980 3747 4022 mor·

2184 4060 2333 4128 tem,
2373 4060 2809 4132 provocaretur
2838 4055 2915 4114 ab
2944 4061 3291 4115 accusatore
3327 4053 3404 4114 ad
3446 4056 3745 4126 duellum,

2185 4149 2235 4208 si
2274 4147 2456 4207 vellet
2500 4153 2729 4206 certam
2775 4155 3059 4222 mortem,
3102 4166 3287 4226 quam
3334 4165 3449 4226 per
3480 4149 3745 4226 judicem

2184 4245 2337 4300 esset
2418 4239 2757 4314 subituruS,
2824 4247 3203 4300 commutare
3268 4239 3334 4299 in
3406 4240 3745 4318 perieulum

2182 4332 2396 4392 duelli.
2446 4334 2595 4392 Nam
2641 4339 2789 4393 tunc
2824 4339 3137 4411 acceptare
3180 4333 3463 4392 duellum
3506 4334 3745 4392 videtur

2178 4429 2339 4508 justa
2360 4428 2650 4488 defensio,
2670 4429 2759 4488 Ita
2780 4433 2945 4487 tenet
2969 4429 3272 4507 Lyranus,
3294 4431 3319 4486 1
3347 4428 3617 4508 Regum,
3640 4429 3709 4488 17
3722 4442 3741 4501 3

2183 4529 2243 4582 et
2271 4523 2555 4597 Navarr.⁹
2586 4525 2774 4595 0.·11,
2808 4541 2869 4581 n.
2908 4523 3007 4596 39,
3040 4527 3101 4580 et
3130 4539 3183 4580 c.
3222 4524 3322 4593 15,
3352 4539 3417 4580 n.
3456 4524 3521 4594 9,
3557 4529 3619 4582 et
3646 4523 3741 4582 Ca-

2176 4616 2446 4695 jetanuS,
2478 4618 2539 4678 2.
2564 4618 2624 4690 2,
2656 4633 2695 4692 q
2738 4619 2841 4689 95,
2870 4620 2985 4674 art.
3022 4616 3082 4690 8,
3118 4620 3181 4673 ct
3214 4614 3403 4674 verbo
3432 4615 3736 4676 Duelloem.

2186 4707 2370 4766 Addit
2396 4714 2603 4767 tamen
2632 4707 2969 4767 dummodo
2994 4723 3117 4768 uon
3148 4708 3419 4785 propria,
3446 4707 3557 4766 sed
3586 4706 3739 4784 prin-

2185 4799 2333 4878 cipis
2379 4801 2740 4860 auctoritate
2790 4801 2918 4860 flat.
2972 4801 3047 4860 Et
3092 4799 3391 4877 probatur
3435 4798 3737 4863 limitatio,

2186 4895 2331 4970 quia
2354 4892 2453 4951 ille
2475 4893 2613 4951 talis
2632 4900 2944 4952 accusator
2969 4892 3331 4972 aggreditur
3350 4892 3735 4951 innocentem

2188 4984 2393 5061 gladio
2416 4984 2641 5063 judicis
2672 5004 2684 5043 :
2718 5001 2867 5062 ergo
2903 4985 3045 5046 licet
3070 4983 3389 5046 innocenti
3432 5003 3497 5044 se
3540 4984 3738 5044 desen-

2186 5077 2367 5151 dere3
2402 5096 2549 5156 ergo
2589 5083 2651 5138 et
2688 5080 2958 5138 medium
3004 5079 3079 5138 ad
3123 5077 3549 5138 defensionem
3583 5093 3738 5136 assu-

2186 5189 2381 5246 mere,
2418 5171 2578 5250 quotl
2627 5189 2752 5230 non
2788 5179 2880 5231 est
2920 5171 3087 5231 aliud
3128 5169 3193 5229 in
3235 5169 3553 5247 proposito
3582 5185 3735 5239 casu,

2186 5283 2371 5345 quam
2399 5263 2694 5324 duellum.
2720 5264 3149 5336 Confirmatur,
3182 5262 3353 5340 quia,
3384 5268 3457 5320 ut
3486 5261 3553 5322 in
3576 5276 3737 5338 supe·

2187 5357 2451 5417 rioribus
2488 5356 2779 5430 diximus,
2822 5354 3154 5416 materialis
3192 5354 3512 5432 aggressio
3551 5355 3736 5412 inter·

2186 5451 2335 5509 dum
2356 5456 2443 5510 est
2464 5449 2737 5510 formalis
2758 5448 3030 5509 defensio
3048 5471 3065 5522 ;
3093 5448 3207 5508 hoc
3232 5447 3437 5526 ipsum
3460 5463 3611 5524 ergo
3630 5444 3734 5505 erit

2188 5543 2563 5604 censendum
2596 5541 2661 5602 in
2692 5543 3015 5624 preposite.
