3900 6217
604 381 721 443 182

1757 391 1998 442 msvn‘r.
2039 391 2115 442 vl.
2153 389 2233 442 DE
2263 389 2427 441 ACTU
2461 390 2642 442 mnu.

600 486 909 552 Habemus
930 489 1267 565 firmiorem
1281 490 1695 570 propheticum
1712 508 2034 554 sermonem
2051 515 2076 563 ;
2101 496 2164 550 et
2239 489 2546 552 certitudo
2573 489 2722 552 iidei
2749 489 2816 550 in
2843 507 2933 559 se,
2977 488 3029 550 si
3057 503 3170 549 nos
3197 489 3377 552 etiam
3419 511 3530 555 non
3553 499 3726 562 redde·

562 640 573 646 -
602 579 789 642 verba
818 581 1013 656 Pauli,
1042 581 1121 643 ad
1160 581 1357 644 Galat.
1388 582 1593 662 primo
1624 599 1641 643 :
1674 584 1759 647 Si
1794 583 2068 662 Anystus
2095 585 2168 646 de

603 676 766 751 calc,
802 682 919 738 etc.
960 676 1233 758 Denique
1276 677 1425 738 iacit
1458 677 1637 753 illud,
1685 677 1833 739 Luc.
1872 680 1947 740 21
1985 693 2002 738 ε
2037 677 2166 741 6¹oe-

603 769 729 830 lum
751 775 806 831 et
848 775 1015 832 terra
1048 771 1421 844 transibunt,
1454 772 1631 834 verba
1671 777 1869 834 atatem
1896 787 2030 834 moa
2047 787 2167 832 uon

598 863 1017 940 proetoribimt.

688 955 784 1016 11.
818 955 977 1016 Item
1020 959 1253 1018 ratione
1292 975 1332 1018 a
1360 959 1596 1037 priori.
1628 991 1709 1004 —-
1740 957 1919 1018 Ratio
1959 961 2167 1016 alitem

606 1049 853 1128 propria
887 1049 1155 1110 sumitur
1196 1069 1276 1112 ex
1312 1051 1635 1113 altioribus
1675 1051 1897 1125 causis,
1947 1049 2170 1128 quibus

606 1141 828 1203 nititur
866 1143 1171 1206 certitudo
1198 1145 1375 1220 fidei3
1404 1145 1704 1207 fumdatur
1743 1147 1913 1205 enim
1949 1144 2018 1203 in
2045 1142 2170 1222 pri·

610 1253 713 1294 ma
762 1236 1023 1298 veritate
1044 1281 1063 1311 ,
1119 1251 1313 1317 quam
1350 1238 1561 1300 fallere
1592 1238 1691 1298 vel
1726 1237 1857 1298 falli
1886 1235 2172 1315 impossi-

606 1325 793 1389 bilius
812 1337 901 1390 est
925 1347 1114 1410 quam
1158 1333 1505 1395 naturalem
1542 1332 1878 1394 scientiam·
1899 1329 2174 1392 hominis

610 1437 853 1499 errare3
880 1423 1029 1483 item
1066 1425 1292 1502 pendet
1316 1424 1619 1487 certitudo
1642 1424 1789 1485 fidei
1824 1441 1903 1485 ex
1937 1423 2180 1484 lumine

607 1513 813 1576 infuso
842 1521 904 1576 et
940 1516 1175 1593 divino,
1218 1519 1385 1598 quod
1428 1519 1611 1593 longe
1656 1517 2058 1579 excellentius
2083 1523 2179 1577 est

616 1625 803 1686 quam
828 1608 1039 1671 lumen
1074 1612 1359 1672 naturale
1397 1613 1776 1687 intellectns3
1816 1609 2177 1689 hujusmodi

610 1715 761 1778 ergo
788 1701 1001 1762 lumen
1041 1705 1227 1764 etiam
1256 1707 1495 1766 confert
1518 1703 2020 1766 excellentiorem
2047 1719 2176 1763 cer-

607 1793 964 1856 titudinem.
1021 1797 1194 1862 Unde
1257 1812 1419 1878 saepe
1472 1798 1837 1876 corrigimus
1896 1795 2178 1857 naturale

608 1885 821 1950 lumen
864 1907 974 1971 per
1020 1890 1230 1953 lumen
1270 1891 1453 1968 fidei,
1488 1892 1678 1953 etium
1720 1890 1881 1950 circa
1906 1890 2014 1950 illa
2041 1906 2180 1969 qum

611 1982 899 2045 videntur
956 2003 1085 2047 esse
1140 1987 1341 2066 prima
1386 1984 1723 2066 principia,
1774 1990 1847 2044 ut
1892 1989 2064 2064 patet
2113 1985 2176 2044 iu

607 2075 715 2137 illo
774 2078 1079 2157 principio
1124 2095 1141 2140 z
1192 2079 1581 2160 Quacumque
1626 2084 1767 2140 eunt
1815 2079 2012 2140 eadem
2066 2077 2177 2138 cni

610 2170 812 2243 tertio,
859 2179 999 2233 sunt
1034 2173 1229 2234 cadem
1270 2174 1427 2234 inter
1471 2192 1550 2246 ec,
1600 2171 1767 2252 quod
1808 2173 1873 2231 in
1916 2171 2178 2232 materia

608 2265 687 2323 de
726 2265 1065 2326 Trinitate¹
1112 2265 1451 2327 limitamus
1476 2266 1555 2326 ad
1600 2283 1695 2327 res
1720 2265 1964 2340 finitas3
1997 2271 2061 2326 et
2109 2265 2178 2326 in

608 2357 745 2418 aliis
794 2360 1107 2439 mysteriis
1140 2405 1157 2434 ,
1219 2361 1561 2440 praesertim
1610 2359 2054 2421 iucarnationis
2105 2365 2172 2421 et

608 2451 1040 2528 Eucharistioe,
1086 2453 1285 2514 multa
1332 2453 1455 2514 alia
1497 2455 1862 2527 limitamuS,
1900 2459 1972 2512 ut
2026 2452 2172 2514 fidei

610 2563 737 2605 non
792 2554 1180 2626 repugnent3
1226 2566 1373 2626 ergo
1414 2549 1659 2626 signum
1714 2553 1807 2607 est
1846 2546 2060 2606 lumen
2091 2545 2172 2605 fi-

609 2637 709 2699 dei
737 2641 961 2699 certius
986 2659 1139 2702 esse.
1182 2641 1478 2720 Denique,
1522 2645 1825 2718 quatenus
1844 2637 1998 2698 fides
2025 2657 2174 2718 peu-

606 2732 713 2793 det
736 2749 815 2794 ex
839 2733 1182 2808 voluntate,
1205 2739 1277 2793 ut
1295 2735 1428 2811 jam
1452 2734 1674 2808 dicam,
1701 2733 1919 2792 nititur
1946 2731 2011 2792 in
2039 2749 2176 2810 spe-

606 2825 750 2886 ciali
782 2828 1057 2888 motione
1092 2828 1356 2906 Spiritus
1384 2828 1617 2901 Sancti,
1644 2843 1785 2906 quoe
1824 2825 2042 2885 efficax
2088 2829 2178 2884 est

607 2919 683 2980 ad
726 2919 1141 2998 praestandam
1180 2919 1675 2981 excellentiorem
1708 2917 2170 2979 certitudinem.

607 3010 783 3074 Unde
808 3013 995 3073 etiam
1027 3011 1101 3072 fit
1128 3019 1197 3074 ut
1232 3011 1537 3073 certitudo
1560 3011 1705 3072 fidei
1731 3027 1858 3070 non
1890 3010 2177 3070 admittat

606 3104 1009 3166 deliberatam
1028 3105 1479 3166 dubitationem
1500 3105 1568 3166 in
1582 3103 1924 3177 intellectu,
1957 3104 2176 3164 etiam-

604 3197 655 3259 si
686 3197 855 3258 mille
894 3203 1267 3276 argumenta
1311 3203 1666 3266 occurrant,
1713 3196 1941 3276 quibus
1987 3196 2176 3258 homo

606 3289 954 3351 satisfacere
982 3295 1237 3364 nesciat,
1267 3291 1391 3351 uisi
1408 3290 1487 3350 ad
1509 3289 1697 3352 fidem
1728 3289 2171 3366 confugiendo,

607 3384 769 3463 quod
792 3390 885 3446 est
908 3385 1097 3445 ctiam
1122 3389 1409 3464 apertum
1434 3383 1693 3462 siguum
1714 3383 1839 3462 mai
1848 3383 1973 3444 oris
1997 3384 2178 3444 certi-

608 3477 863 3538 tudinis

698 3571 787 3630 12.
821 3569 927 3632 Aa
964 3571 1423 3647 fundamentum
1457 3570 1725 3649 primum
1764 3569 2076 3645 Duo-andi,
2107 3569 2176 3631 in

610 3679 773 3724 num.
826 3666 889 3736 9,
924 3669 993 3724 ut
1042 3663 1290 3742 quidam
1328 3663 1736 3741 respondeant.
1766 3695 1845 3708 —
1886 3661 2175 3742 Vulgaris

607 3757 1042 3833 distinctionis,
1066 3757 1451 3819 certitudinis
1474 3755 1789 3818 secundum
1816 3773 1878 3819 ει
1898 3762 1954 3818 et
1983 3759 2179 3835 quoad

606 3865 737 3924 nos,
782 3849 987 3930 [alsus
1014 3861 1223 3911 senatos
1244 3849 1606 3912 excluditur.
1634 3876 1719 3896 ω-
1758 3849 1943 3913 Verus
1970 3867 2176 3912 ecum

604 3943 890 4020 affertur.
909 3941 1095 4002 -Ad
1118 3941 1597 4002 fundamentum
1620 3943 2004 4021 proecipuum
2027 3959 2174 4002 con·

606 4035 815 4093 trariae
840 4035 1168 4096 sententia>
1194 4033 1348 4094 solet
1370 4033 1503 4094 dari
1538 4033 1813 4112 vulgaris
1834 4033 2172 4110 distinctio,

605 4127 1038 4188 certitudinem
1082 4127 1231 4187 fidei
1268 4127 1595 4206 dupliciter
1636 4125 2010 4189 considerari
2041 4139 2174 4204 pos·-

607 4240 695 4294 se,
738 4221 967 4282 scilicet
990 4219 1328 4282 secundum
1358 4239 1443 4294 se,
1469 4219 1569 4280 vvel
1598 4219 1799 4298 quoad
1826 4238 1976 4292 noa,·
1995 4226 2057 4282 et
2083 4236 2176 4282 se·

610 4313 885 4374 cundum
920 4331 985 4374 se
1016 4331 1149 4374 esse
1190 4313 1541 4386 certiorem,
1568 4312 1735 4391 quod
1783 4313 2050 4391 probant
2076 4332 2176 4375 ar-

612 4411 911 4484 gumenta
944 4405 1101 4466 facta
1136 4424 1248 4485 pro
1282 4408 1617 4466 assertione
1650 4426 1665 4464 τ
1698 4405 1903 4483 quoad
1932 4423 2045 4466 nos
2073 4421 2176 4466 ve·

612 4515 706 4572 ro,
740 4515 869 4558 esse
912 4499 1121 4560 minus
1158 4505 1411 4571 certam,
1442 4504 1505 4558 et
1532 4496 1649 4557 hoc
1676 4496 1932 4574 probare
1972 4499 2176 4576 priora

616 4589 1059 4668 fundament&
1082 4593 1170 4651 ita
1196 4590 1523 4668 distinguit
1560 4590 1741 4651 divus
1771 4590 2038 4650 Thomas
2068 4609 2174 4652 su-

618 4700 753 4761 pra,
784 4688 847 4742 et
874 4681 1139 4762 explicat
1170 4683 1497 4760 cajetanus
1526 4681 1633 4753 ibi,
1686 4688 1749 4743 et
1782 4685 1808 4742 1
1864 4701 1952 4760 p.,
2001 4702 2063 4764 q.
2113 4688 2173 4757 1,

624 4781 739 4836 art.
774 4775 811 4834 3
830 4791 849 4850 ;
874 4783 935 4835 et
962 4775 1289 4856 Capreolus
1326 4777 1397 4836 in
1430 4777 1492 4849 3,
1529 4774 1797 4836 distinct.
1830 4777 1933 4852 25,
1975 4779 2054 4837 ad
2082 4795 2179 4837 ar-

618 4875 916 4945 gumenta
958 4874 1171 4928 contra
1224 4869 1475 4929 tertiam
1528 4867 2007 4929 conclusionem.
2058 4869 2180 4930 Sed

616 4957 927 5020 distinctio
966 4965 1063 5020 est
1106 4960 1387 5034 obscura,
1442 4966 1505 5021 et
1552 4977 1703 5020 sano
1754 4961 1941 5020 modo
1991 4961 2181 5022 inter-

612 5051 937 5130 pretanda,
978 5071 1059 5114 ne
1098 5053 1335 5132 aliquid
1368 5053 1595 5114 falsum
1632 5055 1982 5133 contineat3
2033 5073 2180 5116 nam

613 5143 666 5205 si
700 5145 785 5205 sit
810 5162 1028 5206 sensus
1051 5145 1237 5206 fidem
1266 5146 1353 5206 ita
1376 5163 1504 5206 esse
1528 5146 1593 5206 in
1624 5165 1691 5208 se
1716 5147 2069 5222 certiorem,
2111 5154 2185 5208 ut

618 5253 747 5298 non
783 5237 1003 5300 reddat
1042 5239 1233 5299 etiam
1260 5253 1372 5300 nos
1402 5239 1601 5318 magis
1642 5243 1861 5313 emes,
1905 5239 2062 5302 falsa
2091 5246 2182 5302 est

614 5329 933 5406 doctrina3
989 5330 1139 5412 quid
1182 5330 1350 5392 enim
1396 5331 1707 5410 prodesset
1758 5331 1937 5393 nobis
1981 5333 2181 5412 major

698 5525 713 5556 ⁸
734 5519 866 5579 Lib.
898 5525 1141 5600 quarto,
1174 5537 1308 5599 cap.
1353 5521 1409 5582 1.

2241 589 2339 644 ret
2369 584 2570 662 magis
2605 586 2838 644 certost
2869 581 2994 642 Vel·
3025 583 3326 660 quomodo
3365 593 3545 662 posset
3581 591 3728 654 nobis

2244 682 2524 739 constare
2550 675 2628 736 de
2655 675 2774 736 hac
2798 673 3022 753 majori
3047 673 3408 737 certitudine
3425 676 3556 740 fidei
3574 681 3630 742 in
3657 701 3728 760 se,

2247 771 2300 832 si
2325 771 2392 830 in
2419 770 2601 831 nobis
2623 769 2794 830 illam
2825 787 2951 830 non
2979 767 3286 830 efficeret?
3316 769 3602 846 protem,
3635 782 3730 838 tes-

2247 864 2510 924 timonia
2531 868 2596 922 et
2615 863 2886 924 rauenes
2913 879 3068 942 quas
3109 860 3483 935 adduximus,
3513 883 3626 928 non
3659 887 3732 929 so-

2247 957 2379 1018 lum
2399 955 2666 1036 probant
2691 973 2791 1016 res
2817 954 2962 1016 fidei
2991 971 3120 1015 esse
3141 953 3448 1030 cernercs,
3465 957 3560 1018 sed
3579 961 3731 1024 etiam

2247 1050 2464 1112 fideles
2503 1051 2580 1111 de
2607 1049 2734 1110 illis
2757 1065 2888 1110 esse
2923 1047 3126 1126 magis
3163 1053 3387 1122 certos3
3431 1067 3562 1110 nam
3593 1053 3736 1115 effic.

2249 1150 2349 1206 tus
2369 1143 2558 1221 hujus
2583 1141 2968 1203 certitudinis
3000 1142 3066 1200 i‘n
3109 1139 3286 1200 nobis
3315 1139 3488 1216 fiunt,
3513 1148 3569 1204 et
3597 1149 3740 1223 quasi

2253 1239 2677 1318 experimento
2700 1242 2766 1296 et
2785 1233 3160 1315 quibusdam
3199 1234 3384 1312 signis
3415 1251 3740 1312 cognoscun-
3794 1261 3795 1270 ¹

2258 1339 2380 1406 tur,
2425 1338 2499 1392 nt
2547 1344 2813 1392 numero
2857 1326 3228 1406 praecedenti
3268 1325 3618 1388 declaratum
3648 1337 3738 1390 cst.

2257 1425 2554 1503 Denique,
2599 1422 2850 1503 quando·
2893 1420 3160 1482 dicimus
3205 1417 3386 1480 iidem
3419 1437 3542 1482 esse
3571 1423 3742 1482 certio·

2259 1532 2416 1594 rem,
2446 1531 2574 1578 nova
2595 1522 2940 1578 tractamus
2963 1516 3040 1576 de
3067 1513 3326 1576 materh
3351 1513 3486 1576 fidei
3503 1535 3520 1588 ·,
3540 1531 3664 1574 nam
3685 1516 3746 1578 de

2257 1611 2366 1672 illa
2387 1617 2626 1672 constat
2647 1627 2776 1672 esne
2796 1609 3123 1688 obJeeuvc,
3149 1612 3230 1666 ut·
3245 1607 3331 1666 sic
3347 1605 3559 1682 diam,
3579 1609 3748 1668 certis-

2257 1707 2504 1778 simam,
2543 1705 2606 1764 id
2635 1714 2748 1778 est,
2795 1703 3064 1764 manime
3091 1699 3506 1772 necessariam,
3537 1705 3592 1760 et
3613 1701 3748 1760 omni

2257 1797 2386 1858 fide
2417 1798 2712 1874 dignam,
2757 1796 2864 1857 sed
2901 1801 3243 1856 tractamus
3275 1793 3350 1853 de
3383 1792 3508 1871 ipso
3543 1800 3681 1868 actu,
3703 1801 3750 1854 et

2257 1891 2346 1952 sic
2371 1906 2498 1951 non
2530 1895 2726 1969 potest
2753 1894 2928 1948 actus
2977 1885 3305 1967 praescindi
3341 1905 3380 1946 a
3413 1884 3612 1958 nobis3
3636 1902 3748 1946 nam

2257 1986 2588 2047 intrinsece
2629 1989 2722 2044 est
2749 1987 2926 2044 actu-s
2959 1981 3168 2042 vitalis
3207 1986 3433 2055 noster,
3477 1985 3535 2040 et
3569 1979 3748 2054 torma,

2259 2096 2366 2139 seu
2391 2083 2598 2138 motus
2613 2082 2870 2137 aetuans
2885 2075 3270 2135 intellectum
3299 2079 3580 2144 matrum,
3603 2089 3748 2150 quem

2255 2189 2398 2233 cum
2420 2171 2662 2250 objecto
2689 2169 3036 2248 conjungit;
3067 2185 3218 2246 ergo
3241 2166 3343 2228 vel
3359 2166 3462 2227 ille
3485 2171 3636 2228 actus
3655 2183 3750 2226 non

2256 2270 2346 2325 est
2374 2265 2440 2324 in
2469 2283 2534 2324 se
2559 2263 2806 2338 certior,
2835 2261 2935 2322 vel
2963 2261 3344 2322 intellectum
3369 2258 3558 2320 reddit
3583 2259 3754 2320 certio-

2256 2377 2388 2420 rem
2418 2400 2436 2434 ,
2495 2359 2643 2438 qnia
2711 2375 2838 2418 non
2889 2357 3080 2417 habet
3141 2356 3316 2417 illam
3383 2353 3754 2416 certitudinem

2251 2453 2428 2532 quasi
2455 2457 2802 2531 separatam
2831 2457 2892 2512 et
2909 2450 3307 2523 abstractam,
3341 2447 3754 2508 sedactuautem

2249 2545 2634 2606 intellectum
2678 2551 2980 2606 nostrum.
3023 2545 3254 2605 Sensus
3295 2559 3440 2620 ergo
3481 2539 3626 2601 illius
3659 2539 3757 2598 dis-

2254 2640 2604 2713 tinctionis,
2647 2645 2718 2698 ut
2749 2638 3071 2698 veritatem
3107 2636 3443 2710 contineat,
3473 2651 3590 2694 esse
3617 2631 3758 2692 debet

2256 2731 2400 2794 fidei
2431 2738 2638 2792 actum
2667 2748 2744 2792 ex
2771 2729 3076 2792 sehabere
3103 2746 3328 2809 puram
3353 2725 3756 2795 certitudinem

2255 2825 2664 2887 nihilominus
2699 2831 2938 2896 tamen,
2975 2841 3054 2884 ex
3099 2827 3276 2902 parte
3321 2819 3588 2898 subjecti,
3622 2836 3762 2897 posse

2255 2937 2397 2981 cum
2450 2918 2558 2979 illo
2585 2917 3074 2979 concomitanter
3102 2933 3234 2976 esse
3267 2913 3534 2993 aliquam
3574 2912 3760 2988 imper-

2255 3009 2584 3073 fectionem
2633 3009 3057 3070 indeliberatae
3099 3004 3470 3080 formidiniS,
3495 3021 3594 3064 seu
3619 3001 3760 3062 dubi-

2257 3103 2530 3178 tationis,
2567 3121 2756 3182 quam
2784 3119 2912 3162 non
2957 3099 3145 3180 possit
3173 3099 3330 3160 fides
3361 3095 3642 3175 impedire
3673 3111 3754 3154 seu

2256 3197 2621 3277 praevenire,
2655 3201 2900 3276 propter
2931 3193 3368 3254 obscuritatem
3397 3207 3598 3263 suarm
3625 3189 3766 3249 etita

2256 3289 2556 3370 explicuit
2603 3289 2672 3350 D.
2708 3287 2970 3350 Thomas
2991 3303 3180 3366 supra
3201 3283 3286 3346 ad
3319 3287 3382 3358 2,
3403 3290 3468 3345 et
3487 3287 3680 3360 quoest.
3707 3282 3766 3338 {0

2257 3383 2334 3444 de
2359 3383 2581 3456 Verit.,
2611 3387 2730 3442 art.
2763 3382 2860 3454 12,
2891 3379 2974 3440 ad
2993 3381 3058 3453 6,
3085 3383 3154 3438 et
3173 3395 3234 3458 q.
3262 3379 3372 3453 44,
3399 3382 3515 3438 art.
3543 3375 3602 3450 2,
3631 3373 3696 3434 ad
3719 3375 3766 3446 7,

2257 3481 2320 3538 et
2341 3493 2409 3536 in
2437 3477 2498 3550 2,
2517 3475 2792 3537 distinct.
2817 3477 2919 3549 23,
2938 3478 3164 3553 quoest.
3193 3473 3256 3547 2,
3275 3470 3520 3533 articul.
3545 3471 3770 3547 Qquaes·

2255 3569 2540 3632 tiuncula
2557 3569 2764 3630 tertia.

2301 3649 2322 3664 “
2338 3666 2360 3724 ⁴
2377 3664 2435 3722 3.
2481 3663 2592 3724 Εω
2609 3660 2900 3742 predicto
2929 3677 3112 3725 sm
3139 3659 3532 3741 respon-m·-
3561 3657 3686 3736 jam
3705 3652 3772 3716 ad

2253 3757 2416 3819 iilud
2433 3752 3100 3830 fundamentum—Ad
3135 3747 3656 3816 mudum-*Ad
3677 3752 3774 3810 ter-

2256 3847 2614 3912 tium—Ad
2639 3853 3086 3925 argumentum
3129 3863 3278 3924 ergo
3329 3841 3674 3924 respondeo,
3701 3855 3774 3898 so·

2255 3941 2386 4002 lum
2419 3940 2680 4021 probare
2711 3946 2918 4002 actum
2947 3939 3090 4000 fidei
3119 3938 3462 4000 semndum
3488 3934 3650 4014 quid,
3671 3949 3776 3993 esse

2255 4035 2464 4096 minus
2501 4041 2737 4096 certum
2779 4051 2857 4094 ex
2903 4031 3372 4114 imperfectione
3419 4027 3772 4097 intellectus,

2253 4127 2615 4206 simpliciter
2664 4133 2876 4187 tamen
2921 4137 3054 4186 esse
3093 4123 3454 4199 certiorem,
3499 4119 3661 4182 etad
3684 4117 3780 4178 hoc

2253 4221 2533 4282 sufficere
2560 4226 2632 4280 nt
2657 4219 2944 4280 excludat
2983 4235 3236 4279 omnem
3263 4217 3657 4278 deliberatam
3682 4213 3781 4271 for·

2254 4313 2558 4375 midine-m
2604 4319 2668 4374 et
2692 4310 3171 4386 dubitationem,
3193 4327 3340 4371 cium
3370 4308 3591 4385 maiori
3609 4304 3782 4366 adhae-

2255 4407 2429 4467 sione
2457 4406 2534 4466 ad
2569 4405 2878 4482 objectum
2929 4421 3132 4464 mum.
3185 4403 3279 4463 Ad
3329 4400 3661 4464 secundum
3685 4416 3795 4456 res-1

2255 4501 2585 4579 pondetur,
2627 4498 2830 4560 solum
2876 4497 3140 4577 probare
3183 4495 3616 4558 certitudinem
3662 4491 3784 4551 fidei

2259 4608 2390 4654 esse
2411 4593 2664 4653 alterins
2697 4591 2958 4652 rationis
3003 4609 3043 4651 a
3069 4589 3452 4652 certitudine·
3473 4585 3795 4656 evidentiae,

2259 4691 2323 4746 et
2347 4686 2414 4745 in
2443 4686 2560 4746 hoc
2577 4683 2962 4760 inferiorem,
2993 4683 3157 4764 quod
3187 4699 3320 4744 nen
3334 4686 3526 4758 cogat
3545 4676 3786 4740 intellec·

2257 4785 2434 4853 tum;
2481 4786 2663 4858 atque
2707 4779 2826 4842 hoc
2855 4779 3040 4840 modo
3061 4780 3480 4858 experiendus
3523 4777 3700 4836 etiam
3723 4775 3796 4832 est

2259 4873 2440 4950 Hugo
2471 4872 2548 4932 de
2599 4873 2662 4934 S.
2717 4873 2988 4946 Victore,
3037 4884 3224 4951 supra
3249 4873 3502 4948 cintus,
3543 4871 3610 4930 in
3641 4881 3795 4928 numi

2259 4969 2324 5041 9,
2365 4982 2510 5028 cum
2555 4965 2708 5026 dicit
2753 4964 2942 5026 fidem
2985 4981 3116 5027 esse
3152 4965 3598 5026 certitudinem
3625 4961 3796 5022 mino-4

2259 5075 2392 5122 rem
2423 5059 2678 5119 scientia
2696 5077 2712 5130 ς
2733 5057 3010 5136 loquitur
3031 5057 3306 5119 enim-de
3333 5063 3467 5118 icto
3495 5061 3634 5118 actu
3653 5051 3796 5123 fidei,

2263 5159 2327 5213 et
2349 5152 2499 5212 dicit
2522 5167 2654 5213 esse
2669 5151 3010 5224 minorem,
3031 5151 3236 5229 quoad
3265 5149 3660 5212 evidentiam.
3689 5145 3796 5206 Hoc

2264 5251 2473 5306 tamen
2497 5261 2626 5304 non
2675 5243 2877 5304 obstat
2913 5243 3255 5322 quominus
3289 5241 3650 5321 simpliciter
3687 5255 3796 5298 cera

2259 5337 2384 5399 tior
2404 5339 2504 5398 sit.
2541 5336 2646 5398 Ad·
2667 5336 2946 5409 tertium,
2987 5335 3136 5398 licet
3177 5335 3374 5415 aliqui
3417 5334 3704 5395 dubitent
3735 5329 3796 5390 dc

2257 5429 2528 5510 practica
2599 5429 3064 5509 comparatione
3130 5435 3410 5508 respectu
3475 5426 3796 5506 primorum

2257 5523 2731 5604 principiorum,
2768 5522 3177 5584 nihilominus
3197 5521 3470 5585 rationes
3491 5536 3678 5600 supra
3697 5517 3796 5578 fac-
