3900 6217
664 406 834 461 ssscT.
869 408 952 461 lv.
988 408 1072 459 AN
1105 408 1308 461 OMNES
1341 406 1596 460 mnam-:s
1628 406 2001 461 TENEANTUR
2033 406 2393 461 HAERETlcos
2425 408 2753 470 sumemus,
2790 409 2924 459 E'rc.

209 508 360 591 quod
403 506 608 568 timeri
653 512 886 586 potest,
938 523 1018 566 ne
1076 505 1428 580 haereticuS,
1461 504 1614 565 dum
1663 522 1758 565 se·

214 608 363 665 crete
419 598 749 679 corripitur
771 642 792 673 ,
846 598 1046 676 fingat
1115 616 1179 659 se
1222 596 1618 659 emendatum
1675 615 1755 658 ne

207 692 504 775 prodatur,
535 698 595 752 et
623 690 712 750 ita
739 689 868 769 ipse
896 696 1146 751 maneat
1176 690 1243 750 in
1285 690 1502 752 eodem
1543 708 1754 769 pecca-

206 795 287 863 te,
327 793 387 847 et
429 783 691 864 populus
723 783 1096 843 christianus
1131 782 1199 843 in
1230 783 1447 844 eadem
1475 782 1751 843 infectio·

206 882 293 941 nis
354 878 686 938 occasione.
745 876 855 937 Hae
894 875 1163 937 rationes
1211 874 1558 957 probabiles
1616 877 1752 955 qui-

209 972 338 1033 dem
378 969 798 1048 congruentias
859 980 1046 1047 sunt3
1087 968 1194 1029 scd
1243 986 1355 1049 per
1400 987 1464 1029 se
1504 974 1752 1029 tantum

207 1070 476 1144 spectatae
522 1080 652 1123 non
704 1061 997 1122 videntur
1033 1060 1380 1122 absolutam
1426 1060 1752 1122 necessita-

205 1166 320 1218 tem
361 1155 682 1217 ostendere
708 1201 728 1231 ,
788 1155 896 1215 sed
938 1132 1186 1216 tantum
1238 1154 1436 1234 magis
1468 1154 1754 1235 frequen-

208 1260 346 1326 tem,
378 1268 486 1312 seu
513 1248 914 1329 regulariter,
949 1267 1140 1329 quam
1173 1248 1520 1330 praecedens
1543 1248 1754 1330 opinio

208 1362 324 1406 non
357 1348 568 1421 negat,
603 1344 760 1404 sicut
797 1349 865 1403 et
905 1344 973 1403 in
998 1360 1126 1403 non
1175 1341 1384 1423 paucis
1412 1340 1552 1404 aliis
1589 1342 1757 1403 vitiis

209 1447 367 1500 extra
416 1434 732 1509 haeresim,
769 1434 846 1497 de
882 1436 1107 1516 quibus
1148 1442 1359 1498 tamen
1415 1435 1761 1497 communi-

208 1538 292 1592 ter
341 1530 687 1591 affirmatur
735 1528 1236 1611 praemittendam
1279 1546 1408 1589 esse
1453 1528 1760 1609 privatam

209 1625 624 1686 monitionem.
655 1624 732 1683 Et
781 1622 921 1684 ideo
967 1640 1180 1684 censeo
1213 1622 1521 1684 rationem
1574 1621 1764 1701 hujus

211 1716 516 1778 sententias
549 1715 878 1795 petendam
907 1732 1037 1777 esse
1072 1732 1149 1777 ex
1190 1720 1492 1795 praecepto
1537 1713 1758 1777 huma-

221 1830 314 1885 ne,
353 1830 458 1871 seu
499 1810 928 1871 ecclesiastico,
963 1814 1163 1888 Atque
1188 1809 1276 1869 ita
1319 1810 1519 1889 prima
1546 1806 1757 1887 opinio

211 1908 270 1968 D.
301 1906 552 1967 Thomae
591 1902 869 1985 procedit
913 1903 1357 1965 considerando
1399 1910 1642 1965 tantum
1671 1903 1757 1965 le·

209 2018 334 2079 gem
377 2000 752 2069 naturalem,
785 2016 893 2059 seu
940 1996 1293 2077 charitatis3
1325 1997 1625 2077 posterior
1651 2015 1757 2057 au-

211 2101 319 2155 tem
356 2110 503 2153 vera
550 2101 642 2154 est
687 2110 764 2153 ex
807 2090 1224 2171 suppositione
1283 2090 1544 2171 alicujus
1605 2109 1756 2171 prae-

211 2186 355 2265 cepti
383 2183 801 2260 ecclesiastici,
837 2202 947 2265 per
973 2183 1136 2265 quod
1167 2182 1524 2261 obligantur
1549 2182 1758 2243 fideles

211 2278 278 2337 ad
329 2276 829 2338 denuntiandum
898 2276 1258 2338 haereticum
1288 2320 1310 2353 ‚
1361 2274 1759 2355 quantumvis

212 2369 536 2445 occultum,
568 2371 634 2431 in
661 2370 832 2432 omni
882 2387 1024 2431 casu
1031 2414 1052 2445 ,
1087 2375 1149 2430 et
1175 2368 1460 2449 quamvis
1483 2386 1592 2447 per
1620 2386 1749 2429 moe

210 2463 495 2525 uitionem
575 2470 871 2525 secretam
949 2452 1371 2525 emendandus
1448 2460 1754 2521 credatur.

212 2556 365 2629 Quod
404 2555 455 2616 si
495 2555 920 2635 interrogetur
960 2554 1066 2615 ubi
1107 2553 1189 2615 sit
1236 2554 1372 2615 haec
1425 2554 1524 2615 lex
1573 2552 1760 2615 eccle·

158 2685 164 2693 ·
213 2649 466 2725 siastica,
498 2646 701 2728 aliqui
746 2648 909 2708 hanc
962 2647 1404 2725 obligationem
1457 2645 1761 2724 colligunt

214 2758 279 2802 ex
310 2742 488 2821 capit.
532 2741 1168 2813 Excommunicamus,
1199 2740 1420 2819 prime,
1452 2735 1758 2819 §Addici-

217 2852 335 2897 mws
359 2880 378 2909 ,
419 2834 495 2894 de
537 2832 834 2895 Hereticis
857 2883 874 2905 ,
928 2838 1000 2893 ut
1059 2832 1267 2893 videre
1309 2838 1400 2893 est
1436 2832 1502 2892 in
1545 2832 1754 2910 RojaS,

221 2926 494 3006 singulari
519 2927 732 3002 tertio,
763 2944 940 2986 num.
973 2926 1074 2999 22,
1113 2924 1220 2985 ubi
1248 2924 1400 2985 alios
1439 2923 1758 3005 jurisperi-

224 3026 299 3080 tos
338 3020 587 3099 allegat.
635 3021 763 3099 Ego
792 3036 937 3081 vero
963 3018 1033 3079 in
1074 3018 1182 3079 illo
1211 3023 1384 3078 textu
1413 3036 1540 3077 non
1588 3017 1756 3079 inve-

222 3112 313 3173 nio
343 3112 700 3190 hujusmodi
727 3112 953 3190 legem,
985 3126 1189 3191 neque
1217 3128 1499 3191 expresse
1540 3109 1758 3186 latam,

221 3222 402 3283 neque
449 3223 560 3284 per
608 3203 1035 3265 inductionem
1083 3202 1231 3264 satis
1276 3201 1549 3279 firmam,
1595 3203 1759 3282 quod

222 3298 388 3357 etiam
408 3297 854 3358 animadvertit
875 3296 1224 3357 Ludovicus
1240 3296 1542 3371 Gai-erius,
1575 3301 1755 3357 tract.

219 3390 286 3451 de
323 3390 543 3452 Haeret.
595 3408 841 3452 numer.
878 3392 1017 3451 110.
1047 3389 1428 3469 Quapropter
1475 3389 1759 3450 existimo

219 3502 400 3563 neque
427 3485 493 3544 in
514 3485 662 3563 jure
692 3483 1010 3559 canonico,
1039 3500 1239 3563 neque
1273 3484 1341 3544 in
1390 3482 1584 3546 Bullis
1610 3502 1760 3563 pon·

221 3576 406 3637 tificiis
443 3577 715 3638 inveniri
744 3575 1104 3655 hujusmodi
1147 3575 1355 3655 legem
1401 3575 1760 3637 immediate

219 3669 388 3730 latam
413 3715 434 3745 ,
477 3688 550 3731 ac
617 3669 872 3749 proinde
927 3668 1363 3747 obligationem
1408 3668 1570 3729 hanc
1605 3667 1760 3729 adeo

220 3764 514 3843 praecisam
537 3766 616 3841 {et
650 3760 1060 3825 universalem
1088 3762 1446 3824 immediate
1487 3760 1639 3824 oriri
1686 3780 1762 3825 ex

221 3862 500 3936 praecepto
539 3854 831 3935 imposito
879 3872 991 3936 per
1045 3854 1246 3917 edicta
1295 3854 1762 3935 Inquisitorum,

224 3948 368 4027 quod
411 3968 536 4011 non
567 3948 878 4011 minorem
905 3948 1036 4009 vim
1063 3946 1250 4009 habet
1291 3966 1482 4028 quam
1522 3946 1626 4009 lex
1666 3966 1762 4008 ca-

225 4043 463 4120 nonica3
516 4060 670 4103 nam
723 4040 857 4122 Apo
869 4040 1085 4103 stolica
1123 4042 1489 4102 auctoritate
1541 4038 1764 4115 fertur,

227 4136 479 4213 quamvis
539 4134 828 4197 videatur
879 4141 1256 4215 praeceptum
1322 4132 1402 4195 ab
1465 4132 1764 4212 homine3

226 4232 433 4302 tamen,
463 4228 614 4309 quia
645 4226 922 4289 tribunal
968 4245 1006 4290 a
1051 4244 1174 4307 quo
1211 4226 1510 4309 procedit,
1557 4244 1767 4307 perpe·

227 4324 383 4380 tuum
424 4328 514 4382 est
541 4365 566 4397 ,
611 4320 754 4383 ideo
802 4339 913 4401 per
951 4320 1208 4383 modum
1252 4319 1409 4399 legis
1471 4327 1767 4401 perpetuo

226 4411 408 4489 durat,
437 4416 598 4475 sicut
639 4413 716 4480 de
754 4412 936 4475 Bulla
980 4432 1172 4475 coenae
1200 4413 1352 4475 alias
1379 4410 1531 4475 dixi.
1565 4414 1768 4493 Atque

227 4504 302 4565 ita
326 4506 566 4569 videtur
616 4504 924 4587 explicare
981 4504 1422 4585 obligationem
1463 4506 1626 4568 hanc
1675 4506 1766 4567 Si-

230 4616 410 4661 manc.
439 4616 649 4680 supra,
681 4605 744 4660 et
789 4596 1021 4675 Penha,
1053 4598 1121 4659 in
1161 4598 1430 4659 secunda
1473 4606 1631 4679 part.
1667 4597 1766 4659 Di-

229 4700 381 4767 rect.,
419 4699 753 4756 comment.
795 4694 907 4769 18,
967 4692 1212 4771 dicenS,
1243 4692 1494 4753 seclusis
1554 4692 1766 4773 edictis

231 4784 685 4865 Inquisitorum,
716 4784 945 4847 habere
991 4784 1200 4849 locum
1250 4784 1607 4865 opinionem
1640 4784 1768 4846 divi

234 4874 490 4955 Thomna,
529 4879 812 4960 quamvis
853 4878 1041 4939 etiam
1071 4885 1242 4954 tunc,
1271 4897 1383 4940 seu
1428 4896 1504 4940 ex
1545 4885 1770 4941 natura

231 4970 310 5031 rei
347 4974 690 5033 rarissimus
751 4972 832 5033 sit
879 4988 1056 5033 casus
1102 4971 1170 5030 in
1227 4990 1350 5051 quo
1400 4972 1590 5053 possit
1638 4990 1766 5033 esse

234 5060 505 5143 obligatio
535 5062 954 5145 praemittendi
996 5070 1292 5125 secretam
1334 5064 1763 5140 monitionem,

235 5156 730 5231 quemadmodum
757 5158 834 5219 de
863 5155 1179 5219 nonnullis
1214 5156 1352 5219 aliis
1382 5159 1649 5237 pcccatis
1671 5157 1767 5219 in-

235 5244 448 5311 fectivis
493 5250 561 5313 in
627 5252 884 5313 materia
941 5250 1019 5311 de
1067 5250 1444 5313 correctione
1491 5250 1766 5314 fraterna

236 5356 363 5405 vere
411 5342 732 5405 resolvitur
747 5366 766 5419 ς
823 5342 985 5403 unde
1019 5341 1124 5404 hic
1173 5361 1211 5403 a
1255 5342 1500 5405 fortiori
1554 5362 1766 5407 conce·

242 5431 488 5497 fiendum
515 5438 654 5499 erit.
689 5428 833 5499 Imo'
854 5436 1026 5499 addit
1057 5436 1286 5514 Penha,
1315 5438 1504 5499 etiam
1526 5438 1765 5500 sublato

244 5536 518 5610 praecepto
555 5530 854 5609 humane,
885 5528 1076 5592 tutius
1097 5547 1226 5591 esse
1254 5536 1315 5591 et
1343 5528 1565 5592 melius
1593 5528 1765 5593 illam

1838 522 1966 564 non
2007 505 2386 586 praemittere
2402 548 2422 578 ‚
2475 504 2642 585 quod
2694 503 2945 565 tandem
3000 502 3159 565 dixit
3214 504 3403 567 etiam

1835 598 2045 677 Rojas,
2076 598 2240 660 dicto
2268 596 2576 675 singulari
2602 600 2665 660 3.

1915 692 2013 751 12.
2061 690 2234 754 Dicta·
2252 691 2545 773 proecepti
2572 688 2730 752 ratio
2762 691 3398 773 primm—Secunda.

1837 780 2267 865 —Ampliatur
2284 784 2570 863 proxima
2592 783 2949 847 ratim—Ex
2972 786 3196 865 quibus
3222 784 3403 847 facile

1832 882 1923 936 est
1955 878 2259 938 rationem
2285 877 2472 955 hujus
2504 878 2789 957 praecepti
2832 879 3165 957 assignare.
3196 878 3404 941 Prima

1832 988 1908 1029 ex
1949 968 2126 1030 dictis
2156 970 2573 1056 congruentiis
2602 971 2907 1049 sumitur3
2952 991 3123 1049 nam,
3156 977 3404 1051 propter

1833 1062 2205 1140 gravitatem
2235 1067 2297 1123 et
2322 1062 2665 1143 periculum
2692 1064 3041 1125 communis
3069 1064 3395 1125 detrimen·

1833 1152 1907 1229 ti,
1938 1154 2106 1232 quod
2143 1160 2236 1215 est
2264 1155 2330 1215 in
2371 1158 2615 1235 peccato
2644 1150 2918 1231 haeresiS,
2959 1157 3266 1217 rarissime
3296 1175 3404 1235 po-

1835 1250 1958 1306 test
1982 1247 2354 1307 conveniens
2381 1248 2727 1308 remedium
2756 1248 3037 1311 adhiberi
3063 1267 3174 1329 per
3210 1249 3403 1311 solam

1838 1340 2247 1402 monitionem
2304 1342 2631 1422 privatam,
2685 1351 2747 1403 et
2800 1361 3030 1421 magna
3076 1343 3407 1423 prudentia

1841 1434 2183 1494 necessaria
2215 1439 2304 1494 est
2331 1432 2411 1493 ad
2438 1434 2933 1512 cognoscendum
2968 1453 3049 1495 an
3076 1434 3406 1495 haereticus

1842 1544 1987 1587 vere
2029 1526 2395 1605 corrigatur,
2444 1526 2545 1587 vel
2584 1524 2779 1606 fingat
2824 1534 2886 1587 et
2928 1528 3225 1608 decipiat;
3257 1544 3405 1607 ergo

1841 1620 2064 1680 merito
2087 1619 2288 1699 potuit
2302 1618 2591 1696 Ecclesia,
2615 1620 2788 1699 quasi
2804 1638 3119 1681 reservare
3136 1620 3278 1696 sibi,
3297 1639 3407 1683 seu

1841 1710 2130 1791 pra-latis,
2174 1719 2235 1773 et
2272 1712 2586 1792 judicibus
2632 1713 2757 1774 suis
2801 1712 2920 1773 hoc
2966 1714 3310 1793 negotium,
3346 1720 3409 1775 et

1837 1802 1991 1863 illud
2022 1822 2145 1865 non
2176 1805 2524 1885 relinquere
2544 1805 2799 1866 arbitrio
2828 1810 2889 1866 et
2916 1806 3265 1867 discretioni
3298 1806 3409 1867 ali-

1837 1899 2015 1977 cujus
2064 1898 2335 1959 hominis
2388 1898 2635 1979 privati.
2696 1900 2976 1961 Secunda
3031 1900 3192 1961 ratio
3254 1909 3317 1962 et
3369 1920 3408 1963 a

1835 1991 2029 2069 priori
2060 1997 2173 2065 cst,
2218 1992 2365 2071 quia
2404 1991 2543 2052 finis
2574 1992 2935 2073 adaequatus
2962 1999 3025 2055 et
3061 1994 3409 2074 praecipuus

1835 2082 2026 2161 hujus
2073 2083 2560 2145 denuntiationis
2606 2083 2915 2164 judicialis
2966 2104 3094 2145 non
3142 2093 3234 2147 est
3277 2087 3407 2149 sola

1838 2176 2097 2239 emenda
2140 2176 2372 2255 fratris,
2408 2176 2513 2237 sed
2555 2178 2743 2238 etiam
2793 2177 3041 2258 publica
3082 2180 3403 2256 correctio,

1839 2275 1900 2331 et
1928 2270 2224 2332 securitas
2253 2270 2516 2333 aliorum
2544 2270 2821 2333 fidelium
2832 2287 2855 2349 3
2881 2272 2959 2331 ad
2998 2270 3169 2333 hunc
3198 2279 3407 2334 autem

1839 2362 2031 2425 finem
2060 2370 2291 2425 secreta
2322 2364 2581 2426 monitio
2615 2382 2940 2445 nunquam
2982 2373 3074 2426 est
3102 2364 3409 2427 sufficiens

1839 2456 2141 2532 medium,
2180 2464 2240 2519 et
2282 2458 2445 2534 ideo,
2485 2459 2552 2518 in
2581 2456 3023 2537 cap.''Qualiter
3051 2466 3105 2522 ec
3148 2460 3403 2539 qua-ndo,

1840 2550 1917 2611 de
1949 2549 2487 2626 AccusationibuS,
2518 2550 2768 2626 dicitur,
2808 2552 3094 2632 quamvis
3126 2558 3271 2613 ante
3302 2552 3409 2613 de-

1838 2644 2322 2723 nuntiationem,
2348 2645 2563 2726 utique
2587 2644 3031 2725 evangelicam,
3066 2644 3407 2725 praecedere

1835 2738 2056 2800 debeat
2082 2746 2313 2801 secreta
2343 2739 2628 2814 monitio,
2656 2757 2783 2800 non
2812 2755 2938 2813 esse
2969 2747 3176 2801 tamen
3202 2757 3405 2801 neces-

1837 2832 2103 2909 sariam,
2151 2832 2399 2911 quando
2438 2834 2538 2893 via
2575 2831 2978 2893 accusationis
3026 2828 3401 2913 proceditur.

1836 2925 2070 2987 Eadem
2098 2932 2305 2987 autem
2333 2925 2491 2987 ratio
2524 2930 2615 2986 est
2642 2925 2717 2986 de
2746 2924 3215 2987 denuntiatione
3239 2926 3405 3006 judi·

1839 3018 2024 3097 ciali3
2055 3038 2202 3081 nam
2238 3019 2440 3099 quoad
2470 3018 2659 3080 finem
2688 3024 2750 3081 et
2779 3018 3067 3081 effectum
3095 3021 3403 3083 intentum

1839 3112 1894 3192 ej
1905 3114 2115 3174 usdem
2146 3113 2404 3173 rationis
2431 3117 2544 3175 est.
2582 3112 2659 3173 Et
2686 3111 3033 3173 declaratur
3061 3118 3244 3193 atque
3273 3130 3406 3175 am-

1839 3205 2069 3285 pliatur
2116 3210 2251 3267 haec
2292 3198 2497 3268 ratio:
2543 3224 2691 3267 nam
2734 3204 3061 3267 haereticus
3108 3205 3402 3283 occultuS,

1839 3299 2128 3380 quamvis
2156 3298 2519 3361 emendatus
2546 3298 2648 3373 sit,
2664 3298 3137 3369 ,denuntiandus
3165 3306 3256 3360 est
3266 3322 3286 3374 5
3312 3317 3408 3361 er-

1839 3411 1918 3472 go
1967 3392 2164 3453 multo
2194 3393 2393 3473 magis
2426 3391 2726 3474 impedire
2768 3411 2896 3453 non
2935 3398 3133 3473 potest
3166 3378 3407 3453 demin-

1839 3486 2163 3547 tiationem
2200 3484 2461 3547 monitio
2489 3491 2745 3561 secreta,
2773 3484 3013 3547 etiamsi
3043 3502 3184 3547 cum
3213 3486 3407 3546 maxi-

1840 3596 1946 3639 ma
1987 3598 2095 3659 spe
2125 3578 2403 3641 emendae
2442 3576 2586 3655 fiat;
2629 3578 2775 3657 quia
2816 3576 2869 3638 si
2898 3596 2994 3639 res
3031 3578 3185 3659 ipsa,
3220 3585 3290 3639 ut
3321 3577 3409 3639 sic

1842 3670 2069 3747 dicam,
2095 3670 2157 3731 id
2182 3676 2297 3747 est,
2323 3670 2675 3733 emendatio
2688 3672 2821 3748 jam
2850 3670 3037 3748 facta,
3064 3688 3191 3731 non
3210 3676 3411 3751 potest

1843 3764 2301 3825 denuntiationi
2334 3763 2601 3841 obstare,
2631 3763 2830 3825 multo
2860 3764 3067 3827 minus
3103 3782 3241 3843 spes
3274 3765 3411 3843 ejus

1845 3875 1990 3919 cum
2029 3858 2371 3921 monitione
2415 3856 2588 3919 illam
2642 3858 2867 3939 poterit
2912 3854 3235 3937 impedire,
3280 3857 3409 3918 imo

1842 3970 1960 4014 nec
1989 3952 2301 4015 retardare
2317 3975 2335 4029 3
2367 3958 2429 4015 et
2474 3949 2613 4013 ideo
2641 3951 3073 4033 praemittenda
3120 3970 3245 4013 non
3290 3956 3409 4028 est,

1844 4047 1994 4126 quia
2019 4046 2071 4107 si
2099 4064 2197 4106 res
2236 4050 2467 4107 attente
2493 4045 2936 4121 consideretur,
2966 4049 3167 4125 potest
3198 4040 3412 4105 obesse

1845 4140 2046 4219 magis
2071 4156 2259 4219 quam
2289 4138 2578 4219 prodesse
2592 4160 2611 4213 3
2640 4156 2785 4199 nam
2817 4136 3124 4217 imprimis
3152 4134 3261 4197 illa
3284 4151 3412 4197 mo·

1845 4248 1917 4293 ra
1962 4237 2025 4293 et
2068 4232 2358 4293 circuitus
2402 4228 2903 4311 reprehensibilis
2951 4235 3064 4305 est,
3110 4233 3171 4291 et
3216 4235 3420 4309 potest

1847 4342 1977 4386 esse
2004 4325 2261 4389 nocivus
2276 4347 2295 4400 3
2321 4322 2567 4400 deinde,
2593 4324 2742 4405 quia
2764 4323 3018 4385 fortasse
3047 4340 3125 4383 ex
3146 4322 3257 4383 tali
3284 4340 3414 4383 mo-

1846 4418 2085 4479 nitione
2118 4422 2321 4479 sumet
2346 4416 2672 4481 haereticus
2708 4416 3093 4479 occasionem
3120 4433 3185 4477 se
3214 4413 3413 4494 magis

1847 4510 2197 4573 occultandi
2246 4516 2355 4572 aut
2400 4510 2703 4591 fugiendi,
2752 4508 3293 4570 denuntiationem
3336 4508 3415 4569 ti-

1847 4619 2068 4665 mens:
2108 4620 2186 4665 ex
2227 4602 2343 4665 hac
2372 4622 2518 4685 ergo
2564 4610 2738 4685 parte
2782 4602 2997 4665 obesse
3045 4607 3246 4682 potest
3272 4600 3415 4661 talis

1846 4694 2129 4773 moniti0,
2156 4701 2219 4756 et
2245 4694 2366 4758 alia
2389 4715 2467 4757 ex
2494 4702 2665 4776 parte
2693 4694 2935 4757 inutilis
2956 4700 3069 4771 est,
3096 4694 3243 4775 quia
3270 4692 3416 4755 licet

1847 4789 2111 4850 emenda
2147 4795 2461 4871 sequatur,
2493 4788 2883 4851 denuntiatio
2913 4788 3256 4851 omittenda
3285 4804 3417 4851 non

1849 4886 1965 4942 est.
1998 4886 2012 4893 “

1928 4976 2025 5037 13.
2076 4974 2317 5040 Stando
2367 4974 2437 5037 in
2470 4974 2617 5057 jao-e
2664 4981 2927 5052 natum,
2970 4974 3272 5059 probabile
3325 4978 3416 5038 est

1847 5068 2219 5132 emendatum
2248 5070 2594 5133 hoereticwm
2626 5088 2745 5131 non
2772 5086 2896 5132 esse
2918 5068 3411 5133 denuntiandum.

1845 5162 2039 5225 -Eoe
2053 5162 2202 5242 juro
2221 5160 2478 5243 positivo
2507 5168 2599 5227 cst
2626 5160 3415 5227 denuntiandum—verum

1847 5262 1938 5316 est
1965 5273 2095 5317 non
2121 5256 2327 5319 deesse
2354 5262 2657 5333 auctores,
2685 5257 2793 5337 qui
2820 5256 3031 5316 dicant
3052 5255 3415 5317 haereticum

1843 5348 2151 5411 occultum
2176 5355 2240 5411 et
2280 5350 2681 5411 emendatum
2722 5368 2848 5409 non
2876 5366 3006 5409 esse
3038 5348 3413 5409 denuntian-

1843 5440 2018 5518 dum,
2053 5449 2124 5503 ut
2154 5442 2362 5505 videre
2392 5443 2535 5507 licet
2562 5444 2625 5505 in
2657 5444 2825 5517 Soto,
2860 5442 2936 5503 de
2964 5442 3235 5517 iustitia,
3266 5440 3310 5500 l.
3347 5440 3383 5499 3
3404 5482 3420 5511 ,

1844 5553 1906 5615 q.
1946 5538 2010 5613 ὅ,
2051 5543 2169 5599 art.
2206 5536 2277 5613 55
2316 5542 2380 5598 et
2410 5536 2615 5616 RojaS,
2658 5536 2720 5597 d.
2764 5534 3064 5614 singulari
3102 5538 3161 5613 3,
3206 5553 3267 5594 n.
3310 5535 3418 5609 22,
