3900 6217
669 410 840 463 SECT.
874 410 938 463 11.
975 408 1058 461 AN
1090 409 1234 461 ILLA
1265 410 1586 463 Pon-:sus
1618 410 1698 464 ΕΤ
1729 408 2139 463 UMVERSALIS
2172 409 2485 464 ECCLESIAE
2515 410 2833 473 ramulus,
2866 410 3000 463 ETC.

237 508 616 573 conclusione
645 516 958 571 ostensum
983 514 1114 589 est3
1159 511 1326 572 unde
1348 518 1516 573 recte
1539 510 1789 573 conclu-

237 602 390 663 ditur
409 602 476 663 in
501 622 576 665 ea
593 602 749 665 Sede
769 603 947 664 Petro
969 603 1295 665 succedere
1311 604 1561 681 debere,
1583 605 1648 665 in
1665 621 1788 684 qua

235 714 406 757 suum
425 696 536 758 ille
557 697 977 777 episcopatum
1001 715 1194 777 usque
1219 697 1298 759 ad
1321 704 1582 759 mortem
1603 698 1787 759 collo·

235 790 412 866 cavit3
447 789 586 851 haec
615 796 824 851 autem
857 796 950 851 est
984 791 1266 851 Romana
1295 790 1586 867 Ecclesia,
1622 792 1786 852 inter

235 902 410 963 quam
429 890 494 945 et
512 883 962 946 Antiochenam
977 883 1109 945 haec
1127 891 1220 945 est
1239 884 1614 961 differentia,
1636 900 1783 945 nam

233 976 414 1039 inilia
431 978 652 1039 Petrus
673 977 843 1057 prius
869 976 1052 1053 sedit,
1077 978 1182 1039 sed
1216 980 1470 1040 tandem
1490 978 1782 1058 reliquit,

125 1061 134 1069 ’
233 1070 486 1151 ideoque
531 1070 732 1131 solum
772 1070 930 1131 inibi
965 1077 1202 1133 retenta
1235 1077 1327 1133 est
1355 1072 1594 1150 privata
1629 1072 1786 1151 epis-

233 1162 452 1243 copalis
495 1164 766 1243 dignitas
805 1164 990 1225 simul
1036 1182 1180 1225 cum
1224 1164 1661 1245 patriarchali,
1711 1182 1789 1225 ex

233 1257 388 1317 Petri
416 1256 758 1319 voluntate.
785 1258 854 1317 ln
881 1256 1148 1319 Ecclesia
1179 1274 1322 1319 vero
1345 1258 1626 1319 Romana
1651 1257 1790 1318 fixit

229 1347 432 1409 sedem
471 1356 773 1428 perpetuo
812 1367 1008 1429 usqne
1046 1350 1126 1410 ad
1174 1357 1461 1426 mortem,
1507 1360 1567 1413 et
1608 1351 1675 1411 in
1715 1369 1789 1413 ea

229 1440 422 1501 voluit
449 1460 628 1503 suam
661 1442 926 1504 residere
957 1444 1326 1523 dignitatem
1349 1490 1369 1521 ,
1407 1452 1480 1505 ut
1515 1446 1788 1506 sectione

225 1535 500 1613 sequenti
537 1534 722 1597 latius
753 1535 1132 1600 ostendetur.

301 1626 404 1687 28.
437 1624 699 1707 objectio
727 1630 1044 1707 bipartita.
1067 1662 1148 1677 -
1167 1630 1286 1693 Sed
1311 1648 1452 1692 ecce
1475 1631 1783 1694 haeretici:

226 1720 508 1799 quamvis
549 1722 798 1795 demuS,
843 1722 1174 1803 inquiunt,
1223 1723 1387 1784 hanc
1417 1725 1790 1803 dignitatem

227 1833 332 1893 per
373 1814 722 1893 legitimam
767 1818 1212 1877 successionem
1259 1818 1624 1898 aliquandiu
1673 1819 1792 1881 du-

227 1925 412 1983 rasse,
440 1914 506 1968 at
528 1925 776 1969 necesse
803 1914 895 1970 est
915 1909 1222 1970 fateamur
1240 1909 1372 1987 jam
1401 1928 1531 1972 esse
1555 1914 1792 1973 extinc-

229 2007 374 2061 tam.
431 2002 587 2062 Nam
633 2008 916 2081 tempore
957 2000 1192 2063 Urbani
1237 2003 1318 2063 vl
1365 2008 1492 2063 tres
1533 2005 1791 2068 omnino

225 2093 676 2173 profitebantur
707 2114 770 2157 se
797 2093 1122 2155 Pontifices
1149 2096 1464 2172 SummoS,
1505 2114 1620 2157 nec
1646 2116 1792 2158 con-

225 2196 384 2249 stare
411 2189 618 2267 potuit
643 2188 722 2249 de
748 2187 1067 2267 legitim03
1099 2207 1248 2268 ergo
1273 2208 1386 2251 nec
1407 2190 1484 2251 de
1509 2190 1787 2271 reliquia,

221 2284 328 2362 qui
361 2282 448 2343 ad
485 2282 656 2344 hunc
695 2301 890 2363 usque
927 2284 1092 2345 diem
1127 2292 1547 2347 successerunt
1575 2286 1634 2346 id
1664 2304 1793 2347 cer-

223 2386 356 2436 tum
399 2394 534 2437 esse
583 2382 804 2456 potest.
863 2378 998 2449 Quo
1049 2384 1416 2456 argumento
1469 2378 1795 2441 conclude·

215 2468 326 2529 hat
371 2470 720 2531 wicleffius
733 2516 756 2546 ,
801 2470 1154 2546 damnatus,
1205 2488 1349 2531 sess.
1407 2471 1469 2547 8,
1523 2472 1794 2535 Concilio

211 2563 703 2638 constantiensi,
765 2563 1008 2624 nullum
1055 2564 1190 2642 jam
1237 2582 1370 2625 esse
1420 2583 1638 2626 verum
1685 2566 1792 2627 Pa-

205 2672 406 2736 pam3
447 2657 695 2718 addunt
736 2666 1036 2736 praeterea
1075 2657 1414 2719 Concilium
1459 2658 1794 2721 Basiliense

203 2750 517 2827 generale
554 2752 902 2831 deposuisse
939 2752 1286 2831 Eugenium
1315 2759 1379 2813 et
1405 2752 1662 2830 elegisse
1688 2753 1798 2815 Fe-

201 2843 396 2903 licem
423 2865 442 2918 ;
485 2850 699 2923 postea
729 2862 876 2905 vero
901 2845 1253 2924 Eugenium
1281 2863 1394 2907 sua
1423 2848 1796 2909 auctoritate

205 2936 270 2994 in
335 2936 570 2997 sedem
633 2938 968 3017 irrepsisse.
1043 2938 1217 3000 Unde
1277 2938 1614 2999 conficiunt
1665 2956 1794 3001 non

211 3030 402 3091 fuisse
441 3048 668 3092 verum
701 3032 1060 3093 Pontificem
1089 3032 1480 3111 Eugenium3
1527 3048 1794 3112 cumque

203 3122 284 3181 ab
323 3141 414 3184 eo
456 3132 722 3186 manent
763 3127 1129 3205 posteriores
1169 3124 1374 3187 caeteri
1425 3124 1789 3201 Pontifices,

199 3216 568 3277 cardinales
607 3223 670 3278 et
709 3218 1004 3299 episcopi,
1053 3218 1356 3296 colligunt
1388 3216 1630 3280 nullum
1661 3236 1792 3280 esse

199 3307 340 3385 jam
385 3308 750 3387 legitimum
773 3328 1206 3373 successorem.

289 3404 406 3463 29.
447 3401 560 3467 Ad
587 3405 858 3483 primam
892 3410 1132 3485 partem
1177 3404 1546 3486 objectionis.
1588 3438 1670 3453 -
1695 3404 1799 3471 Ad

207 3497 550 3559 secundam
588 3501 848 3577 partem.
899 3530 985 3545 -
1031 3498 1549 3578 Respondendum
1582 3507 1793 3563 tamen

211 3589 296 3649 ad
341 3590 624 3669 priorem
678 3596 943 3670 partem,
995 3592 1310 3653 Urbanum
1346 3612 1566 3655 verum
1605 3594 1794 3657 fuisse

215 3682 590 3744 Pontificem
621 3699 642 3761 3
712 3684 990 3745 constitit
1033 3686 1336 3764 siquidem
1399 3685 1477 3747 ab
1547 3689 1794 3749 univer-

215 3776 304 3835 sis
359 3776 791 3837 cardinalibus
823 3778 942 3839 rite
969 3785 1032 3839 et
1057 3786 1224 3841 recte
1270 3779 1456 3843 fuisse
1498 3780 1788 3858 electum,

217 3887 338 3930 nec
408 3888 741 3950 pravorum
796 3869 1127 3933 hominum
1191 3872 1454 3935 schisma
1517 3876 1791 3953 potuisse

219 3962 400 4024 illum
455 3964 720 4025 dubium
775 3964 1037 4027 efficere.
1102 3966 1336 4027 Deinde
1404 3975 1542 4047 post
1603 3968 1792 4029 schis—

227 4074 329 4117 ma
371 4057 527 4117 illud
577 4060 646 4118 in
701 4056 972 4119 Concilio
1016 4058 1293 4137 generali
1340 4059 1794 4123 Constantiensi

229 4156 530 4231 quotquot
568 4156 857 4232 poterant
911 4152 1139 4215 habere
1178 4152 1278 4232 jus
1339 4151 1420 4213 ad
1452 4158 1748 4233 papatum
1767 4199 1789 4231 ,

229 4260 302 4303 co
341 4245 486 4323 jure
527 4254 866 4322 cesserunt,
906 4246 1260 4327 electusque
1305 4247 1646 4308 universim
1703 4253 1798 4309 est

229 4336 530 4398 Martinus
557 4340 636 4416 V,
659 4345 727 4400 et
762 4358 802 4401 a
833 4346 964 4401 tota
1003 4340 1271 4403 Ecclesia
1307 4348 1612 4421 receptu5‚
1641 4360 1794 4421 prae-

231 4437 508 4511 terquam
542 4452 581 4495 a
625 4434 953 4497 Benedicto
983 4434 1143 4512 xm,
1173 4453 1248 4498 ac
1270 4436 1483 4517 paucis
1520 4436 1764 4514 sequaci

231 4522 365 4587 bus.
409 4528 544 4601 Quo
573 4527 753 4588 brevi
779 4530 1076 4605 extincto,
1113 4530 1414 4591 Martinus
1445 4530 1500 4590 V
1541 4529 1790 4589 univer-

229 4622 373 4682 salis
414 4622 698 4683 Ecclesiae
745 4624 954 4685 sedem
1002 4624 1254 4703 pacifice
1301 4622 1603 4704 possedit,
1651 4639 1791 4702 quoe

227 4715 572 4778 continenti
599 4718 982 4777 successione
1008 4716 1290 4796 legitima
1317 4734 1513 4796 usque
1537 4716 1612 4776 ad
1637 4732 1791 4796 prae-

225 4816 462 4871 sentem
507 4808 876 4889 Gregorium
913 4809 1048 4872 xm
1091 4809 1455 4891 possidetur.
1509 4810 1668 4871 Hinc
1711 4808 1790 4871 ad

229 4906 632 4982 posteriorem
675 4910 914 4984 partem
937 4948 958 4979 ,
1003 4904 1406 4985 respondetur
1447 4902 1790 4965 Concilium

227 4996 562 5059 Basiliense
616 4998 684 5057 in
725 4997 1029 5077 principio
1075 4998 1328 5077 quidem
1363 4996 1552 5058 fuisse
1588 4995 1790 5074 legiti-

227 5108 424 5166 mum,
465 5096 530 5152 et
557 5090 924 5153 auctoritate
955 5090 1242 5169 Eugenii,
1280 5090 1458 5170 cujus
1493 5090 1682 5168 legati
1723 5092 1790 5151 in

227 5202 302 5244 co
349 5184 770 5246 interfuerunt
785 5228 808 5259 ‚
860 5173 1328 5263 congregatum.
1380 5186 1594 5245 Postea
1644 5202 1790 5245 vero

222 5277 412 5339 fuisse
449 5277 906 5339 schismaticum
937 5283 997 5339 et
1025 5276 1384 5338 seditiosum
1418 5276 1792 5339 conciliabu-

221 5371 358 5433 lum
381 5418 402 5448 ,
443 5392 524 5435 ac
559 5371 796 5432 nullius
844 5388 1093 5451 prorsus
1139 5371 1522 5433 auctoritatis
1538 5416 1560 5447 ,
1603 5376 1674 5430 ut
1723 5371 1792 5431 in

221 5466 504 5528 Concilio
523 5466 926 5528 Lateranensi
951 5464 1092 5541 ult„
1113 5482 1261 5526 sess.
1286 5468 1387 5541 11,
1411 5465 1788 5540 declaratum

219 5560 348 5623 tale
389 5566 603 5624 autem
643 5560 794 5637 fuit,
843 5558 954 5620 ubi
993 5560 1268 5640 primum
1309 5576 1636 5639 aggressus
1673 5558 1796 5621 fuit

1867 508 1946 571 ad
1992 508 2258 588 legitimi
2305 510 2619 573 Pontificis
2668 510 3137 591 depositionem.
3200 510 3431 588 Primo,

1867 602 2017 680 quia
2068 620 2143 663 eo
2201 608 2481 683 tempore
2533 622 2663 665 non
2722 604 2983 665 aderant
3036 604 3169 683 ejus
3217 602 3431 685 legati.

1867 696 2152 757 Secundo
2183 742 2203 772 ,
2256 698 2403 777 quia
2456 698 2752 778 praecipui
2815 698 3045 778 quique
3105 699 3431 778 Episcopi,

1869 789 2311 865 discesserant;
2363 790 2545 871 pauci
2588 809 2793 871 porro,
2837 792 2944 870 qui
2983 800 3431 869 remanserant,

1865 888 2082 944 contra
2127 884 2453 963 antiquam
2500 884 2914 947 conciliorum
2964 885 3231 945 formam
3277 885 3437 947 mul-

1863 977 2197 1037 titudinem
2223 978 2725 1057 presbyterorum
2750 984 3194 1057 aggregarunt,
3224 985 3297 1039 ut
3320 978 3435 1039 ali-

1865 1069 2015 1149 quid
2058 1087 2191 1131 esse
2230 1070 2610 1132 viderentur.
2656 1072 2889 1148 Tertio,
2929 1072 3074 1151 quia
3108 1072 3435 1133 Florentioe

1868 1180 1981 1242 per
2035 1162 2199 1223 idem
2260 1168 2507 1243 tempus
2562 1163 2861 1242 agebatur
2916 1164 3261 1225 Concilium
3316 1166 3435 1227 rite

1867 1262 2147 1316 coactum
2168 1300 2188 1331 ,
2221 1258 2587 1317 auctoritate
2616 1256 2847 1317 scilicet
2878 1256 3193 1318 pontificis
3228 1257 3437 1336 praesi-

1867 1347 2073 1409 dentis
2088 1392 2107 1424 ,
2146 1366 2223 1409 ex
2248 1348 2461 1409 latinis
2500 1350 2731 1429 pariter
2760 1356 2824 1411 et
2856 1350 3069 1428 graecis
3096 1350 3432 1429 Episcopis‚

1868 1446 2172 1520 praesente
2200 1442 2391 1503 etiam
2420 1442 2791 1523 imperatore
2822 1460 3022 1521 graeco
3046 1488 3065 1517 ,
3095 1448 3169 1503 -et
3196 1448 3437 1503 oratore

1868 1534 2049 1594 latini
2081 1534 2497 1615 imperatoris,
2532 1554 2673 1616 quoe
2712 1537 2924 1597 omnia
2958 1534 3170 1596 scribit
3210 1534 3439 1596 AEneas

1869 1626 2121 1706 Sylvius
2148 1630 2217 1689 in
2246 1629 2505 1691 historia
2530 1630 2666 1709 ejus
2698 1628 2975 1691 Concilii.

1949 1722 2051 1783 30.
2104 1720 2520 1801 Confirmatm·
2560 1724 2759 1787 eadem
2810 1722 3067 1785 assertio
3117 1722 3323 1785 tortia.
3353 1752 3437 1769 —

1871 1815 2151 1876 Tandem
2190 1822 2392 1895 potest
2432 1816 2789 1877 confirmari
2830 1814 3137 1878 conclusio
3176 1822 3313 1876 tum
3358 1832 3437 1877 ex

1871 1909 2177 1987 sanguine
2224 1910 2602 1990 Martyrum,
2656 1913 2761 1991 qui
2809 1926 2921 1988 pro
2961 1907 3079 1969 hac
3134 1908 3437 1987 dignitate

1871 2001 2106 2061 tuenda
2132 2000 2363 2063 effusus
2390 2007 2504 2079 est,
2530 2019 2657 2063 non
2682 2008 2925 2063 tantum
2952 2002 3298 2080 praeteritis,
3330 2000 3438 2063 sed

1874 2094 2279 2174 praesentibus
2342 2095 2531 2157 etiam
2593 2094 2974 2175 temporibus
3020 2116 3036 2169 ;
3097 2101 3233 2155 tum
3290 2096 3438 2173 quia

1872 2194 2177 2267 quotquot
2204 2188 2284 2249 ab
2310 2187 2427 2248 hoc
2452 2190 2651 2267 capite
2684 2187 3116 2263 desciverunt,
3162 2186 3439 2248 haeretici

1873 2287 1936 2341 ct
1976 2281 2351 2342 schismatici
2396 2298 2638 2361 semper
2663 2286 2810 2341 sunt
2856 2278 3077 2355 habiti,
3130 2280 3437 2359 praecipue

1875 2375 2060 2451 graeci
2082 2420 2103 2450 ,
2158 2375 2555 2453 maximeque
2610 2372 3275 2453 Constantinopolitani
3330 2390 3439 2452 pa·

1875 2468 2183 2543 triarchae,
2232 2468 2339 2547 qui
2382 2466 2712 2530 manifesto
2754 2467 2985 2547 pariter
3022 2484 3094 2527 ac
3126 2466 3297 2544 justo
3328 2465 3439 2527 Dei

1867 2559 2101 2638 judicio
2126 2561 2196 2621 in
2230 2577 2452 2621 manus
2477 2561 2823 2621 Turcarum
2850 2560 3180 2634 devenere,
3211 2577 3289 2619 ex
3312 2576 3437 2638 quo

1873 2672 1985 2732 per
2001 2659 2347 2715 extremam
2368 2652 2693 2713 audaciam
2720 2652 3013 2715 Romanae
3040 2652 3216 2713 Sedis
3236 2651 3439 2730 digni·

1881 2752 2071 2808 tatem
2097 2746 2393 2809 ambiere.

2490 2987 2705 3041 sssc‘rlo
2741 2988 2824 3041 111.

1872 3176 1972 3239 An
1996 3176 2341 3261 Episcopus
2365 3180 2831 3259 Romanusjwre
2849 3179 3074 3254 divim,
3100 3196 3172 3243 ιω
3200 3176 3440 3244 Christi

1949 3271 2197 3335 Domini
2236 3268 2469 3335 scilicet
2506 3271 2911 3348 institucione,
2950 3273 3038 3335 sit
3074 3270 3438 3335 universalis

1951 3364 2241 3442 Pontisbx
2265 3364 2563 3429 Ecclesioe
2578 3366 2607 3426 ἓ

1957 3600 1985 3657 1
2000 3641 2014 3658 .
2058 3596 2322 3661 Dubium
2351 3596 2571 3678 duplex
2596 3597 2666 3659 in
2702 3596 2813 3661 hac
2854 3597 3129 3660 sectione.
3172 3628 3257 3643 -
3294 3594 3439 3658 Hoec

1871 3692 2132 3771 quaestio
2166 3690 2393 3770 partim
2422 3689 2677 3751 definita
2698 3690 2831 3768 jam
2866 3696 2977 3764 est,
3010 3690 3237 3769 partim
3270 3688 3438 3751 locu·

1871 3782 2163 3864 pletanda
2192 3784 2383 3858 venit,
2421 3801 2545 3861 quo
2575 3786 2771 3861 magis
2802 3782 3027 3843 veritas
3070 3783 3439 3863 praecedenti

1870 3877 2138 3939 sectione
2180 3876 2599 3937 demonstrata
2640 3874 3061 3937 confirmetur.
3107 3876 3437 3938 Sciendum

1872 3988 2023 4049 ergo
2047 3970 2201 4031 duas
2226 3969 2327 4030 hic
2357 3969 2591 4029 moveri
2616 3969 2985 4048 quaestiones
3012 3990 3025 4029 :
3058 3987 3186 4030 una
3212 3974 3325 4045 est,
3354 3988 3437 4031 an

1873 4064 2144 4143 dignitas
2192 4080 2379 4143 quam
2431 4062 2815 4123 ostendimus
2864 4061 3027 4124 facto
3077 4069 3140 4124 et
3179 4064 3319 4141 jure
3368 4064 3437 4124 in

1873 4156 2171 4220 Pontifice
2198 4157 2477 4218 Romano
2510 4154 2803 4231 inveniri,
2843 4154 2923 4217 ab
2958 4155 3315 4217 hominibus
3342 4156 3441 4217 in·

1875 4252 2161 4313 troducta
2184 4250 2285 4327 sit,
2308 4268 2391 4311 an
2418 4268 2496 4311 ex
2524 4248 2752 4311 Christi
2778 4248 3023 4309 Domini
3047 4248 3439 4311 institutione

1874 4348 2112 4405 constet
2121 4358 2142 4420 ;
2178 4343 2394 4419 altera,
2426 4360 2507 4403 an
2550 4340 2942 4403 concedendo
2972 4340 3339 4419 dignitatem
3366 4340 3441 4402 il-

1877 4438 2002 4500 lam
2032 4456 2161 4499 esse
2194 4456 2234 4499 a
2260 4437 2503 4499 Christo
2528 4435 2896 4509 institutam,
2928 4434 3119 4515 ipsius
3146 4434 3441 4513 conjunc-

1872 4532 1963 4592 tio
2002 4548 2147 4591 cum
2185 4530 2541 4611 episcopatu
2582 4529 2863 4592 Romano
2888 4528 2970 4589 sit
2996 4528 3185 4589 etiam
3212 4526 3440 4587 Christi

1871 4644 1954 4687 an
1982 4625 2307 4687 hominum
2350 4623 2554 4703 potius
2581 4622 2907 4685 institutio.

1950 4722 2011 4781 2.
2057 4716 2159 4781 Ad
2179 4718 2449 4798 primwm
2488 4718 2733 4780 dubium
2772 4715 2919 4799 quid
2960 4712 3203 4790 Ochum,
3236 4718 3295 4777 et
3325 4713 3441 4779 alii

1871 4814 2101 4876 dicant.
2143 4812 2285 4879 Vide
2306 4811 2375 4873 iu
2400 4812 2647 4889 deflens„
2668 4808 2717 4871 l.
2746 4810 2808 4883 3,
2829 4826 2881 4873 c.
2910 4809 3014 4886 20,
3032 4814 3090 4871 et
3112 4808 3278 4890 apud
3300 4808 3441 4871 Bel-

1869 4905 2021 4979 lar„
2049 4902 2096 4967 l.
2125 4906 2165 4965 2
2193 4905 2262 4967 dc
2288 4902 2549 4967 Roman.
2580 4902 2766 4965 Pont.
2785 4946 2806 4977 ,
2831 4919 2883 4964 ο.
2919 4903 3020 4963 17.
3044 4934 3129 4947 -
3153 4901 3220 4962 ln
3250 4900 3443 4981 priori

1871 4998 2235 5078 quaestione,
2264 4996 2551 5077 quamvis
2582 5012 2660 5056 ex
2699 4994 3117 5074 superioribus
3156 4994 3443 5057 videatur

1870 5093 2017 5153 satis
2062 5090 2357 5166 definita,
2404 5108 2533 5150 non
2581 5087 2911 5149 defuerunt
2950 5088 3061 5168 qui
3110 5088 3441 5149 Summum

1873 5182 2240 5245 Pontificem
2268 5183 2690 5245 introductum
2713 5199 2843 5243 esse
2866 5198 2939 5241 ex
2964 5181 3292 5241 hominum
3320 5181 3443 5241 ius-

1871 5278 2162 5341 titutione
2202 5277 2544 5353 crederent,
2582 5276 2746 5337 sicut
2772 5273 3257 5355 patriarchatum
3286 5273 3443 5334 Con·

1871 5370 2494 5451 stantinopolitanum
2582 5368 2677 5431 vel
2761 5366 3273 5429 Alexandrinum.
3351 5367 3444 5427 lta

1873 5464 2126 5541 Ochum,
2156 5465 2227 5527 in
2258 5465 2546 5543 Dialogis,
2577 5482 2638 5543 p.
2676 5465 2735 5540 1,
2778 5460 2887 5523 lib.
2936 5465 2993 5537 1,
3036 5480 3090 5521 c.
3141 5462 3216 5522 13
3246 5466 3311 5521 et
3336 5461 3440 5537 23,

1877 5566 1940 5621 et
1967 5576 2123 5639 quos
2151 5574 2359 5638 supra,
2398 5557 2555 5636 disp.
2586 5558 2648 5628 5,
2676 5555 2743 5616 in
2772 5554 3235 5635 comparatione
3262 5556 3444 5636 Papae
