3900 6217
563 367 682 433 360

561 484 682 539 test
711 482 779 538 ut
801 495 944 539 cum
967 483 1098 538 tam
1125 495 1318 558 parva
1343 475 1466 539 fide
1485 477 1674 539 homo
1695 477 1967 540 discedat
1995 499 2127 541 om-

562 573 714 632 nino
746 571 1019 632 mundus
1062 571 1145 632 ab
1199 571 1373 632 omni
1425 571 1606 651 culpa
1632 573 1885 646 veniali,
1934 580 1996 635 et
2046 574 2125 636 ab

563 666 737 726 omni
765 671 942 725 reatu
973 681 1207 744 poenae3
1261 663 1638 726 detinebitur
1681 683 1832 744 ergo
1871 667 1938 727 in
1980 685 2125 747 pur-

564 759 826 836 gatorio,
852 765 913 820 et
939 759 1025 819 ibi
1054 758 1282 820 habere
1310 759 1538 837 poterit
1555 757 1740 820 fidem
1771 760 2124 840 explicitam

559 852 807 914 Christi.
841 853 971 914 Hoc
997 858 1206 913 autem
1234 870 1364 913 non
1396 858 1489 913 est
1518 869 1631 932 per
1661 870 1726 914 se
1745 852 1826 913 ob
1853 855 2122 916 necessi-

561 951 778 1022 tatem,
807 947 912 1007 sed
933 947 1012 1008 ob
1035 946 1574 1026 impedimentum.
1603 947 1776 1008 Unde
1805 947 1857 1008 si
1881 950 2122 1010 contin·

560 1046 667 1118 gat
689 1040 876 1120 (quod
911 1059 1039 1101 non
1063 1041 1392 1121 repugnat)
1435 1040 1706 1120 aliquem
1742 1041 1826 1102 sic
1873 1042 2124 1103 creden-

560 1140 686 1195 tem
711 1135 844 1195 sine
871 1135 984 1195 tali
1011 1134 1458 1214 impedimento
1485 1135 1668 1212 mori,
1699 1133 1987 1196 ultimam
2028 1154 2125 1196 sa-

561 1227 756 1289 lutem
787 1229 994 1290 statim
1023 1227 1439 1308 consequitur.

641 1324 740 1383 25.
792 1321 1084 1396 Quomodo
1131 1323 1282 1402 fides
1331 1323 1622 1404 explicita
1663 1323 1998 1388 Trinitatis
2036 1327 2124 1390 eit

557 1414 897 1478 necessaria
923 1417 1006 1479 ad
1031 1415 1307 1477 salutem.
1326 1448 1408 1461 —
1429 1415 1658 1477 Ultimo
1685 1435 1760 1478 ex
1791 1419 1970 1479 dictis
1996 1419 2122 1480 col-

558 1507 779 1586 ligitur
815 1508 1110 1570 resolutio
1135 1508 1351 1569 similis
1381 1511 1737 1589 quaestionis
1767 1512 1842 1572 de
1867 1511 1989 1572 fide
2019 1531 2123 1572 ex·

559 1603 770 1682 plicita
797 1603 1137 1664 TrinitatiS.
1160 1603 1314 1663 Nam
1337 1602 1402 1662 in
1422 1603 1529 1663 illa
1558 1605 1788 1665 eaedem
1818 1617 1965 1666 sunt
1991 1606 2122 1686 opi-

559 1695 802 1772 nioneS,
837 1697 1192 1774 eoedemque
1220 1695 1493 1758 rationes
1532 1697 1884 1774 dubitandi,
1927 1705 1992 1760 et
2036 1700 2123 1760 ita

557 1797 768 1852 nostra
808 1791 996 1852 etiam
1045 1790 1337 1852 resolutio
1387 1791 1602 1852 eadem
1651 1797 1774 1870 est3
1823 1811 2117 1872 namque,

559 1902 670 1964 per
711 1903 776 1944 se
807 1884 1137 1963 loquend0,
1169 1883 1300 1945 hoec
1329 1884 1481 1945 fides
1520 1885 1810 1966 explicita
1843 1904 2123 1948 necessa-

558 1979 653 2038 ria
681 1983 795 2053 est,
826 1985 896 2038 ut
919 1978 1096 2039 docet
1125 1980 1193 2039 D.
1217 1979 1506 2055 ThomaS,
1539 1981 1604 2039 in
1629 1979 1791 2040 dicta
1810 1987 2022 2060 quaest.
2056 1984 2117 2056 2,

561 2077 682 2131 art.
715 2072 776 2132 8.
809 2073 882 2132 Et
911 2071 1208 2150 probatur
1221 2071 1596 2133 sufficienter
1610 2091 1686 2134 ex
1709 2073 2115 2136 Matthaeiw:

557 2165 904 2228 Proedicate
922 2165 1350 2248 anuqclium,
1381 2171 1523 2241 etc„
1547 2167 1913 2247 baptizantes
1937 2185 2033 2230 eoe
2054 2170 2125 2231 in

559 2259 795 2321 nomiae
831 2256 1070 2332 Patris,
1116 2265 1176 2322 et
1201 2258 1384 2332 Filii,
1432 2265 1489 2323 et
1531 2259 1816 2342 Spiritus
1873 2261 2117 2326 Sancti.

558 2354 711 2414 Eam
757 2354 924 2413 enim
959 2352 1146 2414 fidem
1193 2353 1620 2433 principaliter
1655 2355 1853 2416 voluit
1881 2375 1995 2417 nos
2022 2375 2127 2418 ex-

559 2445 769 2525 plicite
809 2444 1107 2524 profiteri.
1159 2446 1334 2506 Unde
1383 2445 1570 2507 etiam
1615 2453 1778 2508 recte
1815 2448 2127 2526 colligitur

560 2545 688 2600 tam
713 2539 1118 2600 necessariam
1142 2557 1273 2600 esse
1295 2539 1456 2600 banc
1474 2537 1662 2600 fidem
1682 2559 1870 2620 qnam
1897 2541 2124 2621 baptis-

559 2649 734 2694 mum
755 2653 772 2706 ;
801 2637 894 2692 est
919 2632 1087 2692 enim
1127 2631 1467 2710 baptismus
1503 2631 1798 2713 professio
1827 2633 2013 2712 liujus
2055 2633 2128 2694 fi-

559 2725 697 2786 dei:
729 2743 916 2786 nemo
945 2732 1152 2786 autem
1179 2731 1374 2803 potest
1415 2744 1524 2804 per
1552 2727 1872 2806 proprium
1913 2733 2120 2788 actum

555 2826 724 2881 recte
751 2819 1026 2899 profiteri
1066 2819 1336 2879 exterius
1385 2819 1599 2894 fidem,
1641 2837 1829 2898 quam
1874 2839 1999 2881 non
2026 2827 2117 2884 tc·

559 2919 670 2974 net
691 2914 976 2974 interius.
1003 2913 1276 2988 Accedit,
1311 2913 1475 2993 quod
1509 2929 1629 2973 non
1665 2919 1868 2993 potest
1905 2913 2122 2976 haberi

559 3007 714 3069 fides
738 3006 1022 3086 explicita
1049 3006 1270 3068 Christi
1299 3011 1433 3068 sine
1459 3005 1581 3068 fine
1609 3006 1894 3086 explicita
1923 3009 2124 3068 Trini-

557 3101 726 3175 tatis,
767 3099 914 3180 quia
944 3106 1183 3179 oportet
1227 3100 1472 3160 credere
1509 3099 1818 3160 Christum
1864 3117 1993 3161 esse
2030 3121 2123 3162 se·

559 3193 826 3253 cundam
855 3192 1173 3253 Trinitatis
1199 3209 1563 3271 personam3
1596 3200 1659 3253 et
1696 3193 1834 3254 ideo
1864 3194 2125 3273 ipsemet

561 3287 860 3348 Dominus
886 3286 1017 3346 haec
1045 3286 1170 3345 duo
1202 3287 1543 3365 conjunxit,
1577 3303 1717 3347 cum
1747 3287 1937 3348 dixit:
1968 3289 2124 3352 Haec

561 3383 652 3441 est
677 3381 807 3443 vita
836 3386 1084 3452 oeterna‚
1119 3385 1189 3443 ut
1215 3384 1575 3461 coquoscaut
1599 3385 1654 3443 te
1682 3381 1877 3442 solum
1905 3381 2119 3454 Deum,

559 3479 618 3535 et
647 3491 814 3553 quem
840 3473 1093 3546 misisti,
1129 3478 1242 3533 etc.
1276 3473 1450 3533 Unde
1491 3472 1778 3552 Cyrillus,
1813 3470 1920 3532 lib.
1957 3476 2027 3534 ss
2059 3473 2124 3533 in

561 3567 768 3642 Joan.,
801 3567 998 3644 capite
1021 3564 1260 3625 decimo
1300 3573 1493 3638 sext0,
1525 3561 1763 3644 inquit:
1794 3564 1938 3628 Nou
1966 3566 2127 3626 euim

561 3662 743 3724 aliter
756 3665 913 3723 recte
933 3661 1122 3722 Pater
1136 3660 1506 3740 agnoscitur,
1525 3659 1650 3721 nisi
1664 3657 1868 3720 Filius
1885 3676 2127 3741 coquos-

565 3760 786 3828 catur,·
828 3771 1030 3832 neque
1087 3771 1238 3830 ergo
1289 3753 1478 3812 Filius
1504 3752 1734 3831 absque
1774 3753 2125 3830 cognitione

568 3849 764 3910 Patris
789 3894 809 3924 ,
877 3865 1081 3926 neque
1157 3854 1413 3925 uterque
1465 3845 1694 3925 absque
1769 3845 2125 3923 cognitione

567 3941 831 4020 Spiritus
861 3938 1072 4000 Sancti
1113 3937 1530 4016 cognoscitur3
1572 3938 1786 3999 eadem
1825 3939 1994 3998 enim
2036 3943 2129 3997 est

561 4033 723 4096 ratio
745 4033 820 4093 de
848 4031 979 4107 illo,
1007 4031 1154 4110 quia
1177 4031 1448 4111 perfec-ta
1475 4031 1661 4090 unius
1699 4030 1875 4092 relati
1904 4031 2129 4092 notitia

567 4145 693 4186 non
724 4125 986 4186 habetur
1013 4125 1147 4184 sine
1183 4125 1534 4203 cognitione
1573 4124 1921 4185 correlativi
1939 4141 1959 4202 3
1994 4125 2126 4186 hoeo

563 4237 713 4296 ergo
753 4219 857 4278 Dei
889 4219 1095 4277 unitas
1142 4219 1209 4277 in
1246 4219 1548 4278 'l'rinitate
1587 4217 1993 4295 intelligitur3
2050 4236 2127 4278 ex

564 4329 690 4390 quo
728 4311 992 4372 infertur
1019 4309 1180 4372 hanc
1211 4309 1398 4370 fidem
1441 4329 1567 4371 esse
1598 4312 2030 4382 necessariam,
2062 4318 2127 4372 et

562 4407 631 4467 in
653 4423 726 4465 ea
753 4405 1050 4483 distingui
1089 4403 1465 4464 Christianos
1505 4404 1584 4464 ab
1618 4405 1892 4483 antiquis
1931 4405 2129 4465 fideli-

563 4499 698 4559 bus.
723 4499 902 4560 Ratio
938 4504 1146 4556 autom
1177 4503 1267 4557 cst
1288 4513 1474 4577 quam
1503 4496 1707 4576 tetigit
1735 4499 1798 4558 D.
1833 4499 2123 4572 Thomas,

563 4592 712 4670 quia
743 4591 902 4652 Deus
931 4596 1022 4649 est
1065 4589 1428 4670 principale,
1477 4609 1549 4650 ac
1577 4609 1689 4670 per
1713 4609 1776 4652 se
1812 4591 2123 4667 objectum

565 4686 736 4760 fidei,
766 4692 827 4746 et
855 4685 994 4746 ideo
1017 4685 1083 4744 in
1113 4685 1230 4744 hoc
1253 4685 1522 4765 perfecto
1559 4691 1723 4744 statu
1753 4687 1967 4763 gratiae
1998 4703 2125 4745 ma-

561 4779 732 4840 xime
777 4779 1113 4858 requiritur
1163 4778 1313 4840 fides
1349 4779 1636 4858 explicita
1684 4780 1751 4839 in
1810 4780 2124 4860 mysteriis

563 4871 640 4932 ad
685 4873 888 4952 ipsum
942 4873 1156 4946 Deum,
1188 4879 1258 4932 ut
1287 4873 1448 4933 Deus
1488 4877 1600 4944 est,
1647 4873 2121 4953 pertinentibus·

565 4965 977 5027 Nihilominus
1003 4974 1449 5046 consequenter
1475 4967 1805 5028 dicendum
1839 4973 1930 5028 est
1962 4967 2124 5027 hanc

565 5059 986 5121 necessitatem
1009 5079 1134 5121 non
1164 5078 1292 5121 esse
1321 5068 1445 5120 tam
1469 5061 1834 5138 rigorosam,
1863 5067 1930 5120 ut
1964 5062 2029 5121 in
2056 5079 2124 5121 re

563 5155 697 5234 ipsa
721 5173 964 5234 sempor
983 5153 1091 5213 illa
1117 5153 1268 5214 fides
1296 5154 1584 5232 exigatur
1600 5169 1621 5231 3
1655 5171 1799 5213 nam
1826 5155 1889 5214 in
1916 5152 2124 5232 aliquo

563 5265 709 5308 casu
749 5255 946 5328 potest
977 5255 1184 5308 votum
1229 5249 1361 5326 ejus
1391 5248 1669 5309 sufficere
1699 5265 1842 5308 cum
1864 5247 1986 5307 fide
2006 5247 2122 5307 im·

563 5341 800 5420 plicita,
844 5340 1007 5420 quod
1049 5341 1264 5400 eodem
1319 5341 1502 5400 modo
1547 5340 2021 5419 intelligendum
2064 5346 2128 5399 et

561 5433 951 5514 probandum
989 5437 1102 5510 est,
1133 5433 1292 5494 sicut
1313 5432 1390 5494 de
1425 5433 1544 5495 fide
1572 5433 1795 5496 Christi
1826 5433 2119 5496 diximus.

1419 376 1656 430 DISPIJT.
1687 379 1819 432 xm.
1854 378 1936 432 nt:
1970 379 2305 435 PRAECEPTO
2339 381 2687 436 m‘rssmoms
2718 381 2898 435 riom.

2661 586 3111 650 DISPUTATIO
3148 590 3301 653 XIII.

2470 769 2548 816 DE
2576 769 2887 817 PRAEGBPTO
2924 769 3259 818 mumolus
3294 775 3469 823 ruffil-

2290 913 2479 978 Actue
2515 916 2661 994 fidei
2687 914 2941 980 interior
2966 924 3023 981 et
3060 921 3341 984 exterior.
3376 957 3445 969 -
3474 927 3708 993 Diximus

2205 1007 2282 1068 de
2326 1010 2683 1072 necessitate
2722 1011 2911 1072 medii
2944 1029 2961 1073 τ
2991 1011 3322 1076 dicendum
3358 1020 3615 1098 sequitur
3648 1025 3711 1085 de

2206 1101 2563 1163 necessitate
2612 1105 2934 1184 praecepti,
2990 1112 3175 1185 prout
3223 1108 3382 1169 cadit
3426 1111 3489 1172 in
3539 1127 3711 1178 actum

2204 1194 2371 1258 fidei.
2398 1198 2503 1258 Est
2528 1204 2736 1258 autem
2764 1199 2991 1279 duplex
3016 1207 3187 1262 actus
3219 1201 3381 1280 fidei,
3410 1206 3617 1268 scilicet
3636 1211 3713 1272 in·

2202 1289 2418 1365 terior,
2462 1291 2569 1370 qui
2596 1291 2823 1370 partim
2850 1299 2941 1354 est
2975 1294 3043 1355 in
3074 1295 3413 1372 intellectu,
3456 1305 3515 1359 et
3536 1307 3619 1362 est
3640 1321 3715 1364 as-

2202 1401 2419 1444 sensus
2443 1402 2650 1446 rcrum
2678 1384 2859 1460 fidei3
2888 1387 3115 1466 partim
3136 1388 3203 1450 in
3220 1390 3546 1468 voluntate,
3572 1400 3627 1456 et
3646 1403 3716 1458 cst

2202 1477 2487 1538 voluntas
2514 1478 2824 1542 credendi.
2858 1479 3031 1540 Alter
3052 1487 3227 1542 actus
3260 1489 3352 1543 est
3376 1489 3639 1562 exterior,
3663 1491 3717 1550 in

2203 1571 2583 1633 confessione
2605 1571 2753 1633 fidei
2792 1575 3153 1649 consistens,
3182 1581 3247 1636 ct
3282 1576 3359 1637 de
3382 1585 3623 1658 utroque
3642 1582 3718 1644 di-

2202 1663 2284 1724 cit
2322 1665 2547 1725 Paulus
2574 1666 2653 1726 ad
2698 1667 2961 1727 Roman.
3012 1669 3090 1729 10
3116 1685 3133 1729 z
3164 1667 3353 1732 Corde
3388 1673 3633 1734 creditur
3658 1677 3723 1738 ad

2188 1755 2530 1836 justitiam,
2562 1776 2660 1821 ore
2678 1765 2883 1826 autem
2920 1762 3210 1840 coufflssio
3246 1765 3324 1842 fit
3362 1765 3443 1826 ad
3473 1765 3717 1828 salutem.

2202 1851 2271 1912 In
2297 1853 2585 1930 praesenti
2614 1871 2763 1930 ergo
2784 1853 3197 1931 disputatione
3218 1856 3489 1916 dicemus
3504 1857 3573 1916 de
3594 1878 3721 1938 prae-

2203 1952 2380 2022 cepto
2410 1943 2577 2020 fidei,
2613 1953 2797 2024 prout
2840 1948 2919 2008 ad
2960 1948 3279 2010 internum
3326 1957 3526 2010 actum
3568 1953 3722 2029 perti-

2203 2042 2343 2114 net3
2375 2037 2442 2098 in
2480 2039 2765 2118 sequenti
2812 2056 2983 2113 vero,
3038 2048 3220 2120 prout
3271 2042 3351 2102 ad
3397 2045 3721 2105 exteriorem

2203 2136 2455 2210 spectat,
2496 2141 2559 2192 et
2598 2139 3041 2212 consequenter
3066 2133 3341 2196 dicemus
3374 2134 3448 2196 de
3497 2136 3643 2196 vitiis
3676 2143 3726 2198 et

2203 2224 2469 2318 peccatis
2510 2243 2649 2304 quoe
2694 2232 2906 2286 contra
2958 2225 3089 2322 ligne
3130 2236 3439 2308 praccepta
3482 2231 3726 2290 commit-

2204 2323 2445 2378 tuntur.

2834 2451 3051 2504 Sssc‘rlo
3080 2453 3120 2504 I.

2219 2565 2438 2630 Utrum
2465 2566 2551 2630 eit
2592 2567 2801 2631 datum
2838 2569 3087 2650 aliquod
3119 2576 3485 2653 proeceptum
3524 2571 3586 2633 de
3616 2577 3730 2635 actu

2381 2660 2661 2724 interiori
2676 2663 2843 2743 fidei,
2876 2669 2933 2726 et
2954 2681 3067 2744 quo
3074 2665 3220 2744 jure
3245 2665 3455 2728 datum
3480 2667 3577 2728 sit.

2286 2817 2314 2875 4
2331 2860 2346 2873 .
2379 2815 2506 2876 Pro
2532 2812 2713 2895 parte
2736 2823 2992 2897 aequate
3013 2815 3219 2894 prima
3265 2817 3577 2881 dubitandi
3600 2819 3731 2880 ratio

2204 2907 2567 2970 bimembris.
2592 2941 2672 2954 —
2703 2907 3047 2971 Secundum
3088 2909 3419 2972 mmbrum
3442 2911 3623 2990 quoad
3650 2913 3732 2984 ius

2204 3003 2488 3064 naturale
2545 3001 2961 3085 impuyuatur.
2990 3035 3069 3050 ·-
3086 3005 3501 3082 Impuynatm·
3564 3006 3732 3066 deinde

2204 3099 2399 3176 quoad
2414 3097 2531 3176 jue
2566 3098 3049 3175 supernaturale,
3093 3102 3221 3160 tum
3252 3117 3329 3160 ecc
3360 3096 3647 3178 Cajetano.
3672 3133 3735 3144 -

2203 3221 2285 3236 -
2310 3190 2467 3252 Tum
2504 3190 2735 3254 ratione
2778 3192 3047 3271 difficili.
3097 3223 3181 3238 --
3226 3192 3413 3253 Ratio
3450 3191 3735 3252 dubitandi

2204 3288 2319 3357 est,
2346 3285 2493 3362 quia
2524 3283 2620 3345 vel
2643 3284 2761 3345 hoc
2787 3291 3162 3365 proeceptum
3178 3292 3273 3347 est
3282 3286 3449 3365 juris
3462 3284 3736 3346 ccclesias·

2203 3376 2311 3437 tici
2340 3383 2451 3436 aut
2486 3377 2727 3439 divinit
2768 3384 3059 3439 neutrum
3098 3385 3313 3439 autem
3359 3379 3597 3440 videtur
3638 3379 3737 3438 dici

2206 3487 2396 3548 posse.
2442 3471 2578 3531 Non
2608 3470 2858 3550 quidem
2915 3471 3212 3550 primum,
3266 3472 3419 3550 quia
3471 3477 3737 3551 praecepta

2204 3562 2613 3624 ecclesiastica
2654 3581 2781 3625 non
2820 3565 3047 3626 dantur
3074 3564 3151 3626 de
3180 3564 3425 3626 actibus
3468 3583 3627 3626 mere
3660 3565 3739 3624 in-

2206 3656 2599 3735 ternis,·quia
2632 3657 2787 3718 sicut
2818 3657 2909 3717 illi
2950 3663 3125 3716 actus
3154 3675 3286 3720 non
3334 3657 3589 3718 subsunt
3624 3674 3740 3735 cog-

2207 3749 2431 3810 nitioni
2466 3749 2783 3824 humanae,
2828 3750 2915 3810 ita
2950 3767 3149 3829 neque
3194 3749 3604 3829 subjiciuntur
3646 3750 3741 3809 hu-

2208 3841 2413 3902 manis
2440 3841 2704 3920 legibus.
2744 3843 2863 3903 Nec
2888 3843 3079 3904 etiam
3108 3845 3479 3918 secundum,
3506 3844 3639 3923 quia
3660 3841 3738 3902 vel

2208 3935 2329 3996 tale
2365 3941 2744 4017 proeceptum
2794 3942 2953 3997 esset
2987 3938 3148 4016 juris
3190 3938 3397 3999 divini
3452 3935 3738 4009 naturalis,

2205 4028 2307 4090 vel
2338 4030 2863 4110 supernaturalis:
2893 4037 3180 4092 neutrum
3210 4037 3424 4092 autem
3451 4031 3568 4090 dici
3594 4045 3741 4109 posse

2209 4121 2473 4184 videtur.
2506 4122 2811 4184 Probatur
2839 4125 3042 4204 prima
3072 4142 3233 4203 parS,
3262 4126 3409 4204 quia
3437 4131 3602 4185 actus
3621 4121 3742 4184 fidei

2208 4223 2301 4276 est
2338 4215 2865 4296 supernaturalis:
2911 4219 3016 4296 jus
3050 4223 3267 4278 autem
3320 4217 3599 4278 naturale
3636 4233 3741 4275 non

2208 4317 2407 4391 potest
2468 4313 2801 4392 praecipere
2854 4327 2993 4391 quoe
3053 4312 3546 4390 supernaturalia
3588 4317 3741 4382 sunt,

2207 4405 2357 4484 quia
2384 4410 2531 4466 sunt
2557 4404 2794 4466 altioris
2820 4404 3091 4480 ordinis3
3122 4405 3275 4466 item
3303 4407 3454 4485 quia
3478 4422 3743 4484 superna-

2204 4498 2431 4558 turalia
2458 4517 2584 4558 non
2612 4499 3041 4578 percipiuntur
3062 4500 3419 4577 cognitione
3466 4497 3739 4568 naturali;

2201 4593 2301 4672 jus
2350 4598 2559 4652 autem
2616 4592 2896 4652 naturale
2949 4591 3050 4652 vel
3090 4592 3246 4653 nihil
3292 4599 3385 4653 est
3438 4591 3599 4653 aliud
3640 4589 3744 4650 nisi

2202 4685 2473 4762 cognitio
2500 4685 2634 4764 ipsa
2670 4684 2989 4756 naturalis,
3030 4684 3132 4746 vel
3176 4685 3431 4746 nonnisi
3457 4703 3566 4765 per
3596 4683 3745 4744 illam

2204 4776 2383 4838 nobis
2412 4777 2776 4857 proponitur
2804 4793 2819 4838 :
2849 4795 2975 4838 non
3001 4785 3198 4858 potest
3222 4796 3371 4858 ergo
3393 4783 3745 4858 praeceptum

2206 4889 2334 4933 esse
2371 4873 2531 4951 juris
2586 4871 2909 4934 naturalis.
2933 4873 3145 4952 Neque
3174 4873 3361 4934 etiam
3404 4875 3743 4952 supernatu-

2204 4965 2376 5040 raliS,
2406 4966 2633 5045 primo,
2662 4964 2831 5043 quia,
2878 4971 2950 5025 ut
2976 4966 3192 5045 obJ‘icit
3220 4967 3547 5045 Cajetauns
3584 4967 3639 5025 Ξ.
3690 4965 3741 5034 2,

2204 5065 2417 5139 quoest.
2440 5061 2538 5134 lt),
2554 5064 2670 5120 art.
2694 5061 2755 5132 1,
2785 5057 2934 5120 fides
2948 5059 3216 5138 pertinet
3242 5059 3321 5120 ad
3350 5058 3747 5118 conditionem

2204 5153 2538 5232 quamdam
2554 5161 2946 5232 superantem
2968 5160 3253 5214 naturam
3274 5153 3568 5214 hominiS.
3594 5157 3649 5211 et
3666 5149 3721 5208 di

2205 5248 2505 5327 gnitatcm
2532 5265 2604 5307 ac
2630 5253 2861 5307 statum
2883 5247 3016 5326 ejus
3038 5263 3057 5325 ;
3107 5265 3258 5325 ergo
3282 5264 3407 5307 non
3442 5251 3635 5326 potest
3668 5241 3745 5302 illi

2204 5339 2476 5420 praecipi,
2502 5341 2683 5412 sicut,
2712 5341 2940 5420 inquit,
2962 5359 3083 5401 nou
3100 5345 3301 5420 potest
3321 5358 3431 5402 rex
3443 5339 3747 5421 praecipere

2206 5433 2503 5496 commum·
2533 5439 2590 5496 et
2610 5433 2853 5516 vulgari
2886 5434 3007 5496 civi
3038 5451 3129 5509 ea,
3156 5452 3287 5514 quoe
3322 5439 3471 5496 sunt
3510 5429 3747 5514 propria

2204 5533 2407 5593 statue
2426 5527 2713 5590 nobilium
2738 5553 2763 5602 ‚·
2808 5527 2895 5588 ita
2920 5544 3069 5606 ergo
3116 5543 3243 5587 non
3282 5532 3479 5607 potest
3526 5521 3747 5585 homini
