3900 6217
425 345 562 410 236·

427 455 506 517 lis
540 469 825 514 assensus
876 454 943 514 in
992 452 1293 532 propheta
1336 451 1469 533 ipso
1521 470 1649 514 non
1712 471 1992 515 necessa-

426 548 558 609 rius
603 547 744 622 erit,
774 546 882 608 sed
908 545 1068 607 liber
1108 545 1361 626 potius?
1390 545 1817 626 Respondetur
1843 565 1990 608 con-

426 639 701 701 cedendo
740 639 1011 714 illatum,
1042 640 1095 699 si
1131 644 1305 700 actus
1341 645 1579 700 naturae
1622 658 1749 702 suae
1798 640 1990 702 relin-

428 740 658 813 quatur
684 781 703 810 ‚
756 735 1036 814 Deusque
1082 734 1163 794 ab
1202 735 1545 796 extrinseco
1574 753 1702 797 non
1762 736 1993 798 inferat

428 827 853 890 necessitatem
874 873 894 902 ,
942 827 1239 906 quicquid
1290 827 1397 889 alii
1448 837 1761 890 censeant.
1814 829 1991 903 Quod

427 921 629 1000 primo
657 920 853 1000 liquet
898 938 975 983 ex
1010 921 1191 982 dictis
1220 968 1237 997 ,
1282 940 1425 984 cum
1456 923 1845 985 docuerimus
1888 942 1991 984 ac-

426 1020 559 1074 tum
610 1014 976 1094 prophetiza,
1032 1015 1235 1094 quoad
1291 1018 1643 1089 essentiam,
1709 1016 1990 1096 ejusdem

426 1125 557 1168 esse
581 1108 839 1168 rationis
868 1125 1011 1168 cum
1041 1107 1181 1170 fide.
1214 1109 1514 1185 Secundo,
1546 1109 1691 1188 quia
1716 1109 1825 1170 ubi
1855 1109 1988 1170 evi-

427 1200 639 1261 dentia
692 1219 820 1262 non
848 1200 1055 1276 datur,
1086 1203 1305 1282 nequit
1359 1203 1705 1264 intellectus
1755 1204 1833 1265 ab
1882 1203 1988 1265 in-

427 1295 697 1355 trinseco
757 1296 1111 1356 necessitati
1168 1296 1247 1357 ad
1312 1315 1651 1359 assensum.
1705 1297 1986 1378 Denique

428 1386 710 1465 exemplo
749 1387 1015 1450 Abrahae
1042 1388 1209 1450 idem
1244 1391 1655 1466 convincitur,
1690 1393 1864 1472 cujus
1890 1411 1988 1453 as-

430 1499 645 1542 sensus
694 1481 853 1545 liber
910 1486 1168 1546 omnino
1207 1484 1350 1559 fuit,
1382 1485 1885 1567 quandoquidem
1930 1493 1994 1548 et

430 1574 761 1637 laudabilis
802 1583 863 1638 et
892 1580 1245 1640 meritorius
1272 1579 1517 1657 extitit3
1547 1586 1612 1640 et
1652 1571 1817 1641 i'dem
1848 1599 1992 1642 cen-

379 1666 388 1678 '
430 1669 689 1731 sendum
730 1670 809 1732 de
842 1670 995 1733 ,aliis
1052 1672 1207 1734 Heb.
1253 1677 1319 1734 11
1374 1673 1675 1734 adductis.
1725 1675 1815 1735 Ex
1863 1692 1988 1755 quo

430 1769 603 1841 patet
634 1763 1048 1827 differentiam
1077 1766 1252 1827 illam
1274 1786 1313 1829 a
1341 1769 1409 1837 D.
1441 1769 1681 1830 Thoma
1703 1769 1851 1830 olim
1882 1789 1992 1850 po-

430 1857 613 1918 sitam
641 1857 708 1918 in
737 1860 1179 1937 quaestionibus
1220 1862 1297 1922 de
1324 1863 1619 1938 Veritate,
1651 1863 1752 1925 vel
1774 1882 1990 1926 veram

430 1971 559 2014 non
586 1972 741 2031 esse,
768 1954 867 2016 vel
884 1954 1082 2016 solum
1102 1955 1463 2034 permissive
1487 1941 1988 2036 intelligendam,

430 2047 729 2109 nimirum
775 2047 850 2109 de
874 2049 1113 2111 ratione
1146 2048 1486 2130 prophetias
1513 2067 1637 2110 non
1682 2067 1813 2110 esse
1837 2068 1988 2129 pcn-

430 2140 576 2202 dere
631 2139 711 2201 ab
744 2141 968 2202 affectu
986 2188 1005 2218 ,
1058 2142 1219 2204 sicut
1258 2149 1351 2203 est
1396 2141 1473 2203 de
1516 2141 1757 2204 ratione
1794 2141 1941 2204 fidei
1964 2189 1984 2219 ,

430 2233 593 2312 quod
619 2235 880 2297 inferius
914 2252 1329 2315 exponemus;
1375 2234 1475 2296 vel
1502 2235 1767 2316 denique
1796 2235 1990 2298 talem

429 2327 843 2390 differentiam
866 2325 995 2391 non‘
1022 2339 1151 2390 tam
1186 2347 1317 2391 esse
1342 2330 1408 2390 in
1438 2329 1587 2409 ipsis
1610 2329 1982 2406 assensibus,

430 2439 617 2499 quam
633 2421 701 2482 in
729 2422 807 2482 iis
832 2441 973 2502 quae
993 2422 1129 2484 illos
1157 2421 1622 2500 antecedebant.
1654 2423 1811 2484 Nam
1841 2442 1986 2504 pro-

430 2513 617 2592 pheta
635 2514 853 2596 recipit
879 2515 1345 2590 revelationem,
1380 2522 1443 2576 et
1472 2515 1673 2594 quoad
1704 2514 1864 2576 hanc
1891 2534 1988 2577 re·

432 2607 781 2688 ceptionem
846 2609 1189 2670 necessario
1265 2609 1523 2671 omnino
1608 2610 1988 2689 praevenitur

432 2703 567 2782 ejus
594 2701 911 2779 voluntas,
941 2709 1014 2763 ut
1058 2702 1235 2764 docet
1282 2703 1351 2765 D.
1394 2702 1663 2764 Thomas
1693 2750 1710 2776 ,
1764 2711 1984 2784 quaest.

432 2799 570 2869 171,
608 2803 725 2860 art.
761 2801 791 2859 1
826 2843 843 2872 ,
888 2797 969 2860 ad
996 2799 1057 2860 4.
1090 2797 1267 2859 Unde
1307 2817 1431 2860 non
1477 2802 1715 2878 posset,
1746 2799 1990 2860 etiamsi

427 2889 635 2968 vellet,
665 2889 793 2952 ulla
809 2892 1050 2953 ratione
1076 2898 1354 2954 avertere
1381 2891 1765 2953 intellectum
1788 2911 1827 2954 a
1848 2911 1992 2954 con·

430 2983 801 3045 sideratione
853 2990 917 3045 et
975 2985 1153 3065 quasi
1206 2984 1524 3046 auditione
1579 2985 1934 3046 divinorum
1972 3031 1989 3057 ,

429 3075 597 3156 quod
630 3077 697 3137 in
728 3075 848 3138 fide
876 3077 1083 3139 locum
1121 3095 1249 3140 non
1294 3077 1502 3139 habet.

510 3169 569 3230 5.
614 3167 893 3233 Assertio
934 3172 1139 3235 tertia.
1168 3202 1251 3217 —
1274 3168 1676 3254 Confirmatur
1704 3171 1990 3250 exemplis

436 3260 811 3343 Scriptum».
844 3296 926 3311 -
954 3263 1101 3324 Dic‘o
1148 3263 1373 3325 tertio:
1408 3282 1533 3325 non
1574 3269 1667 3326 est
1709 3263 1990 3343 impossi-

430 3352 555 3414 bile
602 3355 1020 3434 cognitionem
1080 3356 1506 3436 propheticam
1552 3375 1683 3418 esse
1744 3356 1995 3418 eviden-

428 3453 559 3509 tem
610 3453 654 3510 ¹.
712 3449 805 3510 lta
852 3449 1079 3511 debent
1117 3449 1381 3529 opinari,
1411 3451 1520 3530 qui
1569 3450 1835 3530 probant
1866 3468 1994 3512 non

430 3558 805 3622 repugnare,
839 3543 1033 3603 Deum
1058 3543 1515 3605 communicare
1542 3549 1840 3605 creaturae
1866 3544 1995 3604 evi-

435 3636 711 3697 dentiam
782 3635 1219 3698 abstractivam
1286 3637 1729 3717 mysteriorum
1800 3633 1992 3712 fidei,

434 3725 603 3807 quod
642 3734 814 3791 tenet
860 3729 1096 3805 Seotus,
1126 3729 1195 3790 in
1226 3733 1284 3806 1,
1326 3729 1387 3793 d.
1423 3732 1482 3804 3,
1514 3747 1575 3809 q.
1611 3734 1680 3806 1;
1724 3727 1995 3810 Capreo-

430 3819 555 3898 lus,
590 3822 657 3882 in
684 3825 744 3898 2,
778 3822 918 3884 dist.
959 3821 1039 3884 23
1065 3843 1082 3899 ;
1120 3823 1335 3902 Maj0r,
1369 3841 1431 3902 q.
1466 3825 1505 3884 4
1549 3823 1813 3901 Prologi.
1840 3825 1998 3886 Con-

432 3913 792 3994 firmarique
828 3920 1029 3995 potest
1049 3961 1070 3991 ,
1114 3915 1409 3995 quoniam
1445 3916 1859 3977 certissimum
1900 3920 1996 3975 est

435 4007 743 4068 Christum
784 4009 1117 4070 Dominum
1164 4009 1352 4070 fuisse
1384 4009 1772 4089 prophetam,
1813 4009 1990 4071 Deut.

437 4102 511 4161 18
538 4122 553 4161 2
588 4101 957 4179 Prophecam
994 4101 1317 4166 suscitabit
1344 4103 1643 4166 Dominus
1674 4103 1741 4165 de
1775 4100 1997 4181 fratri-

434 4195 543 4256 bus
588 4192 840 4276 vestris,
861 4195 1025 4275 quod
1066 4195 1144 4257 de
1193 4196 1434 4258 Christo
1492 4195 1754 4256 Domino
1806 4195 1998 4256 inter-

432 4291 715 4366 pretatur
755 4287 1128 4369 Stephanus,
1160 4289 1295 4350 Act.
1320 4290 1381 4350 7.
1414 4289 1547 4368 Ipse
1573 4289 1759 4350 etiam
1793 4289 2001 4350 Chris—

435 4386 558 4455 tus,
588 4379 770 4443 Joan.
809 4384 874 4458 4,
906 4386 967 4442 et
994 4381 1212 4444 Matth.
1250 4383 1348 4458 18,
1381 4401 1447 4443 se
1483 4381 1850 4462 prophetam
1892 4398 1999 4441 vo-

436 4479 557 4548 cat,
589 4473 799 4536 dicens
826 4491 842 4536 :
891 4475 1041 4540 Non
1080 4482 1167 4539 est
1200 4477 1495 4556 propheta
1528 4493 1661 4538 oum
1691 4475 1905 4537 honore
1932 4476 2000 4538 in

426 4566 647 4644 patria
682 4585 794 4630 sua
820 4591 849 4638 ,·
889 4575 952 4628 et
1000 4575 1213 4630 tamen
1252 4588 1379 4630 non
1418 4567 1637 4629 habuit
1674 4567 1998 4627 obscuram

440 4660 884 4736 cognitionem.
936 4662 1145 4740 Neque
1187 4661 1307 4722 dici
1360 4666 1561 4738 potest
1585 4661 1611 4698 ²
1638 4659 1757 4719 hoc
1796 4656 2001 4718 solum

439 4752 712 4831 potuisse
738 4753 966 4816 habere
1006 4755 1209 4816 locum
1240 4755 1306 4815 in
1335 4754 1440 4814 illo
1478 4754 1717 4815 ratione
1743 4750 2001 4812 visionis

438 4843 741 4907 beatificae
762 4864 786 4926 3
838 4847 1015 4908 docet
1050 4846 1219 4908 enim
1248 4865 1321 4908 ac
1356 4845 1578 4925 probat
1603 4847 1672 4908 D.
1704 4847 1754 4908 T
1755 4842 1997 4917 homaS,

440 4939 478 4998 3
509 4955 599 5018 p.,
634 4945 847 5019 quaest.
891 4941 932 5001 4
958 4987 971 5011 ,
1002 4947 1121 5003 art.
1154 4941 1193 5001 8
1218 4985 1238 5015 ,
1288 4939 1593 5000 Christum
1637 4937 2003 5019 prophetam

438 5049 565 5093 non
594 5031 783 5095 fuisse
837 5051 946 5115 per
991 5034 1291 5095 visionem
1348 5031 1720 5094 beatificam.
1769 5029 2002 5093 Confir-

440 5131 649 5186 matur
709 5127 976 5208 amplius
1024 5129 1280 5189 assertio
1300 5173 1322 5204 ,
1370 5126 1517 5207 quia
1538 5171 1559 5202 ,
1601 5126 1654 5187 si
1688 5125 1909 5200 Deum,
1939 5129 2006 5184 et

524 5319 542 5355 ¹
589 5315 744 5379 Vide
784 5317 852 5377 in
892 5317 955 5379 d.
986 5318 1086 5393 21,
1119 5323 1267 5380 sect.
1312 5319 1372 5392 1,
1405 5316 1483 5380 do
1514 5317 1757 5377 Incarn.

524 5411 550 5449 ²
591 5409 747 5472 Vide
788 5411 855 5472 in
884 5408 1041 5491 disp.
1080 5411 1159 5472 30
1191 5409 1459 5492 Metaph.
1480 5455 1502 5487 ,
1533 5414 1683 5472 sect.
1719 5409 1821 5485 12,
1850 5426 1891 5471 a
1934 5426 2002 5470 n.

442 5503 506 5578 4,
538 5502 671 5565 etl.
706 5505 746 5566 2
782 5504 859 5567 de
894 5502 1145 5585 Angel„
1174 5522 1227 5566 c.
1263 5505 1362 5565 17.

838 349 1075 405 mSPUT.
1110 349 1237 404 vm.
1274 351 1353 403 DE
1388 349 1813 404 ms‘rmcrloNE
1843 352 2011 405 mom
2043 352 2123 405 AB
2150 349 2418 404 OMNIBUS
2449 349 2630 404 Dorus
2661 348 2742 401 ET
2773 348 3037 412 eamus,
3072 347 3207 401 E‘rc,

2069 471 2208 533 quae
2242 452 2445 533 ipsum
2495 450 2852 514 immediate
2893 451 3238 530 attingunt,
3267 455 3336 510 ut
3381 453 3474 512 est
3509 448 3632 528 hy·

2068 547 2366 628 postatica
2389 545 2562 621 unio,
2597 543 3003 626 excipiamuS,
3024 543 3186 606 nihil
3211 549 3303 606 est
3331 541 3494 623 quod
3521 559 3636 622 per

2071 640 2420 702 evidentem
2485 638 2770 700 notitiam
2821 637 3093 714 infusam
3155 635 3442 716 cognosci
3499 652 3634 696 non

2071 735 2262 814 possit
2307 739 2480 795 extra
2541 733 2844 794 visionem
2885 730 3134 792 beatam
3161 775 3180 806 ,
3237 738 3309 791 ut
3335 734 3504 810 patet
3552 728 3636 790 de

2069 827 2328 892 scientia
2387 826 2591 888 infusa
2644 826 2872 887 animae
2925 823 3147 886 Christi
3172 846 3191 900 3
3239 823 3368 885 imo
3411 839 3634 900 graves

2071 929 2374 997 auctores,
2411 925 2482 981 ut
2507 921 2743 996 Scotus,
2787 917 3021 980 nullam
3073 915 3500 996 exceptionem
3535 915 3633 976 fa-

2072 1015 2269 1090 ciunt,
2309 1031 2463 1094 quos
2505 1018 2718 1074 tamen
2748 1030 2877 1073 non
2929 1009 3262 1090 probamus
3287 1025 3310 1087 ;
3342 1028 3492 1089 ergo
3520 1027 3634 1088 po·

2069 1109 2214 1169 terit
2254 1107 2465 1187 aliqua
2510 1105 2652 1166 talis
2691 1105 2968 1184 cognitio
2998 1103 3315 1184 prophetae
3355 1100 3628 1164 infundi.

2146 1203 2206 1263 6.
2256 1200 2493 1275 Quarta
2518 1199 2796 1274 assertio,
2827 1215 2962 1262 oum
2988 1199 3074 1262 sit
3101 1199 3169 1260 do
3187 1201 3368 1276 facto,
3403 1197 3636 1276 conjec-

2067 1297 2231 1360 turis
2263 1295 2621 1358 ostenditur.
2642 1325 2722 1340 -
2750 1292 2868 1356 Sed
2898 1308 3138 1370 quaeres
3158 1309 3239 1351 an
3264 1308 3338 1352 ea
3359 1291 3437 1351 sit
3463 1307 3632 1352 com—

2073 1389 2389 1450 municata
2431 1389 2509 1448 de
2556 1387 2718 1448 facto
2765 1382 3078 1465 aliquibus
3122 1383 3458 1464 prophetis.
3511 1384 3634 1444 Pro

2069 1503 2198 1564 quo
2233 1483 2313 1543 sit
2356 1487 2577 1562 quarta
2626 1479 2882 1542 assertio
2925 1479 2994 1540 in
3035 1479 3272 1541 ordine.
3327 1477 3637 1540 Credibile

2069 1583 2164 1638 est
2177 1574 2513 1656 aliquando
2539 1573 2959 1655 propheticam
2980 1571 3420 1634 revelationem
3441 1570 3635 1632 fuisse

2071 1670 2446 1744 evidentem,
2478 1673 2542 1729 et
2569 1667 2768 1747 quoad
2799 1666 2915 1728 hoc
2939 1665 3291 1728 admittitur
3317 1663 3632 1726 sententia

2071 1771 2348 1851 Cajetani
2389 1759 2460 1831 in
2504 1786 2684 1832 num.
2719 1771 2780 1830 2.
2819 1767 2974 1828 Cum
3011 1783 3158 1828 vero
3191 1763 3504 1826 conclusio
3551 1763 3632 1824 de

2071 1867 2236 1928 facto
2261 1863 2577 1945 procedat,
2603 1879 2804 1942 neque
2830 1860 3170 1923 habeamus
3195 1865 3483 1940 apertum
3510 1865 3635 1918 tes·

2071 1960 2402 2022 timonium
2443 1958 2778 2038 Scripturas
2803 2001 2824 2030 ,
2875 1955 3076 2016 solum
3118 1971 3446 2036 possumus
3483 1970 3636 2014 con·

2062 2057 2305 2134 jectura
2331 2054 2446 2115 uti.
2479 2053 2700 2128 Igitur,
2727 2051 2780 2112 si
2807 2051 2876 2111 in
2909 2049 3146 2112 Christo
3193 2049 3453 2116 Domino
3501 2065 3634 2110 cer-

2068 2154 2206 2209 tum
2231 2153 2322 2208 est
2362 2144 2784 2227 propheticam
2811 2143 3232 2221 cognitionem
3271 2141 3460 2202 fuisse
3499 2141 3636 2202 evi-

2069 2241 2345 2317 dentem,
2379 2247 2450 2300 ut
2473 2239 2767 2313 diximus,
2797 2244 2958 2298 certe
2981 2235 3388 2314 intelligimus
3415 2235 3474 2296 id
3499 2253 3634 2296 non

2069 2353 2201 2396 esse
2255 2339 2430 2394 extra
2478 2330 2579 2395 vel
2638 2336 2855 2392 contra
2903 2331 3209 2391 rationem
3259 2328 3629 2409 prophetiae.

2069 2426 2370 2488 Credibile
2399 2443 2548 2504 ergo
2590 2431 2684 2486 cst
2719 2425 2915 2485 Deum
2957 2422 3444 2484 communicasse
3483 2439 3634 2501 pro-

2068 2520 2269 2599 phetis
2337 2519 2649 2599 aliquibus
2703 2516 2872 2578 hunc
2935 2516 3276 2598 prophetiza
3343 2515 3626 2576 modum.

2070 2615 2226 2676 Nam
2271 2613 2326 2674 is
2353 2631 2430 2674 ex
2469 2619 2642 2691 parte
2670 2611 2864 2692 ipsius
2895 2610 3236 2692 prophetias
3265 2614 3356 2671 est
3393 2607 3636 2688 perfec-⁶

2069 2703 2190 2769 'tior
2205 2723 2225 2783 ;
2256 2724 2384 2769 non
2431 2710 2742 2786 repugnat
2781 2722 2929 2766 vero
2978 2702 3164 2764 statui
3215 2701 3359 2778 viae,
3389 2707 3452 2762 et
3495 2703 3634 2780 ipsa

2071 2800 2335 2861 varietas
2381 2799 2669 2860 conducit
2729 2797 2810 2858 ad
2864 2796 3308 2877 perfectionem
3367 2812 3630 2874 operum

2071 2893 2180 2954 Dei
2208 2909 2227 2969 ;
2257 2909 2431 2970 ergo,
2461 2897 2578 2953 etc.
2611 2890 3061 2965 Confirmatur,
3113 2905 3262 2950 nam
3311 2905 3456 2950 cum
3505 2893 3634 2949 tres

2070 2985 2361 3066 capitales
2389 2985 2516 3046 sint
2534 2984 2758 3061 gradus
2785 2981 3146 3068 prophetiae,
3167 2989 3244 3043 ut
3266 2986 3444 3062 patet·
3463 2980 3638 3060 apud

2071 3081 2140 3142 D.
2173 3077 2474 3140 Thomam
2506 3079 2568 3139 2.
2617 3080 2688 3153 2,
2733 3082 2964 3157 quaest.
2998 3077 3138 3154 174,
3171 3091 3334 3136 unus
3373 3091 3486 3154 per
3523 3090 3636 3134 ex-

2071 3180 2314 3234 ternam
2359 3177 2422 3232 et
2471 3169 2824 3232 sensibilem
2875 3169 3360 3250 propositionem
3383 3211 3406 3242 ,
3469 3166 3633 3228 alter

2073 3285 2184 3346 per
2209 3265 2645 3344 imaginariam
2673 3264 2999 3340 visionem,
3031 3263 3250 3326 tertius
3271 3278 3382 3341 per
3407 3278 3634 3341 puram

2073 3358 2556 3420 intellectualem
2621 3357 3094 3419 illustrationem
3117 3401 3138 3432 ‚
3171 3354 3418 3418 videtur
3481 3372 3638 3415 sane

2073 3451 2390 3532 probabile
2419 3451 2488 3512 in
2523 3451 2642 3513 hoc
2666 3451 2850 3512 tertio
2877 3448 3078 3528 gradu
3103 3448 3334 3512 elevari
3355 3446 3638 3510 mentem

2075 3544 2414 3628 prophetas,
2443 3549 2516 3605 ut
2557 3543 2786 3624 aliquo·
2811 3543 2996 3604 modo
3043 3533 3205 3602 clai-e
3237 3541 3443 3604 videat
3488 3557 3636 3619 quas

2076 3639 2193 3700 sibi
2234 3637 2612 3710 revelantur,
2641 3636 2862 3698 saltem
2902 3637 2969 3697 in
3013 3633 3404 3698 testificante.
3453 3633 3640 3694 Unde

2073 3733 2144 3794 D.
2176 3731 2444 3793 Thomas
2493 3729 2591 3794 ibi
2632 3735 2748 3792 art.
2798 3730 2839 3789 2
2861 3775 2882 3804 ‚
2913 3728 3004 3789 ait
3041 3727 3206 3788 hanc
3245 3726 3640 3806 prophetiam

2074 3825 2350 3887 maxime
2384 3824 2880 3904 appropinquare
2923 3821 3002 3882 ad
3051 3821 3356 3882 visionem
3387 3819 3633 3882 Patriae.

2076 3921 2354 4000 Citatque
2384 3917 2448 3980 id
2478 3918 2726 3979 secundi
2753 3919 2998 3996 Regum
3027 3919 3106 3978 23
3133 3933 3152 3976 :
3205 3915 3372 3978 Mihi
3399 3915 3641 3977 locutas

2076 4019 2168 4077 est
2191 4013 2372 4089 fortis
2399 4011 2603 4074 Israel
2617 4035 2644 4084 ;
2675 4025 2738 4072 et
2762 4010 2928 4071 infra
2960 4031 2977 4070 z
3019 4008 3206 4073 Sicut
3233 4010 3344 4072 lum
3369 4025 3638 4082 aurora’,

2078 4105 2298 4170 oriente
2323 4105 2443 4168 sole
2465 4122 2662 4180 mm,
2695 4105 2908 4184 absque
2936 4103 3195 4168 nubibus
3223 4101 3474 4166 rutilat.
3505 4101 3644 4162 Hoc

2077 4201 2346 4281 denique
2399 4197 2770 4260 confirmant
2837 4197 3106 4260 adducta
3169 4196 3456 4278 superius
3521 4212 3640 4273 pro

2079 4293 2388 4355 sententia
2415 4292 2522 4354 illa
2553 4291 2850 4370 Cajetani.

2161 4389 2219 4447 7.
2268 4385 2533 4468 Triplici
2555 4385 2745 4449 medio
2773 4385 3058 4465 objicitm·
3101 4391 3314 4449 eontra
3353 4387 3644 4451 assertio-

2079 4478 2440 4544 nem-Sed
2467 4476 2670 4540 obstat
2697 4480 2923 4558 primo,
2953 4479 3102 4557 quia
3125 4480 3404 4558 sequitur
3427 4479 3644 4557 cogni-

2081 4577 2316 4636 tionem
2345 4573 2688 4654 prophetiae
2733 4573 2802 4634 in
2839 4573 3096 4634 diversis
3141 4575 3344 4653 specie
3379 4591 3512 4636 csse
3554 4572 3650 4634 di·-

2080 4685 2345 4743 versam,
2373 4672 2586 4727 contra
2612 4667 2680 4726 D.
2697 4665 2917 4726 Thom.
2943 4667 3269 4745 quaestion.
3289 4669 3430 4741 171,
3461 4666 3642 4728 artic.

2083 4764 2142 4836 3,
2178 4762 2259 4838 ad
2305 4761 2584 4822 tertium.
2635 4760 2941 4835 Secundo,
2971 4761 3122 4839 quia
3145 4761 3283 4839 jam
3321 4760 3476 4822 tales
3501 4777 3650 4839 pro-

2080 4855 2282 4934 phetae
2325 4871 2453 4914 non
2503 4852 2802 4914 haberent
2841 4851 3054 4914 fidem.
3102 4854 3334 4928 TertiO,
3379 4852 3526 4932 quia
3571 4871 3651 4914 ea

2082 4947 2352 5027 cognitio
2383 4964 2512 5008 non
2553 4951 2646 5007 est
2685 4953 2815 5006 tam
2858 4945 3129 5024 perfecta
3155 4963 3345 5026 quam
3372 4945 3497 5008 alia
3535 4947 3652 5007 oh·

2083 5059 2260 5102 scura
2278 5085 2302 5116 ,
2351 5057 2494 5100 cum
2540 5038 2826 5100 videatur
2861 5039 3072 5100 minus
3125 5045 3328 5112 certa3
3377 5057 3506 5102 non
3553 5045 3654 5102 est

2083 5151 2230 5213 ergo
2263 5131 2608 5194 necessaria
2634 5149 2834 5211 neque
2865 5133 3258 5196 conveniens.

2163 5227 2224 5288 8.
2269 5227 2373 5290 Aa
2395 5225 2664 5306 primum
2689 5225 3166 5291 medium—'Ad
3197 5228 3474 5306 primum
3499 5247 3652 5289 con-

2084 5320 2358 5381 cedimus
2403 5317 2738 5400 sequelam.
2785 5319 2880 5382 Ad
2927 5319 3146 5382 divum
3181 5321 3484 5384 Thomam
3525 5339 3658 5383 res-

2086 5411 2328 5494 pondeo
2369 5413 2644 5492 primum
2693 5418 2964 5474 mutasse
3001 5415 3404 5489 sententiam3
3453 5433 3606 5476 nam
3629 5463 3654 5492 ,

2091 5511 2308 5586 quaest.
2335 5507 2475 5581 174,
2520 5511 2639 5566 art.
2688 5509 2748 5582 1,
2786 5504 2964 5566 docet
2987 5507 3376 5587 propheticas
3411 5511 3656 5570 revela·
