3900 6217
661 350 842 403 'SECT.
883 351 964 402 ΙΧ.
1001 351 1086 402 ΑΝ
1119 351 1432 403 ΡΒΝΑΤΠΜ
1472 349 1736 410 BELLUM,
1773 349 1912 402 SIVE
1946 349 2238 402 mmmm
2272 349 2367 400 SIT
2398 347 2765 402 m‘rmNSECE
2797 349 3031 404 muln.

239 451 312 507 et
338 445 722 522 inchoatum,
772 446 876 507 illo
906 447 1156 508 fortasse
1187 447 1370 507 modo
1418 447 1664 526 expedit
1704 463 1814 526 pe-

237 541 383 618 ragi
432 541 508 600 ad
557 541 876 602 victoriam
938 542 1458 621 consequendam,
1509 546 1814 620 quatenus

237 652 316 694 ea
337 635 694 695 reductione
721 636 1042 714 priventur
1063 635 1270 697 hostes
1291 635 1645 696 fortioribus
1675 635 1814 714 qui-

233 727 504 788 busdam
549 727 873 802 militibus,
905 727 1003 788 vel
1033 729 1354 790 remittant
1383 729 1658 802 animos,
1689 735 1750 788 et
1777 747 1812 788 e

236 822 577 898 contrario,
628 823 863 901 proprii
910 823 1135 883 milites
1189 824 1384 902 magis
1433 823 1811 897 animentur,

238 915 327 976 ob
369 915 722 994 similesque
754 915 906 976 alias
943 935 1159 977 causas
1186 935 1322 998 quae
1351 916 1584 998 possint
1605 935 1814 978 occur-

237 1029 405 1072 rere.
440 1011 528 1071 ita
544 1009 753 1070 docuit
781 1011 1062 1085 Navarr„
1094 1029 1146 1072 c.
1181 1013 1279 1087 45,
1325 1012 1390 1070 iu
1437 1010 1582 1072 fine.
1633 1009 1814 1072 Ratio

233 1111 449 1165 autem
477 1113 587 1176 cst,
632 1105 779 1184 quia
803 1109 951 1164 tunc
991 1103 1200 1166 subest
1237 1104 1515 1182 legitime
1543 1121 1724 1164 causa
1751 1109 1811 1164 et

241 1203 534 1278 potestas.
581 1199 756 1271 Item,
806 1197 859 1258 si
907 1202 1107 1258 totum
1159 1196 1392 1258 bellum
1430 1196 1595 1272 licet,
1621 1198 1810 1258 etiam

241 1307 391 1369 pars
423 1290 554 1368 ejus
589 1289 796 1350 licebit
823 1309 838 1362 3
865 1290 1001 1352 htec
1046 1297 1250 1350 autem
1281 1307 1490 1370 pugna
1516 1296 1606 1350 est
1635 1290 1810 1370 quasi

241 1401 389 1462 pars
413 1383 694 1462 quaedam
735 1391 795 1444 et
835 1384 1205 1460 necessaria,
1232 1384 1331 1444 vel
1359 1383 1552 1457 utilis,
1583 1389 1655 1443 ut
1672 1401 1812 1463 sup-

245 1475 536 1555 ponimus
563 1475 642 1536 ad
666 1473 854 1536 finem
877 1479 1068 1537 totius
1085 1477 1228 1538 belli
1236 1494 1255 1555 3
1283 1493 1494 1556 quare,
1513 1481 1630 1536 etc.
1665 1475 1814 1549 Quae

243 1569 410 1628 ratio
461 1569 682 1647 probat
731 1574 866 1629 tam
922 1587 1057 1631 esse
1096 1570 1338 1630 licitum
1402 1569 1520 1628 hoe
1564 1568 1809 1643 offerre,

247 1679 434 1740 quarn
467 1668 818 1740 acceptere;
845 1663 991 1742 quia
1018 1663 1067 1723 si
1085 1663 1237 1724 illud
1261 1663 1326 1723 in
1353 1681 1418 1723 se
1435 1662 1599 1737 licet,
1623 1661 1812 1723 ctiam

248 1773 578 1834 procurare
615 1753 820 1816 licebit
845 1755 924 1816 ab
953 1755 1220 1817 habente
1251 1761 1636 1836 potestatem.
1661 1757 1820 1816 Con-

245 1847 512 1908 trarium
554 1854 764 1908 tamen
799 1849 984 1927 hujus
1015 1849 1364 1928 posterioris
1388 1849 1556 1909 modi
1573 1848 1820 1910 videtur

251 1947 464 2002 tenere
477 1941 823 2021 Cajetanus,
837 1943 1026 2002 verbo
1041 1943 1344 2012 Duellnm,
1361 1960 1545 2022 quem
1555 1943 1814 2005 Navarr.

245 2036 710 2114 interpretatur,
737 2043 808 2096 ut
829 2035 1138 2115 intelligat
1157 2037 1404 2115 quando
1419 2035 1551 2096 sine
1575 2038 1816 2114 justitia

246 2137 312 2192 et
352 2129 483 2191 sine
519 2149 703 2190 causa
742 2131 814 2191 fit
851 2131 926 2190 ad
965 2149 1192 2206 paucos
1226 2130 1374 2191 belli
1394 2130 1692 2191 reductio·

335 2225 430 2284 10.
479 2221 743 2303 objectio
799 2229 1010 2286 contra
1067 2224 1516 2286 conclusio-nem.
1583 2257 1664 2270 —-
1715 2225 1826 2287 Aa

243 2317 534 2396 primam.
567 2349 642 2360 —
679 2315 786 2378 Ad
815 2317 1157 2378 secundam.
1187 2349 1270 2361 —
1295 2313 1396 2376 Ad
1437 2317 1699 2379 tertiam.
1735 2349 1818 2364 --

247 2411 425 2470 Nunc
482 2416 696 2470 contra
747 2409 1202 2470 conclusionem
1257 2410 1544 2488 arguitur
1587 2411 1810 2490 primo.

247 2503 407 2575 Quia
453 2503 560 2582 qui
599 2503 840 2564 inducit
883 2505 1004 2564 tale
1049 2503 1350 2576 duellum,
1388 2504 1438 2563 si
1478 2504 1645 2581 juste
1687 2507 1818 2584 agit

247 2594 510 2671 bellum,
543 2603 986 2677 consequenter
1015 2597 1236 2657 invitat
1264 2598 1551 2672 alterum,
1589 2603 1650 2656 et
1675 2616 1816 2676 pro-

249 2695 428 2749 vocat
457 2689 532 2750 ad
565 2689 649 2765 id,
685 2691 848 2770 quod
880 2709 1006 2750 non
1034 2697 1233 2770 potest
1270 2691 1400 2751 sine
1441 2697 1688 2770 peccato
1715 2711 1814 2752 ac-

248 2787 494 2860 ceptare
511 2799 532 2860 ;
587 2801 734 2861 ergo
787 2783 1138 2844 inducendo
1199 2789 1426 2864 peccat.
1489 2783 1804 2860 Secundo,

250 2877 504 2954 exponit
529 2878 889 2939 innocentes
918 2877 1192 2957 periculo
1219 2878 1455 2951 mortiS,
1497 2879 1660 2955 quod
1699 2896 1811 2958 per

247 2987 314 3028 se
347 2969 590 3029 videtur
619 2971 876 3031 malum.
909 2971 1137 3045 Terti0,
1169 2971 1536 3048 astringitur
1562 2971 1638 3030 ad
1680 2989 1808 3032 non

249 3061 668 3123 defendendos
693 3081 854 3138 suos,
881 3064 933 3123 si
956 3064 1284 3124 vincantur
1313 3063 1390 3124 ab
1421 3063 1806 3142 adversariiS,

248 3161 360 3214 aut
384 3155 596 3214 sintin
623 3157 1080 3216 evidentissimo
1110 3157 1412 3236 periculo;
1458 3156 1576 3216 hoc
1601 3164 1812 3218 autem

246 3247 496 3308 videtur
523 3247 790 3309 militare
813 3255 1028 3311 contra
1051 3251 1151 3330 jus
1192 3257 1451 3326 naturae,
1486 3267 1610 3330 quo
1641 3257 1816 3313 tene·-

3340 347 3459 410 763

1899 463 2043 507 mur
2081 447 2410 508 defendere
2454 448 2831 509 innocentes,
2887 449 2978 510 Ad
3027 449 3320 530 primum,
3366 451 3460 511 di-

1897 541 2163 601 cendum
2190 548 2282 602 est
2306 541 2483 601 illum
2506 542 2849 622 principem
2876 561 2999 604 non
3030 561 3359 623 provocare
3380 545 3458 605 ad

1898 635 2159 708 malum,
2208 635 2314 694 sed
2372 635 2450 695 ad
2502 636 2709 696 miuus
2738 635 3009 712 malum3
3046 655 3317 716 namque
3366 638 3461 698 di-

1898 734 2061 788 recte
2088 729 2243 806 petit
2267 729 2371 804 jus
2396 747 2601 802 suum,
2642 729 2831 808 quod,
2868 731 3013 808 quia
3044 738 3253 808 peccat
3277 731 3455 807 alter,

1895 827 2093 900 potest
2122 820 2198 880 ad
2228 821 2553 882 vitandum
2586 821 2928 882 maximum
2962 822 3195 884 bellum
3229 830 3456 904 petere.

1896 920 1969 975 ut
2008 921 2424 976 commutetur
2458 913 2524 974 in
2568 915 2776 976 minus
2832 915 3093 991 malum,
3136 918 3317 994 quale
3366 923 3463 977 est

1894 1025 2107 1089 pugna
2153 1006 2625 1086 periculumque
2678 1025 3039 1086 paucorum.
3110 1008 3203 1068 Ad
3247 1027 3463 1070 secun-

1895 1103 2065 1174 dum,
2098 1101 2283 1175 diceS,
2317 1117 2425 1179 pro
2458 1102 2775 1160 communi
2813 1099 2977 1162 bono
3006 1102 3068 1162 id
3098 1101 3233 1162 fieri
3260 1103 3460 1163 inter·

1893 1196 2045 1256 dum
2073 1213 2271 1275 posse.
2311 1195 2465 1254 Nam
2490 1195 2677 1254 etiam
2702 1194 2767 1254 in
2796 1195 3039 1272 integro
3069 1191 3231 1256 bello
3260 1195 3459 1256 multo

1893 1289 2099 1368 plures
2148 1289 2504 1348 innocentes
2535 1293 2935 1366 exponuntur
2976 1288 3247 1366 periculo
3294 1306 3461 1348 mor-

1891 1385 1992 1444 tis.
2026 1385 2097 1444 In
2124 1381 2445 1444 individuo
2472 1388 2683 1442 tamen
2717 1383 3058 1444 cavendum
3084 1390 3197 1460 est,
3218 1401 3299 1446 ne
3328 1384 3463 1444 sine

1891 1495 2122 1556 magna
2160 1494 2341 1536 causa
2374 1475 2504 1550 fiat,
2544 1480 2607 1535 et
2636 1476 2839 1554 quoad
2869 1475 3004 1536 fieri
3040 1483 3261 1556 potest,
3296 1477 3461 1556 peri·

1892 1573 2105 1633 culum
2134 1569 2475 1630 minuatur.
2514 1567 2607 1628 Ad
2636 1570 2915 1645 tertium,
2949 1569 3106 1630 sicut
3131 1570 3461 1632 defendere

1895 1669 2325 1736 innocentem,
2374 1681 2502 1723 non
2558 1667 2649 1722 est
2694 1669 3074 1741 praeceptum
3124 1663 3289 1742 quod
3346 1681 3459 1743 pro

1899 1777 2141 1837 semper
2180 1755 2435 1835 obliget,
2466 1755 2573 1816 sed
2610 1761 2759 1815 tunc
2804 1773 2945 1816 cum
2976 1757 3297 1818 commode
3324 1756 3460 1818 fieri

1899 1857 2122 1932 potest,
2156 1851 2239 1910 ita
2267 1867 2302 1910 e
2325 1849 2657 1922 contrario,
2689 1847 2963 1926 obligare
2996 1867 3060 1909 se
3084 1849 3161 1908 ad
3192 1865 3317 1910 non
3354 1849 3461 1911 de-

1897 1945 2277 2008 fendendum
2320 1943 2713 2002 innocentem
2757 1942 2822 2001 in
2870 1959 3012 2002 casu
3058 1943 3287 2021 aliquo,
3332 1961 3459 2003 non

1899 2045 1992 2103 est
2016 2039 2344 2099 intrinsece
2368 2036 2643 2113 malum3
2678 2037 2783 2096 sed
2820 2045 2970 2097 tnnc
2996 2037 3194 2098 ‘licere
3236 2043 3457 2116 potest,

1897 2131 2147 2212 quando
2170 2149 2313 2192 cum
2344 2129 2419 2189 iis
2454 2128 2525 2188 fit
2566 2129 3062 2202 circumstantiiS,
3096 2136 3166 2189 ut
3194 2130 3461 2209 pruden-

1897 2234 1994 2288 ter
2021 2231 2341 2286 censeatur
2388 2223 2697 2302 quispiam
2743 2243 2869 2283 non
2912 2241 3086 2304 posse
3123 2223 3304 2283 illum
3352 2223 3462 2284 de-

1895 2318 2173 2394 fendere,
2232 2317 2377 2397 quia
2422 2315 2705 2376 videlicet
2757 2335 2882 2377 non
2937 2318 3069 2378 sine
3117 2333 3345 2395 magno
3398 2322 3459 2377 et

1895 2412 2214 2478 communi
2262 2409 2655 2470 incommodo
2684 2409 3013 2485 defendet3
3047 2409 3140 2472 ita
3180 2427 3327 2470 vero
3366 2415 3461 2470 est

1893 2507 1962 2567 in
1994 2505 2302 2584 proposito
2329 2503 2683 2580 argumenti
2702 2509 2953 2565 eventu.

1975 2597 2251 2660 Tractari
2314 2596 2433 2655 hoe
2476 2594 2611 2654 loco
2658 2603 2863 2672 posset
2922 2595 2999 2656 de
3052 2595 3272 2675 poeniS,
3326 2601 3457 2655 tam

1894 2692 2089 2754 duelli
2140 2707 2329 2771 quam
2378 2687 2535 2748 illud
2586 2687 2953 2763 foventium,
2988 2688 3065 2750 de
3122 2688 3349 2768 quibus
3390 2689 3459 2748 in

1893 2785 2154 2848 materia
2196 2785 2273 2845 de
2328 2783 2599 2845 censuris
2632 2781 3013 2842 commodius
3046 2785 3090 2840 ¹.
3144 2780 3329 2860 Atqui
3356 2779 3461 2840 hic

1890 2882 2079 2940 totius
2109 2885 2402 2939 tractatus
2442 2877 2520 2938 de
2542 2877 2840 2937 charitate
2870 2874 3012 2936 finis
3045 2881 3200 2946 esto,
3224 2875 3303 2935 ed
3324 2874 3460 2936 lau·

1889 2972 2031 3032 dem
2073 2973 2201 3046 Dei,
2230 2970 2623 3050 virginisque
2644 2969 2875 3030 Matris.

1976 3163 1993 3196 ⁸
2026 3158 2181 3218 Vide
2222 3164 2557 3232 auctorem,
2604 3161 2775 3216 tomo
2810 3155 2887 3216 de
2916 3155 3197 3229 Censnr„
3227 3153 3456 3232 disput.

1895 3253 1956 3326 3,
1987 3259 2131 3312 sect.
2163 3253 2225 3325 7,
2255 3269 2293 3311 a
2324 3269 2389 3312 n.
2418 3255 2520 3324 Η,
2552 3256 2614 3311 et
2632 3249 2791 3328 disp.
2820 3250 2921 3324 31,
2948 3254 3091 3308 sect.
3120 3249 3183 3322 4,
3220 3263 3285 3307 n.
3318 3247 3420 3306 48.

1680 3939 1877 4004 LAUS
1917 3939 2089 4001 DEO.
