3900 6217
525 334 646 395 348
937 341 1180 395 msPUT.
1209 342 1315 395 ΧΠ.
1353 342 1434 395 DE
1465 344 1882 397 NECESSITATE
1915 345 2079 397 me
2111 344 2437 407 QUATENUS
2470 344 2585 397 EST
2616 346 2857 399 nummi
2889 346 2973 398 AD
3004 346 3308 415 SALUKEM.

525 439 605 501 ad
625 439 933 520 justitiam
977 440 1338 519 sufficiente,
1366 461 1479 523 per
1529 444 1784 507 modum
1829 444 2087 524 disposi-
2164 444 2318 522 rius,
2355 444 2613 507 homilia
2644 447 2723 508 16
2745 447 2813 507 in
2838 444 3213 507 Ezechielem
3236 462 3257 522 3
3290 444 3691 529 Hieronymus,

523 536 742 611 tionis;
775 551 926 613 ergo
968 535 1044 596 de
1070 552 1136 597 se
1182 536 1322 599 talis
1365 536 1518 599 fides
1559 537 1810 614 sufficit,
1843 543 1907 599 et
1932 538 2087 600 alias
2166 538 2547 616 Ambrosius,
2572 546 2634 600 et
2652 540 2759 601 alii
2780 540 2989 601 Patres
3012 558 3197 619 super
3220 539 3387 599 dieta
3412 539 3539 601 loca
3566 540 3697 605 Pau·

528 647 658 689 non
685 634 925 691 constat
966 646 1044 689 ex
1072 630 1331 709 positiva
1359 631 1470 693 Dei
1506 630 1921 706 ordinatione,
1954 648 2089 692 ma-
2167 630 2235 692 li.
2270 632 2448 692 Ratio
2476 632 2777 694 sumenda
2802 639 2994 693 estex
3041 631 3431 694 ordinatione
3476 632 3694 711 divina;

524 722 725 801 jorem
766 722 874 783 Dei
899 720 1088 782 fidem
1117 722 1306 785 fuisse
1352 722 1460 786 illo
1488 732 1768 804 tempore
1816 724 2088 804 postula·-

529 820 701 889 tam3
733 832 882 894 ergo
909 814 1082 876 nullo
1101 816 1285 878 titulo
1311 823 1446 879 erat
1473 819 1674 897 major
1699 818 1852 879 fides
1878 834 2091 880 neces-

529 908 692 969 saria
712 914 1018 987 quantum
1038 909 1119 970 ad
1145 910 1278 988 ejus
1317 910 1686 989 dignitatem
1711 916 1968 991 spectat.
2056 974 2069 987 ,

614 1003 710 1062 12.
763 1000 998 1075 Quarta
1051 1005 1344 1066 assertio:
1385 1004 1536 1078 fides
1590 1003 1822 1069 Christi
1861 1020 2091 1081 semper

525 1096 654 1173 fuit
677 1096 1108 1159 necessariaad
1133 1097 1807 1161 salutm-Probatur
1831 1101 2093 1169 assertio

525 1190 724 1268 primo
755 1191 1134 1253 auctoritate.
1162 1220 1235 1237 —-
1261 1192 1490 1255 Deinde
1515 1191 1772 1257 ratione.
1793 1223 1876 1237 —
1901 1192 2094 1265 Quar-

530 1287 596 1343 to
625 1281 956 1343 dicendum
1003 1288 1094 1343 est
1127 1281 1352 1345 Christi
1391 1285 1663 1360 Domini,
1701 1302 1812 1347 seu
1862 1285 2097 1347 media-

531 1376 681 1437 toris
713 1374 925 1452 fidem,
972 1376 1160 1439 fuisse
1189 1377 1378 1439 etiam
1423 1378 1632 1458 aliquo
1679 1378 1862 1439 modo
1889 1396 2096 1441 neces-

531 1468 760 1531 sariam
787 1469 867 1533 ad
907 1466 1168 1531 salutem
1191 1472 1690 1550 omnitempore.
1725 1473 1866 1533 Haec
1902 1490 2099 1533 asser·

531 1564 622 1623 tio
658 1562 933 1625 absolute
960 1564 1267 1644 loquendo
1312 1570 1404 1625 est
1430 1565 1506 1626 de
1537 1564 1679 1636 fide,
1709 1572 1926 1627 contra
1941 1566 2099 1627 duos

534 1672 790 1717 errores.
831 1656 1000 1718 Unus
1025 1662 1156 1718 erat
1188 1657 1571 1734 Judaeorum‚
1601 1659 1710 1739 qui
1734 1678 1861 1721 non
1893 1658 2101 1721 erede·-

537 1748 689 1811 bant
761 1751 1046 1813 Messiam
1107 1752 1387 1813 futurum
1455 1770 1586 1815 esse
1643 1753 2100 1832 redemptorem

536 1843 913 1921 animarum,
962 1863 1076 1907 nec
1123 1852 1439 1909 auctorem
1489 1847 1822 1926 spiritualis
1861 1848 2097 1922 salutis,

537 1945 750 2001 contra
797 1939 950 2001 illud
985 1940 1254 2002 Danielis
1292 1959 1480 2015 nono,
1526 1942 1634 2003 ubi
1677 1942 1908 2003 dicitur
1954 1958 2103 2001 ven·

537 2039 752 2093 turum
795 2032 985 2099 fuisse
1015 2033 1350 2109 Christum,
1377 2040 1450 2099 ut
1473 2036 1742 2099 deleatur
1773 2035 2099 2115 iniquitas,

539 2134 600 2190 et
637 2132 956 2207 auferatur
999 2132 1330 2207 peccatum,
1379 2134 1434 2191 et
1473 2130 1811 2193 addaccatur
1838 2132 2104 2209 justitia

540 2220 908 2301 sempiterna
923 2246 950 2294 ,·
992 2226 1056 2283 et
1081 2226 1212 2283 tota
1237 2221 1552 2301 Scriptura
1581 2223 1644 2283 id
1671 2221 1920 2299 clamat,
1951 2242 2106 2303 prae-

541 2314 754 2375 sertim
823 2332 1054 2376 novum
1107 2319 1574 2390 testamentum,
1624 2321 1708 2391 et,
1745 2334 1823 2377 ex
1877 2316 2101 2391 veteri,

545 2408 954 2485 Psalmorum‚
999 2416 1063 2473 et
1109 2411 1280 2473 lsaiae
1326 2409 1490 2471 libri.
1543 2407 1719 2471 Alter
1763 2427 1937 2471 error
1986 2410 2105 2471 fuit

545 2501 1042 2580 Pelagianorum,
1089 2504 1200 2583 qui
1259 2502 1551 2565 dixerunt
1609 2502 1920 2565 Christum
1976 2521 2105 2564 non

545 2594 844 2674 profuisse
884 2596 1065 2674 justis
1090 2597 1200 2675 qui
1227 2614 1372 2657 eum
1414 2602 1882 2675 praecesserunt,
1911 2602 1981 2657 ut
2011 2614 2106 2659 re-

547 2688 669 2748 fert
695 2689 1106 2765 Augustinus,
1131 2688 1246 2749 lib.
1288 2691 1329 2751 2
1357 2690 1434 2749 de
1482 2690 1736 2750 Peccato
1789 2690 2103 2767 originali,

545 2803 678 2865 cap.
727 2786 830 2859 ⁹26,
865 2788 974 2865 qui
1028 2804 1202 2847 error
1229 2804 1308 2847 ex
1346 2804 1420 2847 eo
1463 2784 1780 2864 processit,
1805 2785 1976 2865 quod
2016 2784 2108 2845 illi

547 2879 817 2941 haeretici
849 2897 973 2940 non
1004 2883 1406 2957 agnoscentes
1426 2882 1748 2957 peccatum
1778 2876 2104 2955 originale,

548 2990 662 3033 nec
697 2991 908 3033 veram
957 2973 1223 3051 gratiam
1275 2978 1336 3033 et
1371 2971 1884 3049 redemptionem,
1931 2974 2110 3049 puta-

547 3065 700 3127 bant
721 3066 1029 3127 Christum
1055 3071 1298 3127 tantum
1320 3064 1476 3141 lege,
1507 3063 1788 3127 doctrina
1815 3067 1880 3124 et
1903 3080 2112 3125 exem-

549 3158 652 3237 plo
680 3160 820 3221 vitae
843 3158 1073 3238 juvisse
1097 3158 1412 3219 hominem
1439 3156 1518 3217 ad
1547 3156 1844 3229 salutem;
1880 3174 1959 3218 ex
1986 3174 2109 3235 quo

549 3257 760 3331 aperte
783 3252 1156 3330 sequebatur
1184 3250 1510 3329 praeteritis
1555 3248 1912 3311 hominibus
1949 3248 2111 3309 nihil

550 3345 834 3424 prodesse
888 3344 1182 3423 potuisse.
1237 3346 1466 3405 Contra
1510 3343 1622 3405 hos
1673 3360 1822 3421 ergo
1871 3360 2110 3403 errores

550 3436 850 3517 probatur
877 3438 1132 3497 assertio
1159 3436 1370 3499 exilio
1397 3438 1582 3511 Petri,
1613 3435 1818 3497 Actor.
1863 3435 1935 3495 4:
1966 3434 2114 3498 Nost

549 3536 642 3593 ast
693 3530 868 3591 aliud
915 3547 1124 3593 nomen
1185 3532 1389 3593 datum
1435 3529 1794 3601 hominibus,
1837 3528 1944 3591 sub
1999 3545 2113 3609 quo

549 3626 819 3703 oporteat
843 3640 950 3685 nos
973 3624 1174 3685 salvos
1207 3623 1348 3701 fieri
1363 3638 1384 3699 ;
1428 3630 1488 3681 et
1511 3622 1728 3702 primoe
1752 3622 2009 3683 Joannis
2039 3625 2065 3681 1
2098 3638 2113 3681 :

548 3718 839 3779 Mortuus
872 3721 963 3778 sst
983 3720 1233 3797 propter
1245 3721 1492 3795 peccata
1516 3720 1747 3786 nostra,
1785 3731 1902 3775 non
1919 3714 2113 3777 sobam

547 3814 748 3871 autem
763 3811 994 3881 nostra,
1012 3810 1117 3871 ssd
1131 3807 1314 3870 etiam
1332 3808 1516 3869 totius
1539 3808 1770 3869 mundi.
1786 3807 1957 3867 Idem
1974 3827 2113 3887 pro-

548 3902 760 3963 fitetur
779 3902 1000 3965 Paulus
1019 3902 1098 3963 ad
1117 3902 1296 3963 Rom.
1323 3902 1390 3963 3:
1409 3902 1463 3963 J
1459 3898 1760 3977 ustificati
1777 3900 1981 3979 qratis
2001 3918 2114 3981 per

548 3998 816 4079 qratiam
855 3996 1052 4077 ipsius
1077 4014 1190 4077 por
1219 3995 1700 4076 redemptionem,
1733 4011 1866 4075 qwoe
1911 4001 2003 4057 est
2045 3994 2114 4057 in

555 4089 796 4153 Christo
823 4091 996 4164 Jesn,
1027 4094 1090 4151 et
1113 4094 1556 4167 consequenter
1588 4087 1875 4167 adjungit
1906 4106 2016 4168 per
2040 4088 2113 4149 fi-

549 4183 694 4243 dem
721 4182 944 4244 Christi
964 4182 1274 4261 justitiam
1293 4180 1616 4261 applicari,
1653 4186 1716 4241 et
1742 4180 1907 4241 idem
1933 4180 2114 4241 docet

551 4295 685 4355 rap.
729 4278 790 4350 5,
834 4282 896 4337 et
925 4276 1003 4336 ad
1033 4274 1231 4337 Galat.
1264 4278 1328 4349 2,
1361 4278 1400 4337 3
1428 4281 1492 4335 et
1519 4278 1556 4336 4
1573 4290 1594 4351 3
1627 4274 1706 4335 ad
1733 4274 2115 4337 Colossenses

552 4373 615 4443 2,
637 4370 716 4431 ad
753 4369 1047 4449 Ephesios
1075 4371 1136 4444 3,
1167 4367 1326 4430 etad
1347 4367 1535 4429 Hebr.
1559 4368 1746 4431 9:121.
1763 4368 2115 4449 redemptio·

551 4482 708 4540 nem,
745 4464 858 4539 ait,
900 4480 1108 4526 aarum
1139 4463 1739 4543 proevarioationum‚
1771 4478 1904 4541 quoe
1937 4464 2113 4523 erant

551 4558 661 4621 sub
687 4559 892 4638 priori
918 4556 1319 4619 Testamenta
1362 4554 1490 4615 Hoc
1517 4554 1704 4613 etiam
1739 4552 1915 4615 docet
1955 4554 2113 4615 Con·

553 4650 764 4711 cilium
791 4649 1248 4721 Tridentinum,
1279 4665 1424 4708 sess.
1449 4649 1512 4721 5,
1543 4664 1682 4707 can.
1703 4648 1766 4722 3,
1799 4651 1859 4705 et
1879 4664 2023 4707 sess.
2049 4647 2113 4720 6,

553 4760 690 4821 cap.
717 4742 754 4802 6
781 4748 844 4801 et
873 4743 932 4801 7.
979 4742 1088 4803 Est
1125 4741 1314 4801 etiam
1341 4739 1700 4801 communis.
1729 4737 1981 4798 traditio
2005 4738 2117 4799 Pa-

553 4842 746 4909 trum,
779 4835 1113 4913 praesertim
1161 4833 1490 4912 Augustini
1519 4832 1586 4893 in
1624 4829 1774 4892 locis
1809 4829 2115 4909 allegatis,

553 4932 618 4989 et
641 4930 842 5008 primo
873 4933 1088 4989 contra
1109 4928 1270 4988 Duas
1303 4926 1588 5006 epistolas
1619 4925 2115 5003 Pelagianorum,

555 5041 692 5101 cap.
734 5025 836 5099 2¹,
883 5026 945 5083 et
987 5021 1098 5082 lib.
1143 5024 1208 5097 3,
1257 5039 1394 5100 cap.
1437 5022 1500 5095 4,
1543 5026 1606 5081 et
1633 5018 1745 5080 lib.
1782 5020 1860 5081 15
1905 5026 2121 5079 contra

555 5117 874 5193 Faustum,
927 5131 1058 5192 cap.
1102 5116 1204 5190 24,
1252 5120 1318 5175 et
1357 5112 1759 5192 sequentibus
1771 5126 1794 5188 3
1842 5109 2117 5184 Eusebii,

553 5210 663 5273 lib.
703 5214 732 5271 1
769 5208 1074 5283 Historias,
1103 5226 1236 5287 cap.
1286 5210 1343 5271 5.
1379 5207 1556 5269 Unde
1601 5205 1898 5284 ignatius,
1939 5203 2113 5282 epist.

556 5304 638 5365 ad
687 5301 1274 5382 philadelphienses:
1331 5298 1579 5375 Omnes,
1628 5297 1834 5377 inquit
1851 5342 1872 5373 ,
1921 5294 2121 5359 sancti

555 5397 844 5463 salvandi
863 5402 1008 5461 sunt
1027 5415 1136 5480 per
1178 5394 1510 5471 Christum,
1537 5395 1604 5458 in
1623 5394 1756 5475 ipso
1783 5396 2117 5473 sperantes,

558 5496 734 5576 atque
753 5489 954 5575 ipsum
980 5478 1316 5573 spa-‘taam
1330 5514 1358 5563 ;
1405 5488 1636 5551 similia
1666 5486 1856 5550 habet
1891 5486 2123 5566 Grego-

2169 743 2341 801 nam,
2373 727 2687 805 supposito
2714 731 2988 806 peccato,
3026 727 3245 787 statuit
3270 726 3561 787 redimere
3586 747 3700 791 om-

2171 837 2281 879 nes
2309 817 2593 879 homines
2620 837 2732 899 per
2772 819 3104 895 Christum,
3146 826 3211 880 et
3252 818 3393 879 ideo
3430 820 3494 879 in
3532 821 3701 883 hono-

2172 930 2304 973 rem
2340 913 2475 991 ejns
2502 912 2699 973 voluit
2728 912 3012 973 homines
3034 930 3160 973 non
3188 911 3439 987 salvari,
3475 914 3586 973 nisi
3612 934 3704 994 per

2174 1004 2362 1067 fidem
2388 1006 2711 1085 ipsiusmet
2740 1005 2991 1080 Christi,
3022 1022 3159 1085 qnae
3179 1004 3343 1065 ratio
3363 1004 3431 1065 in
3456 1012 3703 1085 sequenti

2174 1105 2347 1179 parte
2377 1099 2579 1177 magis
2596 1098 3026 1179 explicabitur.

2257 1195 2357 1253 13.
2394 1192 2609 1267 Qualis
2636 1194 2787 1270 fides
2820 1192 3051 1256 Christi
3076 1192 3273 1267 fuerit
3298 1196 3706 1259 necessaria.—

2176 1288 2403 1351 Prima
2422 1288 2741 1350 sententia.
2768 1318 2851 1333 —
2880 1287 3170 1365 Superest
3192 1286 3363 1346 enim
3392 1286 3547 1348 cirea
3570 1288 3708 1349 hanc

2178 1380 2577 1443 assertionem
2610 1378 2961 1454 difficultas,
2994 1396 3073 1439 au
3110 1377 3515 1456 intelligenda
3552 1382 3623 1441 sit
3645 1382 3709 1442 de

2178 1473 2301 1535 fide
2314 1473 2623 1551 explicita,
2643 1490 2723 1533 an
2744 1488 2893 1534 vero
2910 1472 3217 1552 implicita
3234 1473 3513 1535 sufficiat.
3533 1476 3709 1536 Prima

2180 1566 2486 1629 sententia
2509 1566 2777 1627 affirmat
2803 1565 3209 1627 necessariam
3238 1582 3373 1627 esse
3408 1571 3469 1627 et
3500 1586 3711 1648 semper

2179 1661 2367 1722 fuisse
2386 1660 2740 1739 explicitam
2768 1658 2958 1720 fidem
2992 1657 3245 1719 Christi.
3288 1660 3381 1720 lta
3406 1664 3569 1721 tenet
3588 1662 3712 1723 Cor·

2180 1754 2368 1830 duba,
2398 1756 2465 1815 in
2496 1753 2963 1829 QuaestionariO,
3000 1752 3111 1814 lib.
3150 1755 3213 1827 2,
3240 1758 3454 1832 quaest.
3480 1754 3539 1829 5,
3568 1755 3635 1817 ad
3657 1760 3707 1819 3.

2180 1851 2257 1909 Et
2280 1848 2527 1909 videtur
2572 1852 2737 1908 certe
2782 1846 2970 1908 fuisse
3002 1849 3381 1908 sententiam
3416 1845 3713 1926 Augustini

2179 1942 2331 2003 locis
2359 1940 2582 2014 citatis,
2618 1941 2955 2019 praesertim
3004 1958 3154 2001 vero
3202 1940 3474 2019 Epistola
3511 1942 3636 2017 109,
3662 1948 3713 2003 et

2184 2036 2262 2096 18
2290 2034 2367 2095 de
2388 2034 2669 2109 Civitate,
2694 2050 2828 2113 cap.
2880 2034 2981 2109 47,
3008 2031 3116 2092 ubi
3154 2032 3311 2093 dicit
3348 2036 3489 2094 ante
3522 2032 3712 2094 Christi

2182 2129 2519 2190 adventum
2532 2128 2721 2189 fuisse
2736 2128 2901 2188 inter
2915 2126 3213 2201 Gentiles,
3234 2126 3477 2207 aliquos
3494 2126 3591 2206 qui
3612 2128 3712 2188 Deo

2184 2223 2582 2303 placuerunt3
2604 2227 2667 2282 et
2693 2221 2865 2282 addit
2898 2220 3137 2281 nemini
3156 2237 3517 2281 eoncessum
3548 2219 3710 2281 fuisse

2186 2334 2319 2377 esse
2360 2316 2617 2393 justum,
2652 2315 2772 2375 nisi
2826 2315 2927 2375 eui
2960 2314 3265 2375 divinitus
3314 2306 3608 2374 revelatus
3640 2318 3713 2373 est

2184 2426 2349 2469 unus
2385 2407 2689 2469 mediator
2728 2408 2837 2469 Dei
2860 2415 2921 2469 et
2952 2408 3325 2482 hominum3
3356 2406 3516 2487 quod
3554 2408 3713 2466 etiam

2182 2503 2418 2564 indicat
2464 2502 2737 2580 [gnatius
2785 2502 2854 2561 in
2897 2500 3103 2563 verbis
3130 2500 3360 2573 citatiS,
3410 2503 3474 2559 et
3506 2498 3715 2558 videtur

2184 2595 2459 2677 profecto
2476 2594 2609 2656 haec
2624 2595 2928 2656 sententia
2950 2598 3369 2655 consentanea
3390 2592 3711 2671 Scripturis;

2189 2706 2337 2749 nam
2388 2688 2667 2749 absolute
2714 2687 3026 2767 postulant
3072 2686 3264 2749 fidem
3302 2684 3539 2746 Christi.
3567 2684 3715 2745 Fides

2186 2789 2397 2843 autem
2420 2788 2665 2841 tantum
2692 2780 2992 2860 implicita
3012 2797 3226 2841 revera
3250 2797 3379 2839 non
3398 2785 3487 2839 est
3506 2778 3715 2856 propria

2186 2876 2341 2937 fides
2368 2874 2614 2949 Christi,
2644 2874 2751 2935 sed
2773 2873 3027 2935 alterius
3050 2872 3277 2951 objecti
3290 2888 3311 2947 3
3341 2877 3405 2933 et
3430 2876 3714 2950 propterea

2190 2969 2332 3030 siin
2362 2968 2479 3028 hoc
2504 2968 2766 3029 articulo
2786 2968 2999 3028 liceret
3032 2966 3345 3046 explicare
3376 2966 3713 3043 Scripturam

2190 3061 2267 3123 de
2302 3061 2430 3123 sola
2470 3059 2591 3121 fide
2636 3060 2955 3139 implicita,
2996 3060 3214 3121 eadem
3241 3059 3481 3119 ratione
3508 3057 3569 3117 id
3606 3055 3715 3115 fieri

2189 3161 2393 3235 posset
2437 3155 2515 3217 de
2556 3154 2679 3215 fide
2730 3156 2916 3216 totius
2966 3154 3194 3233 objecti
3246 3149 3711 3232 supernaturalis,

2190 3250 2354 3329 quod
2378 3258 2471 3311 est
2496 3255 2710 3319 eontra
2738 3266 2975 3311 omnes.
3004 3248 3237 3309 Deinde
3268 3246 3602 3328 specialiter
3626 3244 3717 3303 hoc

2191 3344 2500 3405 indicatur
2525 3342 2815 3405 Hahacuc
2838 3345 2903 3417 2,
2926 3342 3006 3403 de
3032 3340 3311 3402 Christo:
3337 3337 3647 3421 Apparebit
3664 3336 3716 3397 in

2190 3439 2396 3515 fiuent,
2433 3442 2493 3500 et
2519 3454 2638 3498 non
2659 3436 3023 3508 mmietm·;
3057 3435 3379 3497 simorum
3404 3431 3616 3511 seim-it,
3638 3446 3716 3491 es·-

2182 3536 2363 3612 pscta
2386 3548 2519 3593 eum
2536 3557 2562 3604 ‚·
2584 3536 2646 3591 et
2669 3530 2865 3590 infra:
2897 3529 3013 3603 Qui
3030 3528 3381 3591 incredtdws
3398 3530 3506 3599 est,
3521 3540 3625 3586 non
3646 3527 3717 3584 est
3819 3546 3820 3549 ¹

2193 3629 2363 3687 recta
2405 3625 2613 3686 anima
2636 3625 2767 3697 eius
2781 3647 2808 3694 ‚·
2838 3630 2899 3684 et
2928 3622 3245 3702 adjungit:
3307 3624 3527 3685 Justus
3552 3621 3717 3680 aretem

2192 3736 2362 3780 meus
2390 3734 2463 3780 em
2498 3717 2619 3798 fids
2636 3717 2831 3789 vivit;
2858 3734 2935 3777 ex
2966 3734 3092 3796 quo
3124 3720 3421 3777 contextu
3446 3711 3716 3788 colligitur
3819 3714 3820 3719 ’

2192 3810 2363 3889 loqui
2406 3809 2794 3889 prophetam,
2832 3826 2941 3869 seu
2989 3808 3193 3888 potius
3236 3808 3455 3881 Deum,
3509 3804 3578 3865 de
3619 3802 3716 3861 fide
3819 3816 3820 3819 ’

2194 3904 2446 3983 propria
2474 3902 2719 3978 Christi,
2742 3902 3113 3982 opponendo
3144 3901 3317 3961 illam
3348 3893 3715 3959 incredulitati

2194 3998 2271 4059 de
2298 3998 2567 4059 adventu
2598 3998 2733 4073 ejus
2748 4012 2768 4073 3
2796 4002 2857 4055 et
2884 3996 2971 4056 ita
2998 3994 3243 4055 videtur
3270 4008 3567 4071 exponere
3592 3988 3716 4049 Pau-

2193 4091 2287 4151 lus
2326 4090 2401 4151 ad
2457 4088 2751 4150 Hebraeos
2782 4090 2895 4163 103
2934 4093 2999 4149 et
3034 4087 3224 4155 idem,
3278 4086 3360 4147 ad
3404 4086 3637 4146 Roman.
3666 4082 3711 4151 1,

2194 4184 2391 4245 citans
2414 4182 2704 4243 eumdem
2728 4181 2862 4242 locu
2872 4198 2957 4257 m,
2988 4182 3156 4250 dicit.
3176 4180 3495 4261 ,iustitiam
3511 4190 3717 4258 procos·
3819 4192 3820 4195 ’

2192 4278 2349 4340 sisse
2376 4294 2450 4339 em
2471 4276 2591 4351 fide
2620 4277 2689 4337 in
2710 4276 2912 4355 fidem,
2946 4275 3009 4335 id
3034 4280 3151 4351 est,
3178 4292 3257 4335 ex
3280 4273 3403 4334 fide
3418 4268 3641 4332 venturi
3664 4266 3713 4323 in

2192 4370 2381 4429 fidem
2421 4368 2760 4448 praesentis.
2817 4368 2907 4429 Ac
2932 4367 3204 4445 denique
3250 4365 3523 4428 Christus
3548 4358 3716 4420 Domi-

2192 4480 2311 4523 nus
2348 4460 2669 4540 aequaliter
2690 4461 2881 4524 dixit:
2931 4460 3090 4523 Hoeo
3138 4465 3231 4522 est
3258 4458 3392 4523 vita
3415 4462 3634 4522 aeterna,
3658 4454 3715 4510 Μ

2197 4558 2559 4635 coquoscant
2584 4558 2643 4615 te
2664 4553 2859 4615 solum
2888 4554 3083 4615 Deum
3109 4570 3340 4626 verunt,
3370 4556 3425 4614 et
3446 4564 3603 4629 qum
3620 4542 3715 4603 mi·

2196 4648 2343 4711 sisti
2369 4648 2581 4710 Jesum
2614 4645 2948 4710 Christum.
2978 4645 3158 4707 Ratio
3178 4645 3368 4706 etiam
3392 4658 3563 4721 supra
3582 4636 3713 4697 facta

2198 4740 2317 4802 hoc
2342 4739 2599 4801 suadere
2628 4738 2897 4812 videtur,
2921 4738 3066 4818 quia
3096 4754 3225 4799 non
3249 4743 3445 4817 potest
3464 4726 3713 4793 honorari

2200 4834 2499 4909 Christus,
2542 4832 2663 4893 nisi
2696 4832 2981 4913 explicite
3022 4837 3086 4893 et
3120 4832 3190 4893 in
3220 4848 3289 4893 se
3326 4830 3527 4910 aliquo
3564 4820 3711 4884 modo

2200 4932 2607 5005 cognoscatur
2635 4932 2697 4986 et
2726 4926 3033 4987 credatur.

2281 5021 2379 5081 14.
2430 5018 2715 5082 Secunda
2729 5020 3051 5083 sententia.
3064 5050 3146 5067 -·
3158 5016 3557 5081 Nihilominus
3576 5024 3710 5073 com-

2200 5112 2409 5175 munis
2450 5111 2899 5185 sententiaest,
2928 5112 3117 5173 fuisse
3145 5111 3253 5173 illo
3276 5118 3536 5189 tempore
3572 5100 3709 5165 suffi-

2200 5207 2465 5268 cientem
2498 5206 2689 5267 iidem
2730 5205 3103 5285 implicitam
3124 5206 3349 5267 Christi
3378 5194 3702 5265 mediatoris.

2200 5302 2293 5362 Ita
2339 5298 2613 5361 sentiunt
2652 5298 2949 5377 Theologi
2992 5316 3135 5359 cum
3186 5300 3489 5378 Magistro,
3526 5294 3585 5353 in
3610 5295 3703 5347 ter·

2200 5394 2311 5471 tio,
2343 5390 2612 5453 distinct.
2670 5391 2907 5465 2531).
2934 5390 3227 5465 Thomas,
3262 5388 3419 5451 dicta
3438 5392 3626 5466 quast.
3652 5380 3701 5451 2,

2198 5493 2321 5549 art.
2351 5489 2428 5563 73
2476 5483 2743 5561 Alensis,
2772 5485 2813 5544 3
2842 5490 3038 5565 parte,
3068 5489 3283 5565 quaest.
3312 5484 3411 5559 69,
3444 5479 3580 5541 alias
3614 5473 3698 5544 82,
