3900 6217
567 504 730 558 SECT.
759 504 840 556 lv,
879 503 956 554 AN
989 501 1286 555 ‘ramme
1319 497 1439 552 NON
1471 498 1728 551 semen
1762 499 1859 552 SIT
1893 495 2295 552 mandamus
2328 497 2572 550 REGULA
2606 499 2784 553 nott.

3154 493 3259 556 {51

175 607 461 682 necessaria,
489 606 628 685 quia
655 605 915 684 ipsamet
947 603 1281 683 Scriptura,
1311 607 1383 665 ut
1410 601 1490 664 sit
1517 617 1634 662 33-
1711 617 1861 660 nam
1891 617 1969 661 ex
1996 597 2095 661 his
2115 599 2295 660 facile
2325 603 2581 677 possunt
2606 597 2729 659 alia
2767 598 3019 661 retineri
3058 599 3123 661 in
3156 599 3265 663 Ec-

173 703 400 776 theutica,
424 697 592 760 debet
633 715 758 759 3333
795 696 1127 759 traditione
1153 695 1439 774 firmata3
1483 710 1630 756 nam

1712 692 1917 771 clesia,
1945 711 2085 773 quoe
2128 691 2205 754 ad
2236 689 2423 753 iidem
2456 693 2799 771 pertinent3
2840 700 2903 754 et
2930 693 3045 755 hoc
3070 695 3261 756 maxi·
3341 751 3351 762 ,

169 797 356 878 ipsimet
389 789 640 854 baeretici
683 801 792 871 pro
838 792 1005 853 certo
1057 789 1316 851 credunt
1368 795 1634 869 quatuor
1710 805 1811 848 me
1855 803 2075 849 verum
2128 785 2319 847 habet
2369 787 2435 846 in
2476 786 2611 864 lege
2664 787 3041 865 evangelica,
3085 795 3148 850 et
3197 789 3263 850 in

169 887 428 967 Evangelia
451 901 569 946 3333
609 883 926 960 canonica,
957 889 1021 945 et
1056 902 1184 944 non
1219 883 1422 963 plura.
1453 881 1630 943 Unde

167 999 276 1061 ergo
296 979 344 1039 id
369 977 595 1039 credere
623 981 878 1057 possunt
903 977 1024 1038 nisi
1068 977 1438 1039 traditione?
1472 976 1629 1036 Nam

167 1079 216 1137 in
235 1075 348 1154 ipsis
369 1069 681 1150 evangeliis
695 1071 812 1132 hoc
833 1071 1130 1154 scriptum
1151 1089 1279 1132 non
1305 1077 1415 1148 est,
1441 1075 1503 1132 et
1523 1069 1630 1132 (13·

165 1165 466 1230 finitionibus
507 1163 786 1225 Ecclesiae
829 1163 949 1246 ipsi
1003 1183 1135 1226 non
1198 1165 1493 1240 eredunt,
1564 1169 1628 1225 et

163 1259 380 1340 quamvis
402 1257 727 1334 crederent,
757 1259 890 1338 ipsa
919 1257 1182 1321 Ecclesia
1211 1257 1290 1320 ad
1324 1257 1441 1320 hoc
1477 1256 1628 1318 defi·

161 1351 386 1414 niendum
413 1349 730 1411 traditione
756 1347 1026 1426 ducitur3
1051 1369 1198 1434 ergo
1224 1351 1333 1432 qui
1353 1351 1627 1430 Scriptu-

159 1449 218 1508 ris
256 1443 439 1518 credit,
487 1461 610 1504 non
659 1448 859 1523 potest
913 1463 1144 1523 negare
1199 1445 1626 1520 traditionem,

159 1541 283 1618 juxta
307 1535 436 1597 illud
468 1537 796 1614 Augustini
845 1555 1032 1617 supra
1081 1538 1373 1600 citatum:
1420 1537 1630 1601 Evan-

166 1633 268 1710 91110
290 1647 385 1692 son
407 1629 705 1706 crederem,
733 1635 853 1691 etc.
885 1631 963 1692 Et
990 1629 1185 1692 videri
1217 1637 1416 1710 potest
1443 1631 1628 1693 Eusc-

167 1725 271 1798 bins,
291 1723 378 1783 lib.
423 1723 460 1783 6
499 1721 752 1798 Hister„
790 1741 925 1805 cap.
963 1727 1062 1786 10.
1095 1725 1370 1806 Denique
1398 1731 1489 1787 est
1519 1744 1628 1787 ne·

165 1817 346 1878 cessaria
387 1815 618 1877 traditio
680 1815 761 1878 ad
833 1825 1066 1880 certam
1143 1817 1627 1896 intelligentiam

165 1911 556 1988 seripturarum3
599 1927 751 1970 nam
781 1909 888 1972 1113
930 1929 1144 1973 sensus
1192 1913 1418 1974 certior
1465 1930 1624 1974 sem·

157 2021 234 2082 per
252 2007 337 2076 est,
362 2001 457 2080 qui
481 2017 554 2062 ex
575 2001 916 2064 traditione
945 2005 1199 2066 Patrum
1228 2005 1494 2068 habetur
1503 2021 1524 2084 3
1550 2005 1626 2066 de

155 2114 240 2171 quo
281 2094 441 2154 videri
487 2101 685 2174 potest
735 2095 1151 2178 Hieronymus
1173 2147 1188 2172 ‚
1237 2099 1303 2160 in
1355 2117 1489 2178 cap.
1546 2099 1629 2160 44

151 2189 332 2263 11130114
357 2193 409 2248 et
433 2189 831 2266 Augustinus,
863 2189 1029 2252 dicta
1071 2193 1245 2272 epist.
1277 2193 1316 2254 3
1327 2209 1348 2271 3
1383 2199 1446 2254 et
1482 2193 1624 2255 Ber-

151 2279 336 2346 nardus,
361 2279 426 2340 ad
453 2281 688 2341 Fratres
719 2281 799 2343 de
825 2283 1034 2345 Monte
1063 2285 1193 2346 Dei.

209 2375 278 2434 10.
313 2373 446 2435 Item
477 2376 709 2438 ratione
738 2393 779 2439 a
801 2379 1024 2456 priori.
1048 2411 1130 2425 —
1151 2377 1476 2456 Responsio
1501 2377 1620 2440 lcoe·

154 2470 387 2528 remorum
415 2467 852 2546 adproximant
887 2471 1180 2533 rationem
1207 2471 1620 2546 refellitur.—

155 2559 276 2620 Ratio
295 2559 526 2640 denique
547 2579 584 2620 a
607 2561 806 2640 priori
829 2567 943 2636 est,
971 2563 1117 2641 quia
1143 2563 1300 2623 ratio
1327 2561 1618 2624 credendi

151 2659 212 2710 est
233 2650 437 2712 verbum
461 2651 600 2726 Dei3
633 2671 792 2732 ergo
837 2653 1003 2732 quod
1031 2655 1109 2715 sit
1138 2655 1458 2735 scriptum,
1491 2674 1618 2718 non

147 2745 306 2820 variat,
329 2761 500 2822 neque
532 2745 769 2807 minuit
813 2748 948 2825 ejus
989 2751 1440 2824 auctoritatem,
1471 2749 1619 2828 quia

147 2838 219 2898 hae
259 2837 588 2898 conditiones
643 2839 1007 2902 extrinsecas
1064 2849 1125 2902 et
1187 2841 1618 2903 accidentariae

155 2937 274 3004 sunt,
293 2939 344 2990 ut
363 2937 618 3008 constat·
651 2933 766 2992 sed
815 2931 1070 2995 traditio
1124 2934 1409 2995 Ecclesiae
1455 2933 1622 2996 suffi-

159 3025 324 3083 cienter
345 3025 603 3104 proponit
643 3025 914 3087 verbum
957 3027 1064 3087 Dei
1107 3046 1232 3088 non
1277 3029 1618 3107 scriptnm3

159 3134 262 3178 erro
283 3134 377 3178 non
413 3125 496 3179 est
547 3117 767 3179 minus
811 3119 1028 3199 regula
1073 3120 1385 3196 credendi,
1433 3139 1620 3200 quam

151 3207 251 3268 libri
272 3211 352 3288 qui
371 3211 681 3272 continent
709 3211 970 3274 verbum
992 3216 1312 3293 scriptum.
1347 3213 1618 3294 Respon-

147 3299 252 3360 dent
283 3301 534 3380 1113131131,
593 3323 820 3366 verum
881 3305 1131 3385 quidem
1187 3325 1315 3366 esse
1362 3305 1618 3366 verbum

145 3394 235 3468 Dei,
253 3397 292 3454 si
309 3397 533 3458 daretur
560 3416 694 3458 non
727 3399 1047 3478 scriptum,
1081 3399 1356 3460 sufficere
1385 3399 1461 3459 ad
1487 3417 1615 3460 cre-

144 3485 340 3548 dendum
357 3512 372 3563 3
389 3490 616 3552 nullum
645 3497 863 3552 tamen
895 3510 1022 3552 esse
1043 3492 1167 3552 tale
1189 3491 1468 3552 verbum.
1494 3493 1612 3554 Sed

141 3587 312 3656 contra,
333 3581 462 3660 quia
484 3584 596 3663 ipsi
625 3583 750 3644 hoc
790 3583 981 3662 gratis
1021 3583 1333 3644 affirmant
1375 3591 1436 3644 et
1483 3585 1614 3646 sine

141 3669 492 3748 fundament03
539 3693 697 3736 nam
745 3675 1059 3755 Scriptura
1095 3693 1419 3754 nunquam
1457 3675 1615 3736 dixit

141 3763 318 3824 nullum
341 3783 456 3827 esse
483 3767 751 3828 verbum
783 3769 890 3829 Dei
914 3768 980 3828 in
1005 3767 1295 3842 Ecclesia,
1335 3767 1500 3847 quod
1547 3770 1614 3829 iu

139 3855 232 3934 ipss
253 3875 356 3919 non
378 3860 451 3921 sit
480 3861 822 3941 scriptum3
853 3863 904 3922 si
935 3879 1082 3941 ergo
1111 3861 1383 3924 haeretici
1415 3861 1616 3924 solum

141 3951 331 4011 credunt
365 3953 728 4033 scripturis,
769 3970 882 4015 cur
925 3953 990 4015 id
1033 3954 1328 4015 credunt?
1383 3953 1616 4017 Deinde

145 4057 222 4100 nos
237 4043 558 4120 proferimus
583 4047 812 4123 multa,
837 4065 975 4127 quas
1002 4049 1338 4108 creduntur
1363 4045 1439 4108 de
1468 4047 1612 4123 fide,

147 4129 242 4194 livet
259 4155 358 4197 nou
392 4138 511 4200 sint
547 4139 804 4220 scripta,
835 4145 906 4200 ut
949 4139 1104 4200 illud
1144 4140 1309 4220 quod
1349 4139 1619 4202 diximus

151 4225 202 4284 de
227 4247 434 4292 numero
471 4233 1002 4312 Evangeliorum3
1032 4233 1182 4296 item
1229 4235 1393 4315 quod
1429 4235 1617 4296 Beata

151 4317 278 4381 Maria
322 4343 545 4404 semper
594 4327 776 4404 virgo
803 4320 1256 4406 ‘permanserit,
1309 4329 1408 4390 vel
1448 4329 1614 4409 quod

147 4427 380 4492 nunquam
405 4418 728 4480 venialiter
753 4421 1117 4499 peccaverit,
1149 4439 1276 4481 non
1322 4429 1468 4482 sunt
1513 4441 1617 4482 ex-

141 4521 283 4580 presse
321 4511 528 4590 scripta
569 4513 639 4573 in
690 4512 1052 4592 Evangelio,
1080 4521 1142 4575 et
1186 4521 1397 4577 tamen
1451 4521 1620 4578 certa

139 4596 223 4657 fide
243 4603 574 4682 creduntur3
600 4605 758 4668 item
789 4606 953 4686 quod
983 4607 1249 4669 infantes
1281 4614 1443 4670 recte
1470 4609 1618 4690 bap-

141 4689 352 4768 tizentur,
379 4703 434 4756 et
459 4697 584 4759 alia
609 4699 811 4760 multa
834 4699 910 4760 de
933 4701 1359 4777 sacramentis,
1386 4701 1462 4763 de
1503 4721 1618 4764 usu

139 4781 430 4864 imaginum,
471 4797 532 4852 et
581 4811 632 4852 s:
613 4791 920 4853 milibus·
901 4838 923 4869 ,
970 4792 1135 4871 quod
1190 4795 1386 4873 magis
1427 4795 1617 4856 etiam

137 4877 371 4939 constabit
393 4899 464 4942 ex
494 4888 1007 4964 argumentorum
1035 4885 1470 4947 solutionibus,

197 4971 270 5027 ll.
307 4970 398 5034 Aa
411 4978 672 5052 primum
696 4979 1151 5055 fundamentum
1179 4979 1246 5040 in
1271 4997 1439 5041 num.
1472 4983 1619 5042 2.-

139 5059 352 5126 Primum
391 5073 516 5130 erat
561 5069 640 5131 de
703 5069 1069 5133 sufficientia
1115 5071 1464 5152 Scriptum.
1521 5071 1616 5135 Ad

141 5155 264 5228 quod
305 5163 719 5240 respondemus
769 5181 896 5226 non
961 5183 1091 5226 esse
1139 5165 1216 5226 de
1262 5167 1618 5229 necessitate

143 5245 403 5328 Scnpturae
454 5273 666 5334 sacras,
725 5275 842 5318 nec
888 5257 967 5319 (13
1025 5257 1396 5338 perfectione
1443 5260 1615 5338 ejus,

141 5341 266 5414 quod
307 5361 495 5408 omma
563 5347 862 5411 credenda
915 5352 1224 5412 contineat
1285 5350 1616 5432 explicite3

143 5433 252 5492 satis
271 5443 346 5496 est
368 5441 522 5501 enim
550 5443 714 5521 quod
738 5443 1052 5505 contineat
1077 5443 1372 5524 mysteria
1395 5450 1620 5506 nostras

143 5523 522 5607 redemptionis
551 5541 612 5594 et
636 5535 1060 5597 substantialia
1083 5537 1488 5598 mndamenta
1509 5537 1622 5598 Ec-

145 5613 314 5695 closis,
354 5641 481 5685 cum
527 5625 742 5689 mediis
787 5629 1144 5690 necessariis
1186 5629 1266 5690 ad
1312 5629 1618 5692 salutem·
1599 5675 1618 5706 ,

1709 882 2015 960 scriptura
2056 881 2203 941 novi
2246 880 2647 940 Testamenti.
2692 879 2847 941 Nam
2882 881 3015 942 hoec
3048 882 3173 956 lex,
3197 891 3267 944 ut

1705 975 1858 1052 jam,
1885 973 2043 1054 disp.
2084 973 2147 1049 4,
2178 979 2323 1034 sect.
2360 976 2420 1049 1,
2452 991 2515 1033 n.
2547 975 2609 1048 7,
2639 973 3027 1048 adduximus,
3062 993 3172 1054 per
3202 993 3267 1037 se

1707 1084 1836 1128 non
1875 1065 2144 1146 postulat
2186 1069 2255 1125 ut
2296 1065 2376 1126 sit
2410 1065 2640 1144 scripta
2671 1067 2736 1128 in
2777 1067 3025 1143 tabulis,
3068 1067 3171 1128 sed
3199 1068 3265 1130 in

1708 1158 1987 1221 cordibus
2013 1184 2040 1230 ,·
2090 1159 2179 1220 ita
2215 1157 2383 1218 enim
2429 1159 2729 1238 promissa
2762 1159 2965 1220 fuerat
2989 1160 3116 1221 Jer.
3162 1161 3263 1236 31,

1707 1256 1770 1312 et
1797 1250 2098 1329 ponderat
2136 1250 2383 1326 Paulus,
2423 1250 2501 1311 ad
2540 1251 2695 1312 Heb.
2742 1253 2783 1314 8
2808 1258 2872 1313 et
2906 1256 2981 1313 10
2990 1267 3011 1330 3
3038 1262 3100 1313 et
3128 1252 3267 1314 ideo

1709 1345 2012 1423 scriptura
2038 1345 2185 1404 novi
2221 1345 2600 1405 Testamenti
2640 1346 2885 1406 concisa
2911 1353 3001 1407 est
3041 1353 3104 1407 et
3130 1347 3267 1407 bre-

1707 1435 1824 1510 vis,
1861 1436 2031 1499 unde
2074 1456 2111 1497 a
2140 1437 2423 1498 Patribus
2451 1443 2705 1498 vocatur
2734 1455 2751 1500 z
2795 1437 3042 1504 Verbum
3067 1440 3267 1502 abbre-

1709 1529 1966 1607 viatum,
1995 1529 2139 1610 quia
2163 1547 2289 1590 non
2318 1535 2409 1590 est
2435 1548 2547 1610 per
2570 1548 2634 1592 se
2662 1529 2806 1592 data
2847 1537 2917 1591 ut
2953 1532 3269 1593 contineat

1709 1637 1993 1702 expresse
2015 1624 2227 1684 omnia
2253 1623 2594 1700 credenda,
2622 1623 2730 1686 sed
2760 1626 3068 1705 praecipua
3100 1643 3267 1706 mys·

1706 1717 1887 1790 teria,
1913 1721 1984 1775 ut
2010 1715 2164 1790 dixi,
2196 1721 2260 1776 et
2287 1721 2359 1776 ut
2396 1716 2504 1778 det
2533 1717 2831 1798 principia
2856 1718 3144 1780 credendi
3174 1737 3268 1780 re-

1707 1807 1898 1887 liqua,
1922 1815 1983 1870 et
2006 1825 2181 1870 arma
2208 1813 2425 1869 contra
2440 1809 2780 1872 haereticos,
2809 1811 3059 1872 Addunt
3076 1814 3263 1874 etiam

1706 1900 2037 1980 Dionysius
2088 1907 2151 1962 et
2190 1903 2457 1964 irenaeus
2500 1902 2769 1964 noluisse
2816 1905 3007 1965 Deum
3054 1905 3265 1967 omnia

1706 1993 1914 2068 scribi,
1957 2000 2025 2055 ut
2048 1994 2289 2075 reliqua
2344 1997 2641 2076 mysteria
2685 1997 3021 2058 occultiora
3052 2016 3263 2062 mane·

1706 2094 1868 2160 rent,
1900 2086 2001 2149 vel
2027 2095 2191 2149 certe
2208 2089 2286 2149 ad
2310 2091 2673 2151 exercitium
2704 2090 2871 2164 fidei,
2896 2097 2959 2152 et
2986 2092 3064 2152 3(1
3099 2111 3265 2155 com·

1706 2179 2123 2242 mendandam
2151 2181 2381 2244 dictam
2420 2183 2862 2264 perfectionem
2890 2185 3261 2264 evangelicas

1703 2273 1880 2354 legia.

1783 2369 1880 2429 12.
1927 2368 2033 2431 Aa
2062 2371 2377 2432 secundum
2418 2369 2654 2433 ibidem.
2678 2403 2759 2418 —
2780 2372 2887 2434 Aa
2903 2373 3264 2434 tertium.—

1699 2459 2049 2524 Secundum
2097 2469 2533 2540 argumentum
2585 2465 2944 2526 sumebatur
2971 2483 3047 2526 ex
3094 2467 3261 2527 testi-

1699 2555 1927 2615 moniis
1955 2573 2093 2634 quoe
2136 2557 2460 2636 prohibent
2483 2555 2708 2618 addere
2740 2557 2972 2636 aliquid
2992 2559 3262 2638 Scriptu-

1698 2647 1802 2720 ris,
1835 2664 2101 2727 quorum
2132 2649 2415 2732 proprius
2438 2667 2649 2710 sensus
2678 2658 2790 2727 est,
2815 2651 3126 2730 prohiberi
3157 2653 3261 2713 ad-

1697 2739 1963 2800 ditiones
1988 2748 2451 2820 corrumpentes
2478 2743 2845 2822 Scripturas,
2878 2745 2975 2805 vel
3016 2751 3261 2806 mutan·

1701 2838 1792 2893 tes
1826 2851 2043 2896 verum
2097 2853 2345 2895 sensum
2384 2853 2622 2911 earum,
2658 2837 2867 2916 quales
2909 2838 3056 2899 olim
3086 2845 3265 2900 erant

1704 2926 2066 2988 traditiones
2114 2928 2588 3006 Pharisaeorum,
2632 2947 2785 3008 quas
2834 2929 3106 2991 Christus
3146 2931 3260 2993 Do·

1703 3019 1949 3094 minue,
1996 3022 2167 3082 Matt.
2219 3024 2331 3095 45,
2390 3024 2773 3101 perstringit.
2833 3025 3071 3085 Addere
3120 3043 3260 3087 vero

1704 3129 2026 3192 possumus
2056 3113 2367 3194 prohiberi
2396 3119 2581 3176 etiam
2612 3118 2838 3196 apponi
2882 3117 3090 3196 aliquo
3140 3120 3260 3199 spi·

1700 3207 1830 3266 ritu
1863 3207 2109 3284 proprio
2160 3211 2223 3268 et
2274 3207 2571 3268 humano.
2618 3209 3001 3270 Traditiones
3051 3216 3257 3271 antem

1700 3317 1828 3360 non
1855 3301 2117 3378 scriptae,
2160 3301 2238 3362 de
2278 3302 2499 3381 quibus
2526 3309 2861 3364 tractamus
2881 3353 2899 3378 ,
2932 3305 3091 3365 (13113
3118 3311 3260 3366 suut

1699 3392 1779 3454 ab
1807 3393 2041 3472 Spiritu
2072 3395 2316 3456 Sancto.
2347 3397 2421 3456 Et
2465 3397 2650 3458 simili
2688 3397 2869 3457 modo
2924 3404 3123 3477 potest
3147 3399 3256 3460 Ec·

1695 3484 1900 3559 clesia,
1933 3504 2073 3566 quae
2122 3487 2201 3547 ab
2248 3488 2481 3566 Spiritu
2522 3491 2743 3551 Sancto
2773 3491 3012 3570 regitur
3035 3537 3050 3552 .
3097 3493 3257 3572 adji-

1695 3595 1828 3640 cere
1857 3580 2158 3641 servanda
2184 3597 2222 3640 a
2248 3580 2554 3656 fidelibus,
2591 3589 2661 3644 ut
2698 3584 2765 3643 in
2792 3588 2976 3644 tract.
3006 3585 3082 3645 de
3109 3585 3255 3663 Leg.

1695 3672 2101 3748 ostendimus,
2129 3673 2237 3736 lib.
2273 3677 2334 3749 4,
2362 3693 2400 3735 3
2430 3675 2622 3753 princ.
2652 3677 2800 3738 Haec
2828 3695 2975 3738 vero
2999 3685 3060 3739 et
3087 3679 3256 3740 simi·

1695 3765 1781 3826 lia
1817 3784 1944 3826 non
1982 3765 2299 3827 adduntur
2333 3769 2661 3848 scripturis
2691 3815 2711 3846 ,
2758 3778 2827 3830 ut
2878 3771 3034 3832 fiant
3083 3773 3257 3852 quasi

1696 3865 1900 3938 partes
1929 3859 2063 3938 ejus
2094 3860 2281 3938 (quod
2318 3867 2513 3939 potest
2552 3861 2742 3922 etiam
2780 3864 3015 3924 censeri
3048 3865 3256 3942 prohi-

1695 3952 1942 4029 bitum),
1972 3953 2073 4014 sed
2096 3953 2411 4015 adduntur
2438 3961 2508 4015 ut
2534 3956 2840 4016 credenda
2868 3962 2930 4017 et
2956 3958 3265 4020 servanda

1697 4064 1738 4106 a
1764 4045 2073 4120 fidelibus,
2099 4046 2263 4108 ultra
2292 4067 2366 4108 33
2401 4065 2538 4128 quae
2588 4049 2812 4128 scripta
2855 4055 3000 4110 sunt
3020 4095 3040 4126 ,
3093 4050 3259 4129 quod

1697 4139 1917 4200 nullibi
1937 4145 2028 4200 est
2048 4139 2449 4219 prohibitum.
2477 4143 2553 4202 Et
2574 4143 2659 4204 ita
2688 4159 3043 4221 responsum
3064 4149 3155 4204 est
3180 4143 3259 4204 ad

1696 4232 1946 4294 tertium
1996 4233 2183 4293 etiam
2225 4242 2661 4314 argumentum
2686 4251 2706 4312 3
2748 4252 2894 4297 nam
2946 4237 3259 4315 Scriptura

1695 4325 1985 4404 reprobat
2020 4328 2380 4389 traditiones
2418 4329 2725 4389 humanas
2772 4331 3108 4389 contrarias
3156 4329 3254 4390 di·

1699 4420 1884 4494 viniS,
1931 4420 2028 4481 vel
2068 4427 2250 4482 rectae
2290 4420 2550 4498 rationi3
2588 4439 2713 4481 non
2754 4439 2901 4481 vero
2944 4422 3252 4502 reprobat.

1697 4511 1827 4572 imo
1872 4514 2171 4592 approbat
2210 4513 2519 4594 legitimas
2559 4514 2959 4591 traditiones,
2992 4519 3062 4575 ut
3112 4516 3258 4580 satis

1697 4611 2012 4667 ostensum
2050 4613 2157 4668 est.

1781 4701 1877 4761 13.
1921 4700 2029 4762 Διί
2058 4705 2542 4781 quartum—Ad
2574 4710 2889 4784 quartum,
2922 4705 2998 4766 de
3026 4705 3247 4766 incom-

1701 4793 1898 4853 modis
1941 4793 2040 4854 1131
2069 4794 2353 4874 peri-culis
2382 4797 2810 4874 traditionum,
2855 4799 3114 4859 dicimus
3144 4800 3259 4860 im·

1701 4885 1940 4964 primi8‚
1984 4889 2037 4947 si
2078 4887 2343 4949 Ecclesia
2392 4889 2764 4952 destituatur
2793 4893 3095 4970 regimine
3124 4892 3260 4970 Spi-

1699 4980 1858 5040 ritus
1891 4979 2124 5054 Sancti,
2154 4979 2370 5041 eadem
2424 4981 2521 5042 vel
2562 4985 2798 5062 majora
2824 5002 2955 5045 esse
3000 4985 3065 5044 in
3102 4983 3261 5046 Scri-

1698 5073 1922 5153 pturis,
1956 5079 2028 5132 ut
2070 5091 2149 5135 ex
2183 5073 2364 5135 dictis
2388 5075 2454 5136 in
2485 5079 2751 5138 sectione
2778 5077 3150 5158 praecedenti
3198 5083 3261 5138 et

1700 5167 2083 5246 experientia
2134 5168 2534 5230 manifestum
2588 5176 2730 5248 est3
2780 5189 2926 5231 nam
2982 5171 3259 5233 discursu

1701 5268 2052 5338 temporum
2094 5259 2292 5321 solent
2336 5260 2479 5322 libri
2520 5263 2748 5338 amitti,
2792 5262 3082 5340 diminui,
3126 5281 3262 5324 mu·

1703 5351 1868 5412 tilari
1919 5358 1983 5413 et
2030 5355 2366 5435 corrumpi,
2400 5355 2669 5415 maxime
2698 5355 2944 5436 quando
2973 5357 3037 5416 13
3062 5356 3262 5418 varias

1699 5443 1945 5524 linguas
2000 5446 2459 5510 transferuntur
2484 5465 2504 5526 3
2559 5452 2715 5511 sicut
2788 5465 2937 5526 ergo
2992 5447 3261 5527 providit

1707 5539 1862 5598 Deus
1890 5539 1958 5599 in
1986 5538 2250 5600 Ecclesia
2304 5542 2558 5602 modum
2602 5559 2725 5622 quo
2761 5559 2907 5602 vera
2948 5539 3263 5622 Scriptura

1704 5630 1770 5692 in
1799 5649 1873 5693 ea
1913 5639 2331 5708 conservetur,
2370 5635 2457 5696 ita
2484 5635 2671 5696 etiam
2696 5635 2963 5714 providit
3008 5631 3259 5698 modum
