<?xml version="1.0" encoding="UTF-8"?>
<!DOCTYPE html PUBLIC "-//W3C//DTD XHTML 1.0 Transitional//EN"
    "http://www.w3.org/TR/xhtml1/DTD/xhtml1-transitional.dtd">
<html xmlns="http://www.w3.org/1999/xhtml" xml:lang="en" lang="en">
 <head>
  <title>
</title>
<meta http-equiv="Content-Type" content="text/html;charset=utf-8" />
  <meta name='ocr-system' content='tesseract 3.04.00' />
  <meta name='ocr-capabilities' content='ocr_page ocr_carea ocr_par ocr_line ocrx_word'/>
</head>
<body>
  <div class='ocr_page' id='page_1' title='image "./rpfranciscisuar00duvagoog_0814.png"; bbox 0 0 3900 6217; ppageno 0'>
   <div class='ocr_carea' id='block_1_1' title="bbox 612 395 2449 462">
    <p class='ocr_par' dir='ltr' id='par_1_1' title="bbox 612 395 2449 462">
     <span class='ocr_line' id='line_1_1' title="bbox 612 395 2449 462; baseline 0.002 -4"><span class='ocrx_word' id='word_1_1' title='bbox 612 395 733 458; x_wconf 77' lang='lat'>796</span> <span class='ocrx_word' id='word_1_2' title='bbox 2000 404 2188 460; x_wconf 76' lang='lat' dir='ltr'>INDEX</span> <span class='ocrx_word' id='word_1_3' title='bbox 2222 405 2449 462; x_wconf 69' lang='grc'><strong>1113111111.</strong></span> 
     </span>
    </p>
   </div>
   <div class='ocr_carea' id='block_1_2' title="bbox 597 507 2170 1578">
    <p class='ocr_par' dir='ltr' id='par_1_2' title="bbox 605 507 2170 656">
     <span class='ocr_line' id='line_1_2' title="bbox 605 507 2170 582; baseline 0.004 -26"><span class='ocrx_word' id='word_1_4' title='bbox 605 511 650 557; x_wconf 78' lang='grc'>2.</span> <span class='ocrx_word' id='word_1_5' title='bbox 689 507 946 560; x_wconf 80' lang='lat' dir='ltr'><strong>Sacerdos</strong></span> <span class='ocrx_word' id='word_1_6' title='bbox 977 508 1151 572; x_wconf 70' lang='lat' dir='ltr'>potest</span> <span class='ocrx_word' id='word_1_7' title='bbox 1179 509 1353 564; x_wconf 81' lang='lat' dir='ltr'>valide</span> <span class='ocrx_word' id='word_1_8' title='bbox 1389 515 1457 566; x_wconf 86' lang='lat' dir='ltr'>ab</span> <span class='ocrx_word' id='word_1_9' title='bbox 1495 515 1758 582; x_wconf 73' lang='lat' dir='ltr'><strong>Episcopo</strong></span> <span class='ocrx_word' id='word_1_10' title='bbox 1787 509 2039 566; x_wconf 81' lang='lat' dir='ltr'>haereiico</span> <span class='ocrx_word' id='word_1_11' title='bbox 2077 519 2170 562; x_wconf 88' lang='lat' dir='ltr'>or-</span> 
     </span>
     <span class='ocr_line' id='line_1_3' title="bbox 663 584 1762 656; baseline 0.006 -20"><span class='ocrx_word' id='word_1_12' title='bbox 663 584 856 646; x_wconf 88' lang='lat' dir='ltr'>dinari,</span> <span class='ocrx_word' id='word_1_13' title='bbox 889 594 1037 640; x_wconf 88' lang='lat' dir='ltr'>tract.</span> <span class='ocrx_word' id='word_1_14' title='bbox 1075 593 1121 650; x_wconf 93' lang='lat'>1,</span> <span class='ocrx_word' id='word_1_15' title='bbox 1147 589 1285 655; x_wconf 86' lang='lat' dir='ltr'><strong>disp.</strong></span> <span class='ocrx_word' id='word_1_16' title='bbox 1311 593 1388 651; x_wconf 92' lang='grc'>21,</span> <span class='ocrx_word' id='word_1_17' title='bbox 1414 598 1540 645; x_wconf 86' lang='grc'><strong>5661.</strong></span> <span class='ocrx_word' id='word_1_18' title='bbox 1565 597 1611 656; x_wconf 78' lang='grc'>6,</span> <span class='ocrx_word' id='word_1_19' title='bbox 1636 607 1688 645; x_wconf 88' lang='grc'>11.</span> <span class='ocrx_word' id='word_1_20' title='bbox 1715 599 1762 644; x_wconf 99' lang='grc'>9.</span> 
     </span>
    </p>

    <p class='ocr_par' dir='ltr' id='par_1_3' title="bbox 665 663 2169 808">
     <span class='ocr_line' id='line_1_4' title="bbox 667 663 2169 737; baseline 0.004 -23"><span class='ocrx_word' id='word_1_21' title='bbox 667 663 838 716; x_wconf 71' lang='lat' dir='ltr'>Manet</span> <span class='ocrx_word' id='word_1_22' title='bbox 871 671 1046 720; x_wconf 91' lang='lat' dir='ltr'>tamen</span> <span class='ocrx_word' id='word_1_23' title='bbox 1077 680 1374 735; x_wconf 88' lang='lat' dir='ltr'>suspensus</span> <span class='ocrx_word' id='word_1_24' title='bbox 1419 669 1594 737; x_wconf 85' lang='lat' dir='ltr'>quoad</span> <span class='ocrx_word' id='word_1_25' title='bbox 1637 684 1792 725; x_wconf 90' lang='lat' dir='ltr'>usum</span> <span class='ocrx_word' id='word_1_26' title='bbox 1835 667 2041 724; x_wconf 77' lang='lat' dir='ltr'>ordinis</span> <span class='ocrx_word' id='word_1_27' title='bbox 2084 678 2169 720; x_wconf 84' lang='lat' dir='ltr'>ac-</span> 
     </span>
     <span class='ocr_line' id='line_1_5' title="bbox 665 743 1011 808; baseline 0.012 -15"><span class='ocrx_word' id='word_1_28' title='bbox 665 743 823 808; x_wconf 89' lang='lat' dir='ltr'>cepti,</span> <span class='ocrx_word' id='word_1_29' title='bbox 857 747 1011 797; x_wconf 83' lang='lat' dir='ltr'>n.10.</span> 
     </span>
    </p>

    <p class='ocr_par' dir='ltr' id='par_1_4' title="bbox 602 817 2162 956">
     <span class='ocr_line' id='line_1_6' title="bbox 602 817 2162 888; baseline 0.004 -20"><span class='ocrx_word' id='word_1_30' title='bbox 602 821 650 868; x_wconf 90' lang='grc'>3.</span> <span class='ocrx_word' id='word_1_31' title='bbox 686 817 944 874; x_wconf 82' lang='lat' dir='ltr'>Sacerdos</span> <span class='ocrx_word' id='word_1_32' title='bbox 973 821 1255 876; x_wconf 83' lang='lat' dir='ltr'>haereticus</span> <span class='ocrx_word' id='word_1_33' title='bbox 1284 825 1558 888; x_wconf 84' lang='lat' dir='ltr'>quomodo</span> <span class='ocrx_word' id='word_1_34' title='bbox 1593 823 1768 880; x_wconf 81' lang='lat' dir='ltr'>valide</span> <span class='ocrx_word' id='word_1_35' title='bbox 1795 822 2035 878; x_wconf 85' lang='lat' dir='ltr'>conferat</span> <span class='ocrx_word' id='word_1_36' title='bbox 2072 833 2162 875; x_wconf 91' lang='lat' dir='ltr'>sa-</span> 
     </span>
     <span class='ocr_line' id='line_1_7' title="bbox 665 897 1126 956; baseline 0.004 -10"><span class='ocrx_word' id='word_1_37' title='bbox 665 904 952 956; x_wconf 88' lang='lat' dir='ltr'>cramenta,</span> <span class='ocrx_word' id='word_1_38' title='bbox 985 897 1058 950; x_wconf 90' lang='lat' dir='ltr'>ib.</span> <span class='ocrx_word' id='word_1_39' title='bbox 1111 911 1126 923; x_wconf 89' lang='lat'><strong>·</strong></span> 
     </span>
    </p>

    <p class='ocr_par' dir='ltr' id='par_1_5' title="bbox 661 971 1581 1034">
     <span class='ocr_line' id='line_1_8' title="bbox 661 971 1581 1034; baseline 0.007 -11"><span class='ocrx_word' id='word_1_40' title='bbox 661 971 938 1032; x_wconf 83' lang='lat' dir='ltr'>Quomodo</span> <span class='ocrx_word' id='word_1_41' title='bbox 966 976 1392 1034; x_wconf 86' lang='lat' dir='ltr'>sacramentalia.</span> <span class='ocrx_word' id='word_1_42' title='bbox 1419 991 1470 1030; x_wconf 89' lang='lat' dir='ltr'>n.</span> <span class='ocrx_word' id='word_1_43' title='bbox 1501 981 1581 1029; x_wconf 89' lang='lat'>11.</span> 
     </span>
    </p>

    <p class='ocr_par' dir='ltr' id='par_1_6' title="bbox 602 1047 2166 1266">
     <span class='ocr_line' id='line_1_9' title="bbox 602 1047 2166 1119; baseline 0.004 -19"><span class='ocrx_word' id='word_1_44' title='bbox 602 1051 649 1100; x_wconf 92' lang='grc'>4.</span> <span class='ocrx_word' id='word_1_45' title='bbox 687 1047 944 1102; x_wconf 86' lang='lat' dir='ltr'>Sacerdos</span> <span class='ocrx_word' id='word_1_46' title='bbox 973 1050 1040 1102; x_wconf 88' lang='lat' dir='ltr'>ad</span> <span class='ocrx_word' id='word_1_47' title='bbox 1075 1051 1394 1105; x_wconf 86' lang='lat' dir='ltr'>beneficium</span> <span class='ocrx_word' id='word_1_48' title='bbox 1427 1061 1705 1117; x_wconf 86' lang='lat' dir='ltr'>promotus</span> <span class='ocrx_word' id='word_1_49' title='bbox 1733 1067 1896 1119; x_wconf 83' lang='lat' dir='ltr'>quam</span> <span class='ocrx_word' id='word_1_50' title='bbox 1926 1055 2166 1108; x_wconf 88' lang='lat' dir='ltr'>incurrat.</span> 
     </span>
     <span class='ocr_line' id='line_1_10' title="bbox 665 1126 2161 1194; baseline 0.005 -19"><span class='ocrx_word' id='word_1_51' title='bbox 665 1137 907 1188; x_wconf 87' lang='lat' dir='ltr'>poenam,</span> <span class='ocrx_word' id='word_1_52' title='bbox 959 1126 1004 1177; x_wconf 91' lang='lat' dir='ltr'>si</span> <span class='ocrx_word' id='word_1_53' title='bbox 1041 1127 1161 1178; x_wconf 86' lang='lat' dir='ltr'>fidei</span> <span class='ocrx_word' id='word_1_54' title='bbox 1207 1129 1598 1194; x_wconf 76' lang='lat' dir='ltr'>professionem</span> <span class='ocrx_word' id='word_1_55' title='bbox 1644 1130 1878 1194; x_wconf 78' lang='lat' dir='ltr'><strong>nminat,</strong></span> <span class='ocrx_word' id='word_1_56' title='bbox 1923 1134 2072 1182; x_wconf 88' lang='lat' dir='ltr'>tract.</span> <span class='ocrx_word' id='word_1_57' title='bbox 2114 1135 2161 1193; x_wconf 90' lang='lat'>1,</span> 
     </span>
     <span class='ocr_line' id='line_1_11' title="bbox 663 1199 1304 1266; baseline 0.009 -16"><span class='ocrx_word' id='word_1_58' title='bbox 663 1199 801 1266; x_wconf 84' lang='lat' dir='ltr'>disp.</span> <span class='ocrx_word' id='word_1_59' title='bbox 828 1205 907 1263; x_wconf 90' lang='grc'>14,</span> <span class='ocrx_word' id='word_1_60' title='bbox 939 1209 1068 1256; x_wconf 86' lang='grc'><strong>5661.</strong></span> <span class='ocrx_word' id='word_1_61' title='bbox 1092 1209 1139 1266; x_wconf 98' lang='grc'>6,</span> <span class='ocrx_word' id='word_1_62' title='bbox 1166 1216 1218 1256; x_wconf 91' lang='lat' dir='ltr'>n.</span> <span class='ocrx_word' id='word_1_63' title='bbox 1253 1211 1304 1256; x_wconf 92' lang='grc'>2.</span> 
     </span>
    </p>

    <p class='ocr_par' dir='ltr' id='par_1_7' title="bbox 601 1277 2163 1412">
     <span class='ocr_line' id='line_1_12' title="bbox 601 1277 2163 1350; baseline 0.001 -20"><span class='ocrx_word' id='word_1_64' title='bbox 601 1281 647 1330; x_wconf 72' lang='lat' dir='ltr'>ts.</span> <span class='ocrx_word' id='word_1_65' title='bbox 683 1277 941 1330; x_wconf 87' lang='lat' dir='ltr'>sacerdos</span> <span class='ocrx_word' id='word_1_66' title='bbox 981 1293 1049 1331; x_wconf 87' lang='lat' dir='ltr'>an</span> <span class='ocrx_word' id='word_1_67' title='bbox 1084 1281 1252 1345; x_wconf 78' lang='lat' dir='ltr'>possit</span> <span class='ocrx_word' id='word_1_68' title='bbox 1289 1281 1526 1336; x_wconf 77' lang='lat' dir='ltr'>indicere</span> <span class='ocrx_word' id='word_1_69' title='bbox 1571 1287 1662 1335; x_wconf 89' lang='lat' dir='ltr'>aut</span> <span class='ocrx_word' id='word_1_70' title='bbox 1713 1283 1898 1350; x_wconf 81' lang='lat' dir='ltr'>exequi</span> <span class='ocrx_word' id='word_1_71' title='bbox 1942 1281 2163 1346; x_wconf 86' lang='lat' dir='ltr'>beilum,</span> 
     </span>
     <span class='ocr_line' id='line_1_13' title="bbox 661 1353 1401 1412; baseline 0.004 -8"><span class='ocrx_word' id='word_1_72' title='bbox 661 1353 784 1405; x_wconf 88' lang='lat' dir='ltr'>vide</span> <span class='ocrx_word' id='word_1_73' title='bbox 807 1369 1016 1412; x_wconf 67' lang='grc'><strong>1111111111,</strong></span> <span class='ocrx_word' id='word_1_74' title='bbox 1055 1355 1158 1408; x_wconf 86' lang='grc'><strong>1616</strong></span> <span class='ocrx_word' id='word_1_75' title='bbox 1181 1369 1212 1408; x_wconf 85' lang='grc'>6</span> <span class='ocrx_word' id='word_1_76' title='bbox 1237 1371 1292 1408; x_wconf 83' lang='grc'>11.</span> <span class='ocrx_word' id='word_1_77' title='bbox 1320 1361 1401 1408; x_wconf 89' lang='grc'>12.</span> 
     </span>
    </p>

    <p class='ocr_par' dir='ltr' id='par_1_8' title="bbox 597 1431 2163 1578">
     <span class='ocr_line' id='line_1_14' title="bbox 597 1431 2163 1502; baseline 0.007 -23"><span class='ocrx_word' id='word_1_78' title='bbox 597 1433 644 1480; x_wconf 91' lang='grc'>6.</span> <span class='ocrx_word' id='word_1_79' title='bbox 683 1431 742 1482; x_wconf 87' lang='grc'>111</span> <span class='ocrx_word' id='word_1_80' title='bbox 777 1433 1108 1485; x_wconf 87' lang='lat' dir='ltr'>sacerdotem</span> <span class='ocrx_word' id='word_1_81' title='bbox 1146 1434 1454 1488; x_wconf 86' lang='lat' dir='ltr'>haereticum</span> <span class='ocrx_word' id='word_1_82' title='bbox 1486 1436 1776 1502; x_wconf 80' lang='lat' dir='ltr'>procedere</span> <span class='ocrx_word' id='word_1_83' title='bbox 1818 1443 2043 1501; x_wconf 87' lang='lat' dir='ltr'>possunt</span> <span class='ocrx_word' id='word_1_84' title='bbox 2072 1438 2163 1490; x_wconf 88' lang='lat' dir='ltr'>ln-</span> 
     </span>
     <span class='ocr_line' id='line_1_15' title="bbox 660 1507 1908 1578; baseline 0.006 -20"><span class='ocrx_word' id='word_1_85' title='bbox 660 1507 963 1572; x_wconf 86' lang='lat' dir='ltr'>quisitores,</span> <span class='ocrx_word' id='word_1_86' title='bbox 995 1515 1144 1563; x_wconf 91' lang='lat' dir='ltr'>tract.</span> <span class='ocrx_word' id='word_1_87' title='bbox 1177 1516 1222 1574; x_wconf 88' lang='lat'>1,</span> <span class='ocrx_word' id='word_1_88' title='bbox 1250 1512 1391 1578; x_wconf 88' lang='lat' dir='ltr'>disp.</span> <span class='ocrx_word' id='word_1_89' title='bbox 1417 1517 1497 1574; x_wconf 84' lang='lat'>21,</span> <span class='ocrx_word' id='word_1_90' title='bbox 1523 1519 1652 1566; x_wconf 90' lang='lat' dir='ltr'>sect.</span> <span class='ocrx_word' id='word_1_91' title='bbox 1677 1518 1725 1576; x_wconf 90' lang='grc'>9,</span> <span class='ocrx_word' id='word_1_92' title='bbox 1749 1527 1801 1565; x_wconf 91' lang='lat' dir='ltr'>u.</span> <span class='ocrx_word' id='word_1_93' title='bbox 1828 1518 1908 1566; x_wconf 75' lang='lat'>2⁷.</span> 
     </span>
    </p>
   </div>
   <div class='ocr_carea' id='block_1_3' title="bbox 1229 1641 1538 1682">
    <p class='ocr_par' dir='ltr' id='par_1_9' title="bbox 1229 1641 1538 1682">
     <span class='ocr_line' id='line_1_16' title="bbox 1229 1641 1538 1682; baseline -0.003 -1"><span class='ocrx_word' id='word_1_94' title='bbox 1229 1641 1348 1682; x_wconf 69' lang='lat' dir='ltr'>SCAN</span> <span class='ocrx_word' id='word_1_95' title='bbox 1353 1643 1415 1681; x_wconf 73' lang='lat' dir='ltr'>DA</span> <span class='ocrx_word' id='word_1_96' title='bbox 1420 1645 1522 1682; x_wconf 66' lang='lat' dir='ltr'>LU&#39;</span> <span class='ocrx_word' id='word_1_97' title='bbox 1528 1670 1538 1680; x_wconf 96' lang='lat'>.</span> 
     </span>
    </p>
   </div>
   <div class='ocr_carea' id='block_1_4' title="bbox 573 1733 2160 5521">
    <p class='ocr_par' dir='ltr' id='par_1_10' title="bbox 597 1733 2160 1949">
     <span class='ocr_line' id='line_1_17' title="bbox 597 1733 2157 1804; baseline 0.006 -20"><span class='ocrx_word' id='word_1_98' title='bbox 597 1737 646 1785; x_wconf 91' lang='lat'>1.</span> <span class='ocrx_word' id='word_1_99' title='bbox 683 1733 1001 1788; x_wconf 77' lang='lat' dir='ltr'>Scandalum</span> <span class='ocrx_word' id='word_1_100' title='bbox 1035 1737 1162 1801; x_wconf 88' lang='lat' dir='ltr'>quid</span> <span class='ocrx_word' id='word_1_101' title='bbox 1209 1737 1490 1804; x_wconf 81' lang='lat' dir='ltr'>significet,</span> <span class='ocrx_word' id='word_1_102' title='bbox 1523 1743 1672 1790; x_wconf 86' lang='lat' dir='ltr'>tract.</span> <span class='ocrx_word' id='word_1_103' title='bbox 1721 1743 1768 1796; x_wconf 83' lang='grc'>3.</span> <span class='ocrx_word' id='word_1_104' title='bbox 1799 1738 1937 1804; x_wconf 83' lang='lat' dir='ltr'>disp.</span> <span class='ocrx_word' id='word_1_105' title='bbox 1982 1739 2157 1802; x_wconf 84' lang='grc' dir='ltr'><strong>1ο,111</strong></span> 
     </span>
     <span class='ocr_line' id='line_1_18' title="bbox 659 1810 2160 1882; baseline 0.004 -20"><span class='ocrx_word' id='word_1_106' title='bbox 659 1810 935 1873; x_wconf 83' lang='lat' dir='ltr'>praetudio.</span> <span class='ocrx_word' id='word_1_107' title='bbox 982 1812 1224 1864; x_wconf 75' lang='lat' dir='ltr'>scandali</span> <span class='ocrx_word' id='word_1_108' title='bbox 1267 1813 1462 1868; x_wconf 85' lang='lat' dir='ltr'>divisio</span> <span class='ocrx_word' id='word_1_109' title='bbox 1510 1813 1566 1866; x_wconf 89' lang='lat' dir='ltr'>in</span> <span class='ocrx_word' id='word_1_110' title='bbox 1598 1813 1828 1868; x_wconf 86' lang='lat' dir='ltr'>activum</span> <span class='ocrx_word' id='word_1_111' title='bbox 1882 1822 1935 1869; x_wconf 89' lang='lat' dir='ltr'>et</span> <span class='ocrx_word' id='word_1_112' title='bbox 1983 1817 2160 1882; x_wconf 87' lang='lat' dir='ltr'>passi-</span> 
     </span>
     <span class='ocr_line' id='line_1_19' title="bbox 655 1887 1372 1949; baseline 0.004 -11"><span class='ocrx_word' id='word_1_113' title='bbox 655 1899 802 1948; x_wconf 87' lang='lat' dir='ltr'>vum,</span> <span class='ocrx_word' id='word_1_114' title='bbox 836 1887 986 1942; x_wconf 87' lang='lat' dir='ltr'>ibid..</span> <span class='ocrx_word' id='word_1_115' title='bbox 1017 1893 1296 1949; x_wconf 88' lang='grc'><strong>5661.1,11.</strong></span> <span class='ocrx_word' id='word_1_116' title='bbox 1325 1893 1372 1942; x_wconf 92' lang='lat'>1.</span> 
     </span>
    </p>

    <p class='ocr_par' dir='ltr' id='par_1_11' title="bbox 591 1963 2157 2166">
     <span class='ocr_line' id='line_1_20' title="bbox 591 1963 2092 2030; baseline 0.004 -18"><span class='ocrx_word' id='word_1_117' title='bbox 591 1966 642 2013; x_wconf 95' lang='grc'>2.</span> <span class='ocrx_word' id='word_1_118' title='bbox 679 1963 966 2016; x_wconf 88' lang='lat' dir='ltr'>sandalum</span> <span class='ocrx_word' id='word_1_119' title='bbox 994 1977 1112 2018; x_wconf 83' lang='lat' dir='ltr'>esse</span> <span class='ocrx_word' id='word_1_120' title='bbox 1140 1973 1414 2030; x_wconf 90' lang='lat' dir='ltr'>peccatum</span> <span class='ocrx_word' id='word_1_121' title='bbox 1452 1966 1556 2019; x_wconf 81' lang='lat' dir='ltr'>fide</span> <span class='ocrx_word' id='word_1_122' title='bbox 1580 1972 1808 2029; x_wconf 88' lang='lat' dir='ltr'>constat,</span> <span class='ocrx_word' id='word_1_123' title='bbox 1833 1967 1931 2030; x_wconf 92' lang='lat' dir='ltr'>ib.,</span> <span class='ocrx_word' id='word_1_124' title='bbox 1961 1981 2015 2020; x_wconf 92' lang='lat' dir='ltr'>n.</span> <span class='ocrx_word' id='word_1_125' title='bbox 2044 1972 2092 2018; x_wconf 85' lang='grc'>2.</span> 
     </span>
     <span class='ocr_line' id='line_1_21' title="bbox 657 2037 2157 2106; baseline 0.003 -18"><span class='ocrx_word' id='word_1_126' title='bbox 657 2038 822 2091; x_wconf 80' lang='lat' dir='ltr'>Habet</span> <span class='ocrx_word' id='word_1_127' title='bbox 855 2037 1112 2092; x_wconf 86' lang='lat' dir='ltr'>malitiam</span> <span class='ocrx_word' id='word_1_128' title='bbox 1141 2041 1426 2106; x_wconf 84' lang='lat' dir='ltr'>specialem</span> <span class='ocrx_word' id='word_1_129' title='bbox 1457 2048 1639 2094; x_wconf 88' lang='lat' dir='ltr'>contra</span> <span class='ocrx_word' id='word_1_130' title='bbox 1676 2043 2009 2105; x_wconf 87' lang='lat' dir='ltr'>charitatem,</span> <span class='ocrx_word' id='word_1_131' title='bbox 2036 2057 2088 2095; x_wconf 91' lang='lat' dir='ltr'>n.</span> <span class='ocrx_word' id='word_1_132' title='bbox 2126 2048 2157 2093; x_wconf 89' lang='grc'><strong>2</strong></span> 
     </span>
     <span class='ocr_line' id='line_1_22' title="bbox 655 2118 783 2166; baseline 0.008 -1"><span class='ocrx_word' id='word_1_133' title='bbox 655 2121 708 2165; x_wconf 81' lang='lat' dir='ltr'>et</span> <span class='ocrx_word' id='word_1_134' title='bbox 737 2118 783 2166; x_wconf 81' lang='lat'>3.</span> 
     </span>
    </p>

    <p class='ocr_par' dir='ltr' id='par_1_12' title="bbox 594 2189 2159 2329">
     <span class='ocr_line' id='line_1_23' title="bbox 594 2189 2159 2261; baseline 0.004 -21"><span class='ocrx_word' id='word_1_135' title='bbox 594 2193 641 2241; x_wconf 83' lang='grc'>3.</span> <span class='ocrx_word' id='word_1_136' title='bbox 677 2189 996 2242; x_wconf 85' lang='lat' dir='ltr'>scandalum</span> <span class='ocrx_word' id='word_1_137' title='bbox 1027 2199 1108 2243; x_wconf 90' lang='lat' dir='ltr'>est</span> <span class='ocrx_word' id='word_1_138' title='bbox 1137 2205 1198 2243; x_wconf 89' lang='lat' dir='ltr'>ex</span> <span class='ocrx_word' id='word_1_139' title='bbox 1226 2204 1420 2259; x_wconf 80' lang='lat' dir='ltr'>genere</span> <span class='ocrx_word' id='word_1_140' title='bbox 1449 2205 1548 2247; x_wconf 91' lang='lat' dir='ltr'>suo</span> <span class='ocrx_word' id='word_1_141' title='bbox 1588 2195 1830 2257; x_wconf 90' lang='lat' dir='ltr'>mortale,</span> <span class='ocrx_word' id='word_1_142' title='bbox 1857 2200 2031 2261; x_wconf 86' lang='lat' dir='ltr'>potest</span> <span class='ocrx_word' id='word_1_143' title='bbox 2076 2201 2159 2247; x_wconf 89' lang='lat' dir='ltr'>ta-</span> 
     </span>
     <span class='ocr_line' id='line_1_24' title="bbox 656 2267 1467 2329; baseline 0.006 -13"><span class='ocrx_word' id='word_1_144' title='bbox 656 2277 780 2317; x_wconf 87' lang='lat' dir='ltr'>men</span> <span class='ocrx_word' id='word_1_145' title='bbox 812 2278 932 2318; x_wconf 88' lang='lat' dir='ltr'>esse</span> <span class='ocrx_word' id='word_1_146' title='bbox 965 2267 1191 2328; x_wconf 87' lang='lat' dir='ltr'>veniale,</span> <span class='ocrx_word' id='word_1_147' title='bbox 1221 2269 1314 2329; x_wconf 91' lang='lat' dir='ltr'>ib.,</span> <span class='ocrx_word' id='word_1_148' title='bbox 1340 2283 1392 2320; x_wconf 91' lang='lat' dir='ltr'>n.</span> <span class='ocrx_word' id='word_1_149' title='bbox 1422 2275 1467 2321; x_wconf 73' lang='lat' dir='ltr'>t.</span> 
     </span>
    </p>

    <p class='ocr_par' dir='ltr' id='par_1_13' title="bbox 655 2341 2153 2482">
     <span class='ocr_line' id='line_1_25' title="bbox 655 2341 2153 2412; baseline 0.006 -21"><span class='ocrx_word' id='word_1_150' title='bbox 655 2341 930 2392; x_wconf 82' lang='lat' dir='ltr'>Peccatum</span> <span class='ocrx_word' id='word_1_151' title='bbox 979 2343 1189 2395; x_wconf 87' lang='lat' dir='ltr'>veniale</span> <span class='ocrx_word' id='word_1_152' title='bbox 1243 2344 1464 2410; x_wconf 86' lang='lat' dir='ltr'>proximi</span> <span class='ocrx_word' id='word_1_153' title='bbox 1523 2359 1591 2397; x_wconf 87' lang='lat' dir='ltr'>an</span> <span class='ocrx_word' id='word_1_154' title='bbox 1643 2348 1813 2410; x_wconf 77' lang='lat' dir='ltr'>possit</span> <span class='ocrx_word' id='word_1_155' title='bbox 1862 2346 2153 2412; x_wconf 87' lang='lat' dir='ltr'>aliquando</span> 
     </span>
     <span class='ocr_line' id='line_1_26' title="bbox 655 2417 1700 2482; baseline 0.005 -14"><span class='ocrx_word' id='word_1_156' title='bbox 655 2429 774 2468; x_wconf 90' lang='grc'><strong>6556</strong></span> <span class='ocrx_word' id='word_1_157' title='bbox 802 2417 1024 2470; x_wconf 89' lang='lat' dir='ltr'>materia</span> <span class='ocrx_word' id='word_1_158' title='bbox 1056 2420 1292 2473; x_wconf 77' lang='lat' dir='ltr'>scandali</span> <span class='ocrx_word' id='word_1_159' title='bbox 1331 2421 1592 2482; x_wconf 76' lang='lat' dir='ltr'>mortaliS,</span> <span class='ocrx_word' id='word_1_160' title='bbox 1628 2421 1700 2473; x_wconf 91' lang='lat' dir='ltr'>ib.</span> 
     </span>
    </p>

    <p class='ocr_par' dir='ltr' id='par_1_14' title="bbox 591 2493 2153 2638">
     <span class='ocr_line' id='line_1_27' title="bbox 591 2493 2153 2564; baseline 0.006 -22"><span class='ocrx_word' id='word_1_161' title='bbox 591 2495 638 2543; x_wconf 78' lang='grc' dir='ltr'>Ιι.</span> <span class='ocrx_word' id='word_1_162' title='bbox 675 2493 992 2548; x_wconf 84' lang='lat' dir='ltr'>scandalum</span> <span class='ocrx_word' id='word_1_163' title='bbox 1038 2509 1104 2548; x_wconf 84' lang='lat' dir='ltr'>an</span> <span class='ocrx_word' id='word_1_164' title='bbox 1149 2496 1218 2547; x_wconf 88' lang='lat' dir='ltr'>sit</span> <span class='ocrx_word' id='word_1_165' title='bbox 1253 2497 1511 2562; x_wconf 88' lang='lat' dir='ltr'>impedire</span> <span class='ocrx_word' id='word_1_166' title='bbox 1551 2498 1870 2562; x_wconf 87' lang='lat' dir='ltr'>proximum,</span> <span class='ocrx_word' id='word_1_167' title='bbox 1895 2511 1963 2551; x_wconf 88' lang='lat' dir='ltr'>ne</span> <span class='ocrx_word' id='word_1_168' title='bbox 2006 2499 2153 2564; x_wconf 89' lang='lat' dir='ltr'>quod</span> 
     </span>
     <span class='ocr_line' id='line_1_28' title="bbox 653 2571 1677 2638; baseline 0.003 -15"><span class='ocrx_word' id='word_1_169' title='bbox 653 2571 984 2634; x_wconf 80' lang='lat' dir='ltr'>perfectioris</span> <span class='ocrx_word' id='word_1_170' title='bbox 1010 2572 1140 2626; x_wconf 91' lang='lat' dir='ltr'>boni</span> <span class='ocrx_word' id='word_1_171' title='bbox 1166 2581 1262 2635; x_wconf 88' lang='grc'><strong>651,</strong></span> <span class='ocrx_word' id='word_1_172' title='bbox 1290 2581 1573 2638; x_wconf 81' lang='lat' dir='ltr'>operetur,</span> <span class='ocrx_word' id='word_1_173' title='bbox 1607 2573 1677 2626; x_wconf 90' lang='lat' dir='ltr'>ib.</span> 
     </span>
    </p>

    <p class='ocr_par' dir='ltr' id='par_1_15' title="bbox 591 2647 2154 3096">
     <span class='ocr_line' id='line_1_29' title="bbox 591 2647 2153 2715; baseline 0.001 -16"><span class='ocrx_word' id='word_1_174' title='bbox 591 2653 638 2699; x_wconf 79' lang='grc'>6.</span> <span class='ocrx_word' id='word_1_175' title='bbox 675 2647 917 2699; x_wconf 82' lang='lat' dir='ltr'>scandali</span> <span class='ocrx_word' id='word_1_176' title='bbox 955 2649 1244 2713; x_wconf 81' lang='lat' dir='ltr'>specialem</span> <span class='ocrx_word' id='word_1_177' title='bbox 1291 2651 1546 2702; x_wconf 84' lang='lat' dir='ltr'>malitiam</span> <span class='ocrx_word' id='word_1_178' title='bbox 1589 2649 1811 2703; x_wconf 83' lang='lat' dir='ltr'>incurrit</span> <span class='ocrx_word' id='word_1_179' title='bbox 1845 2649 1939 2715; x_wconf 88' lang='lat' dir='ltr'>qui</span> <span class='ocrx_word' id='word_1_180' title='bbox 1986 2651 2153 2703; x_wconf 89' lang='lat' dir='ltr'>alium</span> 
     </span>
     <span class='ocr_line' id='line_1_30' title="bbox 653 2723 2154 2792; baseline 0.003 -17"><span class='ocrx_word' id='word_1_181' title='bbox 653 2723 856 2777; x_wconf 85' lang='lat' dir='ltr'>inducit</span> <span class='ocrx_word' id='word_1_182' title='bbox 878 2725 946 2777; x_wconf 85' lang='lat' dir='ltr'>ad</span> <span class='ocrx_word' id='word_1_183' title='bbox 979 2725 1326 2790; x_wconf 82' lang='lat' dir='ltr'>peccandum,</span> <span class='ocrx_word' id='word_1_184' title='bbox 1351 2728 1552 2780; x_wconf 86' lang='lat' dir='ltr'>directa</span> <span class='ocrx_word' id='word_1_185' title='bbox 1585 2727 1879 2780; x_wconf 87' lang='lat' dir='ltr'>intentione</span> <span class='ocrx_word' id='word_1_186' title='bbox 1907 2733 1965 2780; x_wconf 86' lang='lat' dir='ltr'>ut</span> <span class='ocrx_word' id='word_1_187' title='bbox 1988 2727 2154 2792; x_wconf 90' lang='lat' dir='ltr'>spiri-</span> 
     </span>
     <span class='ocr_line' id='line_1_31' title="bbox 651 2800 2071 2870; baseline 0.002 -20"><span class='ocrx_word' id='word_1_188' title='bbox 651 2800 861 2853; x_wconf 87' lang='lat' dir='ltr'>tualiter</span> <span class='ocrx_word' id='word_1_189' title='bbox 887 2802 1158 2862; x_wconf 89' lang='lat' dir='ltr'>moriatur,</span> <span class='ocrx_word' id='word_1_190' title='bbox 1185 2808 1333 2854; x_wconf 88' lang='lat' dir='ltr'>tract.</span> <span class='ocrx_word' id='word_1_191' title='bbox 1367 2807 1414 2866; x_wconf 88' lang='grc'>3,</span> <span class='ocrx_word' id='word_1_192' title='bbox 1445 2803 1584 2870; x_wconf 89' lang='lat' dir='ltr'>disp.</span> <span class='ocrx_word' id='word_1_193' title='bbox 1611 2808 1688 2864; x_wconf 91' lang='lat'>10,</span> <span class='ocrx_word' id='word_1_194' title='bbox 1715 2809 1842 2856; x_wconf 88' lang='lat' dir='ltr'>sect.</span> <span class='ocrx_word' id='word_1_195' title='bbox 1870 2808 1916 2865; x_wconf 88' lang='grc'><strong>2,</strong></span> <span class='ocrx_word' id='word_1_196' title='bbox 1947 2817 1999 2854; x_wconf 90' lang='grc'>11.</span> <span class='ocrx_word' id='word_1_197' title='bbox 2026 2808 2071 2853; x_wconf 88' lang='grc'>2.</span> 
     </span>
     <span class='ocr_line' id='line_1_32' title="bbox 652 2877 2151 2944; baseline 0.002 -17"><span class='ocrx_word' id='word_1_198' title='bbox 652 2877 801 2938; x_wconf 86' lang='lat' dir='ltr'>ltem,</span> <span class='ocrx_word' id='word_1_199' title='bbox 820 2877 909 2941; x_wconf 83' lang='lat' dir='ltr'>qui</span> <span class='ocrx_word' id='word_1_200' title='bbox 936 2877 1134 2930; x_wconf 88' lang='lat' dir='ltr'>directe</span> <span class='ocrx_word' id='word_1_201' title='bbox 1165 2878 1363 2930; x_wconf 85' lang='lat' dir='ltr'>inducit</span> <span class='ocrx_word' id='word_1_202' title='bbox 1391 2879 1458 2930; x_wconf 90' lang='lat' dir='ltr'>ad</span> <span class='ocrx_word' id='word_1_203' title='bbox 1481 2879 1810 2942; x_wconf 79' lang='lat' dir='ltr'>peccandum</span> <span class='ocrx_word' id='word_1_204' title='bbox 1842 2880 1999 2930; x_wconf 89' lang='lat' dir='ltr'>etiam</span> <span class='ocrx_word' id='word_1_205' title='bbox 2032 2891 2151 2944; x_wconf 90' lang='lat' dir='ltr'>pro-</span> 
     </span>
     <span class='ocr_line' id='line_1_33' title="bbox 650 2952 2145 3019; baseline 0.003 -18"><span class='ocrx_word' id='word_1_206' title='bbox 650 2957 770 3016; x_wconf 90' lang='lat' dir='ltr'>pter</span> <span class='ocrx_word' id='word_1_207' title='bbox 787 2952 1084 3014; x_wconf 88' lang='lat' dir='ltr'>utilitatem,</span> <span class='ocrx_word' id='word_1_208' title='bbox 1100 2953 1184 3006; x_wconf 80' lang='lat' dir='ltr'>vel</span> <span class='ocrx_word' id='word_1_209' title='bbox 1208 2954 1351 3006; x_wconf 88' lang='lat' dir='ltr'>atiud</span> <span class='ocrx_word' id='word_1_210' title='bbox 1369 2956 1496 3019; x_wconf 85' lang='lat' dir='ltr'>quid</span> <span class='ocrx_word' id='word_1_211' title='bbox 1517 2956 1709 3016; x_wconf 84' lang='lat' dir='ltr'>simite,</span> <span class='ocrx_word' id='word_1_212' title='bbox 1729 2955 1877 3014; x_wconf 87' lang='lat' dir='ltr'>ibid.,</span> <span class='ocrx_word' id='word_1_213' title='bbox 1904 2967 1957 3007; x_wconf 90' lang='lat' dir='ltr'>n.</span> <span class='ocrx_word' id='word_1_214' title='bbox 1983 2959 2011 3005; x_wconf 85' lang='grc'><strong>3</strong></span> <span class='ocrx_word' id='word_1_215' title='bbox 2028 2961 2077 3007; x_wconf 88' lang='grc'>61</span> <span class='ocrx_word' id='word_1_216' title='bbox 2102 2957 2145 3006; x_wconf 77' lang='grc'>1.</span> 
     </span>
     <span class='ocr_line' id='line_1_34' title="bbox 651 3029 2149 3096; baseline 0.004 -18"><span class='ocrx_word' id='word_1_217' title='bbox 651 3029 763 3079; x_wconf 86' lang='grc'><strong>11110</strong></span> <span class='ocrx_word' id='word_1_218' title='bbox 797 3029 1040 3092; x_wconf 82' lang='lat' dir='ltr'>quamvis</span> <span class='ocrx_word' id='word_1_219' title='bbox 1065 3029 1320 3082; x_wconf 84' lang='lat' dir='ltr'>indirecte</span> <span class='ocrx_word' id='word_1_220' title='bbox 1351 3031 1567 3083; x_wconf 87' lang='lat' dir='ltr'>inducat</span> <span class='ocrx_word' id='word_1_221' title='bbox 1608 3044 1704 3096; x_wconf 90' lang='lat' dir='ltr'>per</span> <span class='ocrx_word' id='word_1_222' title='bbox 1736 3031 2001 3084; x_wconf 86' lang='lat' dir='ltr'>actionem</span> <span class='ocrx_word' id='word_1_223' title='bbox 2040 3043 2149 3084; x_wconf 86' lang='lat' dir='ltr'>ma-</span> 
     </span>
    </p>

    <p class='ocr_par' dir='ltr' id='par_1_16' title="bbox 599 3103 1862 3170">
     <span class='ocr_line' id='line_1_35' title="bbox 599 3103 1862 3170; baseline 0.005 -17"><span class='ocrx_word' id='word_1_224' title='bbox 599 3117 606 3125; x_wconf 93' lang='lat'>·</span> <span class='ocrx_word' id='word_1_225' title='bbox 651 3103 776 3164; x_wconf 88' lang='lat' dir='ltr'>lam,</span> <span class='ocrx_word' id='word_1_226' title='bbox 808 3105 888 3156; x_wconf 80' lang='lat' dir='ltr'>vet</span> <span class='ocrx_word' id='word_1_227' title='bbox 919 3104 1202 3157; x_wconf 80' lang='lat' dir='ltr'>habentem</span> <span class='ocrx_word' id='word_1_228' title='bbox 1241 3109 1472 3170; x_wconf 89' lang='lat' dir='ltr'>speciem</span> <span class='ocrx_word' id='word_1_229' title='bbox 1510 3108 1656 3160; x_wconf 88' lang='lat' dir='ltr'>mali.</span> <span class='ocrx_word' id='word_1_230' title='bbox 1683 3121 1712 3159; x_wconf 91' lang='lat' dir='ltr'>a</span> <span class='ocrx_word' id='word_1_231' title='bbox 1736 3122 1789 3159; x_wconf 92' lang='lat' dir='ltr'>n.</span> <span class='ocrx_word' id='word_1_232' title='bbox 1819 3113 1862 3159; x_wconf 81' lang='lat'>5.</span> 
     </span>
    </p>

    <p class='ocr_par' dir='ltr' id='par_1_17' title="bbox 587 3179 2143 3247">
     <span class='ocr_line' id='line_1_36' title="bbox 587 3179 2143 3247; baseline 0.004 -17"><span class='ocrx_word' id='word_1_233' title='bbox 587 3184 633 3230; x_wconf 90' lang='grc'>6.</span> <span class='ocrx_word' id='word_1_234' title='bbox 671 3179 986 3232; x_wconf 87' lang='lat' dir='ltr'>scandalum</span> <span class='ocrx_word' id='word_1_235' title='bbox 1004 3193 1071 3232; x_wconf 89' lang='lat' dir='ltr'>an</span> <span class='ocrx_word' id='word_1_236' title='bbox 1093 3181 1306 3246; x_wconf 82' lang='lat' dir='ltr'>gravius</span> <span class='ocrx_word' id='word_1_237' title='bbox 1325 3196 1483 3247; x_wconf 85' lang='lat' dir='ltr'>quam</span> <span class='ocrx_word' id='word_1_238' title='bbox 1507 3183 1871 3244; x_wconf 86' lang='lat' dir='ltr'>homicidium,</span> <span class='ocrx_word' id='word_1_239' title='bbox 1900 3183 1993 3246; x_wconf 89' lang='lat' dir='ltr'>ib.,</span> <span class='ocrx_word' id='word_1_240' title='bbox 2016 3197 2068 3236; x_wconf 91' lang='lat' dir='ltr'>n.</span> <span class='ocrx_word' id='word_1_241' title='bbox 2100 3189 2143 3236; x_wconf 94' lang='grc'>4.</span> 
     </span>
    </p>

    <p class='ocr_par' dir='ltr' id='par_1_18' title="bbox 587 3256 2147 3400">
     <span class='ocr_line' id='line_1_37' title="bbox 587 3256 2147 3324; baseline 0.006 -21"><span class='ocrx_word' id='word_1_242' title='bbox 587 3257 633 3305; x_wconf 84' lang='lat'>7.</span> <span class='ocrx_word' id='word_1_243' title='bbox 669 3256 728 3306; x_wconf 87' lang='lat' dir='ltr'>In</span> <span class='ocrx_word' id='word_1_244' title='bbox 776 3262 992 3319; x_wconf 90' lang='lat' dir='ltr'>peccato</span> <span class='ocrx_word' id='word_1_245' title='bbox 1027 3257 1264 3310; x_wconf 85' lang='lat' dir='ltr'>scandali</span> <span class='ocrx_word' id='word_1_246' title='bbox 1295 3271 1362 3310; x_wconf 89' lang='lat' dir='ltr'>an</span> <span class='ocrx_word' id='word_1_247' title='bbox 1397 3258 1550 3311; x_wconf 90' lang='lat' dir='ltr'>detur</span> <span class='ocrx_word' id='word_1_248' title='bbox 1580 3260 1740 3310; x_wconf 88' lang='lat' dir='ltr'>etiam</span> <span class='ocrx_word' id='word_1_249' title='bbox 1790 3259 1990 3312; x_wconf 81' lang='lat' dir='ltr'>malitia</span> <span class='ocrx_word' id='word_1_250' title='bbox 2030 3262 2147 3324; x_wconf 88' lang='lat' dir='ltr'>ejus</span> 
     </span>
     <span class='ocr_line' id='line_1_38' title="bbox 647 3331 1766 3400; baseline 0.004 -19"><span class='ocrx_word' id='word_1_251' title='bbox 647 3331 842 3394; x_wconf 90' lang='lat' dir='ltr'>speciei</span> <span class='ocrx_word' id='word_1_252' title='bbox 868 3331 921 3383; x_wconf 90' lang='lat' dir='ltr'>in</span> <span class='ocrx_word' id='word_1_253' title='bbox 944 3344 1050 3396; x_wconf 87' lang='lat' dir='ltr'>qua</span> <span class='ocrx_word' id='word_1_254' title='bbox 1071 3333 1342 3396; x_wconf 86' lang='lat' dir='ltr'>proximus</span> <span class='ocrx_word' id='word_1_255' title='bbox 1364 3341 1562 3400; x_wconf 88' lang='lat' dir='ltr'>peccat,</span> <span class='ocrx_word' id='word_1_256' title='bbox 1587 3347 1618 3386; x_wconf 92' lang='lat' dir='ltr'>a</span> <span class='ocrx_word' id='word_1_257' title='bbox 1644 3349 1693 3387; x_wconf 93' lang='lat' dir='ltr'>n.</span> <span class='ocrx_word' id='word_1_258' title='bbox 1722 3340 1766 3386; x_wconf 90' lang='lat'>8.</span> 
     </span>
    </p>

    <p class='ocr_par' dir='ltr' id='par_1_19' title="bbox 586 3407 2148 3626">
     <span class='ocr_line' id='line_1_39' title="bbox 586 3407 2147 3478; baseline 0.005 -20"><span class='ocrx_word' id='word_1_259' title='bbox 586 3411 630 3458; x_wconf 85' lang='lat'>8.</span> <span class='ocrx_word' id='word_1_260' title='bbox 671 3407 850 3459; x_wconf 81' lang='lat' dir='ltr'>Petere</span> <span class='ocrx_word' id='word_1_261' title='bbox 877 3420 909 3458; x_wconf 91' lang='lat' dir='ltr'>a</span> <span class='ocrx_word' id='word_1_262' title='bbox 934 3409 1173 3473; x_wconf 87' lang='lat' dir='ltr'>proximo</span> <span class='ocrx_word' id='word_1_263' title='bbox 1214 3410 1297 3462; x_wconf 88' lang='lat' dir='ltr'>vel</span> <span class='ocrx_word' id='word_1_264' title='bbox 1347 3411 1628 3464; x_wconf 90' lang='lat' dir='ltr'>consulere</span> <span class='ocrx_word' id='word_1_265' title='bbox 1672 3424 1810 3477; x_wconf 89' lang='lat' dir='ltr'>opus</span> <span class='ocrx_word' id='word_1_266' title='bbox 1845 3411 1991 3478; x_wconf 88' lang='lat' dir='ltr'>quod</span> <span class='ocrx_word' id='word_1_267' title='bbox 2030 3413 2147 3466; x_wconf 90' lang='lat' dir='ltr'>sine</span> 
     </span>
     <span class='ocr_line' id='line_1_40' title="bbox 647 3485 2148 3552; baseline 0.003 -17"><span class='ocrx_word' id='word_1_268' title='bbox 647 3490 865 3549; x_wconf 86' lang='lat' dir='ltr'>peccato</span> <span class='ocrx_word' id='word_1_269' title='bbox 900 3485 1137 3546; x_wconf 75' lang='lat' dir='ltr'>praestari</span> <span class='ocrx_word' id='word_1_270' title='bbox 1173 3486 1373 3552; x_wconf 86' lang='lat' dir='ltr'>nequit,</span> <span class='ocrx_word' id='word_1_271' title='bbox 1405 3494 1483 3539; x_wconf 86' lang='lat' dir='ltr'>est</span> <span class='ocrx_word' id='word_1_272' title='bbox 1515 3488 1713 3540; x_wconf 89' lang='lat' dir='ltr'>malum</span> <span class='ocrx_word' id='word_1_273' title='bbox 1755 3487 1960 3541; x_wconf 85' lang='lat' dir='ltr'>malitia</span> <span class='ocrx_word' id='word_1_274' title='bbox 1988 3503 2148 3542; x_wconf 88' lang='lat' dir='ltr'>scan-</span> 
     </span>
     <span class='ocr_line' id='line_1_41' title="bbox 647 3558 1582 3626; baseline 0.005 -17"><span class='ocrx_word' id='word_1_275' title='bbox 647 3558 772 3618; x_wconf 86' lang='lat' dir='ltr'>dali,</span> <span class='ocrx_word' id='word_1_276' title='bbox 803 3559 919 3611; x_wconf 91' lang='lat' dir='ltr'>ead.</span> <span class='ocrx_word' id='word_1_277' title='bbox 945 3559 1084 3626; x_wconf 90' lang='lat' dir='ltr'>disp.</span> <span class='ocrx_word' id='word_1_278' title='bbox 1109 3565 1191 3621; x_wconf 86' lang='lat'>10,</span> <span class='ocrx_word' id='word_1_279' title='bbox 1219 3567 1345 3614; x_wconf 89' lang='lat' dir='ltr'>sect.</span> <span class='ocrx_word' id='word_1_280' title='bbox 1373 3567 1500 3622; x_wconf 88' lang='grc'><strong>3,11.</strong></span> <span class='ocrx_word' id='word_1_281' title='bbox 1535 3567 1582 3614; x_wconf 91' lang='lat'>1.</span> 
     </span>
    </p>

    <p class='ocr_par' dir='ltr' id='par_1_20' title="bbox 645 3633 2143 3918">
     <span class='ocr_line' id='line_1_42' title="bbox 647 3633 2143 3702; baseline 0.004 -17"><span class='ocrx_word' id='word_1_282' title='bbox 647 3633 777 3694; x_wconf 83' lang='lat' dir='ltr'>Quid</span> <span class='ocrx_word' id='word_1_283' title='bbox 813 3635 856 3686; x_wconf 93' lang='lat' dir='ltr'>si</span> <span class='ocrx_word' id='word_1_284' title='bbox 903 3647 1039 3700; x_wconf 89' lang='lat' dir='ltr'>opus</span> <span class='ocrx_word' id='word_1_285' title='bbox 1087 3635 1226 3688; x_wconf 83' lang='lat' dir='ltr'>licite</span> <span class='ocrx_word' id='word_1_286' title='bbox 1275 3636 1386 3689; x_wconf 82' lang='lat' dir='ltr'>fleri</span> <span class='ocrx_word' id='word_1_287' title='bbox 1423 3639 1607 3702; x_wconf 83' lang='lat' dir='ltr'>possit,</span> <span class='ocrx_word' id='word_1_288' title='bbox 1653 3639 1927 3692; x_wconf 89' lang='lat' dir='ltr'>moraliter</span> <span class='ocrx_word' id='word_1_289' title='bbox 1967 3647 2143 3693; x_wconf 89' lang='lat' dir='ltr'>autem</span> 
     </span>
     <span class='ocr_line' id='line_1_43' title="bbox 645 3711 2000 3779; baseline 0.001 -17"><span class='ocrx_word' id='word_1_290' title='bbox 645 3711 810 3762; x_wconf 86' lang='lat' dir='ltr'>sciam</span> <span class='ocrx_word' id='word_1_291' title='bbox 845 3722 954 3763; x_wconf 90' lang='lat' dir='ltr'>non</span> <span class='ocrx_word' id='word_1_292' title='bbox 983 3711 1100 3763; x_wconf 92' lang='lat' dir='ltr'>sine</span> <span class='ocrx_word' id='word_1_293' title='bbox 1133 3719 1347 3776; x_wconf 88' lang='lat' dir='ltr'>peccato</span> <span class='ocrx_word' id='word_1_294' title='bbox 1381 3713 1490 3766; x_wconf 88' lang='lat' dir='ltr'>fore</span> <span class='ocrx_word' id='word_1_295' title='bbox 1515 3715 1893 3779; x_wconf 81' lang='lat' dir='ltr'>praestandum,</span> <span class='ocrx_word' id='word_1_296' title='bbox 1927 3715 2000 3767; x_wconf 91' lang='lat' dir='ltr'>ih.</span> 
     </span>
     <span class='ocr_line' id='line_1_44' title="bbox 645 3787 2142 3866; baseline 0.005 -28"><span class='ocrx_word' id='word_1_297' title='bbox 645 3787 775 3848; x_wconf 88' lang='lat' dir='ltr'>Quid</span> <span class='ocrx_word' id='word_1_298' title='bbox 799 3787 866 3838; x_wconf 88' lang='lat' dir='ltr'>de</span> <span class='ocrx_word' id='word_1_299' title='bbox 889 3793 1074 3852; x_wconf 88' lang='lat' dir='ltr'>parato</span> <span class='ocrx_word' id='word_1_300' title='bbox 1096 3788 1178 3866; x_wconf 71' lang='lat' dir='ltr'>vel</span> <span class='ocrx_word' id='word_1_301' title='bbox 1207 3801 1315 3840; x_wconf 90' lang='lat' dir='ltr'>non</span> <span class='ocrx_word' id='word_1_302' title='bbox 1343 3796 1526 3855; x_wconf 88' lang='lat' dir='ltr'>parato</span> <span class='ocrx_word' id='word_1_303' title='bbox 1549 3791 1680 3842; x_wconf 87' lang='lat' dir='ltr'>alias</span> <span class='ocrx_word' id='word_1_304' title='bbox 1699 3791 1767 3856; x_wconf 85' lang='lat' dir='ltr'>ad</span> <span class='ocrx_word' id='word_1_305' title='bbox 1795 3793 2142 3857; x_wconf 90' lang='lat' dir='ltr'>peccandum,</span> 
     </span>
     <span class='ocr_line' id='line_1_45' title="bbox 645 3866 992 3918; baseline -0.003 -5"><span class='ocrx_word' id='word_1_306' title='bbox 645 3875 699 3914; x_wconf 87' lang='lat' dir='ltr'>n.</span> <span class='ocrx_word' id='word_1_307' title='bbox 732 3868 779 3918; x_wconf 78' lang='lat'>2.</span> <span class='ocrx_word' id='word_1_308' title='bbox 811 3867 838 3912; x_wconf 82' lang='grc'><strong>3</strong></span> <span class='ocrx_word' id='word_1_309' title='bbox 865 3868 917 3912; x_wconf 86' lang='grc'>61</span> <span class='ocrx_word' id='word_1_310' title='bbox 942 3866 992 3913; x_wconf 89' lang='grc'>4.</span> 
     </span>
    </p>

    <p class='ocr_par' dir='ltr' id='par_1_21' title="bbox 585 3937 2140 4078">
     <span class='ocr_line' id='line_1_46' title="bbox 585 3937 2140 4008; baseline 0.005 -21"><span class='ocrx_word' id='word_1_311' title='bbox 585 3943 634 3990; x_wconf 82' lang='grc'>9.</span> <span class='ocrx_word' id='word_1_312' title='bbox 671 3937 990 3990; x_wconf 86' lang='lat' dir='ltr'>scandalum</span> <span class='ocrx_word' id='word_1_313' title='bbox 1025 3950 1132 3991; x_wconf 89' lang='lat' dir='ltr'>non</span> <span class='ocrx_word' id='word_1_314' title='bbox 1168 3946 1250 3991; x_wconf 89' lang='lat' dir='ltr'>est</span> <span class='ocrx_word' id='word_1_315' title='bbox 1299 3941 1580 3994; x_wconf 86' lang='lat' dir='ltr'>consulere</span> <span class='ocrx_word' id='word_1_316' title='bbox 1625 3947 1809 4006; x_wconf 85' lang='lat' dir='ltr'>parato</span> <span class='ocrx_word' id='word_1_317' title='bbox 1839 3942 1908 3994; x_wconf 89' lang='lat' dir='ltr'>ad</span> <span class='ocrx_word' id='word_1_318' title='bbox 1950 3944 2140 4008; x_wconf 83' lang='lat' dir='ltr'>majus,</span> 
     </span>
     <span class='ocr_line' id='line_1_47' title="bbox 643 4013 1674 4078; baseline 0.005 -14"><span class='ocrx_word' id='word_1_319' title='bbox 643 4019 700 4064; x_wconf 89' lang='lat' dir='ltr'>ut</span> <span class='ocrx_word' id='word_1_320' title='bbox 728 4013 904 4064; x_wconf 88' lang='lat' dir='ltr'>minus</span> <span class='ocrx_word' id='word_1_321' title='bbox 933 4013 1132 4066; x_wconf 90' lang='lat' dir='ltr'>malum</span> <span class='ocrx_word' id='word_1_322' title='bbox 1158 4015 1369 4078; x_wconf 84' lang='lat' dir='ltr'>efficiat,</span> <span class='ocrx_word' id='word_1_323' title='bbox 1389 4016 1508 4069; x_wconf 89' lang='lat' dir='ltr'>eod.</span> <span class='ocrx_word' id='word_1_324' title='bbox 1542 4031 1595 4069; x_wconf 90' lang='lat' dir='ltr'>n.</span> <span class='ocrx_word' id='word_1_325' title='bbox 1628 4022 1674 4069; x_wconf 94' lang='grc'>4.</span> 
     </span>
    </p>

    <p class='ocr_par' dir='ltr' id='par_1_22' title="bbox 583 4087 2141 4535">
     <span class='ocr_line' id='line_1_48' title="bbox 583 4087 2141 4160; baseline 0.005 -21"><span class='ocrx_word' id='word_1_326' title='bbox 583 4093 662 4140; x_wconf 88' lang='grc' dir='ltr'>1ο.</span> <span class='ocrx_word' id='word_1_327' title='bbox 697 4087 839 4154; x_wconf 88' lang='lat' dir='ltr'>Opus</span> <span class='ocrx_word' id='word_1_328' title='bbox 868 4089 934 4142; x_wconf 91' lang='lat' dir='ltr'>de</span> <span class='ocrx_word' id='word_1_329' title='bbox 981 4103 1041 4142; x_wconf 88' lang='lat' dir='ltr'>se</span> <span class='ocrx_word' id='word_1_330' title='bbox 1073 4089 1399 4144; x_wconf 89' lang='lat' dir='ltr'>inductivum</span> <span class='ocrx_word' id='word_1_331' title='bbox 1446 4092 1681 4144; x_wconf 87' lang='lat' dir='ltr'>scandali</span> <span class='ocrx_word' id='word_1_332' title='bbox 1725 4093 1983 4146; x_wconf 89' lang='lat' dir='ltr'>malitiam</span> <span class='ocrx_word' id='word_1_333' title='bbox 2026 4097 2141 4160; x_wconf 87' lang='lat' dir='ltr'>ejus</span> 
     </span>
     <span class='ocr_line' id='line_1_49' title="bbox 643 4164 2141 4224; baseline 0.006 -10"><span class='ocrx_word' id='word_1_334' title='bbox 643 4164 926 4224; x_wconf 85' lang='lat' dir='ltr'>contrahit,</span> <span class='ocrx_word' id='word_1_335' title='bbox 958 4165 1061 4216; x_wconf 89' lang='lat' dir='ltr'>nisi</span> <span class='ocrx_word' id='word_1_336' title='bbox 1101 4179 1162 4218; x_wconf 83' lang='lat' dir='ltr'>ex</span> <span class='ocrx_word' id='word_1_337' title='bbox 1200 4166 1612 4220; x_wconf 84' lang='lat' dir='ltr'>circumstantiis</span> <span class='ocrx_word' id='word_1_338' title='bbox 1643 4169 1730 4222; x_wconf 87' lang='lat' dir='ltr'>hic</span> <span class='ocrx_word' id='word_1_339' title='bbox 1773 4177 1824 4222; x_wconf 90' lang='lat' dir='ltr'>et</span> <span class='ocrx_word' id='word_1_340' title='bbox 1853 4183 1997 4222; x_wconf 91' lang='lat' dir='ltr'>nunc</span> <span class='ocrx_word' id='word_1_341' title='bbox 2022 4183 2141 4223; x_wconf 92' lang='lat' dir='ltr'>mo-</span> 
     </span>
     <span class='ocr_line' id='line_1_50' title="bbox 643 4240 2141 4310; baseline 0.006 -19"><span class='ocrx_word' id='word_1_342' title='bbox 643 4240 826 4292; x_wconf 89' lang='lat' dir='ltr'>raliter</span> <span class='ocrx_word' id='word_1_343' title='bbox 861 4247 1087 4302; x_wconf 87' lang='lat' dir='ltr'>constet,</span> <span class='ocrx_word' id='word_1_344' title='bbox 1125 4243 1326 4295; x_wconf 92' lang='lat' dir='ltr'>nullum</span> <span class='ocrx_word' id='word_1_345' title='bbox 1361 4243 1412 4294; x_wconf 91' lang='lat' dir='ltr'>in</span> <span class='ocrx_word' id='word_1_346' title='bbox 1441 4245 1680 4310; x_wconf 83' lang='lat' dir='ltr'>proximo</span> <span class='ocrx_word' id='word_1_347' title='bbox 1720 4247 1976 4300; x_wconf 88' lang='lat' dir='ltr'>damnum</span> <span class='ocrx_word' id='word_1_348' title='bbox 2007 4258 2141 4300; x_wconf 92' lang='lat' dir='ltr'>con·-</span> 
     </span>
     <span class='ocr_line' id='line_1_51' title="bbox 641 4319 1693 4382; baseline 0.005 -15"><span class='ocrx_word' id='word_1_349' title='bbox 641 4324 965 4381; x_wconf 86' lang='lat' dir='ltr'>secuturum,</span> <span class='ocrx_word' id='word_1_350' title='bbox 998 4319 1147 4382; x_wconf 89' lang='lat' dir='ltr'>ibid.,</span> <span class='ocrx_word' id='word_1_351' title='bbox 1174 4333 1227 4371; x_wconf 90' lang='lat' dir='ltr'>n.</span> <span class='ocrx_word' id='word_1_352' title='bbox 1255 4324 1300 4370; x_wconf 78' lang='grc'>6.</span> <span class='ocrx_word' id='word_1_353' title='bbox 1684 4347 1693 4355; x_wconf 82' lang='lat'><em>-</em></span> 
     </span>
     <span class='ocr_line' id='line_1_52' title="bbox 641 4393 2140 4459; baseline 0.005 -17"><span class='ocrx_word' id='word_1_354' title='bbox 641 4393 770 4443; x_wconf 84' lang='lat' dir='ltr'>item</span> <span class='ocrx_word' id='word_1_355' title='bbox 808 4405 944 4458; x_wconf 88' lang='lat' dir='ltr'>opus</span> <span class='ocrx_word' id='word_1_356' title='bbox 973 4394 1040 4446; x_wconf 91' lang='lat' dir='ltr'>de</span> <span class='ocrx_word' id='word_1_357' title='bbox 1082 4407 1142 4446; x_wconf 89' lang='lat' dir='ltr'>se</span> <span class='ocrx_word' id='word_1_358' title='bbox 1173 4395 1388 4458; x_wconf 87' lang='lat' dir='ltr'>quidem</span> <span class='ocrx_word' id='word_1_359' title='bbox 1431 4395 1764 4459; x_wconf 76' lang='lat' dir='ltr'>indifferenS,</span> <span class='ocrx_word' id='word_1_360' title='bbox 1804 4397 1901 4450; x_wconf 89' lang='lat' dir='ltr'>sed</span> <span class='ocrx_word' id='word_1_361' title='bbox 1943 4397 2140 4451; x_wconf 83' lang='lat' dir='ltr'>sactum</span> 
     </span>
     <span class='ocr_line' id='line_1_53' title="bbox 641 4467 1884 4535; baseline 0.005 -17"><span class='ocrx_word' id='word_1_362' title='bbox 641 4467 823 4521; x_wconf 89' lang='lat' dir='ltr'>animo</span> <span class='ocrx_word' id='word_1_363' title='bbox 852 4469 1140 4522; x_wconf 88' lang='lat' dir='ltr'>inducendi</span> <span class='ocrx_word' id='word_1_364' title='bbox 1163 4470 1385 4523; x_wconf 87' lang='lat' dir='ltr'>alterum</span> <span class='ocrx_word' id='word_1_365' title='bbox 1412 4471 1480 4524; x_wconf 87' lang='lat' dir='ltr'>ad</span> <span class='ocrx_word' id='word_1_366' title='bbox 1507 4472 1725 4535; x_wconf 87' lang='lat' dir='ltr'>malum,</span> <span class='ocrx_word' id='word_1_367' title='bbox 1757 4487 1811 4526; x_wconf 92' lang='lat' dir='ltr'>n.</span> <span class='ocrx_word' id='word_1_368' title='bbox 1837 4481 1884 4526; x_wconf 88' lang='grc'>6.</span> 
     </span>
    </p>

    <p class='ocr_par' dir='ltr' id='par_1_23' title="bbox 579 4543 2141 4684">
     <span class='ocr_line' id='line_1_54' title="bbox 579 4543 2141 4614; baseline 0.008 -21"><span class='ocrx_word' id='word_1_369' title='bbox 579 4547 656 4594; x_wconf 91' lang='grc'>11.</span> <span class='ocrx_word' id='word_1_370' title='bbox 693 4544 835 4608; x_wconf 87' lang='lat' dir='ltr'>Opus</span> <span class='ocrx_word' id='word_1_371' title='bbox 859 4543 926 4597; x_wconf 90' lang='lat' dir='ltr'>de</span> <span class='ocrx_word' id='word_1_372' title='bbox 951 4558 1010 4598; x_wconf 90' lang='lat' dir='ltr'>se</span> <span class='ocrx_word' id='word_1_373' title='bbox 1034 4546 1318 4598; x_wconf 88' lang='lat' dir='ltr'>honestum</span> <span class='ocrx_word' id='word_1_374' title='bbox 1345 4559 1440 4612; x_wconf 89' lang='lat' dir='ltr'>per</span> <span class='ocrx_word' id='word_1_375' title='bbox 1464 4547 1713 4601; x_wconf 91' lang='lat' dir='ltr'>accidens</span> <span class='ocrx_word' id='word_1_376' title='bbox 1743 4556 1914 4614; x_wconf 87' lang='lat' dir='ltr'>potest</span> <span class='ocrx_word' id='word_1_377' title='bbox 1941 4551 2141 4607; x_wconf 88' lang='lat' dir='ltr'>habere</span> 
     </span>
     <span class='ocr_line' id='line_1_55' title="bbox 641 4617 1636 4684; baseline 0.007 -16"><span class='ocrx_word' id='word_1_378' title='bbox 641 4617 894 4670; x_wconf 81' lang='lat' dir='ltr'>malitiam</span> <span class='ocrx_word' id='word_1_379' title='bbox 927 4619 1162 4672; x_wconf 88' lang='lat' dir='ltr'>scandali</span> <span class='ocrx_word' id='word_1_380' title='bbox 1189 4621 1365 4682; x_wconf 86' lang='lat' dir='ltr'>activi,</span> <span class='ocrx_word' id='word_1_381' title='bbox 1395 4622 1488 4684; x_wconf 92' lang='lat' dir='ltr'>ib.,</span> <span class='ocrx_word' id='word_1_382' title='bbox 1513 4636 1566 4674; x_wconf 91' lang='lat' dir='ltr'>n.</span> <span class='ocrx_word' id='word_1_383' title='bbox 1591 4628 1636 4675; x_wconf 85' lang='lat'>8.</span> 
     </span>
    </p>

    <p class='ocr_par' dir='ltr' id='par_1_24' title="bbox 639 4693 2135 4766">
     <span class='ocr_line' id='line_1_56' title="bbox 639 4693 2135 4766; baseline 0.007 -21"><span class='ocrx_word' id='word_1_384' title='bbox 639 4693 772 4754; x_wconf 86' lang='lat' dir='ltr'>Quid</span> <span class='ocrx_word' id='word_1_385' title='bbox 799 4694 866 4746; x_wconf 90' lang='lat' dir='ltr'>de</span> <span class='ocrx_word' id='word_1_386' title='bbox 894 4695 1147 4759; x_wconf 80' lang='lat' dir='ltr'>operibus</span> <span class='ocrx_word' id='word_1_387' title='bbox 1182 4709 1301 4760; x_wconf 82' lang='lat' dir='ltr'>quae</span> <span class='ocrx_word' id='word_1_388' title='bbox 1331 4697 1530 4750; x_wconf 85' lang='lat' dir='ltr'>cadunt</span> <span class='ocrx_word' id='word_1_389' title='bbox 1563 4699 1664 4751; x_wconf 89' lang='lat' dir='ltr'>sub</span> <span class='ocrx_word' id='word_1_390' title='bbox 1697 4707 1981 4766; x_wconf 84' lang='lat' dir='ltr'>praeeepto,</span> <span class='ocrx_word' id='word_1_391' title='bbox 2009 4716 2061 4754; x_wconf 88' lang='lat' dir='ltr'>n.</span> <span class='ocrx_word' id='word_1_392' title='bbox 2087 4709 2135 4756; x_wconf 90' lang='grc'>9.</span> 
     </span>
    </p>

    <p class='ocr_par' dir='ltr' id='par_1_25' title="bbox 579 4771 2136 4914">
     <span class='ocr_line' id='line_1_57' title="bbox 579 4771 2136 4844; baseline 0.008 -24"><span class='ocrx_word' id='word_1_393' title='bbox 579 4774 657 4823; x_wconf 89' lang='grc'>12.</span> <span class='ocrx_word' id='word_1_394' title='bbox 694 4771 1012 4824; x_wconf 85' lang='lat' dir='ltr'>scandalum</span> <span class='ocrx_word' id='word_1_395' title='bbox 1058 4773 1330 4837; x_wconf 90' lang='lat' dir='ltr'>quomodo</span> <span class='ocrx_word' id='word_1_396' title='bbox 1360 4775 1544 4828; x_wconf 85' lang='lat' dir='ltr'>utilius</span> <span class='ocrx_word' id='word_1_397' title='bbox 1594 4779 1740 4830; x_wconf 86' lang='lat' dir='ltr'>nasci</span> <span class='ocrx_word' id='word_1_398' title='bbox 1781 4779 2136 4844; x_wconf 87' lang='lat' dir='ltr'>permittatur,</span> 
     </span>
     <span class='ocr_line' id='line_1_58' title="bbox 638 4848 1495 4914; baseline 0.006 -18"><span class='ocrx_word' id='word_1_399' title='bbox 638 4859 796 4909; x_wconf 86' lang='lat' dir='ltr'>quam</span> <span class='ocrx_word' id='word_1_400' title='bbox 823 4848 1018 4899; x_wconf 85' lang='lat' dir='ltr'>veritas</span> <span class='ocrx_word' id='word_1_401' title='bbox 1051 4848 1397 4914; x_wconf 86' lang='lat' dir='ltr'>relinquatur,</span> <span class='ocrx_word' id='word_1_402' title='bbox 1425 4849 1495 4902; x_wconf 90' lang='lat' dir='ltr'>ib.</span> 
     </span>
    </p>

    <p class='ocr_par' dir='ltr' id='par_1_26' title="bbox 575 4921 2137 5125">
     <span class='ocr_line' id='line_1_59' title="bbox 575 4921 2137 4983; baseline 0.008 -13"><span class='ocrx_word' id='word_1_403' title='bbox 575 4921 654 4970; x_wconf 85' lang='grc'>13.</span> <span class='ocrx_word' id='word_1_404' title='bbox 691 4921 767 4971; x_wconf 76' lang='lat' dir='ltr'>Ad</span> <span class='ocrx_word' id='word_1_405' title='bbox 833 4921 1104 4974; x_wconf 74' lang='lat' dir='ltr'>vitandum</span> <span class='ocrx_word' id='word_1_406' title='bbox 1159 4925 1473 4977; x_wconf 88' lang='lat' dir='ltr'>scandalum</span> <span class='ocrx_word' id='word_1_407' title='bbox 1527 4939 1634 4980; x_wconf 91' lang='lat' dir='ltr'>nou</span> <span class='ocrx_word' id='word_1_408' title='bbox 1685 4933 1894 4980; x_wconf 89' lang='lat' dir='ltr'>tenetur</span> <span class='ocrx_word' id='word_1_409' title='bbox 1945 4929 2137 4983; x_wconf 89' lang='lat' dir='ltr'>mulier</span> 
     </span>
     <span class='ocr_line' id='line_1_60' title="bbox 639 4996 2135 5069; baseline 0.007 -21"><span class='ocrx_word' id='word_1_410' title='bbox 639 4996 883 5049; x_wconf 89' lang='lat' dir='ltr'>omittere</span> <span class='ocrx_word' id='word_1_411' title='bbox 928 5010 1137 5050; x_wconf 87' lang='lat' dir='ltr'>sacrum</span> <span class='ocrx_word' id='word_1_412' title='bbox 1188 5007 1277 5052; x_wconf 86' lang='lat' dir='ltr'>aut</span> <span class='ocrx_word' id='word_1_413' title='bbox 1309 5012 1415 5053; x_wconf 89' lang='lat' dir='ltr'>non</span> <span class='ocrx_word' id='word_1_414' title='bbox 1449 5015 1508 5054; x_wconf 89' lang='grc'>56</span> <span class='ocrx_word' id='word_1_415' title='bbox 1534 5015 1746 5065; x_wconf 84' lang='lat' dir='ltr'>ornare,</span> <span class='ocrx_word' id='word_1_416' title='bbox 1783 5003 1900 5056; x_wconf 89' lang='lat' dir='ltr'>ead.</span> <span class='ocrx_word' id='word_1_417' title='bbox 1935 5013 2064 5059; x_wconf 90' lang='lat' dir='ltr'>sect.</span> <span class='ocrx_word' id='word_1_418' title='bbox 2090 5011 2135 5069; x_wconf 85' lang='grc'>3,</span> 
     </span>
     <span class='ocr_line' id='line_1_61' title="bbox 635 5077 794 5125; baseline 0.006 -1"><span class='ocrx_word' id='word_1_419' title='bbox 635 5086 689 5124; x_wconf 87' lang='lat' dir='ltr'>n.</span> <span class='ocrx_word' id='word_1_420' title='bbox 719 5077 794 5125; x_wconf 86' lang='lat'>10.</span> 
     </span>
    </p>

    <p class='ocr_par' dir='ltr' id='par_1_27' title="bbox 635 5150 2139 5436">
     <span class='ocr_line' id='line_1_62' title="bbox 635 5150 2139 5223; baseline 0.007 -23"><span class='ocrx_word' id='word_1_421' title='bbox 635 5151 714 5200; x_wconf 78' lang='lat' dir='ltr'>An</span> <span class='ocrx_word' id='word_1_422' title='bbox 749 5155 990 5201; x_wconf 89' lang='lat' dir='ltr'>teneatur</span> <span class='ocrx_word' id='word_1_423' title='bbox 1025 5150 1145 5215; x_wconf 87' lang='lat' dir='ltr'>quis</span> <span class='ocrx_word' id='word_1_424' title='bbox 1190 5153 1592 5216; x_wconf 64' lang='lat' dir='ltr'>praetermittere</span> <span class='ocrx_word' id='word_1_425' title='bbox 1631 5155 1772 5207; x_wconf 92' lang='lat' dir='ltr'>bona</span> <span class='ocrx_word' id='word_1_426' title='bbox 1803 5159 2139 5223; x_wconf 90' lang='lat' dir='ltr'>temporalia,</span> 
     </span>
     <span class='ocr_line' id='line_1_63' title="bbox 638 5224 1391 5292; baseline 0.004 -16"><span class='ocrx_word' id='word_1_427' title='bbox 638 5237 704 5276; x_wconf 90' lang='lat' dir='ltr'>ne</span> <span class='ocrx_word' id='word_1_428' title='bbox 733 5224 1044 5277; x_wconf 85' lang='lat' dir='ltr'>scandalum</span> <span class='ocrx_word' id='word_1_429' title='bbox 1077 5227 1294 5292; x_wconf 84' lang='lat' dir='ltr'>oriatur,</span> <span class='ocrx_word' id='word_1_430' title='bbox 1323 5228 1391 5279; x_wconf 91' lang='lat' dir='ltr'>ib.</span> 
     </span>
     <span class='ocr_line' id='line_1_64' title="bbox 635 5301 2134 5373; baseline 0.009 -24"><span class='ocrx_word' id='word_1_431' title='bbox 635 5303 713 5350; x_wconf 79' lang='lat' dir='ltr'>An</span> <span class='ocrx_word' id='word_1_432' title='bbox 739 5301 918 5365; x_wconf 85' lang='lat' dir='ltr'>potius</span> <span class='ocrx_word' id='word_1_433' title='bbox 944 5301 1078 5354; x_wconf 81' lang='lat' dir='ltr'>fame</span> <span class='ocrx_word' id='word_1_434' title='bbox 1118 5303 1294 5368; x_wconf 87' lang='lat' dir='ltr'>perire</span> <span class='ocrx_word' id='word_1_435' title='bbox 1321 5318 1480 5370; x_wconf 86' lang='lat' dir='ltr'>quam</span> <span class='ocrx_word' id='word_1_436' title='bbox 1513 5304 1646 5358; x_wconf 89' lang='lat' dir='ltr'>cibis</span> <span class='ocrx_word' id='word_1_437' title='bbox 1673 5307 1750 5359; x_wconf 87' lang='lat' dir='ltr'>uti</span> <span class='ocrx_word' id='word_1_438' title='bbox 1784 5308 2134 5373; x_wconf 76' lang='lat' dir='ltr'>scandalosiS,</span> 
     </span>
     <span class='ocr_line' id='line_1_65' title="bbox 635 5373 916 5436; baseline 0.007 -11"><span class='ocrx_word' id='word_1_439' title='bbox 635 5373 729 5436; x_wconf 91' lang='lat' dir='ltr'>ib.,</span> <span class='ocrx_word' id='word_1_440' title='bbox 757 5389 809 5427; x_wconf 90' lang='lat' dir='ltr'>n.</span> <span class='ocrx_word' id='word_1_441' title='bbox 838 5381 916 5427; x_wconf 80' lang='lat'>10:</span> 
     </span>
    </p>

    <p class='ocr_par' dir='ltr' id='par_1_28' title="bbox 573 5450 2136 5521">
     <span class='ocr_line' id='line_1_66' title="bbox 573 5450 2136 5521; baseline 0.008 -21"><span class='ocrx_word' id='word_1_442' title='bbox 573 5453 652 5501; x_wconf 89' lang='grc'><strong>14.</strong></span> <span class='ocrx_word' id='word_1_443' title='bbox 687 5450 906 5512; x_wconf 89' lang='lat' dir='ltr'>Quando</span> <span class='ocrx_word' id='word_1_444' title='bbox 930 5452 997 5502; x_wconf 91' lang='lat' dir='ltr'>sit</span> <span class='ocrx_word' id='word_1_445' title='bbox 1027 5461 1300 5516; x_wconf 85' lang='lat' dir='ltr'>peccatum</span> <span class='ocrx_word' id='word_1_446' title='bbox 1339 5455 1575 5508; x_wconf 86' lang='lat' dir='ltr'>scandali</span> <span class='ocrx_word' id='word_1_447' title='bbox 1603 5457 1856 5521; x_wconf 87' lang='lat' dir='ltr'>vendere,</span> <span class='ocrx_word' id='word_1_448' title='bbox 1891 5457 1972 5510; x_wconf 89' lang='lat' dir='ltr'>vel</span> <span class='ocrx_word' id='word_1_449' title='bbox 2005 5457 2136 5513; x_wconf 87' lang='lat' dir='ltr'>dare</span> 
     </span>
    </p>
   </div>
   <div class='ocr_carea' id='block_1_5' title="bbox 633 5526 2129 5664">
    <p class='ocr_par' dir='ltr' id='par_1_29' title="bbox 633 5526 2129 5664">
     <span class='ocr_line' id='line_1_67' title="bbox 633 5526 2129 5602; baseline 0.008 -28"><span class='ocrx_word' id='word_1_450' title='bbox 633 5526 780 5576; x_wconf 87' lang='lat' dir='ltr'>atteri</span> <span class='ocrx_word' id='word_1_451' title='bbox 814 5538 923 5577; x_wconf 88' lang='lat' dir='ltr'>rem</span> <span class='ocrx_word' id='word_1_452' title='bbox 951 5539 1058 5590; x_wconf 87' lang='lat' dir='ltr'>qna</span> <span class='ocrx_word' id='word_1_453' title='bbox 1085 5529 1222 5580; x_wconf 89' lang='lat' dir='ltr'>mate</span> <span class='ocrx_word' id='word_1_454' title='bbox 1247 5536 1327 5582; x_wconf 89' lang='lat' dir='ltr'>est</span> <span class='ocrx_word' id='word_1_455' title='bbox 1355 5535 1566 5595; x_wconf 80' lang='lat' dir='ltr'>usurus,</span> <span class='ocrx_word' id='word_1_456' title='bbox 1589 5539 1740 5586; x_wconf 86' lang='lat' dir='ltr'>tract.</span> <span class='ocrx_word' id='word_1_457' title='bbox 1786 5539 1832 5596; x_wconf 94' lang='grc'>3,</span> <span class='ocrx_word' id='word_1_458' title='bbox 1875 5533 2015 5602; x_wconf 86' lang='lat' dir='ltr'>disp.</span> <span class='ocrx_word' id='word_1_459' title='bbox 2048 5539 2129 5598; x_wconf 89' lang='lat'>10,</span> 
     </span>
     <span class='ocr_line' id='line_1_68' title="bbox 633 5605 1810 5664; baseline 0.006 -13"><span class='ocrx_word' id='word_1_460' title='bbox 633 5607 762 5652; x_wconf 84' lang='lat' dir='ltr'>sect.</span> <span class='ocrx_word' id='word_1_461' title='bbox 788 5605 833 5664; x_wconf 90' lang='grc'><strong>4,</strong></span> <span class='ocrx_word' id='word_1_462' title='bbox 859 5615 890 5653; x_wconf 90' lang='grc'>6</span> <span class='ocrx_word' id='word_1_463' title='bbox 910 5615 963 5654; x_wconf 92' lang='lat' dir='ltr'>n.</span> <span class='ocrx_word' id='word_1_464' title='bbox 987 5606 1034 5654; x_wconf 91' lang='lat'>1.</span> <span class='ocrx_word' id='word_1_465' title='bbox 1803 5625 1810 5632; x_wconf 96' lang='lat'>·</span> 
     </span>
    </p>
   </div>
   <div class='ocr_carea' id='block_1_6' title="bbox 2314 507 3765 734">
    <p class='ocr_par' dir='ltr' id='par_1_30' title="bbox 2314 507 3765 734">
     <span class='ocr_line' id='line_1_69' title="bbox 2317 507 3765 581; baseline 0.016 -23"><span class='ocrx_word' id='word_1_466' title='bbox 2317 507 2449 569; x_wconf 87' lang='lat' dir='ltr'>Quid</span> <span class='ocrx_word' id='word_1_467' title='bbox 2483 507 2529 560; x_wconf 88' lang='lat' dir='ltr'>si</span> <span class='ocrx_word' id='word_1_468' title='bbox 2576 521 2661 562; x_wconf 85' lang='lat' dir='ltr'>res</span> <span class='ocrx_word' id='word_1_469' title='bbox 2689 509 2758 562; x_wconf 89' lang='lat' dir='ltr'>sit</span> <span class='ocrx_word' id='word_1_470' title='bbox 2788 509 3116 574; x_wconf 79' lang='lat' dir='ltr'>indifferens,</span> <span class='ocrx_word' id='word_1_471' title='bbox 3154 520 3205 567; x_wconf 89' lang='lat' dir='ltr'>et</span> <span class='ocrx_word' id='word_1_472' title='bbox 3231 513 3493 570; x_wconf 84' lang='lat' dir='ltr'>venditor</span> <span class='ocrx_word' id='word_1_473' title='bbox 3530 519 3651 574; x_wconf 87' lang='lat' dir='ltr'>nihil</span> <span class='ocrx_word' id='word_1_474' title='bbox 3676 527 3765 581; x_wconf 64' lang='lat' dir='ltr'>scat</span> 
     </span>
     <span class='ocr_line' id='line_1_70' title="bbox 2316 583 3289 653; baseline 0.009 -19"><span class='ocrx_word' id='word_1_475' title='bbox 2316 583 2383 635; x_wconf 89' lang='lat' dir='ltr'>de</span> <span class='ocrx_word' id='word_1_476' title='bbox 2408 584 2701 638; x_wconf 89' lang='lat' dir='ltr'>intentione</span> <span class='ocrx_word' id='word_1_477' title='bbox 2730 589 3005 653; x_wconf 89' lang='lat' dir='ltr'>emptoris,</span> <span class='ocrx_word' id='word_1_478' title='bbox 3030 589 3121 650; x_wconf 89' lang='lat' dir='ltr'>ib.,</span> <span class='ocrx_word' id='word_1_479' title='bbox 3148 605 3202 642; x_wconf 92' lang='lat' dir='ltr'>n.</span> <span class='ocrx_word' id='word_1_480' title='bbox 3237 597 3289 644; x_wconf 83' lang='lat'>3.</span> 
     </span>
     <span class='ocr_line' id='line_1_71' title="bbox 2314 659 3765 734; baseline 0.014 -24"><span class='ocrx_word' id='word_1_481' title='bbox 2314 659 2446 722; x_wconf 85' lang='lat' dir='ltr'>Quid</span> <span class='ocrx_word' id='word_1_482' title='bbox 2472 660 2515 712; x_wconf 90' lang='lat' dir='ltr'>si</span> <span class='ocrx_word' id='word_1_483' title='bbox 2550 661 2681 714; x_wconf 89' lang='lat' dir='ltr'>sciat</span> <span class='ocrx_word' id='word_1_484' title='bbox 2708 661 2821 715; x_wconf 84' lang='lat' dir='ltr'>fore</span> <span class='ocrx_word' id='word_1_485' title='bbox 2856 670 2913 716; x_wconf 91' lang='lat' dir='ltr'>ut</span> <span class='ocrx_word' id='word_1_486' title='bbox 2940 671 3149 730; x_wconf 82' lang='lat' dir='ltr'>emptor</span> <span class='ocrx_word' id='word_1_487' title='bbox 3189 680 3251 720; x_wconf 90' lang='lat' dir='ltr'>ea</span> <span class='ocrx_word' id='word_1_488' title='bbox 3300 669 3448 722; x_wconf 87' lang='lat' dir='ltr'>male</span> <span class='ocrx_word' id='word_1_489' title='bbox 3476 675 3655 734; x_wconf 84' lang='lat' dir='ltr'>utatur,</span> <span class='ocrx_word' id='word_1_490' title='bbox 3674 691 3717 728; x_wconf 89' lang='grc'>11.</span> <span class='ocrx_word' id='word_1_491' title='bbox 3734 687 3765 731; x_wconf 72' lang='lat' dir='ltr'>t.</span> 
     </span>
    </p>
   </div>
   <div class='ocr_carea' id='block_1_7' title="bbox 2252 736 3762 874">
    <p class='ocr_par' dir='ltr' id='par_1_31' title="bbox 2252 736 3762 874">
     <span class='ocr_line' id='line_1_72' title="bbox 2252 736 3762 812; baseline 0.014 -28"><span class='ocrx_word' id='word_1_492' title='bbox 2252 738 2328 786; x_wconf 81' lang='lat'>15.</span> <span class='ocrx_word' id='word_1_493' title='bbox 2365 736 2679 789; x_wconf 88' lang='lat' dir='ltr'>scandalum</span> <span class='ocrx_word' id='word_1_494' title='bbox 2718 751 2785 790; x_wconf 90' lang='lat' dir='ltr'>an</span> <span class='ocrx_word' id='word_1_495' title='bbox 2816 739 2884 794; x_wconf 88' lang='lat' dir='ltr'>sit</span> <span class='ocrx_word' id='word_1_496' title='bbox 2914 742 3143 796; x_wconf 86' lang='lat' dir='ltr'>vendere</span> <span class='ocrx_word' id='word_1_497' title='bbox 3174 757 3330 798; x_wconf 89' lang='lat' dir='ltr'>arma</span> <span class='ocrx_word' id='word_1_498' title='bbox 3368 745 3566 812; x_wconf 81' lang='lat' dir='ltr'>injuste</span> <span class='ocrx_word' id='word_1_499' title='bbox 3600 747 3762 808; x_wconf 67' lang='lat' dir='ltr'>bellan·</span> 
     </span>
     <span class='ocr_line' id='line_1_73' title="bbox 2310 811 2993 874; baseline 0.012 -13"><span class='ocrx_word' id='word_1_500' title='bbox 2310 811 2469 874; x_wconf 86' lang='lat' dir='ltr'>tibus,</span> <span class='ocrx_word' id='word_1_501' title='bbox 2494 813 2611 866; x_wconf 88' lang='lat' dir='ltr'>ead.</span> <span class='ocrx_word' id='word_1_502' title='bbox 2642 820 2770 867; x_wconf 90' lang='lat' dir='ltr'>sect.</span> <span class='ocrx_word' id='word_1_503' title='bbox 2799 820 2845 874; x_wconf 84' lang='grc'>4,</span> <span class='ocrx_word' id='word_1_504' title='bbox 2871 829 2923 867; x_wconf 90' lang='grc'>11.</span> <span class='ocrx_word' id='word_1_505' title='bbox 2948 823 2993 869; x_wconf 82' lang='lat'>5.</span> 
     </span>
    </p>
   </div>
   <div class='ocr_carea' id='block_1_8' title="bbox 2308 887 3241 954">
    <p class='ocr_par' dir='ltr' id='par_1_32' title="bbox 2308 887 3241 954">
     <span class='ocr_line' id='line_1_74' title="bbox 2308 887 3241 954; baseline 0.01 -17"><span class='ocrx_word' id='word_1_506' title='bbox 2308 888 2386 939; x_wconf 77' lang='lat' dir='ltr'>An</span> <span class='ocrx_word' id='word_1_507' title='bbox 2412 887 2588 942; x_wconf 88' lang='lat' dir='ltr'>locare</span> <span class='ocrx_word' id='word_1_508' title='bbox 2607 889 2826 943; x_wconf 87' lang='lat' dir='ltr'>domum</span> <span class='ocrx_word' id='word_1_509' title='bbox 2860 893 3140 954; x_wconf 89' lang='lat' dir='ltr'>meretrici,</span> <span class='ocrx_word' id='word_1_510' title='bbox 3168 895 3241 946; x_wconf 91' lang='lat' dir='ltr'>ib.</span> 
     </span>
    </p>
   </div>
   <div class='ocr_carea' id='block_1_9' title="bbox 2308 965 3765 1038">
    <p class='ocr_par' dir='ltr' id='par_1_33' title="bbox 2308 965 3765 1038">
     <span class='ocr_line' id='line_1_75' title="bbox 2308 965 3765 1038; baseline 0.016 -24"><span class='ocrx_word' id='word_1_511' title='bbox 2308 967 2387 1017; x_wconf 77' lang='lat' dir='ltr'>An</span> <span class='ocrx_word' id='word_1_512' title='bbox 2414 965 2717 1020; x_wconf 87' lang='lat' dir='ltr'>ministrare</span> <span class='ocrx_word' id='word_1_513' title='bbox 2756 967 2889 1022; x_wconf 90' lang='lat' dir='ltr'>hero</span> <span class='ocrx_word' id='word_1_514' title='bbox 2934 969 3021 1022; x_wconf 83' lang='lat' dir='ltr'>vei</span> <span class='ocrx_word' id='word_1_515' title='bbox 3060 970 3280 1025; x_wconf 88' lang='lat' dir='ltr'>domino</span> <span class='ocrx_word' id='word_1_516' title='bbox 3326 973 3489 1028; x_wconf 88' lang='lat' dir='ltr'>cibos</span> <span class='ocrx_word' id='word_1_517' title='bbox 3523 977 3695 1032; x_wconf 80' lang='lat' dir='ltr'>vetitos</span> <span class='ocrx_word' id='word_1_518' title='bbox 3730 983 3765 1038; x_wconf 84' lang='lat' dir='ltr'>in</span> 
     </span>
    </p>
   </div>
   <div class='ocr_carea' id='block_1_10' title="bbox 2249 1038 3765 1192">
    <p class='ocr_par' dir='ltr' id='par_1_34' title="bbox 2249 1038 3765 1192">
     <span class='ocr_line' id='line_1_76' title="bbox 2308 1038 2723 1107; baseline 0.014 -18"><span class='ocrx_word' id='word_1_519' title='bbox 2308 1038 2394 1093; x_wconf 90' lang='lat' dir='ltr'>die</span> <span class='ocrx_word' id='word_1_520' title='bbox 2417 1041 2624 1107; x_wconf 83' lang='lat' dir='ltr'>jejunii,</span> <span class='ocrx_word' id='word_1_521' title='bbox 2651 1043 2723 1095; x_wconf 89' lang='lat' dir='ltr'>ib.</span> 
     </span>
     <span class='ocr_line' id='line_1_77' title="bbox 2249 1117 3765 1192; baseline 0.011 -25"><span class='ocrx_word' id='word_1_522' title='bbox 2249 1119 2326 1167; x_wconf 91' lang='grc'>16.</span> <span class='ocrx_word' id='word_1_523' title='bbox 2364 1117 2681 1171; x_wconf 87' lang='lat' dir='ltr'>scandalum</span> <span class='ocrx_word' id='word_1_524' title='bbox 2705 1132 2773 1172; x_wconf 88' lang='lat' dir='ltr'>an</span> <span class='ocrx_word' id='word_1_525' title='bbox 2796 1120 2863 1172; x_wconf 89' lang='lat' dir='ltr'>sit</span> <span class='ocrx_word' id='word_1_526' title='bbox 2888 1121 3121 1175; x_wconf 84' lang='lat' dir='ltr'>vendere</span> <span class='ocrx_word' id='word_1_527' title='bbox 3156 1135 3267 1176; x_wconf 92' lang='lat' dir='ltr'>rem</span> <span class='ocrx_word' id='word_1_528' title='bbox 3308 1125 3551 1190; x_wconf 80' lang='lat' dir='ltr'>positive</span> <span class='ocrx_word' id='word_1_529' title='bbox 3574 1131 3765 1192; x_wconf 82' lang='lat' dir='ltr'>prohihi-</span> 
     </span>
    </p>
   </div>
   <div class='ocr_carea' id='block_1_11' title="bbox 2312 1195 3854 1266">
    <p class='ocr_par' dir='ltr' id='par_1_35' title="bbox 2312 1195 3854 1266">
     <span class='ocr_line' id='line_1_78' title="bbox 2312 1195 3854 1266; baseline 0.014 -23"><span class='ocrx_word' id='word_1_530' title='bbox 2312 1199 2437 1257; x_wconf 87' lang='lat' dir='ltr'>tam,</span> <span class='ocrx_word' id='word_1_531' title='bbox 2470 1195 2677 1249; x_wconf 89' lang='lat' dir='ltr'>etiamsi</span> <span class='ocrx_word' id='word_1_532' title='bbox 2702 1203 2905 1249; x_wconf 87' lang='lat' dir='ltr'>constet</span> <span class='ocrx_word' id='word_1_533' title='bbox 2934 1206 3228 1266; x_wconf 87' lang='lat' dir='ltr'>emptorem</span> <span class='ocrx_word' id='word_1_534' title='bbox 3272 1212 3391 1254; x_wconf 87' lang='lat' dir='ltr'>non</span> <span class='ocrx_word' id='word_1_535' title='bbox 3420 1202 3563 1255; x_wconf 86' lang='lat' dir='ltr'>male</span> <span class='ocrx_word' id='word_1_536' title='bbox 3588 1215 3645 1257; x_wconf 85' lang='grc'>66</span> <span class='ocrx_word' id='word_1_537' title='bbox 3668 1221 3760 1261; x_wconf 83' lang='grc'><strong>11511-</strong></span> <span class='ocrx_word' id='word_1_538' title='bbox 3853 1213 3854 1264; x_wconf 56' lang='lat' dir='ltr'>t</span> 
     </span>
    </p>
   </div>
   <div class='ocr_carea' id='block_1_12' title="bbox 2310 1270 2726 1334">
    <p class='ocr_par' dir='ltr' id='par_1_36' title="bbox 2310 1270 2726 1334">
     <span class='ocr_line' id='line_1_79' title="bbox 2310 1270 2726 1334; baseline 0.005 -14"><span class='ocrx_word' id='word_1_539' title='bbox 2310 1281 2447 1331; x_wconf 91' lang='lat' dir='ltr'>rum,</span> <span class='ocrx_word' id='word_1_540' title='bbox 2470 1270 2562 1334; x_wconf 89' lang='lat' dir='ltr'>ib.,</span> <span class='ocrx_word' id='word_1_541' title='bbox 2588 1285 2642 1323; x_wconf 93' lang='lat' dir='ltr'>n.</span> <span class='ocrx_word' id='word_1_542' title='bbox 2672 1277 2726 1323; x_wconf 88' lang='grc'><strong>6.</strong></span> 
     </span>
    </p>
   </div>
   <div class='ocr_carea' id='block_1_13' title="bbox 2308 1344 3854 1428">
    <p class='ocr_par' dir='ltr' id='par_1_37' title="bbox 2308 1344 3854 1428">
     <span class='ocr_line' id='line_1_80' title="bbox 2308 1344 3854 1428; baseline 0.01 -33"><span class='ocrx_word' id='word_1_543' title='bbox 2308 1344 2440 1406; x_wconf 87' lang='lat' dir='ltr'>Quid</span> <span class='ocrx_word' id='word_1_544' title='bbox 2465 1345 2534 1399; x_wconf 88' lang='lat' dir='ltr'>de</span> <span class='ocrx_word' id='word_1_545' title='bbox 2554 1347 2938 1414; x_wconf 84' lang='lat' dir='ltr'>remigantibus</span> <span class='ocrx_word' id='word_1_546' title='bbox 2960 1358 3162 1404; x_wconf 87' lang='lat' dir='ltr'>contra.</span> <span class='ocrx_word' id='word_1_547' title='bbox 3184 1352 3551 1417; x_wconf 83' lang='lat' dir='ltr'>Christianos,</span> <span class='ocrx_word' id='word_1_548' title='bbox 3570 1363 3619 1407; x_wconf 89' lang='grc'>61</span> <span class='ocrx_word' id='word_1_549' title='bbox 3630 1357 3765 1410; x_wconf 78' lang='lat' dir='ltr'>aedifi-</span> <span class='ocrx_word' id='word_1_550' title='bbox 3853 1425 3854 1428; x_wconf 7' lang='grc' dir='ltr'><strong>Ἴ</strong></span> 
     </span>
    </p>
   </div>
   <div class='ocr_carea' id='block_1_14' title="bbox 2245 1421 3759 1570">
    <p class='ocr_par' dir='ltr' id='par_1_38' title="bbox 2245 1421 3759 1570">
     <span class='ocr_line' id='line_1_81' title="bbox 2310 1421 3279 1489; baseline 0.007 -17"><span class='ocrx_word' id='word_1_551' title='bbox 2310 1421 2555 1474; x_wconf 85' lang='lat' dir='ltr'>cantibus</span> <span class='ocrx_word' id='word_1_552' title='bbox 2576 1425 2835 1489; x_wconf 84' lang='lat' dir='ltr'>templum</span> <span class='ocrx_word' id='word_1_553' title='bbox 2866 1426 3013 1481; x_wconf 92' lang='lat' dir='ltr'>idoli.</span> <span class='ocrx_word' id='word_1_554' title='bbox 3037 1428 3129 1485; x_wconf 85' lang='lat' dir='ltr'>ib..</span> <span class='ocrx_word' id='word_1_555' title='bbox 3153 1441 3207 1479; x_wconf 90' lang='lat' dir='ltr'>n.</span> <span class='ocrx_word' id='word_1_556' title='bbox 3233 1435 3279 1479; x_wconf 88' lang='grc'>’1.</span> 
     </span>
     <span class='ocr_line' id='line_1_82' title="bbox 2245 1497 3759 1570; baseline 0.009 -23"><span class='ocrx_word' id='word_1_557' title='bbox 2245 1501 2324 1548; x_wconf 84' lang='grc'>17.</span> <span class='ocrx_word' id='word_1_558' title='bbox 2358 1497 2675 1551; x_wconf 85' lang='lat' dir='ltr'>scandalum</span> <span class='ocrx_word' id='word_1_559' title='bbox 2704 1502 2976 1565; x_wconf 86' lang='lat' dir='ltr'>quomodo</span> <span class='ocrx_word' id='word_1_560' title='bbox 3024 1505 3300 1568; x_wconf 87' lang='lat' dir='ltr'>proprium</span> <span class='ocrx_word' id='word_1_561' title='bbox 3346 1505 3759 1570; x_wconf 78' lang='lat' dir='ltr'>imperfectorum,</span> 
     </span>
    </p>
   </div>
   <div class='ocr_carea' id='block_1_15' title="bbox 2307 1575 3854 1644">
    <p class='ocr_par' dir='ltr' id='par_1_39' title="bbox 2307 1575 3854 1644">
     <span class='ocr_line' id='line_1_83' title="bbox 2307 1575 3854 1644; baseline 0.01 -20"><span class='ocrx_word' id='word_1_562' title='bbox 2307 1588 2357 1624; x_wconf 92' lang='lat' dir='ltr'>n.</span> <span class='ocrx_word' id='word_1_563' title='bbox 2392 1579 2450 1636; x_wconf 69' lang='grc' dir='ltr'>ες</span> <span class='ocrx_word' id='word_1_564' title='bbox 2480 1575 2787 1629; x_wconf 88' lang='lat' dir='ltr'>scandalum</span> <span class='ocrx_word' id='word_1_565' title='bbox 2837 1577 2973 1630; x_wconf 88' lang='lat' dir='ltr'>dans</span> <span class='ocrx_word' id='word_1_566' title='bbox 3019 1579 3415 1644; x_wconf 85' lang='lat' dir='ltr'>damnificanti,</span> <span class='ocrx_word' id='word_1_567' title='bbox 3453 1595 3523 1634; x_wconf 89' lang='lat' dir='ltr'>an</span> <span class='ocrx_word' id='word_1_568' title='bbox 3568 1591 3760 1638; x_wconf 82' lang='lat' dir='ltr'>teneatur</span> <span class='ocrx_word' id='word_1_569' title='bbox 3853 1621 3854 1630; x_wconf 59' lang='lat'>.</span> 
     </span>
    </p>
   </div>
   <div class='ocr_carea' id='block_1_16' title="bbox 2304 1649 2621 1714">
    <p class='ocr_par' dir='ltr' id='par_1_40' title="bbox 2304 1649 2621 1714">
     <span class='ocr_line' id='line_1_84' title="bbox 2304 1649 2621 1714; baseline 0.003 -10"><span class='ocrx_word' id='word_1_570' title='bbox 2304 1649 2521 1714; x_wconf 87' lang='lat' dir='ltr'>damno,</span> <span class='ocrx_word' id='word_1_571' title='bbox 2548 1653 2621 1705; x_wconf 90' lang='lat' dir='ltr'>ib.</span> 
     </span>
    </p>
   </div>
   <div class='ocr_carea' id='block_1_17' title="bbox 2770 1785 3251 1837">
    <p class='ocr_par' dir='ltr' id='par_1_41' title="bbox 2770 1785 3251 1837">
     <span class='ocr_line' id='line_1_85' title="bbox 2770 1785 3251 1837; baseline 0.004 -13"><span class='ocrx_word' id='word_1_572' title='bbox 2770 1785 2975 1837; x_wconf 69' lang='lat' dir='ltr'>actutu,</span> <span class='ocrx_word' id='word_1_573' title='bbox 3008 1787 3251 1830; x_wconf 70' lang='lat' dir='ltr'>sclua-ta.</span> 
     </span>
    </p>
   </div>
   <div class='ocr_carea' id='block_1_18' title="bbox 2242 1881 3757 2025">
    <p class='ocr_par' dir='ltr' id='par_1_42' title="bbox 2242 1881 3757 2025">
     <span class='ocr_line' id='line_1_86' title="bbox 2242 1881 3757 1958; baseline 0.01 -28"><span class='ocrx_word' id='word_1_574' title='bbox 2242 1883 2286 1930; x_wconf 90' lang='lat'>1.</span> <span class='ocrx_word' id='word_1_575' title='bbox 2322 1881 2514 1935; x_wconf 84' lang='lat' dir='ltr'>scibile</span> <span class='ocrx_word' id='word_1_576' title='bbox 2562 1884 2842 1950; x_wconf 90' lang='lat' dir='ltr'>dupliciter</span> <span class='ocrx_word' id='word_1_577' title='bbox 2894 1894 3067 1958; x_wconf 80' lang='lat' dir='ltr'>potest</span> <span class='ocrx_word' id='word_1_578' title='bbox 3123 1888 3471 1942; x_wconf 87' lang='lat' dir='ltr'>denominari</span> <span class='ocrx_word' id='word_1_579' title='bbox 3521 1890 3757 1958; x_wconf 78' lang='lat' dir='ltr'>objectum,</span> 
     </span>
     <span class='ocr_line' id='line_1_87' title="bbox 2303 1959 3147 2025; baseline 0.011 -18"><span class='ocrx_word' id='word_1_580' title='bbox 2303 1964 2451 2010; x_wconf 87' lang='grc'><strong>11661.</strong></span> <span class='ocrx_word' id='word_1_581' title='bbox 2478 1965 2523 2022; x_wconf 90' lang='grc'>1,</span> <span class='ocrx_word' id='word_1_582' title='bbox 2548 1959 2687 2025; x_wconf 91' lang='lat' dir='ltr'>disp.</span> <span class='ocrx_word' id='word_1_583' title='bbox 2713 1965 2760 2022; x_wconf 84' lang='grc'>3,</span> <span class='ocrx_word' id='word_1_584' title='bbox 2784 1969 2911 2014; x_wconf 88' lang='grc'><strong>5661.</strong></span> <span class='ocrx_word' id='word_1_585' title='bbox 2944 1969 2991 2025; x_wconf 87' lang='grc'>2,</span> <span class='ocrx_word' id='word_1_586' title='bbox 3018 1978 3071 2016; x_wconf 84' lang='grc'>11.</span> <span class='ocrx_word' id='word_1_587' title='bbox 3100 1971 3147 2016; x_wconf 89' lang='lat'>7.</span> 
     </span>
    </p>
   </div>
   <div class='ocr_carea' id='block_1_19' title="bbox 2238 2033 3286 2102">
    <p class='ocr_par' dir='ltr' id='par_1_43' title="bbox 2238 2033 3286 2102">
     <span class='ocr_line' id='line_1_88' title="bbox 2238 2033 3286 2102; baseline 0.01 -20"><span class='ocrx_word' id='word_1_588' title='bbox 2238 2037 2287 2082; x_wconf 88' lang='grc'>2.</span> <span class='ocrx_word' id='word_1_589' title='bbox 2323 2033 2565 2100; x_wconf 88' lang='lat' dir='ltr'>scientia,</span> <span class='ocrx_word' id='word_1_590' title='bbox 2594 2036 2712 2089; x_wconf 91' lang='lat' dir='ltr'>vide</span> <span class='ocrx_word' id='word_1_591' title='bbox 2734 2053 2864 2089; x_wconf 72' lang='lat' dir='ltr'>rinei</span> <span class='ocrx_word' id='word_1_592' title='bbox 2895 2053 3064 2102; x_wconf 70' lang='lat' dir='ltr'>Aeros,</span> <span class='ocrx_word' id='word_1_593' title='bbox 3092 2053 3122 2092; x_wconf 84' lang='lat' dir='ltr'>u</span> <span class='ocrx_word' id='word_1_594' title='bbox 3154 2053 3206 2093; x_wconf 92' lang='lat' dir='ltr'>n.</span> <span class='ocrx_word' id='word_1_595' title='bbox 3239 2045 3286 2092; x_wconf 86' lang='lat'>8.</span> 
     </span>
    </p>
   </div>
   <div class='ocr_carea' id='block_1_20' title="bbox 2708 2169 3335 2220">
    <p class='ocr_par' dir='ltr' id='par_1_44' title="bbox 2708 2169 3335 2220">
     <span class='ocr_line' id='line_1_89' title="bbox 2708 2169 3335 2220; baseline 0.006 -14"><span class='ocrx_word' id='word_1_596' title='bbox 2708 2169 2930 2220; x_wconf 69' lang='lat' dir='ltr'>senisu,</span> <span class='ocrx_word' id='word_1_597' title='bbox 2966 2169 3335 2210; x_wconf 67' lang='lat' dir='ltr'>scitisuartcns.</span> 
     </span>
    </p>
   </div>
   <div class='ocr_carea' id='block_1_21' title="bbox 2222 2261 3807 4611">
    <p class='ocr_par' dir='ltr' id='par_1_45' title="bbox 2238 2261 3757 2405">
     <span class='ocr_line' id='line_1_90' title="bbox 2238 2261 3757 2334; baseline 0.005 -20"><span class='ocrx_word' id='word_1_598' title='bbox 2238 2267 2284 2314; x_wconf 90' lang='lat'>1.</span> <span class='ocrx_word' id='word_1_599' title='bbox 2322 2261 2631 2316; x_wconf 85' lang='lat' dir='ltr'>schismatis</span> <span class='ocrx_word' id='word_1_600' title='bbox 2660 2271 2875 2332; x_wconf 87' lang='lat' dir='ltr'>etymon</span> <span class='ocrx_word' id='word_1_601' title='bbox 2920 2271 2971 2318; x_wconf 84' lang='lat' dir='ltr'>et</span> <span class='ocrx_word' id='word_1_602' title='bbox 2995 2279 3154 2331; x_wconf 86' lang='lat' dir='ltr'>quam</span> <span class='ocrx_word' id='word_1_603' title='bbox 3186 2269 3621 2334; x_wconf 78' lang='lat' dir='ltr'>conjunctionem</span> <span class='ocrx_word' id='word_1_604' title='bbox 3646 2272 3757 2322; x_wconf 83' lang='lat' dir='ltr'>scin-</span> 
     </span>
     <span class='ocr_line' id='line_1_91' title="bbox 2300 2337 3296 2405; baseline 0.006 -17"><span class='ocrx_word' id='word_1_605' title='bbox 2300 2337 2407 2397; x_wconf 89' lang='lat' dir='ltr'>dat,</span> <span class='ocrx_word' id='word_1_606' title='bbox 2432 2346 2578 2392; x_wconf 85' lang='lat' dir='ltr'>tract.</span> <span class='ocrx_word' id='word_1_607' title='bbox 2606 2345 2654 2398; x_wconf 87' lang='grc'>3,</span> <span class='ocrx_word' id='word_1_608' title='bbox 2680 2340 2817 2405; x_wconf 89' lang='lat' dir='ltr'>disp.</span> <span class='ocrx_word' id='word_1_609' title='bbox 2842 2346 2919 2401; x_wconf 85' lang='grc'>12,</span> <span class='ocrx_word' id='word_1_610' title='bbox 2949 2348 3077 2394; x_wconf 87' lang='grc'><strong>5661.</strong></span> <span class='ocrx_word' id='word_1_611' title='bbox 3102 2347 3148 2402; x_wconf 87' lang='grc'>1,</span> <span class='ocrx_word' id='word_1_612' title='bbox 3173 2357 3226 2393; x_wconf 92' lang='lat' dir='ltr'>n.</span> <span class='ocrx_word' id='word_1_613' title='bbox 3250 2347 3296 2394; x_wconf 88' lang='lat'>1.</span> 
     </span>
    </p>

    <p class='ocr_par' dir='ltr' id='par_1_46' title="bbox 2237 2413 3750 2558">
     <span class='ocr_line' id='line_1_92' title="bbox 2237 2413 3750 2485; baseline 0.003 -21"><span class='ocrx_word' id='word_1_614' title='bbox 2237 2419 2267 2464; x_wconf 87' lang='grc'><strong>2</strong></span> <span class='ocrx_word' id='word_1_615' title='bbox 2300 2413 2541 2466; x_wconf 89' lang='lat' dir='ltr'>Schisma</span> <span class='ocrx_word' id='word_1_616' title='bbox 2590 2416 2875 2481; x_wconf 88' lang='lat' dir='ltr'>aliquando</span> <span class='ocrx_word' id='word_1_617' title='bbox 2906 2431 3027 2469; x_wconf 86' lang='lat' dir='ltr'>cum</span> <span class='ocrx_word' id='word_1_618' title='bbox 3077 2417 3266 2470; x_wconf 82' lang='lat' dir='ltr'>liaeresi</span> <span class='ocrx_word' id='word_1_619' title='bbox 3300 2419 3647 2485; x_wconf 71' lang='lat' dir='ltr'>conjungitur,</span> <span class='ocrx_word' id='word_1_620' title='bbox 3677 2419 3750 2469; x_wconf 83' lang='lat' dir='ltr'>ali-</span> 
     </span>
     <span class='ocr_line' id='line_1_93' title="bbox 2299 2493 3105 2558; baseline 0.005 -14"><span class='ocrx_word' id='word_1_621' title='bbox 2299 2493 2515 2558; x_wconf 87' lang='lat' dir='ltr'>quando</span> <span class='ocrx_word' id='word_1_622' title='bbox 2545 2505 2651 2546; x_wconf 91' lang='lat' dir='ltr'>non</span> <span class='ocrx_word' id='word_1_623' title='bbox 2684 2495 2829 2556; x_wconf 90' lang='lat' dir='ltr'>item,</span> <span class='ocrx_word' id='word_1_624' title='bbox 2856 2495 2948 2556; x_wconf 87' lang='lat' dir='ltr'>ib.,</span> <span class='ocrx_word' id='word_1_625' title='bbox 2975 2509 3028 2546; x_wconf 91' lang='lat' dir='ltr'>n.</span> <span class='ocrx_word' id='word_1_626' title='bbox 3055 2501 3105 2548; x_wconf 86' lang='grc'>2.</span> 
     </span>
    </p>

    <p class='ocr_par' dir='ltr' id='par_1_47' title="bbox 2237 2569 3738 2708">
     <span class='ocr_line' id='line_1_94' title="bbox 2237 2569 3738 2636; baseline 0.004 -20"><span class='ocrx_word' id='word_1_627' title='bbox 2237 2571 2283 2617; x_wconf 83' lang='grc'>3.</span> <span class='ocrx_word' id='word_1_628' title='bbox 2325 2569 2567 2620; x_wconf 86' lang='lat' dir='ltr'>Schisma</span> <span class='ocrx_word' id='word_1_629' title='bbox 2614 2582 2711 2634; x_wconf 88' lang='lat' dir='ltr'>per</span> <span class='ocrx_word' id='word_1_630' title='bbox 2756 2583 2816 2622; x_wconf 88' lang='lat' dir='ltr'>se</span> <span class='ocrx_word' id='word_1_631' title='bbox 2862 2571 3059 2622; x_wconf 89' lang='lat' dir='ltr'>directe</span> <span class='ocrx_word' id='word_1_632' title='bbox 3102 2572 3365 2632; x_wconf 77' lang='lat' dir='ltr'>intentum</span> <span class='ocrx_word' id='word_1_633' title='bbox 3401 2579 3483 2624; x_wconf 62' lang='lat' dir='ltr'>ast</span> <span class='ocrx_word' id='word_1_634' title='bbox 3512 2582 3738 2636; x_wconf 79' lang='lat' dir='ltr'>peccatam</span> 
     </span>
     <span class='ocr_line' id='line_1_95' title="bbox 2298 2645 3517 2708; baseline 0.004 -14"><span class='ocrx_word' id='word_1_635' title='bbox 2298 2645 2596 2708; x_wconf 87' lang='lat' dir='ltr'>specialiter</span> <span class='ocrx_word' id='word_1_636' title='bbox 2619 2647 2943 2699; x_wconf 89' lang='lat' dir='ltr'>contrarium</span> <span class='ocrx_word' id='word_1_637' title='bbox 2970 2647 3233 2707; x_wconf 83' lang='lat' dir='ltr'>charitati.</span> <span class='ocrx_word' id='word_1_638' title='bbox 3262 2647 3366 2708; x_wconf 89' lang='lat' dir='ltr'>ib.,</span> <span class='ocrx_word' id='word_1_639' title='bbox 3390 2662 3448 2699; x_wconf 93' lang='lat' dir='ltr'>n.</span> <span class='ocrx_word' id='word_1_640' title='bbox 3473 2651 3517 2700; x_wconf 95' lang='grc'>4.</span> 
     </span>
    </p>

    <p class='ocr_par' dir='ltr' id='par_1_48' title="bbox 2237 2719 3747 2858">
     <span class='ocr_line' id='line_1_96' title="bbox 2237 2719 3747 2785; baseline 0.004 -16"><span class='ocrx_word' id='word_1_641' title='bbox 2237 2724 2282 2771; x_wconf 86' lang='grc'>4.</span> <span class='ocrx_word' id='word_1_642' title='bbox 2320 2719 2561 2772; x_wconf 88' lang='lat' dir='ltr'>Schisma</span> <span class='ocrx_word' id='word_1_643' title='bbox 2591 2722 2673 2774; x_wconf 87' lang='lat' dir='ltr'>vel</span> <span class='ocrx_word' id='word_1_644' title='bbox 2708 2730 2789 2774; x_wconf 90' lang='lat' dir='ltr'>est</span> <span class='ocrx_word' id='word_1_645' title='bbox 2830 2722 2885 2774; x_wconf 88' lang='lat' dir='ltr'>in</span> <span class='ocrx_word' id='word_1_646' title='bbox 2926 2720 3119 2776; x_wconf 81' lang='lat' dir='ltr'>affectu</span> <span class='ocrx_word' id='word_1_647' title='bbox 3146 2729 3385 2785; x_wconf 86' lang='lat' dir='ltr'>tantum,</span> <span class='ocrx_word' id='word_1_648' title='bbox 3425 2722 3505 2778; x_wconf 84' lang='lat' dir='ltr'>vel</span> <span class='ocrx_word' id='word_1_649' title='bbox 3546 2723 3679 2776; x_wconf 88' lang='lat' dir='ltr'>etiam</span> <span class='ocrx_word' id='word_1_650' title='bbox 3704 2723 3747 2775; x_wconf 84' lang='lat' dir='ltr'>in</span> 
     </span>
     <span class='ocr_line' id='line_1_97' title="bbox 2295 2795 2655 2858; baseline 0.003 -10"><span class='ocrx_word' id='word_1_651' title='bbox 2295 2795 2505 2858; x_wconf 79' lang='lat' dir='ltr'>effectu,</span> <span class='ocrx_word' id='word_1_652' title='bbox 2531 2811 2584 2849; x_wconf 94' lang='lat' dir='ltr'>n.</span> <span class='ocrx_word' id='word_1_653' title='bbox 2610 2805 2655 2850; x_wconf 80' lang='lat'>5.</span> 
     </span>
    </p>

    <p class='ocr_par' dir='ltr' id='par_1_49' title="bbox 2234 2873 3741 3091">
     <span class='ocr_line' id='line_1_98' title="bbox 2234 2873 3741 2939; baseline 0.003 -16"><span class='ocrx_word' id='word_1_654' title='bbox 2234 2876 2280 2923; x_wconf 78' lang='lat'>5.</span> <span class='ocrx_word' id='word_1_655' title='bbox 2316 2873 2394 2923; x_wconf 80' lang='lat' dir='ltr'>Ad</span> <span class='ocrx_word' id='word_1_656' title='bbox 2428 2873 2695 2939; x_wconf 88' lang='lat' dir='ltr'>propriam</span> <span class='ocrx_word' id='word_1_657' title='bbox 2724 2875 3029 2927; x_wconf 86' lang='lat' dir='ltr'>schismatis</span> <span class='ocrx_word' id='word_1_658' title='bbox 3056 2877 3310 2928; x_wconf 89' lang='lat' dir='ltr'>malitiam</span> <span class='ocrx_word' id='word_1_659' title='bbox 3352 2877 3741 2936; x_wconf 82' lang='lat' dir='ltr'>contrahendam,</span> 
     </span>
     <span class='ocr_line' id='line_1_99' title="bbox 2294 2947 3507 3013; baseline 0.007 -15"><span class='ocrx_word' id='word_1_660' title='bbox 2294 2947 2480 3000; x_wconf 82' lang='lat' dir='ltr'>sufficit</span> <span class='ocrx_word' id='word_1_661' title='bbox 2506 2949 2862 3002; x_wconf 89' lang='lat' dir='ltr'>voluntarium</span> <span class='ocrx_word' id='word_1_662' title='bbox 2900 2950 3234 3013; x_wconf 89' lang='lat' dir='ltr'>indirectum,</span> <span class='ocrx_word' id='word_1_663' title='bbox 3264 2952 3361 3010; x_wconf 82' lang='lat' dir='ltr'>ib..</span> <span class='ocrx_word' id='word_1_664' title='bbox 3386 2967 3439 3004; x_wconf 92' lang='grc'>11.</span> <span class='ocrx_word' id='word_1_665' title='bbox 3462 2959 3507 3006; x_wconf 90' lang='grc'>8.</span> 
     </span>
     <span class='ocr_line' id='line_1_100' title="bbox 2292 3023 3418 3091; baseline 0.005 -18"><span class='ocrx_word' id='word_1_666' title='bbox 2292 3023 2578 3076; x_wconf 83' lang='lat' dir='ltr'>Haereticus</span> <span class='ocrx_word' id='word_1_667' title='bbox 2605 3027 2782 3078; x_wconf 91' lang='lat' dir='ltr'>omnis</span> <span class='ocrx_word' id='word_1_668' title='bbox 2812 3035 2893 3080; x_wconf 87' lang='lat' dir='ltr'>est</span> <span class='ocrx_word' id='word_1_669' title='bbox 2921 3027 3314 3091; x_wconf 81' lang='grc'><strong>5611151116116115,</strong></span> <span class='ocrx_word' id='word_1_670' title='bbox 3346 3028 3418 3080; x_wconf 83' lang='grc'><strong>11).</strong></span> 
     </span>
    </p>

    <p class='ocr_par' dir='ltr' id='par_1_50' title="bbox 2230 3100 3736 3244">
     <span class='ocr_line' id='line_1_101' title="bbox 2230 3100 3736 3170; baseline 0.003 -21"><span class='ocrx_word' id='word_1_671' title='bbox 2230 3105 2277 3150; x_wconf 90' lang='grc'>6.</span> <span class='ocrx_word' id='word_1_672' title='bbox 2314 3100 2555 3152; x_wconf 89' lang='lat' dir='ltr'>Schisma</span> <span class='ocrx_word' id='word_1_673' title='bbox 2576 3113 2643 3152; x_wconf 90' lang='lat' dir='ltr'>an</span> <span class='ocrx_word' id='word_1_674' title='bbox 2671 3101 2836 3166; x_wconf 89' lang='lat' dir='ltr'>possit</span> <span class='ocrx_word' id='word_1_675' title='bbox 2864 3116 2981 3156; x_wconf 89' lang='lat' dir='ltr'>esse</span> <span class='ocrx_word' id='word_1_676' title='bbox 3010 3111 3195 3156; x_wconf 88' lang='lat' dir='ltr'>contra</span> <span class='ocrx_word' id='word_1_677' title='bbox 3220 3105 3479 3158; x_wconf 88' lang='lat' dir='ltr'>unitatem</span> <span class='ocrx_word' id='word_1_678' title='bbox 3501 3103 3736 3170; x_wconf 79' lang='lat' dir='ltr'>specialem</span> 
     </span>
     <span class='ocr_line' id='line_1_102' title="bbox 2294 3175 3135 3244; baseline 0.002 -16"><span class='ocrx_word' id='word_1_679' title='bbox 2294 3175 2509 3242; x_wconf 79' lang='lat' dir='ltr'>privatae</span> <span class='ocrx_word' id='word_1_680' title='bbox 2539 3178 2981 3244; x_wconf 77' lang='lat' dir='ltr'>congregationis,</span> <span class='ocrx_word' id='word_1_681' title='bbox 3008 3193 3061 3230; x_wconf 93' lang='lat' dir='ltr'>n.</span> <span class='ocrx_word' id='word_1_682' title='bbox 3088 3185 3135 3230; x_wconf 84' lang='lat'>9.</span> 
     </span>
    </p>

    <p class='ocr_par' dir='ltr' id='par_1_51' title="bbox 2230 3252 3731 3392">
     <span class='ocr_line' id='line_1_103' title="bbox 2230 3252 3731 3322; baseline 0.001 -21"><span class='ocrx_word' id='word_1_683' title='bbox 2230 3257 2278 3301; x_wconf 82' lang='lat'>7.</span> <span class='ocrx_word' id='word_1_684' title='bbox 2316 3252 2693 3305; x_wconf 88' lang='lat' dir='ltr'>schismaticus</span> <span class='ocrx_word' id='word_1_685' title='bbox 2726 3254 2995 3322; x_wconf 86' lang='lat' dir='ltr'>quomodo</span> <span class='ocrx_word' id='word_1_686' title='bbox 3038 3256 3202 3320; x_wconf 87' lang='lat' dir='ltr'>possit</span> <span class='ocrx_word' id='word_1_687' title='bbox 3249 3268 3373 3310; x_wconf 86' lang='lat' dir='ltr'>esse</span> <span class='ocrx_word' id='word_1_688' title='bbox 3416 3253 3731 3321; x_wconf 81' lang='lat' dir='ltr'>Papa,eadem</span> 
     </span>
     <span class='ocr_line' id='line_1_104' title="bbox 2294 3335 2655 3392; baseline 0 -12"><span class='ocrx_word' id='word_1_689' title='bbox 2294 3337 2421 3380; x_wconf 90' lang='lat' dir='ltr'>sect.</span> <span class='ocrx_word' id='word_1_690' title='bbox 2448 3335 2495 3392; x_wconf 89' lang='lat'>1,</span> <span class='ocrx_word' id='word_1_691' title='bbox 2524 3343 2577 3380; x_wconf 91' lang='lat' dir='ltr'>n.</span> <span class='ocrx_word' id='word_1_692' title='bbox 2608 3335 2655 3380; x_wconf 89' lang='grc'>2.</span> 
     </span>
    </p>

    <p class='ocr_par' dir='ltr' id='par_1_52' title="bbox 2290 3405 3661 3472">
     <span class='ocr_line' id='line_1_105' title="bbox 2290 3405 3661 3472; baseline 0.003 -17"><span class='ocrx_word' id='word_1_693' title='bbox 2290 3405 2551 3470; x_wconf 84' lang='lat' dir='ltr'>Tempore</span> <span class='ocrx_word' id='word_1_694' title='bbox 2580 3405 2882 3457; x_wconf 80' lang='lat' dir='ltr'>schismatis</span> <span class='ocrx_word' id='word_1_695' title='bbox 2907 3405 3037 3472; x_wconf 87' lang='lat' dir='ltr'>quid</span> <span class='ocrx_word' id='word_1_696' title='bbox 3064 3406 3389 3470; x_wconf 79' lang='lat' dir='ltr'>faciendum,</span> <span class='ocrx_word' id='word_1_697' title='bbox 3414 3407 3501 3469; x_wconf 91' lang='lat' dir='ltr'>ib.,</span> <span class='ocrx_word' id='word_1_698' title='bbox 3526 3421 3572 3460; x_wconf 92' lang='grc'>11.</span> <span class='ocrx_word' id='word_1_699' title='bbox 3598 3412 3661 3459; x_wconf 88' lang='grc'>11.</span> 
     </span>
    </p>

    <p class='ocr_par' dir='ltr' id='par_1_53' title="bbox 2229 3483 3730 3686">
     <span class='ocr_line' id='line_1_106' title="bbox 2229 3483 3730 3553; baseline -0.001 -20"><span class='ocrx_word' id='word_1_700' title='bbox 2229 3487 2273 3533; x_wconf 87' lang='grc'>8.</span> <span class='ocrx_word' id='word_1_701' title='bbox 2313 3483 2623 3535; x_wconf 83' lang='lat' dir='ltr'>schismatis</span> <span class='ocrx_word' id='word_1_702' title='bbox 2647 3483 2848 3535; x_wconf 88' lang='lat' dir='ltr'>malitia</span> <span class='ocrx_word' id='word_1_703' title='bbox 2874 3497 2936 3536; x_wconf 89' lang='lat' dir='ltr'>ex</span> <span class='ocrx_word' id='word_1_704' title='bbox 2968 3497 3067 3539; x_wconf 89' lang='lat' dir='ltr'>suo</span> <span class='ocrx_word' id='word_1_705' title='bbox 3089 3499 3285 3553; x_wconf 80' lang='lat' dir='ltr'>genere</span> <span class='ocrx_word' id='word_1_706' title='bbox 3310 3487 3487 3538; x_wconf 89' lang='lat' dir='ltr'>minor</span> <span class='ocrx_word' id='word_1_707' title='bbox 3516 3491 3588 3537; x_wconf 86' lang='lat' dir='ltr'>est</span> <span class='ocrx_word' id='word_1_708' title='bbox 3608 3497 3730 3548; x_wconf 84' lang='lat' dir='ltr'>quam</span> 
     </span>
     <span class='ocr_line' id='line_1_107' title="bbox 2290 3557 3728 3626; baseline -0.001 -17"><span class='ocrx_word' id='word_1_709' title='bbox 2290 3557 2548 3610; x_wconf 82' lang='lat' dir='ltr'>haeresis:</span> <span class='ocrx_word' id='word_1_710' title='bbox 2581 3571 2643 3611; x_wconf 85' lang='lat' dir='ltr'>ex</span> <span class='ocrx_word' id='word_1_711' title='bbox 2684 3559 3097 3613; x_wconf 85' lang='lat' dir='ltr'>circumstantiis</span> <span class='ocrx_word' id='word_1_712' title='bbox 3141 3561 3435 3626; x_wconf 84' lang='lat' dir='ltr'>aliquando</span> <span class='ocrx_word' id='word_1_713' title='bbox 3466 3563 3631 3626; x_wconf 82' lang='lat' dir='ltr'>major,</span> <span class='ocrx_word' id='word_1_714' title='bbox 3658 3560 3728 3619; x_wconf 80' lang='lat' dir='ltr'>ih..</span> 
     </span>
     <span class='ocr_line' id='line_1_108' title="bbox 2292 3641 2449 3686; baseline 0 0"><span class='ocrx_word' id='word_1_715' title='bbox 2292 3648 2343 3686; x_wconf 87' lang='lat' dir='ltr'>n.</span> <span class='ocrx_word' id='word_1_716' title='bbox 2371 3641 2449 3686; x_wconf 87' lang='lat'>10.</span> 
     </span>
    </p>

    <p class='ocr_par' dir='ltr' id='par_1_54' title="bbox 2226 3709 3727 3928">
     <span class='ocr_line' id='line_1_109' title="bbox 2226 3709 3727 3776; baseline -0.001 -16"><span class='ocrx_word' id='word_1_717' title='bbox 2226 3715 2274 3762; x_wconf 91' lang='grc'>9.</span> <span class='ocrx_word' id='word_1_718' title='bbox 2312 3711 2640 3763; x_wconf 86' lang='lat' dir='ltr'>schismatici</span> <span class='ocrx_word' id='word_1_719' title='bbox 2678 3718 2803 3764; x_wconf 90' lang='lat' dir='ltr'>sunt</span> <span class='ocrx_word' id='word_1_720' title='bbox 2840 3712 2957 3776; x_wconf 89' lang='lat' dir='ltr'>ipso</span> <span class='ocrx_word' id='word_1_721' title='bbox 3004 3711 3140 3764; x_wconf 87' lang='lat' dir='ltr'>facto</span> <span class='ocrx_word' id='word_1_722' title='bbox 3177 3709 3615 3771; x_wconf 82' lang='lat' dir='ltr'>excommunicati,</span> <span class='ocrx_word' id='word_1_723' title='bbox 3650 3709 3727 3760; x_wconf 80' lang='lat' dir='ltr'>sal-</span> 
     </span>
     <span class='ocr_line' id='line_1_110' title="bbox 2290 3786 3725 3854; baseline -0.002 -16"><span class='ocrx_word' id='word_1_724' title='bbox 2290 3793 2394 3838; x_wconf 88' lang='lat' dir='ltr'>tem</span> <span class='ocrx_word' id='word_1_725' title='bbox 2423 3786 2477 3837; x_wconf 92' lang='lat' dir='ltr'>in</span> <span class='ocrx_word' id='word_1_726' title='bbox 2512 3787 2659 3839; x_wconf 88' lang='lat' dir='ltr'>Bulla</span> <span class='ocrx_word' id='word_1_727' title='bbox 2692 3789 2877 3852; x_wconf 72' lang='lat' dir='ltr'>Coeuat,</span> <span class='ocrx_word' id='word_1_728' title='bbox 2900 3793 3047 3841; x_wconf 89' lang='lat' dir='ltr'>tract.</span> <span class='ocrx_word' id='word_1_729' title='bbox 3077 3794 3123 3850; x_wconf 83' lang='lat'>3,</span> <span class='ocrx_word' id='word_1_730' title='bbox 3149 3788 3268 3854; x_wconf 87' lang='lat' dir='ltr'>disp</span> <span class='ocrx_word' id='word_1_731' title='bbox 3309 3793 3391 3850; x_wconf 84' lang='grc'>12,</span> <span class='ocrx_word' id='word_1_732' title='bbox 3414 3796 3533 3841; x_wconf 84' lang='grc'><strong>5661.</strong></span> <span class='ocrx_word' id='word_1_733' title='bbox 3557 3792 3598 3848; x_wconf 87' lang='grc'>2,</span> <span class='ocrx_word' id='word_1_734' title='bbox 3621 3789 3725 3846; x_wconf 88' lang='grc'><strong>11.1;</strong></span> 
     </span>
     <span class='ocr_line' id='line_1_111' title="bbox 2288 3862 3185 3928; baseline 0.001 -14"><span class='ocrx_word' id='word_1_735' title='bbox 2288 3875 2355 3914; x_wconf 85' lang='grc'>611</span> <span class='ocrx_word' id='word_1_736' title='bbox 2387 3862 2545 3914; x_wconf 86' lang='grc'><strong>6116111</strong></span> <span class='ocrx_word' id='word_1_737' title='bbox 2570 3863 2636 3913; x_wconf 91' lang='lat' dir='ltr'>de</span> <span class='ocrx_word' id='word_1_738' title='bbox 2654 3865 2771 3928; x_wconf 83' lang='lat' dir='ltr'>jure</span> <span class='ocrx_word' id='word_1_739' title='bbox 2797 3865 3087 3921; x_wconf 88' lang='lat' dir='ltr'>communi,</span> <span class='ocrx_word' id='word_1_740' title='bbox 3115 3864 3185 3915; x_wconf 93' lang='lat' dir='ltr'>ib.</span> 
     </span>
    </p>

    <p class='ocr_par' dir='ltr' id='par_1_55' title="bbox 2224 3939 3725 4078">
     <span class='ocr_line' id='line_1_112' title="bbox 2224 3939 3725 4004; baseline -0.001 -13"><span class='ocrx_word' id='word_1_741' title='bbox 2224 3944 2303 3991; x_wconf 81' lang='lat'>10.</span> <span class='ocrx_word' id='word_1_742' title='bbox 2340 3939 2671 3990; x_wconf 82' lang='lat' dir='ltr'>schismatici</span> <span class='ocrx_word' id='word_1_743' title='bbox 2716 3940 2891 4003; x_wconf 89' lang='lat' dir='ltr'>puniri</span> <span class='ocrx_word' id='word_1_744' title='bbox 2936 3946 3160 4004; x_wconf 89' lang='lat' dir='ltr'>possunt</span> <span class='ocrx_word' id='word_1_745' title='bbox 3183 3941 3434 3994; x_wconf 89' lang='lat' dir='ltr'>omnibus</span> <span class='ocrx_word' id='word_1_746' title='bbox 3467 3940 3563 3993; x_wconf 85' lang='lat' dir='ltr'>lere</span> <span class='ocrx_word' id='word_1_747' title='bbox 3592 3941 3725 3990; x_wconf 73' lang='grc'><strong>116116-</strong></span> 
     </span>
     <span class='ocr_line' id='line_1_113' title="bbox 2288 4013 3033 4078; baseline 0.003 -14"><span class='ocrx_word' id='word_1_748' title='bbox 2288 4013 2515 4066; x_wconf 90' lang='lat' dir='ltr'>ticorum</span> <span class='ocrx_word' id='word_1_749' title='bbox 2552 4014 2748 4078; x_wconf 86' lang='lat' dir='ltr'>poenis,</span> <span class='ocrx_word' id='word_1_750' title='bbox 2779 4013 2873 4073; x_wconf 89' lang='lat' dir='ltr'>ib.,</span> <span class='ocrx_word' id='word_1_751' title='bbox 2905 4028 2957 4066; x_wconf 91' lang='lat' dir='ltr'>n.</span> <span class='ocrx_word' id='word_1_752' title='bbox 2986 4019 3033 4066; x_wconf 88' lang='grc'>2.</span> 
     </span>
    </p>

    <p class='ocr_par' dir='ltr' id='par_1_56' title="bbox 2286 4088 3807 4309">
     <span class='ocr_line' id='line_1_114' title="bbox 2286 4088 3727 4156; baseline -0.003 -16"><span class='ocrx_word' id='word_1_753' title='bbox 2286 4088 2407 4140; x_wconf 87' lang='lat' dir='ltr'>Sola</span> <span class='ocrx_word' id='word_1_754' title='bbox 2438 4089 2551 4155; x_wconf 86' lang='lat' dir='ltr'>lege</span> <span class='ocrx_word' id='word_1_755' title='bbox 2590 4089 2965 4151; x_wconf 82' lang='lat' dir='ltr'>ecclesiastica,</span> <span class='ocrx_word' id='word_1_756' title='bbox 2990 4089 3151 4154; x_wconf 78' lang='lat' dir='ltr'>idque</span> <span class='ocrx_word' id='word_1_757' title='bbox 3194 4093 3309 4156; x_wconf 89' lang='lat' dir='ltr'>ipso</span> <span class='ocrx_word' id='word_1_758' title='bbox 3336 4093 3468 4156; x_wconf 80' lang='lat' dir='ltr'>iure,</span> <span class='ocrx_word' id='word_1_759' title='bbox 3502 4090 3727 4156; x_wconf 83' lang='lat' dir='ltr'>privantur</span> 
     </span>
     <span class='ocr_line' id='line_1_115' title="bbox 2288 4165 3807 4232; baseline 0.001 -16"><span class='ocrx_word' id='word_1_760' title='bbox 2288 4165 2633 4231; x_wconf 80' lang='lat' dir='ltr'>dignitatibus</span> <span class='ocrx_word' id='word_1_761' title='bbox 2672 4174 2719 4218; x_wconf 90' lang='lat' dir='ltr'>et</span> <span class='ocrx_word' id='word_1_762' title='bbox 2762 4167 3038 4220; x_wconf 86' lang='lat' dir='ltr'>beneticiis</span> <span class='ocrx_word' id='word_1_763' title='bbox 3073 4169 3461 4232; x_wconf 55' lang='lat' dir='ltr'>ecclesiasticis</span> <span class='ocrx_word' id='word_1_764' title='bbox 3505 4171 3623 4230; x_wconf 77' lang='lat' dir='ltr'>n.3;</span> <span class='ocrx_word' id='word_1_765' title='bbox 3648 4175 3723 4229; x_wconf 85' lang='lat' dir='ltr'>po-</span> <span class='ocrx_word' id='word_1_766' title='bbox 3782 4175 3807 4204; x_wconf 57' lang='lat'><strong>*</strong></span> 
     </span>
     <span class='ocr_line' id='line_1_116' title="bbox 2287 4242 3261 4309; baseline 0.002 -15"><span class='ocrx_word' id='word_1_767' title='bbox 2287 4247 2473 4294; x_wconf 86' lang='lat' dir='ltr'>testate</span> <span class='ocrx_word' id='word_1_768' title='bbox 2498 4242 2703 4294; x_wconf 84' lang='lat' dir='ltr'>ordinis</span> <span class='ocrx_word' id='word_1_769' title='bbox 2728 4255 2834 4296; x_wconf 89' lang='lat' dir='ltr'>non</span> <span class='ocrx_word' id='word_1_770' title='bbox 2873 4245 3168 4309; x_wconf 87' lang='lat' dir='ltr'>privantur,</span> <span class='ocrx_word' id='word_1_771' title='bbox 3189 4245 3261 4296; x_wconf 87' lang='lat' dir='ltr'>ib.</span> 
     </span>
    </p>

    <p class='ocr_par' dir='ltr' id='par_1_57' title="bbox 2284 4313 3720 4446">
     <span class='ocr_line' id='line_1_117' title="bbox 2287 4313 3720 4384; baseline -0.002 -17"><span class='ocrx_word' id='word_1_772' title='bbox 2287 4317 2423 4382; x_wconf 85' lang='lat' dir='ltr'>Papa</span> <span class='ocrx_word' id='word_1_773' title='bbox 2454 4331 2584 4383; x_wconf 90' lang='lat' dir='ltr'>pure</span> <span class='ocrx_word' id='word_1_774' title='bbox 2612 4319 2983 4372; x_wconf 90' lang='lat' dir='ltr'>schismaticus</span> <span class='ocrx_word' id='word_1_775' title='bbox 3008 4321 3207 4373; x_wconf 90' lang='lat' dir='ltr'>nullam</span> <span class='ocrx_word' id='word_1_776' title='bbox 3234 4334 3297 4373; x_wconf 84' lang='lat' dir='ltr'>ex</span> <span class='ocrx_word' id='word_1_777' title='bbox 3318 4320 3471 4375; x_wconf 88' lang='lat' dir='ltr'>dictis</span> <span class='ocrx_word' id='word_1_778' title='bbox 3494 4313 3720 4384; x_wconf 75' lang='grc'><strong>[1611115111-</strong></span> 
     </span>
     <span class='ocr_line' id='line_1_118' title="bbox 2284 4395 2563 4446; baseline 0 0"><span class='ocrx_word' id='word_1_779' title='bbox 2284 4395 2467 4446; x_wconf 83' lang='lat' dir='ltr'>currit.</span> <span class='ocrx_word' id='word_1_780' title='bbox 2492 4395 2563 4446; x_wconf 92' lang='lat' dir='ltr'>ib.</span> 
     </span>
    </p>

    <p class='ocr_par' dir='ltr' id='par_1_58' title="bbox 2222 4470 3714 4611">
     <span class='ocr_line' id='line_1_119' title="bbox 2222 4470 3714 4536; baseline 0.002 -15"><span class='ocrx_word' id='word_1_781' title='bbox 2222 4474 2298 4521; x_wconf 84' lang='lat'>11.</span> <span class='ocrx_word' id='word_1_782' title='bbox 2336 4470 2670 4523; x_wconf 87' lang='lat' dir='ltr'>schismatici</span> <span class='ocrx_word' id='word_1_783' title='bbox 2708 4485 2777 4524; x_wconf 90' lang='lat' dir='ltr'>an</span> <span class='ocrx_word' id='word_1_784' title='bbox 2821 4472 2931 4524; x_wconf 88' lang='lat' dir='ltr'>sint</span> <span class='ocrx_word' id='word_1_785' title='bbox 2964 4473 3204 4526; x_wconf 88' lang='lat' dir='ltr'>membra</span> <span class='ocrx_word' id='word_1_786' title='bbox 3244 4473 3499 4536; x_wconf 80' lang='lat' dir='ltr'>Ecclesiae,</span> <span class='ocrx_word' id='word_1_787' title='bbox 3538 4473 3658 4525; x_wconf 82' lang='grc'><strong>11661.</strong></span> <span class='ocrx_word' id='word_1_788' title='bbox 3680 4471 3714 4524; x_wconf 88' lang='grc'>1.</span> 
     </span>
     <span class='ocr_line' id='line_1_120' title="bbox 2283 4545 2937 4611; baseline 0.003 -15"><span class='ocrx_word' id='word_1_789' title='bbox 2283 4545 2421 4611; x_wconf 88' lang='lat' dir='ltr'>disp.</span> <span class='ocrx_word' id='word_1_790' title='bbox 2454 4550 2502 4610; x_wconf 90' lang='grc'><strong>9,</strong></span> <span class='ocrx_word' id='word_1_791' title='bbox 2530 4553 2658 4600; x_wconf 88' lang='grc'><strong>5661.</strong></span> <span class='ocrx_word' id='word_1_792' title='bbox 2685 4551 2731 4610; x_wconf 90' lang='grc'>1,</span> <span class='ocrx_word' id='word_1_793' title='bbox 2757 4561 2789 4600; x_wconf 87' lang='lat' dir='ltr'>a</span> <span class='ocrx_word' id='word_1_794' title='bbox 2812 4561 2864 4598; x_wconf 92' lang='lat' dir='ltr'>n.</span> <span class='ocrx_word' id='word_1_795' title='bbox 2892 4553 2937 4599; x_wconf 87' lang='grc'>3.</span> 
     </span>
    </p>
   </div>
   <div class='ocr_carea' id='block_1_22' title="bbox 2560 4677 3435 4727">
    <p class='ocr_par' dir='ltr' id='par_1_59' title="bbox 2560 4677 3435 4727">
     <span class='ocr_line' id='line_1_121' title="bbox 2560 4677 3435 4727; baseline 0.005 -13"><span class='ocrx_word' id='word_1_796' title='bbox 2560 4677 2843 4727; x_wconf 65' lang='lat' dir='ltr'>scalprum,</span> <span class='ocrx_word' id='word_1_797' title='bbox 2880 4679 3108 4717; x_wconf 65' lang='lat' dir='ltr'>SCUHOB</span> <span class='ocrx_word' id='word_1_798' title='bbox 3148 4679 3435 4719; x_wconf 66' lang='lat' dir='ltr'>CAROMGGS.</span> 
     </span>
    </p>
   </div>
   <div class='ocr_carea' id='block_1_23' title="bbox 2218 4774 3711 5686">
    <p class='ocr_par' dir='ltr' id='par_1_60' title="bbox 2224 4774 3711 5066">
     <span class='ocr_line' id='line_1_122' title="bbox 2224 4774 3711 4844; baseline 0.003 -18"><span class='ocrx_word' id='word_1_799' title='bbox 2224 4777 2267 4826; x_wconf 86' lang='lat'>1.</span> <span class='ocrx_word' id='word_1_800' title='bbox 2305 4774 2588 4840; x_wconf 69' lang='lat' dir='ltr'>scripturae</span> <span class='ocrx_word' id='word_1_801' title='bbox 2618 4776 2858 4831; x_wconf 82' lang='lat' dir='ltr'>definitio</span> <span class='ocrx_word' id='word_1_802' title='bbox 2906 4778 3235 4844; x_wconf 86' lang='lat' dir='ltr'>expenditur,</span> <span class='ocrx_word' id='word_1_803' title='bbox 3277 4787 3424 4833; x_wconf 88' lang='lat' dir='ltr'>tract.</span> <span class='ocrx_word' id='word_1_804' title='bbox 3460 4784 3502 4842; x_wconf 92' lang='lat'>1,</span> <span class='ocrx_word' id='word_1_805' title='bbox 3538 4777 3649 4838; x_wconf 81' lang='lat' dir='ltr'>disp.</span> <span class='ocrx_word' id='word_1_806' title='bbox 3676 4775 3711 4830; x_wconf 80' lang='lat'>⁵,</span> 
     </span>
     <span class='ocr_line' id='line_1_123' title="bbox 2282 4857 2634 4912; baseline 0.009 -11"><span class='ocrx_word' id='word_1_807' title='bbox 2282 4858 2409 4902; x_wconf 89' lang='lat' dir='ltr'>sect.</span> <span class='ocrx_word' id='word_1_808' title='bbox 2434 4857 2481 4912; x_wconf 88' lang='grc'><strong>9,</strong></span> <span class='ocrx_word' id='word_1_809' title='bbox 2508 4865 2560 4904; x_wconf 85' lang='grc'>11.</span> <span class='ocrx_word' id='word_1_810' title='bbox 2588 4857 2634 4904; x_wconf 90' lang='grc'>3.</span> 
     </span>
     <span class='ocr_line' id='line_1_124' title="bbox 2281 4927 3705 4999; baseline 0.002 -22"><span class='ocrx_word' id='word_1_811' title='bbox 2281 4927 2447 4978; x_wconf 84' lang='lat' dir='ltr'>Etiam</span> <span class='ocrx_word' id='word_1_812' title='bbox 2485 4929 2663 4994; x_wconf 88' lang='lat' dir='ltr'>quoad</span> <span class='ocrx_word' id='word_1_813' title='bbox 2692 4929 2854 4982; x_wconf 79' lang='lat' dir='ltr'>verba</span> <span class='ocrx_word' id='word_1_814' title='bbox 2897 4928 3055 4982; x_wconf 88' lang='lat' dir='ltr'>debet</span> <span class='ocrx_word' id='word_1_815' title='bbox 3090 4945 3208 4984; x_wconf 87' lang='grc'><strong>6556</strong></span> <span class='ocrx_word' id='word_1_816' title='bbox 3241 4932 3310 4986; x_wconf 91' lang='lat' dir='ltr'>de</span> <span class='ocrx_word' id='word_1_817' title='bbox 3332 4932 3517 4999; x_wconf 87' lang='lat' dir='ltr'>Spiritu</span> <span class='ocrx_word' id='word_1_818' title='bbox 3546 4928 3705 4980; x_wconf 81' lang='lat' dir='ltr'>Sancto,</span> 
     </span>
     <span class='ocr_line' id='line_1_125' title="bbox 2285 5004 2757 5066; baseline 0.004 -11"><span class='ocrx_word' id='word_1_819' title='bbox 2285 5004 2388 5056; x_wconf 90' lang='lat' dir='ltr'>late</span> <span class='ocrx_word' id='word_1_820' title='bbox 2412 5019 2465 5057; x_wconf 92' lang='lat' dir='ltr'>n.</span> <span class='ocrx_word' id='word_1_821' title='bbox 2494 5009 2540 5066; x_wconf 92' lang='grc'><strong>4,</strong></span> <span class='ocrx_word' id='word_1_822' title='bbox 2567 5010 2595 5055; x_wconf 79' lang='lat'><strong>5</strong></span> <span class='ocrx_word' id='word_1_823' title='bbox 2620 5011 2671 5058; x_wconf 87' lang='lat' dir='ltr'>et</span> <span class='ocrx_word' id='word_1_824' title='bbox 2697 5011 2757 5057; x_wconf 77' lang='lat'>15</span> 
     </span>
    </p>

    <p class='ocr_par' dir='ltr' id='par_1_61' title="bbox 2221 5076 3707 5224">
     <span class='ocr_line' id='line_1_126' title="bbox 2221 5076 3707 5152; baseline 0.001 -20"><span class='ocrx_word' id='word_1_825' title='bbox 2221 5087 2268 5132; x_wconf 89' lang='grc'>2.</span> <span class='ocrx_word' id='word_1_826' title='bbox 2306 5081 2629 5146; x_wconf 87' lang='lat' dir='ltr'>scripturam</span> <span class='ocrx_word' id='word_1_827' title='bbox 2675 5096 2793 5136; x_wconf 89' lang='lat' dir='ltr'>esse</span> <span class='ocrx_word' id='word_1_828' title='bbox 2847 5083 3177 5137; x_wconf 85' lang='lat' dir='ltr'>infallibilem</span> <span class='ocrx_word' id='word_1_829' title='bbox 3209 5086 3461 5152; x_wconf 77' lang='lat' dir='ltr'>regulam,</span> <span class='ocrx_word' id='word_1_830' title='bbox 3488 5084 3583 5149; x_wconf 83' lang='lat' dir='ltr'>ipsa</span> <span class='ocrx_word' id='word_1_831' title='bbox 3610 5076 3707 5128; x_wconf 64' lang='lat' dir='ltr'>fide-⁶·</span> 
     </span>
     <span class='ocr_line' id='line_1_127' title="bbox 2282 5156 3162 5224; baseline 0.003 -15"><span class='ocrx_word' id='word_1_832' title='bbox 2282 5156 2454 5218; x_wconf 85' lang='lat' dir='ltr'>docet,</span> <span class='ocrx_word' id='word_1_833' title='bbox 2479 5158 2571 5220; x_wconf 87' lang='lat' dir='ltr'>ib.,</span> <span class='ocrx_word' id='word_1_834' title='bbox 2598 5173 2648 5211; x_wconf 91' lang='lat' dir='ltr'>n.</span> <span class='ocrx_word' id='word_1_835' title='bbox 2677 5165 2706 5210; x_wconf 87' lang='grc'>6</span> <span class='ocrx_word' id='word_1_836' title='bbox 2728 5167 2779 5211; x_wconf 90' lang='grc'>61</span> <span class='ocrx_word' id='word_1_837' title='bbox 2798 5161 3162 5224; x_wconf 87' lang='lat' dir='ltr'>sequentihus.</span> 
     </span>
    </p>

    <p class='ocr_par' dir='ltr' id='par_1_62' title="bbox 2221 5229 3707 5372">
     <span class='ocr_line' id='line_1_128' title="bbox 2221 5229 3707 5302; baseline 0.003 -19"><span class='ocrx_word' id='word_1_838' title='bbox 2221 5238 2267 5286; x_wconf 88' lang='grc'>3.</span> <span class='ocrx_word' id='word_1_839' title='bbox 2304 5233 2583 5286; x_wconf 83' lang='lat' dir='ltr'>Librorum</span> <span class='ocrx_word' id='word_1_840' title='bbox 2634 5235 3019 5288; x_wconf 83' lang='lat' dir='ltr'>canonicorum</span> <span class='ocrx_word' id='word_1_841' title='bbox 3062 5243 3169 5288; x_wconf 88' lang='lat' dir='ltr'>tres</span> <span class='ocrx_word' id='word_1_842' title='bbox 3210 5237 3426 5299; x_wconf 84' lang='grc'><strong>6165565,</strong></span> <span class='ocrx_word' id='word_1_843' title='bbox 3465 5245 3599 5302; x_wconf 85' lang='lat' dir='ltr'>quam</span> <span class='ocrx_word' id='word_1_844' title='bbox 3634 5229 3707 5279; x_wconf 74' lang='lat'>11³·</span> 
     </span>
     <span class='ocr_line' id='line_1_129' title="bbox 2282 5309 2995 5372; baseline 0.001 -11"><span class='ocrx_word' id='word_1_845' title='bbox 2282 5309 2443 5361; x_wconf 83' lang='lat' dir='ltr'>beant</span> <span class='ocrx_word' id='word_1_846' title='bbox 2466 5310 2848 5372; x_wconf 85' lang='lat' dir='ltr'>auctoritatem,</span> <span class='ocrx_word' id='word_1_847' title='bbox 2872 5325 2927 5362; x_wconf 90' lang='lat' dir='ltr'>n.</span> <span class='ocrx_word' id='word_1_848' title='bbox 2948 5316 2995 5363; x_wconf 89' lang='grc'>9.</span> 
     </span>
    </p>

    <p class='ocr_par' dir='ltr' id='par_1_63' title="bbox 2220 5385 3649 5456">
     <span class='ocr_line' id='line_1_130' title="bbox 2220 5385 3649 5456; baseline 0 -21"><span class='ocrx_word' id='word_1_849' title='bbox 2220 5389 2265 5435; x_wconf 96' lang='grc'>4.</span> <span class='ocrx_word' id='word_1_850' title='bbox 2300 5385 2472 5438; x_wconf 89' lang='lat' dir='ltr'>Editio</span> <span class='ocrx_word' id='word_1_851' title='bbox 2498 5387 2712 5450; x_wconf 75' lang='lat' dir='ltr'>Vulgata</span> <span class='ocrx_word' id='word_1_852' title='bbox 2734 5392 2815 5439; x_wconf 88' lang='lat' dir='ltr'>est</span> <span class='ocrx_word' id='word_1_853' title='bbox 2837 5385 3128 5440; x_wconf 85' lang='lat' dir='ltr'>infallibilis</span> <span class='ocrx_word' id='word_1_854' title='bbox 3159 5390 3343 5456; x_wconf 79' lang='lat' dir='ltr'>regula</span> <span class='ocrx_word' id='word_1_855' title='bbox 3364 5389 3494 5442; x_wconf 82' lang='lat' dir='ltr'>fidei.</span> <span class='ocrx_word' id='word_1_856' title='bbox 3518 5400 3559 5437; x_wconf 92' lang='lat' dir='ltr'>n.</span> <span class='ocrx_word' id='word_1_857' title='bbox 3586 5387 3649 5432; x_wconf 82' lang='lat'>1⁰.</span> 
     </span>
    </p>

    <p class='ocr_par' dir='ltr' id='par_1_64' title="bbox 2218 5455 3700 5686">
     <span class='ocr_line' id='line_1_131' title="bbox 2218 5455 3699 5528; baseline 0.005 -18"><span class='ocrx_word' id='word_1_858' title='bbox 2218 5466 2262 5512; x_wconf 81' lang='grc'>6.</span> <span class='ocrx_word' id='word_1_859' title='bbox 2300 5461 2569 5526; x_wconf 88' lang='lat' dir='ltr'>Scriptura</span> <span class='ocrx_word' id='word_1_860' title='bbox 2593 5463 2751 5515; x_wconf 87' lang='lat' dir='ltr'>sacra</span> <span class='ocrx_word' id='word_1_861' title='bbox 2777 5470 2860 5514; x_wconf 90' lang='lat' dir='ltr'>est</span> <span class='ocrx_word' id='word_1_862' title='bbox 2886 5464 3151 5516; x_wconf 86' lang='lat' dir='ltr'>intellectu</span> <span class='ocrx_word' id='word_1_863' title='bbox 3183 5463 3425 5528; x_wconf 82' lang='lat' dir='ltr'>difficilis,</span> <span class='ocrx_word' id='word_1_864' title='bbox 3452 5465 3590 5518; x_wconf 84' lang='grc'><strong>11.11;</strong></span> <span class='ocrx_word' id='word_1_865' title='bbox 3614 5455 3699 5521; x_wconf 63' lang='lat'>9¹1¹-</span> 
     </span>
     <span class='ocr_line' id='line_1_132' title="bbox 2277 5537 3700 5602; baseline -0.001 -14"><span class='ocrx_word' id='word_1_866' title='bbox 2277 5550 2363 5589; x_wconf 88' lang='lat' dir='ltr'>res</span> <span class='ocrx_word' id='word_1_867' title='bbox 2390 5537 2551 5590; x_wconf 88' lang='lat' dir='ltr'>habet</span> <span class='ocrx_word' id='word_1_868' title='bbox 2582 5553 2775 5592; x_wconf 86' lang='lat' dir='ltr'>sensus</span> <span class='ocrx_word' id='word_1_869' title='bbox 2806 5539 2907 5592; x_wconf 86' lang='lat' dir='ltr'>sub</span> <span class='ocrx_word' id='word_1_870' title='bbox 2929 5541 3115 5592; x_wconf 89' lang='lat' dir='ltr'>eadem</span> <span class='ocrx_word' id='word_1_871' title='bbox 3156 5539 3343 5602; x_wconf 84' lang='lat' dir='ltr'>littera,</span> <span class='ocrx_word' id='word_1_872' title='bbox 3370 5556 3423 5594; x_wconf 92' lang='lat' dir='ltr'>n.</span> <span class='ocrx_word' id='word_1_873' title='bbox 3450 5545 3527 5600; x_wconf 77' lang='lat'>123</span> <span class='ocrx_word' id='word_1_874' title='bbox 3557 5541 3700 5587; x_wconf 80' lang='lat' dir='ltr'>sensus</span> 
     </span>
     <span class='ocr_line' id='line_1_133' title="bbox 2277 5613 3556 5686; baseline 0.001 -22"><span class='ocrx_word' id='word_1_875' title='bbox 2277 5613 2571 5679; x_wconf 86' lang='lat' dir='ltr'>spiritualis</span> <span class='ocrx_word' id='word_1_876' title='bbox 2601 5621 2653 5668; x_wconf 88' lang='grc'>61</span> <span class='ocrx_word' id='word_1_877' title='bbox 2682 5615 2918 5670; x_wconf 84' lang='grc'><strong>1111616115</strong></span> <span class='ocrx_word' id='word_1_878' title='bbox 2940 5616 3067 5683; x_wconf 88' lang='lat' dir='ltr'>quid</span> <span class='ocrx_word' id='word_1_879' title='bbox 3099 5623 3149 5669; x_wconf 87' lang='lat' dir='ltr'>et</span> <span class='ocrx_word' id='word_1_880' title='bbox 3179 5620 3477 5686; x_wconf 84' lang='lat' dir='ltr'>quotuplex,</span> <span class='ocrx_word' id='word_1_881' title='bbox 3499 5614 3556 5666; x_wconf 87' lang='grc'><strong>11).</strong></span> 
     </span>
    </p>
   </div>
  </div>
 </body>
</html>
