3900 6217
608 372 692 435 98

617 478 1037 561 praeceptione
1067 484 1307 555 octava,
1344 478 1429 541 ita
1472 479 1798 543 declarans
1822 480 1923 542 vel
1969 496 2184 542 emen·

618 574 777 636 dans
804 571 973 652 quod
1003 571 1087 633 ibi
1128 573 1301 652 prius
1343 573 1614 648 dixerat3
1642 581 1816 637 tenet
1842 574 2033 637 etiam
2062 576 2186 636 Va-

616 667 810 729 lentia
833 684 1047 746 supra,
1076 672 1139 728 et
1173 666 1339 728 idem
1384 668 1569 729 sentit
1598 668 1908 742 Corduba,
1934 668 2075 729 libr.
2120 675 2181 745 1,

618 766 839 841 quaest.
872 762 972 833 17,
1002 766 1064 821 et
1085 777 1215 821 non
1243 759 1507 822 obscure
1531 762 1887 841 cajetanus,
1916 766 1939 822 1
1979 767 2183 842 parte,

490 922 497 929 ,
617 861 841 934 quaest.
878 857 936 926 1,
982 854 1156 913 artic.
1188 854 1251 925 2,
1294 852 1331 933 ξ
1368 852 1471 917 Aa
1505 860 1810 935 quartum,
1844 854 1949 915 ubi
1995 856 2185 917 etiam

617 948 782 1009 idem
807 947 994 1007 sentit
1022 947 1095 1007 D.
1123 947 1417 1019 ThomaS‚
1448 964 1597 1009 nam
1628 947 1950 1026 distinguit
1974 952 2184 1009 actum

621 1038 1029 1103 scientificum
1057 1040 1409 1119 Theologiae
1436 1040 1517 1101 ab
1545 1047 1689 1102 actu
1716 1040 1886 1111 fidei,
1914 1047 1977 1103 et
2009 1040 2187 1101 habi-

608 1142 743 1198 tum
798 1135 879 1195 ab
930 1133 1171 1210 habitu,
1220 1151 1364 1194 cum
1401 1140 1615 1196 tamen
1664 1152 1793 1195 non
1844 1134 2178 1195 videantur

611 1246 795 1310 posse
825 1228 947 1289 alio
978 1226 1167 1289 modo
1204 1226 1522 1306 distingui,
1554 1233 1617 1289 et
1654 1228 1739 1289 ita
1777 1227 1947 1288 idem
1991 1229 2180 1288 sentit

613 1340 802 1401 super
842 1322 1128 1383 Boetium
1156 1320 1234 1381 de
1264 1320 1587 1392 Trinitate,
1618 1324 1838 1399 quaest.
1870 1323 1930 1394 2,
1969 1327 2085 1382 art.
2113 1322 2176 1393 2,

611 1416 693 1478 ad
722 1422 1037 1495 quartum,
1070 1421 1132 1476 et
1172 1414 1236 1474 in
1266 1413 1527 1494 prologo
1560 1415 1871 1489 sentent„
1900 1414 2075 1475 artie.
2117 1413 2178 1486 3,

610 1509 1061 1591 quaestiuncula
1106 1513 1162 1580 1,
1192 1506 1304 1567 ubi
1340 1507 1530 1569 etiam
1569 1508 1929 1585 CapreoluS,
1962 1510 2179 1586 quaest.

610 1608 670 1680 1,
700 1604 1097 1666 conclusione
1118 1601 1363 1681 quinta,
1392 1608 1455 1661 et
1480 1601 1841 1680 Gregorius,
1868 1605 2090 1680 quaest.
2121 1602 2182 1671 1,

608 1698 781 1760 artic.
810 1700 869 1762 3.
897 1703 1033 1776 post
1060 1697 1307 1757 tertiam
1340 1695 1835 1757 conclusionem.
1860 1694 1941 1759 Ut
1969 1698 2182 1754 autem

604 1778 942 1877 probemus
974 1788 1380 1851 assertionem
1414 1790 1548 1850 sine
1580 1788 1705 1850 ulla
1740 1786 2180 1868 aequivocatio-

600 1906 705 1954 ne,
738 1889 982 1965 oportet
1022 1884 1109 1944 uti
1158 1883 1551 1945 distinctione
1597 1883 1768 1955 data,
1817 1883 1899 1945 de
1948 1879 2179 1961 duplici

602 1978 791 2043 modo
840 1977 1055 2039 utendi
1091 1976 1375 2038 discursu
1424 1996 1503 2039 ex
1555 1995 1683 2037 una
1734 1976 2058 2057 praemissa
2099 1974 2179 2037 de

604 2073 753 2146 fide,
785 2077 847 2135 et
874 2072 1070 2132 altera
1101 2070 1415 2143 evidente,
1444 2070 1527 2131 ad
1552 2069 1945 2131 inferendam
1973 2069 2180 2129 Theo-

604 2168 872 2245 logicam
906 2162 1379 2225 conclusionem
1410 2180 1424 2223 :
1458 2182 1623 2224 unus
1666 2168 1763 2223 est
1795 2159 2177 2223 assumendo

604 2264 954 2327 discursum
994 2264 1300 2337 tanquam
1346 2275 1601 2320 causam
1636 2276 1751 2337 per
1782 2275 1847 2317 se
1879 2272 2177 2317 assensus

604 2354 1045 2425 conclusioniS,
1076 2356 1137 2413 et
1166 2370 1242 2413 ex
1269 2351 1374 2413 illa
1406 2352 1793 2413 connexione
1822 2350 2179 2429 praemissa-

598 2468 741 2511 rum
788 2446 1223 2525 componendo
1272 2462 1471 2506 unum
1518 2445 1826 2514 medium,
1874 2443 2048 2521 quod
2097 2442 2176 2505 sit

597 2543 851 2626 propria
892 2540 1048 2601 ratio
1090 2538 1368 2600 formalis
1408 2538 1816 2612 assentiendi,
1852 2543 1915 2599 et
1944 2538 2009 2597 in
2055 2536 2176 2599 hoc

604 2630 793 2699 modo
838 2631 1235 2714 procedendo
1284 2637 1345 2693 et
1390 2630 1831 2712 intelligendo,
1880 2630 2176 2691 assertio-

602 2748 750 2792 nem
791 2728 962 2789 illam
998 2726 1185 2787 etiam
1222 2724 1490 2787 admittit
1538 2726 1819 2804 Vasquez
1848 2740 2063 2803 supra,
2107 2728 2176 2783 et

604 2823 916 2886 existimat
954 2838 1082 2881 non
1136 2819 1351 2899 negari
1396 2836 1433 2879 a
1483 2819 1653 2880 Cano
1698 2824 1808 2879 aut
1854 2818 2060 2897 Vega;
2113 2822 2177 2878 et

603 2918 903 3000 probatur
951 2914 1187 2993 primo,
1233 2912 1381 2991 quia
1432 2912 1535 2973 illa
1584 2912 1743 2972 ratio
1792 2909 2173 2971 assentiendi

606 3029 734 3072 non
768 3015 862 3071 est
887 3025 1057 3068 mere
1088 3006 1294 3067 divina
1326 3024 1399 3066 ac
1432 3003 1945 3085 supernaturalis,
1974 3002 2176 3084 qualis

604 3104 945 3183 requiritur
978 3100 1061 3161 ad
1090 3118 1417 3161 assensum
1444 3098 1611 3173 fidei,
1647 3105 1708 3160 et
1742 3097 1823 3159 ad
1860 3096 2176 3178 objectum

604 3196 866 3259 formale
898 3197 1054 3274 ejuS.
1081 3194 1394 3266 Secundo,
1418 3192 1565 3273 quia
1590 3191 1693 3253 ille
1722 3208 2019 3252 assensus
2046 3208 2177 3251 non

604 3295 810 3373 potest
836 3307 975 3349 esse
1007 3286 1237 3348 certior
1262 3303 1453 3365 quam
1490 3285 1807 3364 praemissa
1836 3282 2168 3356 naturalis3

603 3402 754 3445 nam
784 3383 845 3443 in
867 3383 985 3442 hoc
1005 3398 1225 3441 verum
1245 3379 1437 3441 habet
1460 3378 1977 3459 philosophorum
2005 3376 2176 3437 axio·

604 3495 731 3553 ma,
778 3475 947 3557 quod
976 3493 991 3535 t
1022 3473 1321 3538 conclusio
1354 3472 1627 3554 sequitur
1655 3470 1994 3535 debiliorem
2027 3490 2176 3553 par-

602 3578 740 3634 tem.
776 3570 851 3631 Et
880 3569 1037 3629 ratio
1078 3573 1197 3639 est,
1228 3566 1375 3645 quia
1421 3584 1717 3627 assensus
1756 3564 2174 3625 conclusionis

602 3662 837 3747 pendet
864 3662 927 3722 in
958 3659 1325 3722 certitudine
1358 3677 1391 3718 a
1424 3658 1685 3739 singulis
1720 3657 2076 3738 praemissiS,
2111 3664 2174 3721 et

600 3756 746 3820 ideo
788 3774 913 3816 non
945 3758 1149 3834 potest
1182 3770 1319 3814 esse
1354 3752 1579 3814 certior
1620 3770 1815 3831 quam
1854 3752 1934 3813 sit
1963 3750 2173 3829 quaeli-

604 3850 712 3911 bet
734 3848 1227 3929 praemissarum3
1262 3862 1411 3925 ergo
1440 3862 1569 3906 non
1594 3850 1801 3925 potest
1826 3844 1933 3906 ille
1962 3861 2172 3905 assen-

604 3960 713 4005 sus
737 3960 875 4002 esse
896 3957 1188 4000 assensus
1211 3937 1387 4011 fidei3
1415 3956 1565 4018 ergo
1592 3956 1712 4000 nec
1730 3937 2008 3999 medium
2033 3937 2171 4016 ejus

604 4034 829 4098 sufficit
856 4033 936 4094 ad
964 4032 1283 4112 obJectum
1305 4029 1567 4091 formale
1593 4030 1763 4091 fidei.

685 4132 745 4194 8.
792 4129 1009 4192 Illatio
1038 4144 1163 4189 rma
1184 4126 1253 4188 in
1280 4125 1437 4188 dicto
1468 4142 1721 4189 ome-
1740 4124 1966 4189 Contra
1992 4124 2171 4188 illam

602 4225 873 4289 sentiunt
908 4218 1167 4293 Melina,
1195 4224 1253 4283 et
1276 4215 1565 4281 Fonseca.
1591 4248 1675 4265 -
1698 4217 1938 4281 Eoi-mn
1979 4216 2164 4281 ratio.

601 4350 683 4367 ...
715 4318 1145 4399 Impuynatur.
1172 4311 1454 4374 —‘Unde
1503 4312 1703 4373 obiter
1748 4310 1947 4372 infero
1995 4311 2160 4373 duo:

599 4428 795 4474 unum
828 4416 942 4481 est,
984 4424 1313 4468 assensum
1343 4406 1430 4466 sic
1466 4405 1741 4467 elicitum
1771 4422 1849 4467 ex
1879 4404 2168 4469 discursu

598 4506 702 4567 illo
735 4520 863 4564 non
893 4518 1033 4562 esse
1062 4500 1126 4560 in
1170 4498 1516 4561 substantia
1567 4516 1681 4559 sua
1718 4505 2170 4575 supernatura-

596 4602 745 4661 lem.
781 4596 1105 4665 Probatur,
1140 4593 1286 4673 quia
1332 4608 1463 4653 non
1505 4591 1696 4653 habet
1726 4590 2164 4653 certitudinem

596 4687 1136 4771 supernaturalem
1158 4731 1172 4760 ,
1214 4703 1359 4748 cum
1390 4702 1517 4754 non
1548 4683 1809 4745 excedat
1846 4686 2163 4748 certitudi-

598 4802 749 4846 nem
792 4782 1094 4845 naturalis
1122 4780 1495 4860 praemissae,
1544 4784 1614 4839 ut
1660 4785 1982 4843 ostensum
2026 4785 2154 4855 est;

594 4878 846 4949 deinde,
879 4876 1026 4956 quia
1052 4890 1177 4935 non
1210 4874 1397 4934 habet
1426 4873 1738 4952 objectum
1762 4872 2024 4935 formale
2055 4894 2162 4935 su·-

592 4972 1015 5051 pernaturale,
1048 4968 1195 5047 quia
1223 4965 1374 5028 illud
1404 4968 1686 5040 mixtum,
1713 4984 1823 5027 seu
1857 4968 2166 5044 composi·

592 5073 727 5127 tum
754 5084 831 5127 ex
862 5062 1064 5124 medio
1094 5060 1243 5122 fidei
1272 5067 1333 5121 et
1361 5059 1655 5133 scientiae,
1688 5061 2041 5120 humanum
2065 5062 2164 5121 est

592 5166 654 5221 et
680 5158 1000 5229 naturale;
1038 5154 1203 5216 unde
1236 5153 1581 5215 formaliter
1614 5152 1913 5214 fundatur
1943 5150 2008 5212 in
2047 5170 2162 5213 na-

592 5253 791 5341 turalfi
819 5251 1077 5325 lumine,
1126 5250 1251 5309 imo
1282 5248 1469 5309 etiam
1497 5249 1561 5309 in
1592 5247 1825 5309 viribus
1864 5246 2162 5307 naturali·-

594 5349 751 5421 bns;
783 5345 1055 5422 denique
1102 5349 1277 5405 actus
1303 5342 1411 5403 ille
1458 5342 1742 5403 habitum
1785 5340 2162 5419 acquisitum

595 5444 876 5524 generat.
904 5436 1320 5511 'Contrarium
1358 5454 1506 5497 vero
1543 5436 1612 5496 in
1654 5435 1774 5496 hoc
1802 5440 2034 5514 puncto
2065 5439 2162 5494 te-.

594 5539 869 5604 fluerunt
892 5530 1145 5604 Melina,
1175 5534 1195 5590 1
1227 5534 1425 5608 parte,
1448 5542 1666 5607 quaest.
1702 5532 1761 5602 1,
1794 5535 1911 5588 art.
1942 5529 2006 5599 2,
2033 5526 2156 5588 dis·

1092 377 1327 431 msrUT.
1365 378 1447 432 111.
1487 380 1569 433 DE
1600 378 1863 433 omsscro
1896 378 2168 433 rounam
2199 381 2381 444 mosi,
2417 382 2498 435 ΕΤ
2529 380 2822 444 Quouono
2855 382 2940 434 ΑΙ)
2973 380 3174 445 utun,
3198 382 3335 438 me.

2262 485 2395 561 put.
2434 487 2506 555 1;
2543 486 2607 542 et-
2646 480 2951 553 Fonseca,
2985 486 3158 543 sexto
3185 482 3616 567 metaphysica,
3643 512 3756 576 ap,

2267 578 2325 648 1,
2357 580 2572 653 quaest.
2621 575 2683 649 6,
2733 574 3009 636 sectione
3052 580 3289 650 octava,
3343 580 3602 645 dicentes
3627 586 3761 651 hunc

2265 674 2478 728 actum
2509 684 2648 729 esse
2679 668 3242 746 supernaturalem.
3269 670 3624 754 Fundantur,
3645 680 3762 758 quia

2267 762 2551 842 procedit
2575 778 2653 823 ex
2669 780 2931 823 assensu
2953 766 3419 841 supernaturali,
3444 782 3760 849 cooperante

2267 874 2529 918 assensu
2557 854 2848 927 naturali,
2879 856 3052 934 quod
3083 856 3230 919 satis
3266 864 3358 921 est
3384 860 3460 921 ad
3488 880 3762 929 assensum

2267 949 2846 1029 supernaturalem;
2879 949 2969 1011 sic
3009 949 3176 1010 enim
3220 969 3502 1015 assensus
3529 954 3656 1018 fidei
3686 977 3762 1019 su·

2265 1043 2682 1125 pernaturalis
2709 1048 2823 1117 est,
2856 1043 3003 1122 quia
3053 1045 3332 1122 procedit
3371 1064 3444 1108 ex
3476 1049 3665 1111 habitu
3687 1070 3762 1113 sn-

2259 1136 2662 1217 pernaturali,
2725 1139 3102 1215 cooperante
3165 1139 3438 1216 potentia
3491 1144 3757 1217 naturali;

2257 1229 2428 1291 unde
2453 1234 2914 1309 consequenter
2937 1236 3225 1291 asserunt
3257 1230 3526 1293 habitum
3563 1252 3762 1298 corres-

2261 1324 2643 1405 pondentem
2693 1322 2783 1385 ini
2833 1323 2999 1387 actui
3051 1340 3194 1385 esse
3245 1329 3760 1405 supernaturalem,

2271 1421 2414 1482 licet
2437 1420 2755 1480 fateantur
2783 1434 2924 1480 esse
2949 1418 3342 1497 acquisitum,
3373 1438 3505 1500 quae
3531 1424 3642 1483 duo
3664 1442 3762 1485 non

2267 1512 2450 1575 video
2491 1510 2808 1591 quomodo
2855 1511 3244 1585 cohereant,
3273 1532 3416 1574 nam
3446 1515 3668 1577 habitus
3689 1536 3765 1577 su·

2269 1603 2684 1686 pernaturalis
2711 1622 2826 1683 per
2860 1604 3236 1667 infusionem
3280 1604 3370 1681 fit,
3401 1612 3465 1668 ut
3498 1624 3568 1669 ex
3591 1608 3682 1670 lib.
3702 1610 3765 1671 de

2261 1699 2472 1761 Gratia
2497 1704 2739 1769 octavo,
2761 1714 2900 1776 cap.
2919 1700 2958 1759 3
2981 1703 3048 1759 et
3071 1698 3132 1769 4,
3167 1703 3426 1760 constat.
3443 1700 3590 1761 Illud
3613 1702 3765 1763 etiam

2260 1792 2740 1853 fundamentum
2775 1808 2902 1851 non
2955 1798 3051 1853 est
3101 1791 3399 1869 solidum3
3441 1787 3578 1853 nani
3613 1795 3765 1855 etiam

2261 1902 2556 1947 assensus
2599 1883 2748 1945 fidei
2779 1884 3008 1947 divinas
3045 1891 3250 1965 potest
3283 1902 3628 1947 concurrere
3653 1904 3765 1947 cum

2263 1998 2522 2041 assensu
2551 1978 2700 2039 fidei
2738 1980 3052 2055 humanas,
3092 1981 3195 2041 vel
3223 1980 3543 2059 opinionis,
3579 1980 3648 2041 ad
3681 1982 3766 2042 eli·

2259 2073 2557 2135 eie-ndum
2605 2090 2937 2133 assensum
2999 2073 3439 2145 conclusionis,
3497 2078 3555 2134 et
3597 2080 3765 2135 tamen

2259 2184 2387 2227 non
2437 2171 2774 2245 propterea
2825 2165 2934 2225 ille
2987 2182 3290 2227 assensus
3347 2166 3464 2226 erit
3521 2182 3768 2245 superna·

2257 2260 2514 2330 turalis;
2549 2258 2679 2319 imo
2727 2258 3042 2319 interdum
3087 2264 3470 2338 potestesse
3491 2258 3681 2331 falsus,
3715 2264 3767 2319 nt

2259 2355 2490 2433 disput.
2519 2356 2581 2426 6,
2617 2358 2773 2415 sect.
2809 2356 2868 2426 5,
2897 2370 3074 2414 num.
3108 2355 3168 2429 4,
3199 2354 3563 2433 attingemus
3589 2373 3602 2423 ;
3631 2370 3764 2431 ergo,

2257 2454 2327 2510 ut
2367 2464 2664 2508 assensus
2715 2446 3134 2507 conclusionis
3185 2448 3652 2527 supernaturalis
3690 2448 3765 2519 sit,

2257 2560 2386 2601 non
2415 2539 2566 2601 satis
2611 2546 2708 2600 est
2747 2540 2918 2617 quod
2948 2558 3248 2601 assensus
3273 2541 3455 2600 unius
3485 2541 3767 2619 praemissoe

2257 2632 2336 2694 sit
2369 2632 2886 2712 supernaturalis,
2917 2634 3044 2695 imo
3071 2633 3134 2695 in
3165 2634 3290 2695 hoc
3337 2633 3518 2695 debet
3555 2634 3767 2694 effectus

2253 2728 2462 2807 potius
2483 2725 2663 2804 sequi
2690 2726 3058 2787 debiliorem
3083 2734 3330 2807 partem
3355 2744 3566 2788 causas.
3596 2728 3766 2805 Neque

2257 2827 2350 2882 est
2379 2819 2580 2881 simile
2609 2819 2690 2880 de
2719 2837 3028 2880 concursu
3053 2820 3412 2883 intellectus
3441 2838 3574 2881 cum
3593 2818 3768 2879 habitu

2255 2914 2426 2987 fidei,
2447 2914 2596 2993 quia
2625 2913 2708 2973 ihi
2736 2913 2894 2975 ratio
2915 2914 3196 2976 formalis
3221 2914 3576 2994 specificans
3599 2920 3766 2973 actum

2259 3025 2514 3087 semper
2539 3012 2756 3067 manet
2781 3025 2940 3087 pure
2969 3006 3486 3086 supernaturalis,
3519 3012 3576 3067 et
3602 3006 3673 3066 ita
3697 3006 3771 3065 in·

2254 3104 2541 3165 tellectus
2595 3120 2724 3163 non
2763 3104 3078 3163 concurrit
3121 3108 3194 3163 ut
3241 3118 3506 3181 operans
3551 3098 3770 3161 naturali

2257 3195 2504 3267 virtute,
2555 3194 2666 3256 sed
2700 3213 2814 3274 per
2863 3195 3305 3269 elevationem,
3353 3201 3416 3257 et
3445 3192 3771 3255 ohedientia·

2255 3288 2396 3349 lem·
2427 3288 2796 3367 potentiam,
2845 3294 2916 3350 ut
2975 3288 3120 3348 alibi
3151 3288 3282 3349 dixi
3309 3306 3324 3361 ς
3355 3294 3666 3365 utrumque
3689 3302 3773 3344 au·

2253 3387 2384 3443 tem
2435 3400 2616 3443 secus
2665 3390 2761 3443 est
2804 3382 2870 3441 in
2916 3382 3022 3443 illo
3071 3380 3387 3455 discursu,
3435 3386 3500 3442 ut
3549 3378 3770 3458 explica·

2255 3482 2388 3537 tum
2427 3480 2545 3536 est.

2311 3574 2370 3631 9.
2389 3568 2604 3632 Ιῐῑαιίο
2618 3566 2814 3632 altera
2829 3584 2964 3648 quoe
2979 3568 3280 3649 probatum
3291 3572 3504 3631 onum
3529 3563 3766 3643 Vazqm.

2252 3694 2336 3740 7-
2364 3662 2687 3744 Theoloqia
2719 3662 2988 3725 Iaoeretici
3031 3676 3152 3723 nos
3195 3666 3290 3724 ast
3331 3657 3596 3724 scientia.
3620 3688 3690 3705 ·-··
3709 3653 3774 3716 Id

2254 3757 2590 3819 ostenditur
2605 3754 3042 3818 verisimiliter.
3069 3784 3152 3803 -·-
3171 3755 3270 3818 Et
3286 3753 3542 3835 propria
3551 3750 3768 3814 ration.

2253 3880 2338 3896 —-
2367 3848 2576 3909 Altera
2621 3847 2816 3909 illatio
2845 3853 2964 3922 est,
3011 3864 3346 3910 assensum
3372 3842 3772 3922 Theologicum

2255 3942 2510 4004 alterius
2537 3942 2796 4003 rationis
2827 3958 2966 4005 esse
2995 3941 3061 4001 in
3101 3942 3402 4003 haeretico
3423 3938 3568 4002 etin
3590 3936 3776 3999 Catho-

2250 4035 2392 4111 lico,
2423 4036 2664 4097 etiamsi
2689 4036 2972 4113 vasquez
2989 4052 3182 4114 supra
3201 4032 3608 4101 eontradicat3
3631 4035 3686 4089 et
3699 4044 3776 4087 ra·

2249 4129 2336 4191 tio
2367 4135 2484 4202 est,
2506 4122 2656 4208 quia
2679 4129 2744 4189 in
2773 4128 3065 4189 haeretico
3095 4126 3382 4206 procedit
3403 4126 3506 4185 ille
3521 4135 3779 4185 assensus

2253 4240 2330 4284 ex
2356 4222 2482 4284 fide
2515 4224 2812 4294 humana,
2845 4238 2971 4299 qua
2999 4234 3078 4281 ex
3115 4226 3296 4299 parte
3323 4216 3554 4299 pendet
3589 4234 3626 4275 a
3647 4230 3780 4293 proe-

2250 4316 2440 4377 missa
2459 4316 2720 4391 credita,
2749 4320 2812 4376 et
2833 4319 3290 4393 consequenter
3312 4329 3441 4374 non
3460 4314 3780 4391 potestesse

2247 4416 2378 4471 tam
2401 4416 2608 4471 certus
2631 4426 2822 4489 quam
2834 4415 2926 4469 est
2943 4424 3237 4469 assensus
3265 4398 3780 4479 scientificus‚quia

2247 4502 2405 4565 fides
2441 4504 2722 4564 humana
2747 4520 2877 4563 non
2905 4508 2999 4563 est
3033 4506 3168 4562 tam
3199 4505 3411 4573 certa;
3439 4504 3522 4573 et,
3552 4502 3620 4558 ut
3651 4492 3778 4563 dixi,

2249 4614 2546 4657 assensus
2590 4594 3010 4657 conclusionis
3061 4610 3390 4672 nunquam
3441 4598 3536 4653 est
3585 4581 3780 4650 certior

2243 4705 2434 4767 quam
2461 4690 2568 4750 illa
2605 4690 2949 4769 praemissa,
2975 4704 3116 4767 qua!
3143 4687 3353 4749 minus
3385 4691 3556 4747 certa
3581 4686 3701 4752 θείς
3729 4680 3781 4737 at

2241 4799 2392 4843 vero
2434 4784 2498 4843 in
2539 4782 2858 4844 catholico
2909 4798 3206 4842 assensus
3251 4778 3358 4840 ille
3399 4776 3684 4839 fundatur
3727 4772 3782 4831 in

2244 4874 2616 4938 certitudine
2643 4875 2792 4938 fidei
2821 4892 2963 4955 quae
2993 4880 3203 4953 potest
3231 4873 3456 4953 juvare
3491 4864 3781 4931 certitudi-

2247 4988 2392 5031 nem
2435 4968 2707 5031 scientiae
2755 4969 2838 5029 ad
2869 4966 3246 5029 eliciendum
3291 4979 3616 5029 assensum
3653 4973 3782 5019 con-

2245 5063 2564 5136 clusioniS‚
2621 5062 2842 5123 saltem
2879 5078 3060 5139 aeque
3111 5064 3352 5120 certum
3405 5074 3482 5119 ac
3531 5058 3622 5115 est
3667 5052 3780 5128 ipsa

2243 5156 2540 5229 scientia3
2575 5173 2722 5235 ergo
2743 5160 2890 5217 sunt
2901 5171 3195 5215 assensus
3213 5151 3598 5213 diversarum
3621 5143 3782 5209 ratio-

2242 5266 2417 5309 num.
2448 5250 2523 5311 Et
2555 5250 2676 5310 hoc
2699 5266 2886 5309 sensu
2912 5253 3079 5310 recte
3109 5247 3452 5325 loquuntur
3478 5234 3776 5313 Theologi‚

2241 5342 2349 5420 qui
2377 5342 2592 5403 dieunt
2619 5341 3024 5421 Theologiam
3076 5358 3217 5401 esse
3247 5336 3568 5399 scientiam
3593 5333 3654 5393 in
3685 5330 3782 5390 Ca-

2238 5434 2488 5507 tholico,
2539 5450 2670 5496 non
2717 5435 2782 5495 in
2833 5434 3122 5496 haeretico
3149 5452 3166 5505 3
3203 5426 3670 5509 intelligendum
3701 5426 3782 5483 est

2238 5528 2408 5590 enim
2432 5528 2640 5609 quoad
2665 5527 3124 5617 certitudinem,
3155 5542 3284 5588 non
3314 5520 3522 5609 quoad
3551 5516 3782 5583 eviden-
