3900 6217
523 434 640 493 652

522 545 793 613 tuentur,
833 537 1133 599 nonnulla
1160 537 1432 600 notanda
1460 544 1626 600 sunt.
1660 539 1939 600 Primum
1969 544 2081 614 est,

1550 438 1784 490 DISPUT.
1821 438 1905 490 111.
1944 438 2023 489 DE
2057 437 2286 490 nAmw
2321 438 2708 491 enauimus.

2173 536 2288 613 Qui
2313 544 2509 601 autem
2539 540 2804 601 adhaeret
2829 540 3110 613 Domino,
3142 559 3310 604 unns
3329 543 3578 623 spiritns
3599 552 3694 617 ατ,-

519 632 821 712 triplicem
846 650 973 693 esse
998 632 1373 694 amicitiam:
1406 631 1648 708 utilem,
1683 632 1751 692 in
1784 650 1907 711 qua
1931 630 2086 691 ami-
2168 650 2361 713 quare
2387 631 2543 692 nihil
2567 632 2767 691 obstat
2787 632 2951 711 quod
2979 634 3059 694 ad
3081 636 3326 695 multos
3345 654 3412 695 se
3431 637 3695 712 extendat,

520 746 626 789 cus
664 730 909 786 amatur
935 731 1183 805 propter
1211 724 1543 785 utilitatem
1588 727 1887 803 amantis3
1916 725 2082 787 dele-

518 818 829 894 ctabilem,
872 826 1121 902 propter
1173 816 1595 897 voluptatem3
1630 819 1976 895 honestam,
2015 820 2082 879 in

518 931 641 994 qua
706 912 943 973 amicus
998 930 1110 992 per
1166 930 1232 973 se
1285 926 1348 975 et
1399 918 1647 993 propter
1681 912 2078 974 honestatem

516 1011 761 1067 amatur
792 1022 808 1066 ε
842 1011 904 1067 et
930 1007 1062 1067 haec
1091 1006 1221 1067 sola
1250 1012 1338 1067 est
1367 1006 1660 1087 perfecta,
1691 1014 1751 1067 et
1778 1006 2073 1086 simplici-

514 1104 611 1161 ter
656 1098 945 1171 amicitia,
990 1098 1137 1179 quia
1164 1100 1295 1161 haec
1324 1101 1451 1161 sola
1484 1100 1809 1179 conjungit
1848 1119 1957 1179 per
1980 1117 2080 1160 ve·

514 1209 649 1253 ram
678 1190 1192 1256 benevolentiam.
1228 1192 1504 1253 Alterum
1533 1200 1626 1254 est
1650 1212 1725 1253 ex
1754 1192 2078 1255 Aristotele

516 1304 725 1365 supra,
765 1303 899 1367 cap.
931 1288 1027 1363 10,
1058 1287 1175 1349 1100
1202 1288 1503 1367 posterius
1549 1306 1745 1366 genus
1791 1288 2078 1347 amicitiae

514 1378 741 1459 duplex
765 1396 924 1441 esse:
953 1399 1149 1443 unum
1180 1385 1270 1441 est
1292 1380 1663 1461 aequalitatis
1688 1380 2070 1460 simpliciter,

514 1472 677 1553 quod
708 1478 800 1533 est
838 1473 1001 1534 iuter
1030 1474 1288 1535 omnino
1334 1474 1639 1553 aequales3
1682 1475 1944 1535 alterum
1983 1479 2076 1535 est

514 1564 911 1641 excellentiae,
960 1566 1121 1647 quod
1180 1572 1271 1626 est
1308 1568 1471 1628 inter
1503 1585 1793 1647 personas
1820 1568 2072 1646 quidem

512 1658 812 1720 habentes
839 1662 1464 1722 communicationem
1494 1666 1555 1721 et
1574 1661 2072 1721 convenientiam

510 1752 587 1813 ad
620 1771 815 1813 unum
849 1752 1038 1815 finem
1074 1753 1428 1828 honestum,
1460 1754 1821 1815 constitutas
1858 1760 2070 1815 tamen

511 1845 577 1907 in
611 1845 853 1907 diversa
885 1846 1211 1925 dignitate,
1242 1848 1405 1908 inter
1431 1865 1585 1927 quas
1613 1865 1738 1907 uon
1789 1855 2070 1908 servatur

510 1939 831 2020 aequalitas
855 1940 1241 2019 slmpliciter,
1266 1941 1373 2001 sed
1401 1940 1897 2021 proportionalis„
1920 1942 2070 2021 quia

508 2034 929 2113 unusquisque
974 2034 1192 2094 tribuit
1214 2034 1394 2095 alteri
1434 2034 1495 2095 id
1525 2034 1753 2095 amoris
1762 2080 1784 2109 ,
1816 2034 2069 2095 honoris

508 2131 570 2188 et
593 2126 801 2202 officii,
832 2127 997 2205 quod
1046 2125 1381 2207 unicuique
1421 2145 1533 2207 pro
1576 2127 1927 2189 conditione
1959 2146 2071 2189 sua

508 2221 821 2283 convenit.

587 2316 647 2375 4.
691 2314 997 2379 Probatur
1044 2314 1345 2378 conclusio
1382 2315 1827 2397 primm—His
1856 2316 2070 2395 positis

504 2407 802 2487 probatur
824 2408 1167 2484 conclusi03
1198 2409 1422 2487 prim0,
1460 2406 1622 2470 iuter
1649 2409 1842 2469 Deum
1873 2416 1934 2470 et
1958 2428 2070 2470 nos

502 2499 825 2563 intercedit
851 2506 1066 2561 mutua
1091 2500 1543 2578 benevolentia,
1583 2502 1746 2582 quod
1770 2519 1847 2561 ex
1894 2508 2068 2582 parte

503 2594 613 2657 Dei
642 2598 882 2654 constat
895 2611 915 2671 3
965 2600 1135 2654 amat
1182 2594 1353 2655 enim
1398 2613 1508 2655 nos
1564 2602 1635 2655 ut
1680 2593 2058 2669 benefaciat3

502 2705 703 2766 neque
719 2687 869 2747 huic
896 2687 1187 2749 amicitiae
1214 2694 1520 2767 repugnat
1539 2690 1701 2767 quod
1732 2688 1880 2749 velit
1911 2690 2068 2749 Deus

502 2780 711 2841 omnia
740 2787 950 2841 nostra
986 2779 1151 2841 bona
1178 2780 1394 2841 referri
1434 2782 1502 2841 in
1552 2781 1814 2861 gloriam
1844 2799 2022 2841 suam
2039 2798 2062 2859 3

495 2890 643 2933 nam
672 2878 764 2934 est
783 2873 970 2934 etiam
1000 2872 1257 2934 ultimus
1291 2873 1452 2935 finis.
1481 2876 1569 2935 Ex
1588 2880 1763 2954 parte
1784 2894 1930 2937 vero
1948 2875 2064 2937 ho-

496 2966 742 3027 miuum
767 3011 788 3041 ,
856 2984 1043 3047 supra
1094 2973 1404 3028 ostensum
1464 2972 1555 3028 est
1602 2968 1765 3047 quod
1828 2970 2060 3048 possint

496 3060 689 3119 Deum
720 3077 795 3119 ex
820 3058 1120 3119 charitate
1149 3059 1428 3137 diligere.
1462 3058 1766 3135 Secundo,
1783 3060 1885 3120 hic
1922 3080 2057 3121 mu·

494 3158 639 3213 tuus
665 3170 837 3211 amor
867 3152 1015 3212 satis
1056 3158 1311 3228 constat,
1344 3170 1470 3213 non
1517 3153 1769 3233 quidem
1805 3160 1972 3215 certa
1998 3160 2061 3215 et

493 3243 806 3305 infallibili
827 3244 1102 3320 scientia,
1134 3244 1283 3305 dum
1316 3264 1529 3307 sumus
1548 3247 1615 3307 in
1643 3246 1758 3308 hac
1781 3247 1934 3323 vita,
1952 3247 2059 3308 sed

492 3336 801 3416 probabili
848 3336 1327 3412 existimatione,
1359 3338 1523 3417 quod
1552 3339 1617 3399 111
1650 3340 1818 3400 0111111
1845 3342 2062 3401 amici-

492 3432 582 3490 tia
606 3430 865 3502 sufficit;
899 3430 963 3490 id
993 3450 1139 3492 vero
1182 3439 1419 3495 constat
1448 3452 1522 3492 ex
1551 3433 1740 3493 variis
1789 3433 2064 3513 Scriptu-

492 3543 578 3585 110
605 3524 973 3584 testimoniis
987 3547 1005 3600 ;
1037 3543 1185 3585 nam
1214 3526 1381 3589 Deus
1407 3524 1728 3608 diligentes
1746 3545 1809 3589 sc
1837 3527 2060 3608 diliyit,

493 3616 682 3691 unde,
713 3617 873 3695 quod
912 3618 1105 3677 Deum
1157 3616 1511 3696 diligamus„
1544 3618 1802 3679 effectus
1844 3626 1935 3681 est
1973 3620 2064 3680 di·

493 3709 624 3771 vini
659 3712 908 3770 amoris,
955 3710 1188 3785 Tel-tic,
1216 3713 1699 3775 communicatio
1737 3714 1814 3774 ad
1850 3714 2063 3774 amici-

490 3802 644 3863 tiam
688 3796 1031 3865 necessa'ria
1078 3803 1180 3863 hic
1216 3804 1404 3864 etiam
1448 3824 1573 3866 non
1617 3804 1825 3869 deficit
1839 3829 1856 3884 3
1913 3826 2063 3868 nam

488 3894 633 3957 licet
669 3896 831 3957 inter
880 3896 1114 3956 nudam
1158 3903 1448 3958 naturam
1502 3899 1773 3960 hominis
1817 3908 1879 3961 et
1906 3900 2065 3960 divi·-

489 4005 637 4046 nam
692 4006 819 4048 non
872 3989 1241 4069 reperiatur,
1295 3990 1612 4052 invenitur
1635 3998 1844 4053 tamen
1884 3993 2056 4053 suffi-

489 4079 724 4141 cienter
745 4082 908 4141 inter
926 4082 1232 4158 homines,
1261 4102 1372 4162 per
1391 4086 1656 4163 gratiam
1679 4087 1947 4147 elevatos
1978 4086 2056 4148 ad

489 4172 773 4233 divinum
802 4174 1110 4250 ordinem,
1135 4182 1197 4235 et
1226 4176 1455 4237 Deum:
1482 4178 1567 4237 sic
1593 4179 1760 4238 enim
1790 4186 1935 4240 sunt
1963 4182 2057 4243 di-

488 4267 647 4331 cinoe
672 4272 970 4330 consortes
1003 4273 1267 4345 naturoe,
1294 4275 1356 4329 et
1378 4271 1607 4351 accepti
1655 4270 1732 4331 ad
1764 4274 2055 4334 eumdem

488 4360 770 4421 ordinem
812 4361 1233 4438 beatitudiniS,
1270 4381 1408 4443 quae
1455 4366 1937 4426 communicatio
1967 4366 2055 4429 fa-

488 4454 569 4513 cit
625 4454 1063 4533 aequalitatem,
1114 4454 1164 4515 si
1218 4474 1345 4517 non
1397 4456 1783 4536 simpliciter,
1836 4459 2060 4521 saltem

488 4546 885 4609 excellentiae..
932 4547 1070 4608 Alio
1136 4549 1321 4609 modo
1373 4554 1572 4628 potest
1623 4550 1885 4629 intelligi
1952 4552 2061 4613 illa

488 4641 966 4700 communicatio
996 4658 1111 4720 pro
1141 4648 1355 4702 mutua
1404 4640 1844 4702 beneficiorum
1874 4642 2054 4704 colla-

486 4732 680 4807 tione,
710 4740 770 4793 et
790 4734 923 4795 haec
950 4752 1075 4793 non
1100 4741 1191 4795 est
1220 4736 1377 4794 ratio
1405 4735 1732 4812 amicitiae3
1759 4734 1909 4796 alias
1931 4756 2058 4796 non

487 4833 644 4887 esset
679 4826 959 4900 honesta,
1002 4826 1107 4887 sed
1150 4826 1352 4901 utilis;
1408 4834 1499 4888 est
1545 4834 1756 4888 tamen
1805 4827 2058 4890 effeetus

486 4919 593 4998 qui
626 4937 702 4978 ex
744 4918 851 4977 illa
873 4920 1069 4978 oritur
1091 4940 1107 4993 3
1141 4919 1468 4982 amicorum
1496 4921 1663 4979 enim
1688 4920 1887 4984 omnia
1914 4927 2061 4985 sunt

488 5010 865 5082 commonia,-
918 5011 1037 5072 hoc
1078 5019 1287 5073 autem
1330 5030 1453 5073 non
1510 5012 1719 5075 deesse
1770 5033 1845 5075 ex
1875 5022 2051 5094 parte

483 5105 591 5164 Dei
627 5106 691 5164 in
714 5105 831 5164 hac
854 5104 1065 5165 divina
1091 5106 1366 5166 amicitia
1404 5125 1510 5185 per
1538 5125 1601 5166 se
1641 5114 1877 5167 constat
1894 5124 1911 5185 ;
1944 5107 2052 5168 ho-

480 5198 681 5257 mines
701 5203 933 5269 autem,
992 5198 1107 5258 etsi
1136 5216 1260 5258 non
1301 5200 1536 5280 possint
1564 5198 1839 5260 conferre
1864 5200 2050 5262 benc-

483 5288 626 5349 ficia
670 5290 735 5349 in
776 5290 992 5365 Deum,
1026 5298 1260 5368 tamen,
1294 5292 1493 5372 quoad
1555 5298 1828 5371 possunt,
1887 5312 2047 5373 prae-

482 5383 632 5444 bent
648 5382 949 5445 honorem
982 5390 1045 5445 et
1062 5384 1348 5463 gloriam,
1374 5390 1435 5445 et
1469 5386 1765 5462 proximis
1802 5386 2053 5447 benefa-

481 5475 675 5537 ciunt.
708 5476 959 5549 Quart0,
990 5478 1263 5539 amicitia
1308 5476 1493 5539 efficit
1531 5496 1750 5555 unum,
1784 5484 1845 5540 et
1878 5478 2052 5540 velut

484 5570 662 5651 ponit
690 5588 881 5631 unam
923 5572 1198 5632 animam
1254 5573 1317 5633 in
1360 5571 1603 5633 duobus
1652 5574 2044 5654 corporibus:

2165 725 2311 805 quia
2362 724 2658 803 primario
2710 731 2801 786 est
2851 726 2930 786 ad
2978 747 3209 803 unum,
3255 729 3328 788 in
3377 746 3500 808 quo
3525 738 3580 789 et
3613 750 3696 809 per

2163 837 2347 899 quem
2401 825 2618 880 caetera
2668 820 3033 901 diliguntur.
3074 823 3347 897 Quinto,
3415 822 3554 882 licet
3591 844 3700 885 tera

2163 912 2437 973 amicitia
2463 931 2588 973 non
2614 914 2692 973 sit
2717 920 2968 993 propter
2985 916 3334 977 utilitatem
3357 915 3462 979 vel
3477 916 3702 997 volupta-

2160 1012 2313 1077 tem,
2336 1014 2544 1066 tamen
2570 1006 2682 1067 hos
2706 1008 2942 1071 fructus
2956 1027 3166 1070 secum
3186 1008 3426 1083 affert;
3453 1009 3700 1087 primum,

2163 1105 2412 1177 propter
2459 1099 3082 1161 communicationem
3095 1116 3118 1179 ;
3180 1102 3570 1175 secundum,
3601 1122 3706 1181 pro-

2159 1198 2297 1271 pter
2322 1192 2652 1270 unionem3
2685 1200 2744 1253 et
2764 1193 2829 1253 in
2849 1201 3112 1274 utroque
3145 1193 3412 1255 excedit
3435 1194 3570 1254 haec
3593 1199 3707 1255 ami·

2159 1286 2335 1346 citia:
2369 1286 2532 1348 unde
2561 1286 2751 1348 illud:
2796 1288 3042 1369 Dolicioe
3081 1308 3234 1351 meoe
3273 1307 3416 1352 esse
3449 1308 3576 1350 cum
3593 1292 3706 1371 filiis

2159 1376 2481 1440 hominum.
2537 1380 2812 1441 Tandem
2864 1388 3107 1460 oportet
3153 1388 3227 1441 ut
3281 1400 3448 1442 vera
3485 1384 3706 1445 amicitia

2155 1472 2233 1531 sit
2257 1471 2531 1551 stabilis;
2560 1473 2697 1533 haec
2723 1479 2928 1534 autem
2952 1475 3029 1535 de
3054 1493 3119 1535 se
3142 1475 3238 1534 ita
3263 1474 3523 1535 stabilis
3549 1482 3640 1550 est,
3657 1486 3705 1536 ut

2154 1565 2236 1625 sit
2267 1572 2559 1645 perpetua
2581 1590 2597 1641 ;
2624 1585 2700 1627 ex
2723 1566 2946 1646 quihus
2972 1567 3278 1628 omnibus
3313 1568 3393 1627 fit
3417 1566 3704 1629 1131100101-

2154 1658 2365 1719 citiam
2400 1678 2524 1719 non
2554 1659 2754 1720 solum
2783 1679 2914 1721 esse
2945 1660 3300 1741 propriam,
3329 1659 3450 1720 sed
3477 1663 3700 1723 omnium

2152 1752 2678 1830 perfectissimam,
2713 1754 2878 1834 quia,
2924 1754 3066 1815 licet
3100 1756 3170 1815 in
3209 1754 3591 1833 aequalitate
3625 1754 3700 1815 ali·

2150 1846 2398 1924 quando
2428 1846 2694 1919 deficiat,
2727 1852 2938 1908 tamen
2967 1848 3036 1908 in
3063 1846 3344 1927 reliquis
3381 1848 3710 1908 conditioni·

2149 1937 2265 1998 bus
2286 1937 2468 2017 longe
2489 1940 2874 2021 multumque
2891 1946 3166 2020 superat.
3191 1938 3393 2018 (vide
3424 1938 3540 1999 lib.
3579 1945 3634 2000 ss
3658 1942 3710 2001 de

2149 2016 2346 2109 G‘rat.)
2618 2106 2634 2119 ,

2229 2126 2289 2187 5.
2335 2124 2613 2189 Secunda
2635 2125 2928 2190 conclusio
2961 2126 3346 2190 declarando
3375 2126 3714 2206 patescit.—

2154 2219 2296 2278 Dico
2317 2219 2622 2279 secundo:
2653 2220 2781 2281 haec
2817 2221 3090 2281 amicitia
3118 2219 3300 2280 inter
3317 2237 3442 2279 nos
3471 2226 3534 2279 et
3551 2221 3714 2281 Deum

2149 2330 2226 2371 ex
2251 2318 2421 2390 parte
2449 2312 2718 2373 hominis
2753 2320 2844 2373 est
2882 2314 3016 2391 ipsa
3042 2313 3334 2374 charitas
3355 2336 3376 2388 3
3412 2312 3714 2373 adverten-

2149 2404 2298 2467 dum
2336 2414 2426 2467 est
2469 2426 2546 2468 ex
2587 2407 2904 2469 Aristotele
2954 2426 3166 2487 supra,
3200 2406 3572 2467 amicitiam
3607 2426 3716 2486 per·

2149 2498 2249 2560 fici
2272 2500 2338 2561 in
2371 2507 2586 2562 mutuo
2622 2518 2859 2577 amore3
2883 2500 3047 2561 unde
3076 2500 3130 2561 si
3173 2518 3356 2559 unus
3389 2508 3584 2571 amet,
3617 2520 3718 2561 non

2149 2612 2296 2654 vero
2315 2594 2687 2671 redametur,
2714 2600 2806 2654 est
2825 2592 3075 2672 quidem
3095 2593 3586 2669 benevolentia,
3615 2612 3714 2653 noa

2149 2705 2296 2747 vero
2327 2688 2615 2748 amicitia.
2667 2686 2914 2767 Oportet
2951 2687 3142 2747 etiam
3195 2692 3277 2746 ut
3331 2686 3448 2746 hic
3503 2694 3720 2746 mutuus

2146 2799 2322 2841 amor
2349 2799 2477 2841 non
2511 2780 2699 2841 lateat
2725 2796 2744 2857 ;
2773 2798 2921 2840 nam
2969 2780 3021 2840 si
3061 2779 3439 2859 ignoretur,
3485 2788 3612 2841 esto
3651 2782 3714 2839 sit

2144 2891 2474 2935 concursus
2502 2892 2812 2949 amorum,
2842 2874 2960 2934 erit
2988 2880 3202 2934 tamen
3259 2892 3384 2953 per
3413 2874 3684 2933 accidens
3701 2899 3713 2945 ς

2140 2972 2205 3027 at
2254 2986 2396 3028 vero
2446 2986 2621 3028 amor
2663 2967 2949 3028 amicitiae
2997 2966 3280 3046 postulat
3338 2973 3422 3025 ut
3475 2968 3558 3027 sit
3599 2968 3714 3027 alte*

2135 3062 2262 3121 rius
2280 3068 2574 3140 tanquam
2596 3061 3006 3122 redamantis:
3035 3062 3175 3138 jam
3217 3060 3439 3139 igitur
3485 3062 3536 3121 si
3587 3064 3710 3120 ami·

2139 3155 2281 3216 citia
2320 3156 2481 3215 inter
2513 3174 2625 3215 nos
2654 3161 2714 3215 et
2758 3154 2951 3215 Deum
2981 3154 3302 3232 significat
3329 3160 3548 3215 totum
3581 3156 3704 3215 intc-

2140 3266 2322 3327 grum
2368 3247 2714 3323 vinculum,
2745 3248 2830 3307 sic
2853 3254 2940 3309 est
2969 3248 3144 3325 quasi
3183 3246 3600 3308 collectivum
3627 3266 3702 3307 re-

2140 3359 2310 3416 men,
2352 3342 2716 3402 charitatem
2772 3340 2879 3401 Dei
2909 3346 2971 3401 et
3007 3348 3292 3401 nostram
3325 3342 3710 3422 comprehen-

2146 3435 2328 3512 dens;
2361 3438 2412 3495 si
2435 3441 2644 3495 tamen
2671 3433 2980 3513 significat
3005 3434 3066 3493 id
3091 3436 3267 3513 quod
3305 3454 3388 3495 ex
3425 3442 3602 3515 parte
3627 3454 3716 3495 no·

2144 3535 2270 3589 stra
2322 3547 2434 3588 nos
2467 3533 2824 3607 praestamus
2872 3528 2938 3586 in
2966 3526 3082 3587 hac
3109 3528 3434 3602 amicitia,
3466 3528 3622 3589 illud
3645 3537 3716 3587 est

2145 3622 2432 3698 charita5‚
2465 3623 2634 3701 quia,
2668 3628 2738 3681 ut
2757 3616 3112 3682 Aristoteles
3135 3622 3326 3696 dixit,
3361 3622 3481 3682 lib.
3505 3624 3548 3683 8
3569 3623 3714 3681 Ethi-

2145 3733 2381 3790 corum,
2439 3733 2573 3794 cap.
2629 3716 2698 3776 8:
2744 3714 3043 3779 Amicitia
3091 3716 3302 3797 mayis
3349 3720 3450 3778 cst
3495 3716 3712 3787 amari,

2143 3826 2320 3889 quam
2351 3826 2577 3881 amare,
2609 3807 2904 3868 charitate
2925 3826 3071 3868 vero
3092 3826 3396 3867 amamus
3431 3814 3476 3867 ¹.
3503 3810 3594 3869 Ex
3613 3828 3713 3887 quo

2145 3901 2512 3978 intelligitur
2534 3900 2650 3960 hoc
2677 3901 3003 3961 convenire
3033 3900 3331 3961 charitati
3354 3918 3476 3980 per
3497 3920 3562 3961 se
3580 3948 3594 3969 ,
3626 3920 3712 3960 ne·

2145 4012 2263 4073 que
2300 3980 2612 4073 requirere
2656 3993 2904 4072 longam
2955 3992 3518 4067 consuetudinem,
3567 3994 3712 4053 unde

2138 4088 2326 4147 etiam
2372 4088 2440 4146 in
2483 4086 2744 4166 parvulo
2798 4086 2984 4147 habet
3035 4086 3334 4146 eamdem
3373 4088 3710 4147 rationem:

2136 4182 2300 4259 quod
2333 4181 2385 4241 si
2413 4199 2536 4240 non
2567 4181 2754 4260 possit
2782 4182 2847 4239 in
2879 4188 3086 4240 actum
3118 4178 3403 4259 prodire,
3437 4184 3633 4241 oritur
3649 4198 3708 4239 ex

2136 4274 2600 4353 indispositione
2619 4273 2905 4353 subjecti.
2926 4272 3322 4357 Argumenta
3345 4274 3557 4334 solnta
3583 4282 3704 4333 sunt

2139 4385 2214 4427 ex
2259 4367 2459 4428 dictis.

2764 4562 2980 4614 sacrm
3013 4563 3094 4614 111.

2150 4736 2370 4799 Utrum
2399 4733 2668 4800 charitas
2701 4732 2785 4797 sit
2816 4750 2938 4796 una
2975 4735 3046 4870 et²
3067 4734 3276 4797 eadem
3315 4735 3390 4797 ia
3417 4736 3514 4798 cia
3559 4744 3612 4799 et
3641 4738 3694 4796 ia

2783 4826 3030 4907 patria.

2216 5019 2273 5075 1.
2318 5013 2538 5077 Prima
2596 5014 2915 5077 conclusio.
2961 5045 3044 5060 —-·
3103 5014 3208 5076 An-
3263 5018 3490 5080 amor-is
3537 5022 3696 5080 actu

2131 5110 2260 5171 sint
2292 5106 2470 5169 iidem
2497 5108 2560 5169 in
2594 5109 2814 5187 patria
2853 5120 2911 5171 ct
2940 5110 3007 5169 in
3047 5110 3174 5173 via.
3205 5109 3558 5193 —Neqant
3593 5108 3694 5169 ali·

2131 5201 2258 5283 qui.
2289 5234 2369 5247 -—
2393 5200 2683 5263 Primum
2725 5204 3174 5282 armamentum.
3215 5234 3304 5247 —
3339 5202 3686 5265 Saeuam.

2133 5328 2213 5363 -.-
2270 5294 2562 5358 Tcrtium.
2613 5327 2694 5340 —
2744 5294 3065 5369 Quartum.
3111 5328 3196 5340 —
3245 5296 3390 5357 Dico
3447 5296 3680 5375 primo.

2133 5391 2421 5477 eumdem
2456 5389 2743 5451 habitum
2773 5390 3116 5466 charitatiS,
3147 5396 3208 5452 et
3245 5390 3438 5469 specie
3473 5394 3538 5447 et
3575 5406 3678 5445 nu·

2215 5580 2231 5615 ¹
2281 5574 2433 5638 Vide
2459 5575 2646 5637 etiam
2678 5576 2747 5637 D.
2771 5574 2994 5637 Thom.
3033 5576 3096 5636 2.
3137 5578 3200 5651 Ξ,
3249 5594 3305 5655 q.
3339 5576 3430 5647 27,
3455 5578 3572 5631 art.
3609 5574 3660 5629 l.
