3900 6217
465 409 583 472 190

461 517 843 598 Respondeo,
880 517 1151 580 admisso
1176 518 1286 590 illo
1329 539 1474 582 casu
1504 521 1661 600 (non
1700 523 1869 582 enim
1917 541 2027 602 ap-

461 618 635 691 paret
660 613 729 674 in
756 612 868 674 illo
894 613 1331 693 repugnantia,
1360 620 1431 674 ut
1459 614 1808 693 generalius
1842 615 2028 676 docui

460 704 523 765 in
556 710 616 766 1.
644 706 706 782 2,
733 711 914 770 tract.
946 707 1007 780 3,
1046 705 1207 785 disp.
1236 707 1297 782 8,
1329 714 1475 768 sect.
1509 711 1569 785 1,
1614 725 1653 770 a
1688 725 1865 770 num.
1896 711 2025 786 73),

458 802 609 859 tunc
634 802 700 858 in
736 798 1057 860 intellectu
1084 817 1215 862 esse
1254 819 1431 880 posse
1465 809 1671 864 actum
1714 819 1927 863 verum
1961 807 2026 863 et

457 892 993 971 supernaturalem
1036 892 1205 969 fidei,
1236 901 1297 955 et
1323 895 1615 974 imperari
1659 912 1696 955 a
1724 895 1852 955 solo
1880 901 2025 956 actu

458 984 915 1065 supernaturali
939 985 1300 1062 voluntatiS,
1322 995 1383 1049 et
1406 987 1611 1048 abillo
1634 987 2028 1050 denominari

460 1075 691 1138 honum
728 1084 791 1140 et
818 1077 1182 1158 honestum3
1214 1087 1488 1160 respectu
1532 1087 1741 1143 antem
1768 1082 2025 1144 alterius

458 1175 629 1231 actus
652 1171 991 1233 voluntatis
1014 1173 1191 1253 pravi
1223 1191 1350 1235 non
1378 1175 1721 1255 comparari
1746 1180 1818 1237 ut
1844 1175 2026 1237 effec-

458 1269 594 1324 tum
622 1265 778 1343 ejus,
810 1265 917 1326 sed
949 1265 1148 1326 solum
1182 1273 1253 1327 ut
1282 1267 1605 1328 materiam
1636 1269 1797 1329 eirca
1834 1285 2026 1348 quam

457 1365 762 1434 versatur,
792 1358 1139 1420 ordinando
1164 1358 1347 1420 illum
1375 1359 1451 1422 ad
1486 1379 1669 1421 suum
1704 1360 1895 1423 finem
1926 1362 2028 1423 vel

460 1451 793 1513 utilitatem
824 1467 845 1530 ;
881 1451 999 1514 hoc
1038 1459 1248 1514 autem
1278 1471 1401 1514 non
1434 1453 1663 1515 sufficit
1688 1461 1759 1517 ιιι
1786 1457 2030 1520 malitia

458 1545 797 1607 voluntatis
838 1547 904 1606 in
933 1552 1139 1609 actum
1180 1545 1327 1608 fidei
1356 1547 1681 1624 redundet,
1716 1549 1819 1610 vel
1848 1550 2029 1612 illum

458 1637 696 1700 malum
724 1639 1107 1714 denominat,
1134 1640 1279 1718 quia
1305 1657 1435 1701 non
1458 1647 1550 1702 est
1578 1659 1760 1704 causa
1786 1644 1887 1705 vel
1910 1645 2028 1706 cir-

456 1732 829 1793 cumstantia
850 1735 1007 1812 ejus,
1030 1733 1195 1814 quod
1212 1735 1282 1793 in
1305 1733 1441 1794 aliis
1463 1735 1704 1796 actibus
1732 1737 2026 1798 studiosis

458 1843 617 1906 saepe
678 1825 1003 1904 contingit.
1057 1827 1230 1888 Unde
1280 1828 1471 1888 etiam
1524 1828 1916 1909 intelligitur,
1972 1831 2025 1892 si

456 1917 781 1997 contingat
826 1917 1112 1994 fidelem,
1157 1919 1267 1998 qui
1305 1921 1438 1999 jam
1486 1927 1581 1982 est
1624 1930 1903 1984 assuetus
1944 1924 2025 1985 ad

458 2009 835 2072 eredendum
862 2013 1433 2091 supernaturaliter,
1469 2031 1583 2094 per
1612 2022 1823 2076 actum
1852 2035 2023 2079 mere

456 2103 808 2164 naturalem
827 2109 890 2165 et
914 2121 1174 2184 pravum
1198 2106 1497 2188 applicari
1520 2107 1597 2168 ad
1620 2109 2022 2185 cogitandum

458 2196 535 2258 de
566 2195 751 2258 rebus
778 2195 946 2273 fidei,
974 2205 1037 2258 et
1064 2204 1212 2260 tunc
1240 2217 1525 2262 exercere
1552 2219 1633 2262 ex
1668 2203 1731 2262 vi
1760 2221 2020 2265 consue·

456 2291 690 2352 tudinis
720 2298 926 2353 actum
954 2295 1483 2374 supernaturalem
1514 2295 1681 2372 fidei,
1708 2297 1895 2359 talem
1924 2317 2022 2360 ac-

462 2393 595 2446 tum
629 2403 763 2446 non
790 2404 965 2466 posse
994 2386 1119 2447 dici
1142 2387 1378 2448 malum
1386 2433 1405 2464 ,
1442 2390 1681 2450 etiamsi
1710 2407 1786 2452 ex
1830 2409 2024 2470 pravo

460 2480 586 2542 fine
610 2481 886 2542 exerceri
906 2481 1211 2544 videatur.
1234 2483 1413 2544 Ratio
1433 2489 1547 2560 est,
1568 2485 1715 2564 quia
1738 2484 2026 2547 voluntas

457 2591 649 2654 prava
689 2580 843 2634 tnnc
886 2591 1141 2636 movens
1185 2581 1249 2636 et
1290 2575 1606 2656 applicans
1638 2577 2025 2640 intellectum

461 2685 589 2729 non
616 2673 817 2730 movet
840 2667 919 2730 ad
944 2668 1234 2748 speciem,
1258 2687 1463 2750 neque
1484 2671 1714 2731 virtute
1745 2689 1857 2731 sua
1884 2689 2025 2752 pos-

462 2767 554 2823 set
576 2779 825 2824 movere
854 2761 1235 2824 intellectum
1262 2762 1343 2823 ad
1364 2763 1555 2826 talem
1580 2771 1787 2827 actum
1817 2783 2030 2845 snper-

462 2854 811 2916 naturalem
844 2853 1015 2930 fidei,
1056 2861 1116 2916 et
1160 2855 1298 2916 ideo
1332 2873 1460 2917 non
1492 2863 1585 2918 est
1614 2875 1797 2919 causa
1836 2858 2027 2936 illius,

462 2953 533 3009 ut
560 2948 703 3010 talis
732 2953 850 3025 est,
892 2967 1099 3028 neque
1144 2950 1393 3029 propria
1428 2950 1914 3028 circumstantia,
1957 2969 2030 3013 ac

462 3042 722 3123 proinde
764 3059 891 3104 non
934 3043 1295 3123 denominat
1333 3043 1508 3105 illum
1554 3045 1815 3121 malum,
1848 3051 2032 3126 prout

464 3141 639 3198 actus
664 3135 808 3196 fidei
854 3141 964 3211 est,
998 3136 1101 3197 sed
1131 3137 1307 3216 quasi
1338 3137 1766 3214 materialiter,
1794 3139 1893 3201 vel
1940 3157 2032 3201 se-

466 3229 736 3291 cundum
772 3229 1122 3308 generalem
1156 3231 1483 3306 rationem,
1519 3237 1827 3310 quatenus
1864 3233 2032 3310 cogi-

468 3326 619 3384 tatio
644 3323 929 3403 quaedam
956 3329 1051 3384 est
1084 3322 1160 3383 de
1182 3323 1291 3384 tali
1320 3324 1611 3400 materia;
1640 3332 1701 3386 et
1724 3324 1867 3386 ideo
1890 3343 2033 3406 pro-

468 3417 639 3496 prius
679 3421 851 3478 actus
888 3415 1056 3493 fidei,
1102 3423 1231 3480 tam
1262 3417 1328 3480 in
1374 3417 1693 3480 voluntate
1734 3437 1921 3500 quam
1962 3419 2032 3481 in

468 3509 805 3586 intellectu,
854 3526 1097 3590 semper
1136 3509 1429 3571 honestus
1468 3517 1583 3587 est,
1626 3516 1697 3571 ut
1740 3513 1930 3574 etiam
1964 3512 2031 3574 in

466 3603 880 3684 disputatione
918 3601 1104 3683 paulo
1148 3607 1293 3664 ante
1324 3604 1511 3664 citata
1540 3604 1791 3680 resolvi,
1822 3611 1885 3666 et
1922 3623 2033 3665 no—

468 3697 713 3758 vissime
742 3695 1003 3757 Basilius
1034 3695 1316 3773 Poneins,
1350 3697 1415 3760 in
1458 3696 1659 3777 prima
1702 3704 1875 3778 parte
1914 3699 2034 3760 Va-

471 3791 707 3851 riarum
746 3788 1259 3868 disputationum,
1289 3789 1618 3852 relectione
1644 3791 1705 3866 2,
1738 3789 1774 3871 5
1805 3791 2036 3872 Super-

469 3889 561 3949 est
586 3883 869 3956 eamdem,
895 3899 1038 3943 cum
1070 3883 1384 3944 Dominico
1402 3883 1677 3960 ›Banhes,
1703 3887 1762 3946 2.
1788 3887 1848 3960 2,
1880 3904 1939 3966 q.
1967 3885 2030 3962 t,

470 3982 588 4038 art.
623 3979 684 4052 5,
709 3975 855 4038 dub.
889 3977 965 4053 23
998 3975 1295 4056 Vasquez,
1328 3980 1383 4039 1.
1410 3979 1469 4052 2,
1499 3975 1727 4057 disput.
1762 3980 1863 4054 53,
1893 3997 2029 4059 cap.

469 4071 534 4145 4,
564 4085 741 4131 num.
772 4071 875 4131 26.

542 4164 650 4225 14.
696 4163 974 4227 Assertio
1000 4167 1221 4245 quarta
1238 4189 1260 4224 .·
1287 4161 1435 4226 velle
1464 4163 1692 4226 credere
1717 4169 1773 4226 et
1804 4165 2038 4228 credere

469 4256 784 4319 meritoria
810 4263 972 4319 sunt.
1000 4291 1079 4304 —-
1103 4257 1249 4319 Dico
1277 4261 1539 4338 quarto:
1571 4256 1855 4317 voluntas
1891 4275 2034 4337 pro-

466 4349 605 4430 pria
634 4349 945 4427 credendi,
977 4356 1041 4412 et
1062 4356 1507 4430 consequenter
1534 4349 1722 4410 etiam
1752 4355 1923 4411 actus
1950 4349 2030 4410 fl-

469 4443 571 4503 dei
592 4450 778 4522 prout
802 4442 883 4504 ab
905 4441 1011 4504 illa
1030 4443 1327 4524 procedit,
1348 4443 1704 4505 meritorius
1726 4449 1839 4504 est.
1863 4443 2037 4505 Hanc

466 4536 868 4597 assertionem
902 4537 1085 4616 attigi
1118 4535 1227 4597 lib.
1264 4537 1341 4598 12
1379 4535 1455 4597 de
1488 4537 1702 4610 Grai„
1746 4539 1929 4615 capit.
1967 4536 2031 4611 9,

466 4647 642 4690 num.
686 4629 747 4691 8.
784 4629 1058 4710 Eamque
1104 4630 1281 4698 docet
1324 4630 1505 4690 divus
1544 4631 1836 4703 Thomas,
1868 4645 1931 4708 q.
1967 4629 2029 4703 2,

466 4721 677 4794 arn-9,
704 4727 766 4783 et
792 4727 883 4783 est
910 4741 1006 4784 res
1034 4729 1200 4786 certa
1228 4741 1304 4784 ex
1334 4721 1520 4785 modo
1535 4720 1845 4802 'loquendi
1874 4721 2034 4781 Scri-

469 4821 667 4895 pturae
696 4815 771 4875 de
794 4814 1105 4877 'fructibus
1135 4815 1308 4893 fldei3
1334 4832 1480 4877 nam
1510 4813 1729 4876 Genea.
1762 4815 1859 4884 15,
1887 4813 2036 4874 dici-

464 4915 611 4970 tur:
646 4907 921 4972 Credidit
948 4909 1259 4973 Abraham
1287 4909 1433 4983 Deo,
1474 4915 1535 4973 et
1564 4911 1912 4990 reputatum
1943 4912 2037 4970 eat

464 5001 569 5064 illi
607 5003 691 5066 ad
708 5003 1026 5082 justitiam
1041 5028 1068 5075 ,·
1094 5003 1255 5083 quod
1286 5005 1471 5064 etiam
1508 5001 1835 5063 confirmat
1876 5001 2035 5060 Pau·

466 5093 588 5170 lus,
623 5095 701 5155 ad
744 5097 1007 5158 Roman.
1050 5097 1124 5170 43
1160 5104 1221 5157 et
1258 5095 1497 5170 Jacob„
1530 5093 1716 5174 capit.
1748 5091 1824 5172 23
1855 5099 1918 5154 et
1955 5092 2032 5153 ad

464 5187 683 5267 Ephesi
716 5191 779 5264 2,
813 5189 1084 5252 dicitur-2
1122 5189 1349 5255 Gratia
1391 5188 1539 5251 estis
1566 5186 1797 5249 salvati
1824 5203 1936 5266 per
1955 5187 2035 5265 fi-

466 5281 616 5354 dem,
648 5285 708 5344 et
732 5281 839 5345 Ιιοο
864 5299 981 5344 non
1018 5299 1091 5346 ex
1119 5283 1302 5345 vobis.
1332 5283 1411 5344 Et
1447 5281 1527 5342 ad
1571 5279 1757 5341 Hebr.
1801 5281 1870 5339 11
1920 5295 2035 5339 nu-

462 5381 787 5435 merantur
824 5375 1025 5437 multa
1070 5376 1326 5457 praemia
1370 5375 1543 5436 ssdei.
1596 5372 1775 5434 Ratio
1820 5377 2032 5433 autem

464 5473 578 5542 est,
609 5468 762 5547 quia
800 5476 972 5530 actus
1008 5471 1121 5532 iste
1160 5477 1249 5531 est
1276 5471 1571 5531 honestus
1596 5472 2029 5546 supernatura-

464 5560 765 5634 lissetvx
786 5563 1032 5640 gratia,
1065 5571 1128 5625 et
1154 5563 1487 5625 intrinsece
1529 5559 1802 5623 continet
1850 5558 2020 5621 obse·

1621 419 1859 476 mst‘uT.
1896 419 1962 476 Vl
2017 420 2096 474 m:
2127 421 2292 476 Actu
2325 419 2507 477 From.

2109 521 2329 601 quium
2361 522 2464 582 Dei
2478 536 2498 598 3
2525 539 2674 600 ergo
2701 519 2890 580 habet
2917 535 3134 581 omnes
3155 519 3538 582 conditiones
3565 535 3678 582 no-

2109 616 2400 676 cessarias
2427 621 2498 676 ut
2539 617 2620 676 sit
2659 613 3034 674 meritorius.
3077 613 3248 674 Dices
3283 627 3300 674 ε
3329 621 3502 674 actus
3529 612 3682 676 fidei

2109 708 2413 770 antecedit
2453 707 2530 768 ad
2563 713 2777 768 actum
2817 706 3138 767 charitatis
3171 711 3237 767 et
3265 706 3345 766 ad
3385 705 3678 768 habitum

2111 802 2328 884 gratiae
2354 801 2825 878 sanctificantis3
2851 817 3000 878 ergo
3023 817 3149 860 non
3172 803 3376 878 potest
3393 815 3524 861 esse
3549 817 3682 860 me-

2107 895 2380 970 ritorius,
2411 894 2557 974 quia
2583 893 2718 954 sine
2751 892 3058 954 charitate
3093 897 3155 952 et
3183 894 3384 971 gratia
3425 909 3553 954 non
3581 900 3684 955 est

2109 989 2403 1050 meritum
2433 988 2596 1069 apud
2625 990 2842 1050 Deum.
2871 987 3232 1067 Respondeo
3257 986 3374 1048 hoc
3399 987 3480 1048 ad
3508 1005 3684 1048 snm-

2109 1099 2282 1144 mum
2309 1082 2638 1164 procedere
2663 1081 2739 1142 de
2767 1081 2970 1160 primo
2993 1087 3132 1140 actu
3159 1079 3334 1157 fidei3
3359 1097 3506 1141 nam
3537 1098 3682 1160 pos·

2103 1179 2360 1239 teriores
2386 1191 2604 1235 omnes
2623 1175 2756 1252 J‘am
2795 1179 3047 1252 possunt
3077 1189 3424 1254 supponere
3449 1181 3512 1234 et
3540 1181 3678 1234 sta-

2105 1275 2244 1330 tum
2274 1271 2490 1349 gratiae
2536 1273 2598 1329 et
2633 1267 2968 1347 inperium
2993 1265 3348 1338 charitatis:
3385 1266 3472 1326 sio
3505 1268 3680 1328 enim

2107 1364 2306 1426 fidelis
2335 1364 2470 1443 jam
2505 1360 2874 1442 justificatus
2909 1366 3120 1440 postea
3157 1375 3442 1422 exercere
3477 1367 3681 1440 potest

2110 1465 2282 1520 actus
2327 1458 2476 1519 {idei
2523 1463 2772 1537 propter
2818 1457 3014 1516 Deum
3061 1471 3306 1516 summe
3351 1453 3674 1516 dilectum.

2110 1551 2288 1612 Unde
2313 1549 2672 1630 responderi
2697 1553 2896 1628 potest
2913 1545 2995 1608 ad
3013 1545 3447 1626 objectionem,
3467 1553 3682 1609 actum

2107 1643 2255 1705 fidei
2289 1643 2656 1723 simpliciter
2689 1641 2812 1702 dici
2855 1639 3270 1717 meritorium,
3301 1641 3448 1721 qaia
3487 1640 3682 1702 habet

2107 1755 2325 1799 omnes
2365 1735 2748 1797 conditiones
2780 1735 3106 1815 requisitas
3146 1733 3226 1795 ad
3263 1735 3556 1795 meritum
3597 1752 3680 1796 ex

2107 1837 2282 1911 parte
2323 1835 2526 1906 actus;
2563 1835 2863 1902 attamen,
2909 1833 2980 1888 ut
3005 1827 3081 1886 de
3125 1825 3290 1888 facto
3321 1827 3682 1888 meritorius

2104 1926 2206 2000 sit,
2239 1923 2547 2003 postulare
2579 1922 2960 1983 coiiditiones
2991 1921 3362 1982 necessarias
3389 1937 3466 1982 ex
3499 1926 3678 2000 parte

2104 2018 2388 2098 subjecti,
2430 2023 2493 2078 et
2530 2017 2672 2078 ideo
2705 2023 2910 2077 actum
2939 2014 3086 2075 fidei
3115 2013 3398 2076 informis
3423 2016 3684 2077 merito-

2103 2113 2271 2172 rium
2297 2127 2427 2171 non
2456 2127 2610 2187 esse,
2641 2109 2859 2171 saltem
2888 2107 2966 2170 de
2993 2108 3323 2187 condigno.

2187 2207 2284 2268 15.
2319 2205 2692 2268 Procedatne
2716 2203 2972 2265 assertio
3003 2204 3072 2264 de
3095 2203 3294 2280 primo
3323 2206 3464 2264 actu
3488 2201 3680 2277 fidei?

2103 2299 2439 2379 —Neyant
2465 2297 2718 2360 Mai-sil.
2753 2302 2812 2359 et
2831 2295 3172 2375 Almaymcs
3191 2317 3218 2365 ,·
3251 2297 3530 2375 afsto-mat
3557 2295 3680 2358 Oa·-

2099 2395 2364 2476 preater.
2383 2390 2700 2455 -Prima
2718 2407 2870 2470 pare
2906 2389 3292 2452 resolutionis
3323 2390 3519 2472 quoad
3551 2407 3682 2450 me-

2105 2489 2294 2551 ritum
2342 2489 2412 2550 do
2456 2499 2737 2565 con-qno,
2755 2517 2832 2530 --
2851 2483 3010 2545 Hinc
3039 2483 3362 2562 disputant
3383 2483 3678 2544 Doctores

2105 2600 2186 2642 an
2213 2580 2452 2660 primus
2476 2585 2648 2640 actus
2667 2577 2811 2638 fldei
2840 2575 3195 2638 meritorius
3221 2576 3324 2648 sit,
3355 2583 3416 2637 et
3439 2581 3686 2654 negant

2105 2673 2362 2750 Marsil.,
2397 2675 2465 2733 in
2501 2673 2561 2748 3,
2600 2671 2662 2733 d.
2699 2673 2796 2746 ss,
2826 2676 2947 2732 art.
2975 2673 3032 2745 1,
3060 2668 3251 2730 dnbio
3281 2672 3395 2747 143
3425 2668 3682 2747 Almay-

2109 2785 2250 2843 nus,
2273 2767 2340 2826 in
2369 2767 2429 2842 3,
2471 2765 2613 2825 dist.
2655 2765 2760 2837 24,
2793 2763 2943 2824 dub.
2987 2765 3049 2838 2,
3101 2768 3354 2843 propter
3387 2761 3682 2841 objectio-

2109 2879 2254 2923 nem
2283 2860 2536 2922 factam.
2577 2857 2966 2919 Contrarium
3006 2874 3155 2916 vero
3183 2856 3383 2917 tenuit
3413 2855 3683 2935 Capreo-

2109 2955 2230 3030 lus,
2261 2953 2425 3015 dicta
2451 2953 2594 3013 dist.
2603 2997 2623 3028 ,
2666 2951 2743 3012 ad
2791 2951 2854 3025 3,
2895 2955 3106 3011 eontra
3143 2948 3477 3010 secundam
3523 2963 3675 3008 con·

2111 3047 2472 3121 elusionem,
2498 3045 2646 3125 quia
2681 3044 2748 3105 in
2773 3045 2976 3124 primo
3015 3043 3293 3119 instanti,
3321 3043 3386 3102 in
3413 3059 3538 3121 quo
3563 3041 3680 3101 ali-

2111 3139 2251 3222 quis
2293 3139 2512 3219 incipit
2551 3137 2821 3212 eredere,
2857 3141 3060 3217 potest
3098 3135 3463 3214 justificari3
3503 3133 3680 3195 vide-

2111 3241 2218 3296 tur
2249 3239 2460 3294 autem
2486 3231 2564 3292 ad
2583 3230 2708 3292 tale
2731 3229 3024 3292 meritum
3054 3228 3366 3309 postulare
3389 3233 3460 3288 ιιι
3486 3225 3680 3288 simul

2113 3344 2257 3387 cum
2282 3325 2393 3387 illo
2427 3331 2570 3386 actu
2601 3323 2747 3384 fidei
2783 3327 2976 3383 actus·
2999 3321 3314 3383 charitatis
3347 3320 3680 3403 subseqnaf

2111 3423 2236 3494 tur,
2273 3436 2382 3498 per
2417 3435 2603 3497 quem
2634 3421 2807 3477 actus
2836 3413 2982 3475 fidei
3009 3414 3078 3475 in
3117 3416 3310 3476 Deum
3333 3413 3678 3490 reseratum

2111 3518 2175 3574 et
2227 3513 2315 3572 ita
2364 3510 2514 3571 dicit
2559 3509 2741 3569 illum
2788 3514 2994 3569 actum
3039 3506 3209 3584 fidei,
3237 3507 3408 3586 prius
3451 3511 3684 3568 natura

2113 3623 2302 3687 qnam
2370 3612 2511 3667 actu
2543 3603 2873 3665 charitatis
2929 3601 3324 3676 informetur,
3381 3617 3508 3660 non
3545 3617 3682 3661 esse

2113 3698 2534 3773 meritorium3
2575 3697 2878 3778 posterius
2927 3701 3136 3758 autem
3185 3701 3412 3756 natura
3441 3693 3684 3773 incipe-

2111 3811 2178 3854 re
2212 3809 2341 3854 esse
2385 3791 2794 3852 meritorium.
2842 3789 2984 3850 Dico
3009 3793 3218 3850 tamen
3261 3787 3536 3848 breviter
3555 3786 3684 3847 dis-

2111 3884 2528 3964 tinguendum
2554 3901 2682 3945 esse
2703 3883 2872 3944 inter
2895 3883 3190 3944 meritum
3215 3880 3678 3960 imperfectum,

2113 3979 2274 4060 quod
2297 3978 2680 4057 Augustinus
2707 3993 2928 4038 vocare
2969 3975 3128 4036 solet
3153 3973 3678 4054 impetratorium,

2113 4078 2176 4134 et
2215 4071 2492 4132 doctores
2535 4075 2760 4132 vocant
2809 4069 2887 4130 de
2937 4085 3234 4148 congruo,
3279 4071 3341 4128 et
3383 4065 3682 4126 meritum

2113 4164 2477 4246 perfectum,
2519 4179 2629 4224 seu
2665 4162 2744 4224 de
2771 4161 3104 4239 condigno.
3135 4161 3212 4221 Et
3249 4159 3560 4239 imprimis
3583 4157 3684 4218 di-

2112 4257 2380 4319 cendum
2413 4261 2529 4332 est,
2567 4261 2636 4316 ut
2661 4257 2846 4318 etiam
2874 4255 2917 4316 l.
2949 4255 3026 4315 12
3053 4253 3132 4314 de
3149 4253 3384 4328 (ii-atta,
3409 4267 3545 4331 cap.
3573 4253 3680 4327 37,

2115 4366 2154 4411 a
2181 4367 2356 4411 num.
2399 4351 2498 4426 15,
2535 4348 2798 4424 ostendi,
2835 4349 3104 4429 primum
3131 4354 3334 4408 actum
3373 4345 3518 4406 fidei
3545 4361 3684 4406 esse

2113 4443 2504 4505 meritorium
2533 4442 2612 4503 de
2637 4457 2911 4521 congmo
2943 4458 3073 4502 non
3111 4439 3314 4500 solum
3351 4445 3423 4500 nt
3461 4436 3684 4499 ordine

2113 4553 2356 4598 naturae
2393 4533 2698 4596 antecedit
2741 4534 3008 4613 gratiam
3039 4539 3102 4594 et
3141 4532 3529 4606 charitatem,
3569 4529 3684 4591 sed

2115 4629 2303 4689 etiam
2325 4628 2574 4707 quando
2598 4634 2880 4708 tempore
2899 4623 3242 4701 antecedit3
3265 4641 3402 4706 quae
3419 4633 3512 4685 est
3537 4639 3684 4684 sen-

2113 4722 2312 4782 tentia
2353 4721 2711 4800 Augustini,
2755 4720 3008 4800 epistola
3047 4721 3165 4781 105
3201 4725 3263 4780 et
3309 4719 3447 4793 106,
3489 4723 3552 4778 et
3599 4716 3684 4779 de

2117 4815 2348 4896 Spiritu
2395 4826 2460 4876 et
2501 4815 2732 4890 littera,
2777 4806 2909 4894 cap.
2963 4816 3042 4874 33
3089 4820 3152 4873 et
3179 4814 3289 4887 34,
3335 4819 3396 4872 et
3427 4831 3489 4891 q.
3529 4813 3569 4872 Ξ
3597 4811 3684 4873 ad

2115 4908 2588 4990 simplicianum
2613 4954 2633 4985 ,
2688 4914 2750 4969 et
2789 4907 2948 4968 libro
3009 4908 3086 4968 dc
3137 4905 3687 4967 Proedestinatione

2115 5007 2468 5063 sanctorum
2491 5049 2506 5075 ,
2551 5017 2737 5082 quem
2787 4999 3072 5060 imitatur
3115 5000 3404 5078 Prosper,
3463 5003 3690 5058 contra

2113 5093 2503 5171 Collatorem,
2529 5113 2664 5176 cap.
2691 5097 2752 5158 6.
2780 5095 2855 5156 Et
2894 5095 3054 5156 ratio
3081 5099 3195 5168 est,
3219 5093 3371 5174 quia
3393 5098 3485 5154 est
3507 5107 3686 5171 quae-

2115 5187 2258 5250 dam
2298 5188 2613 5267 dispositio
2640 5187 2720 5248 ad
2747 5187 3072 5267 justitiam,
3111 5193 3176 5248 et
3209 5183 3487 5265 ejusdem
3513 5183 3686 5250 ondi-

2111 5284 2212 5342 nis
2255 5301 2395 5342 cnm
2445 5281 2573 5344 illa.
2633 5283 2787 5342 Item
2811 5327 2832 5357 ,
2887 5281 3034 5361 quia
3089 5279 3366 5362 procedit
3398 5297 3435 5340 a
3479 5278 3686 5357 gratia

2113 5373 2625 5454 Spiritus-Sancti,
2651 5381 2720 5436 et
2757 5393 2838 5435 ex
2863 5391 2937 5436 ea
2969 5381 3142 5454 parte
3169 5373 3358 5434 habet
3391 5371 3686 5449 congrui-

2109 5471 2324 5543 tatem,
2373 5473 2443 5528 ut
2477 5485 2516 5527 a
2561 5468 2686 5528 Deo
2733 5469 3018 5547 impetret
3065 5467 3326 5546 reliqua,
3370 5469 3684 5546 quantum

2107 5575 2184 5620 ex
2205 5566 2398 5640 parte·
2419 5577 2527 5622 sna
2559 5573 2672 5622 est.
2701 5560 3164 5622 Advertendnm
3195 5565 3405 5622 autem
3433 5565 3524 5619 est
3549 5557 3686 5638 pri·
