3900 6217
567 437 725 493 SECT.
747 440 808 492 n.
845 437 988 502 QUAE
1019 437 1266 492 omssc'rl
1295 435 1660 492 Pnoposmo
1691 435 2091 498 REQUIRATUR
2121 436 2203 487 An
2240 431 2631 495 cnssnssunum,
2658 429 2791 482 E'rc.

175 557 385 612 certum:
422 544 468 605 si
504 546 588 604 est
625 547 881 617 certum,
911 546 1006 602 est
1045 541 1236 603 etiam
1265 540 1550 618 evidens5
1579 539 1634 600 si

174 651 330 706 antem
371 645 451 700 est
495 636 810 709 incertum,
865 653 996 696 non
1038 641 1132 696 est
1194 633 1504 696 sufficiens
1553 633 1628 694 ad

173 733 476 798 credendum
511 729 628 790 fide
671 727 1025 789 christiana.
1057 731 1222 808 Ergo
1252 743 1500 788 necesse
1541 731 1634 808 est

170 825 332 888 attale
358 821 634 903 judicium
659 821 740 881 sit
767 821 1038 883 evidens.
1073 823 1280 886 Prima
1329 837 1476 900 pars
1515 819 1633 880 mi-

171 920 296 981 noris
329 933 422 978 seu
458 914 648 994 prima
667 914 1098 976 conditionalis
1126 914 1448 995 probatur,
1481 911 1633 993 quia

170 1011 402 1075 certitudo
449 1007 706 1088 prppria,
761 1011 827 1069 et
877 1007 1182 1086 objectiva
1235 1025 1306 1069 ac
1357 1008 1633 1088 prudeus

169 1125 262 1168 non
283 1105 430 1165 datur
451 1102 576 1163 sine
601 1099 934 1178 evidentia,
965 1101 1090 1163 nisi
1117 1101 1184 1162 in
1210 1117 1462 1163 assensu
1483 1100 1629 1162 fidei

170 1197 470 1271 christiam,
517 1199 586 1255 ut
646 1199 888 1256 constat
915 1212 994 1256 ex
1039 1193 1219 1257 dictis
1253 1194 1324 1256 in
1362 1193 1636 1274 superio·

169 1293 292 1354 ribus
318 1289 382 1350 de
420 1287 646 1368 obJeeto
695 1287 948 1348 formali
996 1286 1164 1350 fidei.
1221 1286 1378 1350 Illud
1423 1291 1636 1349 autem

165 1384 392 1466 indicium
420 1381 488 1443 de
511 1397 642 1462 quo·
655 1385 1015 1457 tractamus,
1046 1381 1326 1442 nondum
1369 1385 1464 1442 est
1489 1378 1637 1442 fidei

169 1476 465 1550 Christianae,
492 1474 632 1554 quia
657 1474 1030 1554 supponitur
1077 1474 1156 1535 ad
1209 1473 1372 1535 banc
1421 1471 1635 1551 fidem,

174 1581 216 1634 et
241 1576 306 1633 est
329 1571 414 1630 via
435 1568 505 1629 ad
531 1567 741 1644 illam3
774 1585 922 1648 ergo
948 1586 1076 1630 uon
1118 1571 1471 1648 potestesse
1497 1585 1634 1628 cer-

175 1671 304 1726 tuset
334 1662 594 1724 obscurus
609 1683 630 1738 ς
665 1679 818 1742 ergo
865 1663 918 1724 si
964 1668 1056 1724 est
1095 1669 1321 1738 certus,
1370 1668 1464 1723 est
1511 1663 1640 1724 evi-

176 1759 292 1821 dens.
324 1756 504 1818 Altera
553 1775 704 1818 vero
749 1775 892 1838 pars
935 1756 1192 1817 minoris
1241 1755 1538 1836 probatur
1573 1759 1636 1816 et

175 1860 304 1933 patet,
327 1851 450 1930 quia
471 1850 774 1930 judicium
803 1851 1111 1912 incertum
1155 1849 1234 1910 de
1261 1849 1637 1911 credibilita-

173 1953 216 2006 te
233 1945 398 2024 objecti
415 1961 532 2005 non
559 1949 763 2024 potest
803 1961 934 2006 esse
959 1943 1272 2005 sufficiens
1323 1943 1404 2005 ad
1446 1942 1638 2006 fidem

168 2043 354 2112 certam,
377 2038 558 2118 qualis
585 2055 724 2099 esse
747 2037 928 2100 debet
959 2038 1328 2100 Christiana.

222 2136 266 2194 5.
299 2131 496 2196 Evasio
519 2135 855 2214 rupa-ioris
879 2135 1163 2198 rationis.
1181 2167 1268 2178 —-
1287 2134 1640 2196 Obsco-uitur

159 2231 324 2306 primo.
349 2261 418 2272 —
435 2225 783 2290 obstruitur
811 2229 1081 2291 secundo.
1107 2261 1192 2273 —
1222 2227 1640 2304 confirmatur

159 2321 326 2401 primo.
343 2353 412 2368 -—
437 2319 840 2402 confirmatur
864 2321 1134 2385 secundo.
1157 2353 1240 2368 -
1260 2321 1639 2400 Responderi

164 2433 268 2476 vero
289 2421 454 2494 potest
489 2415 798 2494 judicium
845 2416 1265 2478 necessarium
1305 2416 1385 2477 ad
1435 2415 1640 2477 conci·

163 2508 380 2586 piendam
415 2508 792 2572 voluntatem
853 2507 1168 2582 credendi,
1217 2509 1442 2570 debere
1507 2527 1640 2571 esse

165 2601 364 2680 practice
406 2607 652 2678 certum,
723 2603 873 2682 quia
922 2619 1052 2666 esse
1098 2601 1283 2664 debet
1337 2601 1640 2681 judicium

164 2692 386 2773 prudens,
408 2693 660 2758 scilicet:
698 2697 838 2760 Hoc
861 2697 1181 2762 secundum
1208 2703 1432 2760 rectam
1447 2697 1640 2758 ratio-

160 2807 256 2849 nem
277 2795 344 2852 est
365 2791 714 2853 credendum.
753 2790 849 2853 Ad
871 2787 1036 2852 hanc
1065 2797 1274 2852 autem
1323 2789 1640 2852 certitudi-

166 2899 273 2942 nem
297 2883 585 2962 practicam
621 2884 906 2946 sufficere
936 2888 1140 2964 potest
1157 2881 1464 2963 judicium
1494 2901 1640 2963 pro-

171 2973 319 3035 babile
335 2975 391 3036 de
411 2975 814 3039 credibilitate
845 2977 1094 3056 objecti,
1128 2991 1276 3038 nam
1311 2995 1388 3038 ex
1413 2976 1641 3058 proba·

175 3065 346 3128 bilitate
382 3069 748 3148 speculativa
801 3089 962 3151 saepe
1011 3069 1278 3133 infertur
1335 3069 1639 3132 certitudo

167 3162 378 3238 practica,
414 3168 472 3225 et
500 3163 588 3226 ita
621 3165 696 3226 in
725 3163 848 3228 fide
878 3165 1156 3226 humana
1183 3179 1342 3244 saepe
1372 3163 1640 3245 pruden-

163 3257 231 3313 ter
249 3255 482 3335 creditur,
513 3259 686 3340 quod
717 3257 1119 3339 probabiliter
1171 3263 1416 3320 tantum
1445 3275 1640 3339 appa-

157 3353 226 3406 ret
244 3350 512 3412 credibile:
544 3357 608 3414 et
637 3353 711 3414 in
750 3351 888 3414 aliis
936 3351 1282 3414 actionibus
1320 3351 1634 3429 studiosis,

159 3455 270 3518 saepe
299 3441 547 3507 ducimur
579 3445 843 3525 judiciis
865 3443 1292 3526 probabilibus
1323 3445 1638 3525 applican-

157 3529 210 3591 do
229 3532 311 3597 illa
349 3555 474 3599 cum
519 3537 896 3602 certitudine
935 3539 1239 3618 practica3
1269 3555 1418 3618 ergo
1446 3538 1637 3598 simili

157 3625 289 3686 modo
333 3629 392 3690 in
419 3631 707 3710 praesenti
755 3630 904 3692 satis
947 3631 1067 3692 erit
1111 3630 1424 3711 probabile
1466 3631 1638 3710 judi-

155 3719 298 3780 cium:
326 3723 444 3788 Hoc
466 3743 583 3790 esre
611 3725 917 3802 credibile,
947 3728 1020 3786 ut
1047 3725 1193 3787 inde
1214 3743 1358 3786 cum
1387 3725 1639 3786 certitu-

154 3809 258 3873 dine
277 3818 512 3892 practica
555 3819 904 3881 inferamus
948 3819 1057 3882 Ιιοσ
1098 3836 1220 3882 esse
1265 3819 1632 3881 credendum.

154 3903 501 3986 Respondetur
521 3912 858 3993 imprimis,
885 3913 1074 3975 etiam
1100 3913 1169 3972 in
1198 3911 1320 3974 fide
1359 3911 1640 3975 humana

157 4003 199 4056 et
213 3999 316 4060 aliis
336 4003 554 4066 actibus
575 4005 947 4083 moralibus»,
995 4005 1138 4067 licet
1164 4023 1380 4067 verum
1409 4005 1490 4066 sit
1514 4005 1640 4066 suf-

161 4087 290 4154 firere
317 4095 604 4173 judicium
640 4097 956 4179 probabile
983 4097 1062 4160 de
1093 4097 1412 4160 honestate
1439 4097 1641 4178 objec-

163 4183 214 4256 ti,
234 4188 356 4264 quod
380 4197 466 4251 est
503 4191 684 4272 quasi
725 4191 1054 4267 directum,
1079 4191 1132 4252 si
1159 4198 1371 4253 tamen
1401 4191 1508 4251 fiat
1543 4209 1641 4253 re-

165 4273 289 4341 flexio
305 4300 468 4364 supra
488 4285 686 4366 ipsam
717 4286 1241 4365 probabilitatem,
1273 4301 1512 4366 semper
1535 4286 1644 4347 da·-

161 4371 198 4427 ri
227 4374 546 4439 evidentiam
597 4379 1078 4460 probabilitatiS,
1125 4379 1272 4440 licet
1303 4396 1428 4438 non
1459 4377 1641 4439 detur

158 4463 390 4531 evidentia
414 4471 523 4549 rei,
553 4479 618 4534 et
653 4473 794 4534 ideo
822 4491 964 4535 cnm
1007 4473 1402 4552 proportione
1429 4489 1641 4533 neces-

153 4559 320 4621 sariam
349 4582 463 4626 esse
485 4567 554 4627 in
581 4567 872 4646 praesenti
911 4565 1289 4628 evidentiam
1332 4565 1638 4627 credibili-

152 4651 272 4715 tatis.
317 4655 764 4736 Verumtamen,
818 4660 964 4740 quia
1005 4657 1160 4720 illud
1200 4660 1458 4722 fortasse
1505 4679 1637 4720 non

157 4751 220 4802 est
256 4746 569 4830 infallibile,
633 4751 794 4814 addo
837 4753 1100 4815 ulterius
1144 4771 1274 4814 esse
1329 4753 1636 4815 rationem

151 4833 286 4918 longe
309 4842 592 4908 diversam
620 4847 688 4910 in
715 4845 842 4908 fide
867 4845 1213 4910 Christiana
1238 4853 1300 4907 et
1323 4845 1633 4923 humana3

149 4945 259 4992 nam
297 4935 577 5012 judicium
645 4939 937 5019 prudens,
999 4917 1330 5001 fundatum
1368 4941 1437 5001 in
1509 4941 1639 5004 sola

147 5024 510 5098 probabilitate
560 5033 958 5114 speculativa,
1037 5033 1182 5096 licet
1249 5033 1330 5095 sit
1396 5041 1636 5097 certum

147 5121 378 5198 practice,
410 5133 494 5187 oet
519 5137 732 5190 tamen
778 5125 1100 5204 mutabile,
1151 5128 1300 5208 quia
1328 5129 1638 5209 principia

149 5209 430 5282 probabilia
452 5220 516 5280 in
544 5223 768 5302 quibus
793 5219 1168 5283 fundabatur
1189 5227 1445 5300 possunt
1486 5221 1637 5283 faci·

147 5297 192 5358 le
213 5310 422 5384 mutari,
451 5319 631 5394 atque
673 5315 763 5376 ita
796 5314 986 5376 etiam
1028 5319 1228 5392 potest
1262 5312 1538 5374 humana
1561 5313 1635 5376 fi-

150 5390 230 5452 des
275 5404 500 5483 mutari,
554 5407 603 5469 si
661 5407 1102 5490 probabiliores
1151 5407 1520 5486 conjecturae
1565 5407 1634 5468 in

151 5495 468 5558 eontrarium
515 5501 957 5584 concipiantur.
1001 5499 1082 5562 At
1111 5517 1258 5561 vero
1287 5499 1634 5562 Christiana

151 5577 270 5642 fidoe
291 5587 368 5648 ita
391 5597 474 5653 est
499 5601 679 5675 certa,
731 5601 804 5658 ut
831 5591 1024 5658 semel
1077 5599 1374 5674 concepta
1399 5594 1632 5656 mutari

3158 419 3273 484 1⁸7

1714 555 1841 600 non
1869 539 2084 618 possit,
2113 539 2291 616 iuxta
2318 535 2741 597 testimoninm
2778 530 2957 594 Pauli
2990 547 3151 608 saepe
3190 529 3274 590 ci·-

1713 639 1934 707 tatum‚
1984 633 2063 694 ad
2086 633 2285 694 Galat.
2316 635 2384 692 1:
2433 629 2515 692 Si
2542 628 2795 707 anyolus
2820 627 2890 690 de
2914 626 3075 700 corle,
3102 629 3221 686 etc.
3248 637 3273 700 3

1711 729 1856 790 ideo
1879 728 2070 790 talem
2096 725 2530 788 certitudinem
2559 722 2891 804 practicam
2914 718 3177 798 requirit
3201 718 3271 778 in

1707 823 1940 902 judicio
1970 820 2443 894 credendorum,
2472 823 2543 878 ut
2586 815 2887 879 fundetur
2909 815 2979 876 in
3028 812 3278 874 eviden-

1711 917 1802 978 tia
1822 913 2271 989 credibilitatis,
2300 921 2365 975 et
2392 930 2521 974 non
2548 911 2619 973 in
2656 909 2787 972 sola
2812 905 3267 989 probabilitate,

1712 1027 1852 1089 quae
1891 1008 2077 1071 facilc
2114 1013 2311 1086 potest
2330 1005 2627 1081 deficere3
2666 1003 2897 1083 alioqui
2924 1006 3125 1084 posset
3165 997 3275 1060 illa

1711 1103 2109 1186 probabilitas
2168 1100 2434 1163 deficere
2462 1097 2937 1162 advenientibus
2964 1095 3103 1156 aliis
3130 1111 3275 1154 con-

1708 1198 1989 1278 jecturis,
2035 1202 2099 1258 et
2135 1196 2223 1258 sic
2260 1200 2465 1275 posset
2500 1193 2689 1256 homo
2724 1190 3065 1272 prudenter
3096 1186 3277 1247 dubi-

1714 1299 1871 1368 tare,
1901 1291 2002 1353 vel
2030 1291 2218 1352 etiam
2242 1288 2505 1350 delicere
2528 1305 2567 1348 a
2589 1285 2713 1347 fide
2738 1283 2929 1346 semel
2970 1281 3279 1344 sufficien-

1714 1391 1812 1448 ter
1867 1384 2181 1465 proposita
2228 1389 2293 1446 et
2350 1381 2689 1460 prudenter
2750 1381 3068 1456 concepta,
3110 1371 3277 1454 quod

1715 1486 1807 1544 est
1825 1477 2363 1558 absurdissimum.
2390 1475 2540 1537 Inde
2562 1472 2733 1536 enim
2758 1478 3120 1552 sequeretur
3144 1484 3278 1545 pos-

1717 1592 1782 1636 se
1828 1571 2145 1633 hominem
2182 1569 2441 1650 perdere
2490 1567 2678 1630 fldem
2716 1567 2853 1628 sine
2897 1569 3166 1644 peccato,
3216 1566 3281 1620 et

1719 1669 2167 1744 consequenter
2188 1681 2367 1744 posse
2414 1663 2671 1744 perdere
2698 1663 2886 1726 fidem
2922 1667 2987 1726 et
3034 1679 3277 1723 conser-

1717 1777 1865 1822 vare
1893 1760 2195 1840 gratiam3
2244 1759 2343 1820 vel
2392 1765 2557 1820 certe
2598 1761 2765 1838 sequi
2774 1763 2877 1819 tur
2914 1775 3095 1838 posse
3134 1755 3282 1817 reti-

1715 1873 1864 1916 nere
1889 1854 2271 1916 habitualem
2288 1853 2501 1929 fidem,
2520 1853 2891 1915 discedendo
2918 1853 2997 1913 ab
3013 1852 3113 1913 his
3138 1867 3278 1930 quae

1715 1949 1888 2029 prius
1946 1947 2290 2024 crediderat
2352 1946 2477 2010 fide
2528 1948 2758 2024 infusa,
2804 1946 2907 2008 vel
2944 1947 3025 2008 ab
3066 1945 3277 2022 aliquo

1715 2042 1992 2116 illorum,
2025 2059 2163 2122 quoe
2211 2042 2425 2102 omnia
2465 2042 2730 2103 absurda
2775 2047 2839 2102 et
2866 2037 3275 2119 impossibilia

1718 2140 1885 2197 suut.
1931 2137 2009 2196 Et
2053 2135 2479 2211 confirmatur,
2556 2137 2703 2217 quia
2764 2134 3071 2196 certitudo
3126 2131 3277 2193 fidei

1716 2247 1845 2290 non
1873 2234 1967 2290 est
2006 2233 2255 2289 tantum
2300 2229 2589 2308 practica,
2634 2229 2739 2290 sed
2773 2226 3177 2309 speculativa,
3212 2221 3279 2286 id

1718 2329 1811 2387 est
1835 2323 1912 2385 de
1959 2323 2223 2386 veritate
2250 2325 2341 2386 rei
2375 2325 2442 2386 in
2482 2339 2581 2400 se3
2614 2339 2763 2401 ergo
2803 2322 3064 2402 requirit
3091 2320 3279 2381 etiam

1719 2418 2155 2482 certitudinem
2184 2419 2621 2499 speculativam
2650 2417 2727 2479 de
2751 2415 3160 2480 credibilitate
3180 2411 3279 2474 sui

1718 2511 1968 2593 objecti,
2024 2524 2198 2576 nam·
2230 2511 2607 2595 impossibile
2658 2509 2905 2572 videtur
2958 2505 3282 2569 hominem

1717 2606 2124 2669 determinari
2160 2607 2238 2668 ad
2290 2605 2665 2668 credendum
2721 2601 2958 2682 aliquid
3015 2599 3280 2664 firmiter

1717 2706 1781 2762 et
1826 2707 2013 2773 certo,
2060 2701 2113 2762 si
2159 2717 2302 2761 cum
2335 2697 2669 2761 formidine
2714 2703 2985 2772 tantum,
3040 2699 3105 2758 et
3152 2709 3281 2755 non

1719 2799 1891 2855 certo
1937 2793 2175 2874 judicet
2222 2791 2380 2855 illud
2432 2809 2565 2854 esse
2614 2789 2933 2853 credibile.
3002 2787 3280 2865 Denique

1718 2887 1834 2949 hac
1873 2888 2117 2948 ratione
2148 2885 2481 2968 propositio
2515 2884 2684 2959 fidei,
2707 2901 2788 2946 ex
2822 2881 3038 2943 divina
3074 2879 3287 2960 provi-

1721 2979 1932 3042 dentia
1961 2979 2096 3041 fieri
2143 2997 2271 3041 non
2316 2979 2472 3040 solet
2501 2979 2635 3038 sine
2678 2975 2921 3054 maguis
2948 2987 3281 3051 argumen-

1725 3075 1822 3150 tis,
1867 3079 1931 3136 et
1984 3073 2177 3154 signis
2210 3071 2441 3134 divinae
2478 3069 2883 3133 auctoritatis.
2934 3067 3076 3127 ideo
3108 3064 3279 3126 enim

1720 3167 1973 3250 quando
2014 3167 2448 3248 praedicatores
2493 3164 2709 3241 mittit,
2737 3163 2846 3224 dat
2888 3162 2976 3224 eis
3018 3163 3283 3240 potesta-

1717 3268 1843 3322 tem
1897 3260 2168 3323 faciendi
2226 3261 2429 3338 signa,
2481 3263 2545 3320 et
2594 3255 2928 3329 mirabilia,
2984 3259 3059 3314 ut
3112 3255 3283 3332 patet

1717 3355 1913 3418 Exod.
1944 3359 2010 3430 4,
2045 3355 2193 3416 Luc.
2230 3357 2311 3418 19
2339 3359 2401 3416 et
2446 3355 2549 3428 10,
2588 3358 2653 3414 et
2688 3355 2866 3412 notat
2912 3351 2982 3410 D.
3012 3347 3283 3409 Thomas

1715 3447 1782 3509 in
1821 3450 1973 3511 illud
2020 3449 2098 3511 ad
2129 3449 2392 3511 Roman.
2428 3449 2541 3510 10:
2577 3445 2869 3521 Quomodo
2898 3443 3128 3506 eradent
3154 3441 3285 3504 sine

1713 3543 2102 3622 proedicante,
2150 3547 2207 3606 st
2262 3542 2543 3622 quomodo
2586 3539 3021 3619 proedicabemt,
3066 3535 3283 3616 utique

1717 3635 2113 3712 sufficienter,
2144 3643 2206 3698 et
2232 3635 2320 3696 ita
2344 3641 2415 3696 ut
2445 3631 2723 3710 obligent
2748 3631 2899 3693 alios
2923 3628 3002 3690 ed
3027 3627 3282 3690 creden-

1717 3728 1892 3806 dum,
1925 3729 2055 3792 nisi
2082 3729 2431 3803 mittantur,
2476 3727 2692 3806 utique
2719 3743 2861 3787 cum
2898 3723 3114 3784 diviua
3156 3721 3285 3782 vir-

1716 3827 1875 3898 tute,
1903 3821 2007 3884 vel
2033 3821 2345 3901 adjutorio
2385 3837 2509 3900 quo
2536 3819 2775 3900 possint
2800 3837 2901 3879 res
2928 3817 3131 3879 facere
3156 3816 3285 3877 stif-

1715 3914 2001 3977 flcienter
2054 3912 2398 3991 credibileS,
2450 3913 2631 3996 juxta
2680 3911 2847 3973 dicta
2896 3911 2965 3972 in
3014 3909 3284 3971 sectione

1717 4010 2129 4091 praecedent-e.

1800 4103 1859 4165 6.
1907 4101 2185 4166 Assertio
2214 4101 2811 4183 tertia—Sequitur
2852 4118 2925 4163 σω
2958 4100 3289 4179 praeceden-

1722 4197 1973 4258 etz-Ex
2002 4195 2227 4276 quibus
2250 4195 2473 4270 infero,
2500 4198 2565 4256 et
2590 4194 2729 4255 dico
2756 4194 2965 4267 tertio,
2995 4196 3067 4254 ut
3085 4193 3288 4271 objec-

1719 4296 1856 4352 tum
1883 4289 2031 4350 fidei
2082 4288 2461 4351 sufficienter
2488 4293 2895 4368 proponatur,
2926 4303 3053 4346 non
3082 4285 3283 4346 solum

1721 4381 2031 4461 objectum
2089 4379 2313 4442 debere
2372 4380 2513 4442 fieri
2578 4380 2899 4441 evidenter
2966 4375 3279 4453 credibile,

1721 4475 1826 4536 sed
1878 4477 2067 4534 etiam
2117 4474 2437 4535 evidenter
2490 4472 2847 4535 credibilius
2894 4487 3283 4550 quocumque

1719 4567 1840 4628 alio
1869 4567 1969 4646 obj
1980 4573 2140 4638 ecto,
2191 4585 2301 4628 seu
2351 4567 2633 4628 doctrina
2660 4564 2773 4625 sibi
2816 4564 3152 4639 contraria,
3182 4562 3284 4624 vel

1719 4667 2127 4744 repugnante.
2185 4663 2334 4723 Haec
2362 4663 2617 4723 assertio
2672 4659 2974 4738 sequitur,
3012 4665 3082 4720 ut
3126 4657 3281 4732 dixi,

1717 4773 1795 4817 ex
1819 4754 2197 4836 praecedenti
2216 4777 2233 4831 ;
2274 4772 2419 4816 nam
2458 4754 2597 4816 fieri
2638 4757 2839 4832 potest
2892 4753 2961 4812 in
3004 4752 3283 4813 bumana

1715 4847 1838 4913 fide
1867 4856 1931 4912 et
1958 4850 2331 4931 cognitione,
2384 4855 2458 4910 ut
2498 4849 2641 4911 duae
2668 4847 3110 4928 propositiones
3136 4865 3283 4908 con-

1717 4943 2093 5005 tradictoriae
2140 4943 2266 5003 sint
2308 4941 2662 5023 probabiles
2676 4987 2695 5016 ,
2738 4941 2925 5003 etiam
2968 4941 3285 5002 evidenter

1716 5037 1920 5120 quoad
1956 5034 2479 5118 probabilitatem.
2518 5035 2674 5097 Nam
2702 5035 2823 5097 hoc
2850 5051 2977 5095 non
3016 5033 3283 5096 involvit

1715 5128 2218 5212 repugnantiam,
2248 5129 2395 5208 quia
2429 5129 2631 5190 multa
2674 5127 2831 5191 falsa
2864 5133 3010 5190 sunt
3058 5127 3281 5206 proba·

1712 5223 1934 5285 biliora
1962 5223 2147 5298 veris,
2179 5227 2241 5284 et
2266 5222 2413 5302 quia
2440 5241 2517 5283 ex
2542 5224 2606 5283 vi
2632 5222 2801 5283 illius
2827 5219 3277 5301 probabilitatis

1715 5315 1914 5378 solnm
1943 5315 2129 5376 datur
2150 5313 2457 5394 judicium
2484 5314 2951 5376 formidolosum
2989 5318 3052 5373 et
3078 5312 3277 5372 incer-

1714 5415 1850 5469 tum
1893 5407 1971 5468 de
2016 5407 2299 5481 veritate,
2332 5425 2441 5468 seu
2488 5407 2565 5469 de
2615 5425 2683 5468 re
2712 5407 2881 5486 ipsa3
2921 5411 2986 5465 at
3021 5423 3169 5466 vero
3208 5405 3277 5466 in

1713 5501 2003 5582 praesenti
2028 5507 2334 5579 repugnat
2361 5499 2599 5578 aliquid
2644 5516 2777 5561 esse
2804 5498 3123 5559 evidenter
3144 5515 3273 5558 cre-

1713 5593 1904 5656 dibile
1949 5593 2073 5656 fide
2114 5592 2499 5669 Christiana,
2553 5599 2617 5655 et
2665 5591 2853 5653 simul
2890 5591 3274 5654 contrarium
