<?xml version="1.0" encoding="UTF-8"?>
<!DOCTYPE html PUBLIC "-//W3C//DTD XHTML 1.0 Transitional//EN"
    "http://www.w3.org/TR/xhtml1/DTD/xhtml1-transitional.dtd">
<html xmlns="http://www.w3.org/1999/xhtml" xml:lang="en" lang="en">
 <head>
  <title>
</title>
<meta http-equiv="Content-Type" content="text/html;charset=utf-8" />
  <meta name='ocr-system' content='tesseract 3.04.00' />
  <meta name='ocr-capabilities' content='ocr_page ocr_carea ocr_par ocr_line ocrx_word'/>
</head>
<body>
  <div class='ocr_page' id='page_1' title='image "./rpfranciscisuar00duvagoog_0746.png"; bbox 0 0 3900 6217; ppageno 0'>
   <div class='ocr_carea' id='block_1_1' title="bbox 569 401 2583 464">
    <p class='ocr_par' dir='ltr' id='par_1_1' title="bbox 569 401 2583 464">
     <span class='ocr_line' id='line_1_1' title="bbox 569 401 2583 464; baseline -0.003 0"><span class='ocrx_word' id='word_1_1' title='bbox 569 401 687 464; x_wconf 71' lang='lat'><strong>728</strong></span> <span class='ocrx_word' id='word_1_2' title='bbox 1763 403 1999 458; x_wconf 75' lang='lat' dir='ltr'><strong>mspn&#39;r.</strong></span> <span class='ocrx_word' id='word_1_3' title='bbox 2034 407 2095 458; x_wconf 86' lang='lat' dir='ltr'><strong>x.</strong></span> <span class='ocrx_word' id='word_1_4' title='bbox 2132 407 2213 457; x_wconf 72' lang='lat' dir='ltr'><strong>ns</strong></span> <span class='ocrx_word' id='word_1_5' title='bbox 2246 405 2583 458; x_wconf 58' lang='lat' dir='ltr'><strong>scamnum.</strong></span> 
     </span>
    </p>
   </div>
   <div class='ocr_carea' id='block_1_2' title="bbox 564 507 2157 3016">
    <p class='ocr_par' dir='ltr' id='par_1_2' title="bbox 564 507 2140 2547">
     <span class='ocr_line' id='line_1_2' title="bbox 564 507 2121 588; baseline -0.002 -17"><span class='ocrx_word' id='word_1_6' title='bbox 564 518 626 572; x_wconf 87' lang='lat' dir='ltr'><strong>et</strong></span> <span class='ocrx_word' id='word_1_7' title='bbox 655 527 844 588; x_wconf 90' lang='lat' dir='ltr'><strong>opera</strong></span> <span class='ocrx_word' id='word_1_8' title='bbox 887 508 1006 569; x_wconf 90' lang='lat' dir='ltr'><strong>illis</strong></span> <span class='ocrx_word' id='word_1_9' title='bbox 1033 509 1339 569; x_wconf 87' lang='lat' dir='ltr'><strong>contraria</strong></span> <span class='ocrx_word' id='word_1_10' title='bbox 1389 514 1534 568; x_wconf 89' lang='lat' dir='ltr'><strong>sunt</strong></span> <span class='ocrx_word' id='word_1_11' title='bbox 1561 507 1884 569; x_wconf 77' lang='lat' dir='ltr'><strong>intrinsece</strong></span> <span class='ocrx_word' id='word_1_12' title='bbox 1919 507 2121 584; x_wconf 88' lang='lat' dir='ltr'><strong>mala;</strong></span> 
     </span>
     <span class='ocr_line' id='line_1_3' title="bbox 565 600 2128 680; baseline -0.001 -19"><span class='ocrx_word' id='word_1_13' title='bbox 565 603 631 662; x_wconf 89' lang='lat' dir='ltr'><strong>iu</strong></span> <span class='ocrx_word' id='word_1_14' title='bbox 661 601 1039 662; x_wconf 83' lang='lat' dir='ltr'><strong>affirmativis</strong></span> <span class='ocrx_word' id='word_1_15' title='bbox 1087 619 1233 662; x_wconf 86' lang='lat' dir='ltr'><strong>vero</strong></span> <span class='ocrx_word' id='word_1_16' title='bbox 1260 600 1488 662; x_wconf 81' lang='lat' dir='ltr'><strong>habere</strong></span> <span class='ocrx_word' id='word_1_17' title='bbox 1531 607 1730 680; x_wconf 89' lang='lat' dir='ltr'><strong>potest</strong></span> <span class='ocrx_word' id='word_1_18' title='bbox 1775 602 2007 675; x_wconf 85' lang='lat' dir='ltr'><strong>locum,</strong></span> <span class='ocrx_word' id='word_1_19' title='bbox 2056 607 2128 661; x_wconf 90' lang='lat' dir='ltr'><strong>ut</strong></span> 
     </span>
     <span class='ocr_line' id='line_1_4' title="bbox 565 694 2127 775; baseline -0.001 -20"><span class='ocrx_word' id='word_1_20' title='bbox 565 696 717 768; x_wconf 83' lang='lat' dir='ltr'><strong>dixi,</strong></span> <span class='ocrx_word' id='word_1_21' title='bbox 747 696 891 774; x_wconf 78' lang='lat' dir='ltr'><strong>quia</strong></span> <span class='ocrx_word' id='word_1_22' title='bbox 933 714 1057 754; x_wconf 90' lang='lat' dir='ltr'><strong>non</strong></span> <span class='ocrx_word' id='word_1_23' title='bbox 1081 694 1359 772; x_wconf 80' lang='lat' dir='ltr'><strong>obligant</strong></span> <span class='ocrx_word' id='word_1_24' title='bbox 1388 714 1497 775; x_wconf 92' lang='lat' dir='ltr'><strong>pro</strong></span> <span class='ocrx_word' id='word_1_25' title='bbox 1531 713 1796 774; x_wconf 81' lang='lat' dir='ltr'><strong>semper,</strong></span> <span class='ocrx_word' id='word_1_26' title='bbox 1828 696 1932 755; x_wconf 88' lang='lat' dir='ltr'><strong>sed</strong></span> <span class='ocrx_word' id='word_1_27' title='bbox 1984 713 2127 754; x_wconf 86' lang='lat' dir='ltr'><strong>eum</strong></span> 
     </span>
     <span class='ocr_line' id='line_1_5' title="bbox 567 789 2123 868; baseline -0.001 -19"><span class='ocrx_word' id='word_1_28' title='bbox 567 789 788 849; x_wconf 89' lang='lat' dir='ltr'><strong>debitis</strong></span> <span class='ocrx_word' id='word_1_29' title='bbox 817 789 1308 849; x_wconf 65' lang='lat' dir='ltr'><strong>circumstantiis</strong></span> <span class='ocrx_word' id='word_1_30' title='bbox 1346 789 1463 848; x_wconf 86' lang='lat' dir='ltr'><strong>Sed</strong></span> <span class='ocrx_word' id='word_1_31' title='bbox 1495 795 1636 849; x_wconf 89' lang='lat' dir='ltr'><strong>tunc</strong></span> <span class='ocrx_word' id='word_1_32' title='bbox 1665 796 1905 868; x_wconf 81' lang='lat' dir='ltr'>oportet</span> <span class='ocrx_word' id='word_1_33' title='bbox 1936 790 2000 849; x_wconf 88' lang='lat' dir='ltr'><strong>in</strong></span> <span class='ocrx_word' id='word_1_34' title='bbox 2032 790 2123 848; x_wconf 91' lang='lat' dir='ltr'><strong>in-</strong></span> 
     </span>
     <span class='ocr_line' id='line_1_6' title="bbox 569 883 2130 962; baseline 0 -18"><span class='ocrx_word' id='word_1_35' title='bbox 569 883 819 944; x_wconf 89' lang='lat' dir='ltr'><strong>dividuo</strong></span> <span class='ocrx_word' id='word_1_36' title='bbox 849 883 1184 961; x_wconf 83' lang='lat' dir='ltr'>prudenter</span> <span class='ocrx_word' id='word_1_37' title='bbox 1229 883 1508 961; x_wconf 84' lang='lat' dir='ltr'><strong>judicare</strong></span> <span class='ocrx_word' id='word_1_38' title='bbox 1545 885 1691 956; x_wconf 77' lang='lat' dir='ltr'><strong>quid</strong></span> <span class='ocrx_word' id='word_1_39' title='bbox 1743 884 1938 961; x_wconf 72' lang='lat' dir='ltr'><strong>magis</strong></span> <span class='ocrx_word' id='word_1_40' title='bbox 1984 902 2130 962; x_wconf 85' lang='lat' dir='ltr'><strong>prae-</strong></span> 
     </span>
     <span class='ocr_line' id='line_1_7' title="bbox 568 975 2132 1054; baseline 0.001 -22"><span class='ocrx_word' id='word_1_41' title='bbox 568 975 887 1054; x_wconf 76' lang='lat' dir='ltr'><strong>ponderet,</strong></span> <span class='ocrx_word' id='word_1_42' title='bbox 917 995 996 1034; x_wconf 88' lang='lat' dir='ltr'><strong>an</strong></span> <span class='ocrx_word' id='word_1_43' title='bbox 1026 975 1205 1036; x_wconf 88' lang='lat' dir='ltr'><strong>ruina</strong></span> <span class='ocrx_word' id='word_1_44' title='bbox 1250 977 1512 1054; x_wconf 83' lang='lat' dir='ltr'><strong>proximi</strong></span> <span class='ocrx_word' id='word_1_45' title='bbox 1545 975 1822 1050; x_wconf 87' lang='lat' dir='ltr'><strong>vitanda,</strong></span> <span class='ocrx_word' id='word_1_46' title='bbox 1863 995 1940 1036; x_wconf 86' lang='lat' dir='ltr'><strong>an</strong></span> <span class='ocrx_word' id='word_1_47' title='bbox 1978 993 2132 1054; x_wconf 81' lang='lat' dir='ltr'><strong>opus</strong></span> 
     </span>
     <span class='ocr_line' id='line_1_8' title="bbox 568 1068 2134 1131; baseline 0.001 -3"><span class='ocrx_word' id='word_1_48' title='bbox 568 1068 721 1128; x_wconf 84' lang='lat' dir='ltr'><strong>illud</strong></span> <span class='ocrx_word' id='word_1_49' title='bbox 765 1069 1201 1129; x_wconf 87' lang='lat' dir='ltr'><strong>omittendum.</strong></span> <span class='ocrx_word' id='word_1_50' title='bbox 1245 1070 1767 1130; x_wconf 81' lang='lat' dir='ltr'>Considerandum</span> <span class='ocrx_word' id='word_1_51' title='bbox 1816 1070 2004 1131; x_wconf 87' lang='lat' dir='ltr'><strong>etiam</strong></span> <span class='ocrx_word' id='word_1_52' title='bbox 2043 1075 2134 1130; x_wconf 86' lang='lat' dir='ltr'><strong>est</strong></span> 
     </span>
     <span class='ocr_line' id='line_1_9' title="bbox 568 1163 2134 1242; baseline 0.003 -23"><span class='ocrx_word' id='word_1_53' title='bbox 568 1181 757 1240; x_wconf 86' lang='lat' dir='ltr'><strong>quam</strong></span> <span class='ocrx_word' id='word_1_54' title='bbox 787 1181 972 1239; x_wconf 85' lang='lat' dir='ltr'><strong>grave</strong></span> <span class='ocrx_word' id='word_1_55' title='bbox 1016 1163 1094 1222; x_wconf 91' lang='lat' dir='ltr'><strong>sit</strong></span> <span class='ocrx_word' id='word_1_56' title='bbox 1124 1163 1278 1223; x_wconf 83' lang='lat' dir='ltr'><strong>illud</strong></span> <span class='ocrx_word' id='word_1_57' title='bbox 1314 1170 1706 1242; x_wconf 65' lang='lat' dir='ltr'><strong>praeceptum,</strong></span> <span class='ocrx_word' id='word_1_58' title='bbox 1741 1170 1974 1242; x_wconf 82' lang='lat' dir='ltr'><strong>quanta</strong></span> <span class='ocrx_word' id='word_1_59' title='bbox 2026 1182 2134 1224; x_wconf 88' lang='lat' dir='ltr'><strong>ne-</strong></span> 
     </span>
     <span class='ocr_line' id='line_1_10' title="bbox 570 1257 2133 1336; baseline 0.001 -18"><span class='ocrx_word' id='word_1_60' title='bbox 570 1258 814 1318; x_wconf 79' lang='lat' dir='ltr'><strong>cessitas</strong></span> <span class='ocrx_word' id='word_1_61' title='bbox 845 1257 942 1318; x_wconf 80' lang='lat' dir='ltr'><strong>vel</strong></span> <span class='ocrx_word' id='word_1_62' title='bbox 985 1257 1216 1317; x_wconf 86' lang='lat' dir='ltr'><strong>utilitas</strong></span> <span class='ocrx_word' id='word_1_63' title='bbox 1246 1259 1399 1336; x_wconf 89' lang='lat' dir='ltr'><strong>ejus,</strong></span> <span class='ocrx_word' id='word_1_64' title='bbox 1440 1263 1501 1318; x_wconf 91' lang='lat' dir='ltr'><strong>et</strong></span> <span class='ocrx_word' id='word_1_65' title='bbox 1526 1257 1812 1318; x_wconf 89' lang='lat' dir='ltr'><strong>omnibus</strong></span> <span class='ocrx_word' id='word_1_66' title='bbox 1857 1259 2133 1320; x_wconf 85' lang='lat' dir='ltr'><strong>conside-</strong></span> 
     </span>
     <span class='ocr_line' id='line_1_11' title="bbox 576 1349 2137 1426; baseline -0.001 -15"><span class='ocrx_word' id='word_1_67' title='bbox 576 1351 726 1411; x_wconf 89' lang='lat' dir='ltr'><strong>ratis</strong></span> <span class='ocrx_word' id='word_1_68' title='bbox 763 1349 1086 1410; x_wconf 79' lang='lat' dir='ltr'><strong>ferendum</strong></span> <span class='ocrx_word' id='word_1_69' title='bbox 1127 1349 1468 1426; x_wconf 82' lang='lat' dir='ltr'><strong>judicium3</strong></span> <span class='ocrx_word' id='word_1_70' title='bbox 1523 1351 1610 1410; x_wconf 87' lang='lat' dir='ltr'><strong>ita</strong></span> <span class='ocrx_word' id='word_1_71' title='bbox 1649 1349 1818 1410; x_wconf 89' lang='lat' dir='ltr'><strong>enim</strong></span> <span class='ocrx_word' id='word_1_72' title='bbox 1873 1349 2137 1412; x_wconf 85' lang='lat' dir='ltr'><strong>diximus</strong></span> 
     </span>
     <span class='ocr_line' id='line_1_12' title="bbox 573 1442 2138 1521; baseline -0.001 -17"><span class='ocrx_word' id='word_1_73' title='bbox 573 1445 642 1504; x_wconf 85' lang='lat' dir='ltr'><strong>in</strong></span> <span class='ocrx_word' id='word_1_74' title='bbox 676 1447 732 1505; x_wconf 98' lang='grc'><strong>1.</strong></span> <span class='ocrx_word' id='word_1_75' title='bbox 768 1445 828 1516; x_wconf 76' lang='lat'><strong>2,</strong></span> <span class='ocrx_word' id='word_1_76' title='bbox 863 1449 1042 1503; x_wconf 87' lang='lat' dir='ltr'><strong>tract.</strong></span> <span class='ocrx_word' id='word_1_77' title='bbox 1103 1443 1164 1515; x_wconf 90' lang='grc'><strong>3,</strong></span> <span class='ocrx_word' id='word_1_78' title='bbox 1196 1442 1352 1521; x_wconf 88' lang='lat' dir='ltr'><strong>disp.</strong></span> <span class='ocrx_word' id='word_1_79' title='bbox 1392 1445 1486 1518; x_wconf 72' lang='lat'><strong>12,</strong></span> <span class='ocrx_word' id='word_1_80' title='bbox 1532 1452 1675 1503; x_wconf 83' lang='lat' dir='ltr'><strong>sect.</strong></span> <span class='ocrx_word' id='word_1_81' title='bbox 1707 1445 1765 1514; x_wconf 82' lang='lat'><strong>5,</strong></span> <span class='ocrx_word' id='word_1_82' title='bbox 1805 1462 1869 1503; x_wconf 93' lang='lat' dir='ltr'><strong>n.</strong></span> <span class='ocrx_word' id='word_1_83' title='bbox 1903 1445 1964 1517; x_wconf 85' lang='lat'><strong>3,</strong></span> <span class='ocrx_word' id='word_1_84' title='bbox 1996 1460 2138 1503; x_wconf 85' lang='lat' dir='ltr'><strong>eum</strong></span> 
     </span>
     <span class='ocr_line' id='line_1_13' title="bbox 571 1535 2140 1615; baseline 0.001 -18"><span class='ocrx_word' id='word_1_85' title='bbox 571 1537 643 1598; x_wconf 92' lang='lat' dir='ltr'><strong>D.</strong></span> <span class='ocrx_word' id='word_1_86' title='bbox 675 1537 934 1612; x_wconf 83' lang='lat' dir='ltr'><strong>Thoma,</strong></span> <span class='ocrx_word' id='word_1_87' title='bbox 965 1555 1026 1615; x_wconf 87' lang='lat' dir='ltr'><strong>q.</strong></span> <span class='ocrx_word' id='word_1_88' title='bbox 1059 1535 1161 1610; x_wconf 87' lang='grc'><strong>96,</strong></span> <span class='ocrx_word' id='word_1_89' title='bbox 1195 1542 1312 1596; x_wconf 88' lang='lat' dir='ltr'><strong>art.</strong></span> <span class='ocrx_word' id='word_1_90' title='bbox 1337 1538 1400 1606; x_wconf 88' lang='grc'><strong>6,</strong></span> <span class='ocrx_word' id='word_1_91' title='bbox 1427 1541 1491 1596; x_wconf 84' lang='lat' dir='ltr'><strong>ct</strong></span> <span class='ocrx_word' id='word_1_92' title='bbox 1516 1537 1790 1611; x_wconf 72' lang='lat' dir='ltr'><strong>Govarr„</strong></span> <span class='ocrx_word' id='word_1_93' title='bbox 1821 1555 1954 1612; x_wconf 81' lang='lat' dir='ltr'><strong>reg.</strong></span> <span class='ocrx_word' id='word_1_94' title='bbox 1991 1536 2140 1598; x_wconf 76' lang='lat' dir='ltr'><strong>Peo-</strong></span> 
     </span>
     <span class='ocr_line' id='line_1_14' title="bbox 576 1627 2139 1710; baseline -0.003 -17"><span class='ocrx_word' id='word_1_95' title='bbox 576 1634 845 1705; x_wconf 76' lang='lat' dir='ltr'><strong>catum,l</strong></span> <span class='ocrx_word' id='word_1_96' title='bbox 880 1649 963 1710; x_wconf 81' lang='lat' dir='ltr'><strong>p..</strong></span> <span class='ocrx_word' id='word_1_97' title='bbox 987 1648 1054 1689; x_wconf 89' lang='lat'><strong>11.</strong></span> <span class='ocrx_word' id='word_1_98' title='bbox 1078 1631 1138 1704; x_wconf 74' lang='lat'><strong>4,</strong></span> <span class='ocrx_word' id='word_1_99' title='bbox 1169 1627 1519 1689; x_wconf 85' lang='lat' dir='ltr'><strong>faciendum</strong></span> <span class='ocrx_word' id='word_1_100' title='bbox 1549 1647 1696 1704; x_wconf 89' lang='lat' dir='ltr'><strong>esse,</strong></span> <span class='ocrx_word' id='word_1_101' title='bbox 1723 1629 2139 1708; x_wconf 83' lang='lat' dir='ltr'><strong>quandocum-</strong></span> 
     </span>
     <span class='ocr_line' id='line_1_15' title="bbox 574 1722 2138 1803; baseline -0.002 -19"><span class='ocrx_word' id='word_1_102' title='bbox 574 1743 693 1803; x_wconf 84' lang='lat' dir='ltr'><strong>que</strong></span> <span class='ocrx_word' id='word_1_103' title='bbox 717 1742 812 1784; x_wconf 91' lang='lat' dir='ltr'><strong>res</strong></span> <span class='ocrx_word' id='word_1_104' title='bbox 839 1730 1163 1783; x_wconf 87' lang='lat' dir='ltr'><strong>occurrant</strong></span> <span class='ocrx_word' id='word_1_105' title='bbox 1190 1723 1264 1782; x_wconf 89' lang='lat' dir='ltr'><strong>ad</strong></span> <span class='ocrx_word' id='word_1_106' title='bbox 1283 1722 1521 1782; x_wconf 87' lang='lat' dir='ltr'><strong>diversa</strong></span> <span class='ocrx_word' id='word_1_107' title='bbox 1537 1738 1845 1801; x_wconf 61' lang='lat' dir='ltr'><strong>praecepta</strong></span> <span class='ocrx_word' id='word_1_108' title='bbox 1859 1729 2138 1801; x_wconf 86' lang='lat' dir='ltr'><strong>spectan-</strong></span> 
     </span>
     <span class='ocr_line' id='line_1_16' title="bbox 573 1815 2138 1896; baseline -0.001 -19"><span class='ocrx_word' id='word_1_109' title='bbox 573 1823 686 1892; x_wconf 75' lang='lat' dir='ltr'><strong>teS,</strong></span> <span class='ocrx_word' id='word_1_110' title='bbox 719 1835 857 1896; x_wconf 83' lang='lat' dir='ltr'><strong>quae</strong></span> <span class='ocrx_word' id='word_1_111' title='bbox 886 1822 1092 1876; x_wconf 87' lang='lat' dir='ltr'><strong>temen</strong></span> <span class='ocrx_word' id='word_1_112' title='bbox 1121 1815 1305 1875; x_wconf 90' lang='lat' dir='ltr'><strong>simul</strong></span> <span class='ocrx_word' id='word_1_113' title='bbox 1335 1815 1464 1876; x_wconf 84' lang='lat' dir='ltr'><strong>fieri</strong></span> <span class='ocrx_word' id='word_1_114' title='bbox 1515 1827 1851 1894; x_wconf 88' lang='lat' dir='ltr'><strong>nequeunt,</strong></span> <span class='ocrx_word' id='word_1_115' title='bbox 1883 1820 1946 1874; x_wconf 90' lang='lat' dir='ltr'><strong>et</strong></span> <span class='ocrx_word' id='word_1_116' title='bbox 1973 1815 2138 1875; x_wconf 90' lang='lat' dir='ltr'><strong>colli·</strong></span> 
     </span>
     <span class='ocr_line' id='line_1_17' title="bbox 575 1906 2140 1988; baseline 0 -20"><span class='ocrx_word' id='word_1_117' title='bbox 575 1909 745 1988; x_wconf 83' lang='lat' dir='ltr'><strong>gitur</strong></span> <span class='ocrx_word' id='word_1_118' title='bbox 781 1927 914 1988; x_wconf 88' lang='lat' dir='ltr'><strong>cap.</strong></span> <span class='ocrx_word' id='word_1_119' title='bbox 950 1909 1085 1970; x_wconf 80' lang='lat' dir='ltr'><strong>Duo</strong></span> <span class='ocrx_word' id='word_1_120' title='bbox 1123 1909 1305 1981; x_wconf 80' lang='lat' dir='ltr'><strong>mola,</strong></span> <span class='ocrx_word' id='word_1_121' title='bbox 1342 1908 1482 1968; x_wconf 90' lang='lat' dir='ltr'><strong>dist.</strong></span> <span class='ocrx_word' id='word_1_122' title='bbox 1531 1910 1624 1969; x_wconf 84' lang='lat'><strong>13.</strong></span> <span class='ocrx_word' id='word_1_123' title='bbox 1661 1909 1750 1968; x_wconf 88' lang='lat' dir='ltr'><strong>Ex</strong></span> <span class='ocrx_word' id='word_1_124' title='bbox 1785 1906 2010 1985; x_wconf 89' lang='lat' dir='ltr'><strong>quibus</strong></span> <span class='ocrx_word' id='word_1_125' title='bbox 2049 1910 2140 1968; x_wconf 89' lang='lat' dir='ltr'><strong>in-</strong></span> 
     </span>
     <span class='ocr_line' id='line_1_18' title="bbox 575 2000 2139 2081; baseline -0.001 -19"><span class='ocrx_word' id='word_1_126' title='bbox 575 2002 898 2081; x_wconf 83' lang='lat' dir='ltr'><strong>telligitur,</strong></span> <span class='ocrx_word' id='word_1_127' title='bbox 948 2018 1089 2061; x_wconf 89' lang='lat' dir='ltr'><strong>cum</strong></span> <span class='ocrx_word' id='word_1_128' title='bbox 1132 2002 1354 2061; x_wconf 84' lang='lat' dir='ltr'><strong>dicitur</strong></span> <span class='ocrx_word' id='word_1_129' title='bbox 1401 2001 1842 2079; x_wconf 76' lang='lat' dir='ltr'><strong>pharisaeorum</strong></span> <span class='ocrx_word' id='word_1_130' title='bbox 1884 2000 2139 2060; x_wconf 83' lang='lat' dir='ltr'><strong>scanda-</strong></span> 
     </span>
     <span class='ocr_line' id='line_1_19' title="bbox 575 2091 2139 2172; baseline 0.001 -20"><span class='ocrx_word' id='word_1_131' title='bbox 575 2092 708 2153; x_wconf 89' lang='lat' dir='ltr'><strong>lum</strong></span> <span class='ocrx_word' id='word_1_132' title='bbox 739 2112 866 2153; x_wconf 91' lang='lat' dir='ltr'><strong>non</strong></span> <span class='ocrx_word' id='word_1_133' title='bbox 895 2111 1022 2153; x_wconf 90' lang='lat' dir='ltr'><strong>esse</strong></span> <span class='ocrx_word' id='word_1_134' title='bbox 1053 2094 1371 2154; x_wconf 87' lang='lat' dir='ltr'><strong>vitandum</strong></span> <span class='ocrx_word' id='word_1_135' title='bbox 1404 2093 1744 2154; x_wconf 89' lang='lat' dir='ltr'><strong>omittendo</strong></span> <span class='ocrx_word' id='word_1_136' title='bbox 1795 2091 2139 2172; x_wconf 77' lang='lat' dir='ltr'><strong>spiritualia</strong></span> 
     </span>
     <span class='ocr_line' id='line_1_20' title="bbox 577 2186 2137 2264; baseline -0.001 -18"><span class='ocrx_word' id='word_1_137' title='bbox 577 2186 762 2261; x_wconf 87' lang='lat' dir='ltr'><strong>bona,</strong></span> <span class='ocrx_word' id='word_1_138' title='bbox 801 2186 1275 2264; x_wconf 72' lang='lat' dir='ltr'><strong>int-elligendum</strong></span> <span class='ocrx_word' id='word_1_139' title='bbox 1325 2205 1454 2247; x_wconf 89' lang='lat' dir='ltr'><strong>esse</strong></span> <span class='ocrx_word' id='word_1_140' title='bbox 1488 2186 1586 2246; x_wconf 83' lang='lat' dir='ltr'><strong>vel</strong></span> <span class='ocrx_word' id='word_1_141' title='bbox 1615 2187 2005 2263; x_wconf 79' lang='lat' dir='ltr'><strong>regulariter,</strong></span> <span class='ocrx_word' id='word_1_142' title='bbox 2036 2186 2137 2245; x_wconf 80' lang='lat' dir='ltr'><strong>vel</strong></span> 
     </span>
     <span class='ocr_line' id='line_1_21' title="bbox 579 2280 2139 2358; baseline -0.001 -17"><span class='ocrx_word' id='word_1_143' title='bbox 579 2287 742 2341; x_wconf 84' lang='lat' dir='ltr'><strong>certe</strong></span> <span class='ocrx_word' id='word_1_144' title='bbox 773 2281 835 2340; x_wconf 90' lang='lat' dir='ltr'><strong>in</strong></span> <span class='ocrx_word' id='word_1_145' title='bbox 861 2297 926 2339; x_wconf 90' lang='lat' dir='ltr'><strong>re</strong></span> <span class='ocrx_word' id='word_1_146' title='bbox 951 2297 1269 2358; x_wconf 88' lang='lat' dir='ltr'><strong>nunquam</strong></span> <span class='ocrx_word' id='word_1_147' title='bbox 1307 2297 1433 2338; x_wconf 90' lang='lat' dir='ltr'><strong>esse</strong></span> <span class='ocrx_word' id='word_1_148' title='bbox 1467 2280 1902 2354; x_wconf 86' lang='lat' dir='ltr'><strong>omittendum,</strong></span> <span class='ocrx_word' id='word_1_149' title='bbox 1927 2286 2139 2339; x_wconf 85' lang='lat' dir='ltr'><strong>tamen</strong></span> 
     </span>
     <span class='ocr_line' id='line_1_22' title="bbox 581 2371 2137 2434; baseline -0.001 0"><span class='ocrx_word' id='word_1_150' title='bbox 581 2373 993 2434; x_wconf 86' lang='lat' dir='ltr'><strong>necessarium</strong></span> <span class='ocrx_word' id='word_1_151' title='bbox 1045 2389 1176 2433; x_wconf 87' lang='lat' dir='ltr'><strong>esse</strong></span> <span class='ocrx_word' id='word_1_152' title='bbox 1215 2371 1529 2432; x_wconf 89' lang='lat' dir='ltr'><strong>interdum</strong></span> <span class='ocrx_word' id='word_1_153' title='bbox 1569 2373 1856 2433; x_wconf 90' lang='lat' dir='ltr'><strong>omittere</strong></span> <span class='ocrx_word' id='word_1_154' title='bbox 1905 2372 2137 2433; x_wconf 88' lang='lat' dir='ltr'><strong>honum</strong></span> 
     </span>
     <span class='ocr_line' id='line_1_23' title="bbox 581 2466 1050 2547; baseline -0.009 -19"><span class='ocrx_word' id='word_1_155' title='bbox 581 2485 734 2547; x_wconf 88' lang='lat' dir='ltr'><strong>opus</strong></span> <span class='ocrx_word' id='word_1_156' title='bbox 763 2466 1050 2526; x_wconf 78' lang='lat' dir='ltr'><strong>exterius,</strong></span> 
     </span>
    </p>

    <p class='ocr_par' dir='ltr' id='par_1_3' title="bbox 585 2557 2157 3016">
     <span class='ocr_line' id='line_1_24' title="bbox 663 2557 2147 2637; baseline 0 -17"><span class='ocrx_word' id='word_1_157' title='bbox 663 2563 762 2621; x_wconf 87' lang='grc'><strong>10.</strong></span> <span class='ocrx_word' id='word_1_158' title='bbox 814 2559 923 2621; x_wconf 72' lang='lat' dir='ltr'><strong>Ex</strong></span> <span class='ocrx_word' id='word_1_159' title='bbox 953 2558 1228 2620; x_wconf 77' lang='lat' dir='ltr'><strong>doctrina</strong></span> <span class='ocrx_word' id='word_1_160' title='bbox 1273 2557 1546 2637; x_wconf 66' lang='lat' dir='ltr'><strong>proxime</strong></span> <span class='ocrx_word' id='word_1_161' title='bbox 1574 2559 1712 2621; x_wconf 79' lang='lat' dir='ltr'><strong>dota</strong></span> <span class='ocrx_word' id='word_1_162' title='bbox 1755 2560 1918 2619; x_wconf 74' lang='lat' dir='ltr'><strong>varii</strong></span> <span class='ocrx_word' id='word_1_163' title='bbox 1968 2575 2147 2621; x_wconf 73' lang='lat' dir='ltr'><strong>casus</strong></span> 
     </span>
     <span class='ocr_line' id='line_1_25' title="bbox 589 2651 2150 2732; baseline -0.003 -16"><span class='ocrx_word' id='word_1_164' title='bbox 589 2653 1004 2732; x_wconf 66' lang='lat' dir='ltr'><strong>empediuntur.</strong></span> <span class='ocrx_word' id='word_1_165' title='bbox 1027 2687 1108 2700; x_wconf 94' lang='lat'>—</span> <span class='ocrx_word' id='word_1_166' title='bbox 1131 2651 1388 2714; x_wconf 78' lang='lat' dir='ltr'><strong>Primus</strong></span> <span class='ocrx_word' id='word_1_167' title='bbox 1431 2669 1626 2726; x_wconf 75' lang='lat' dir='ltr'><strong>casu-5,</strong></span> <span class='ocrx_word' id='word_1_168' title='bbox 1671 2651 1738 2713; x_wconf 79' lang='lat' dir='ltr'><strong>de</strong></span> <span class='ocrx_word' id='word_1_169' title='bbox 1777 2668 1887 2730; x_wconf 75' lang='lat' dir='ltr'><strong>quo</strong></span> <span class='ocrx_word' id='word_1_170' title='bbox 1917 2655 2150 2726; x_wconf 80' lang='lat' dir='ltr'><strong>auctor,</strong></span> 
     </span>
     <span class='ocr_line' id='line_1_26' title="bbox 585 2743 2152 2826; baseline -0.005 -15"><span class='ocrx_word' id='word_1_171' title='bbox 585 2755 737 2811; x_wconf 82' lang='lat' dir='ltr'><strong>tomo</strong></span> <span class='ocrx_word' id='word_1_172' title='bbox 780 2747 956 2811; x_wconf 77' lang='lat' dir='ltr'><strong>tertio</strong></span> <span class='ocrx_word' id='word_1_173' title='bbox 1005 2749 1074 2812; x_wconf 77' lang='lat' dir='ltr'><strong>de</strong></span> <span class='ocrx_word' id='word_1_174' title='bbox 1125 2745 1569 2819; x_wconf 70' lang='lat' dir='ltr'><strong>Sam-amentis,</strong></span> <span class='ocrx_word' id='word_1_175' title='bbox 1619 2743 2025 2826; x_wconf 74' lang='lat' dir='ltr'><strong>disputatione</strong></span> <span class='ocrx_word' id='word_1_176' title='bbox 2058 2743 2152 2804; x_wconf 81' lang='lat' dir='ltr'><strong>ul-</strong></span> 
     </span>
     <span class='ocr_line' id='line_1_27' title="bbox 587 2837 2155 2918; baseline -0.003 -14"><span class='ocrx_word' id='word_1_177' title='bbox 587 2845 762 2918; x_wconf 83' lang='lat' dir='ltr'><strong>tima,</strong></span> <span class='ocrx_word' id='word_1_178' title='bbox 793 2848 937 2906; x_wconf 75' lang='lat' dir='ltr'><strong>sect.</strong></span> <span class='ocrx_word' id='word_1_179' title='bbox 969 2841 1204 2904; x_wconf 77' lang='lat' dir='ltr'><strong>ultima.</strong></span> <span class='ocrx_word' id='word_1_180' title='bbox 1241 2869 1326 2917; x_wconf 88' lang='lat'><strong>····.</strong></span> <span class='ocrx_word' id='word_1_181' title='bbox 1353 2837 1668 2902; x_wconf 69' lang='lat' dir='ltr'><strong>Secundus</strong></span> <span class='ocrx_word' id='word_1_182' title='bbox 1691 2857 1890 2901; x_wconf 75' lang='lat' dir='ltr'><strong>casus.</strong></span> <span class='ocrx_word' id='word_1_183' title='bbox 1912 2837 2155 2900; x_wconf 78' lang='lat' dir='ltr'><strong>——Reo-</strong></span> 
     </span>
     <span class='ocr_line' id='line_1_28' title="bbox 586 2929 2157 3016; baseline -0.004 -17"><span class='ocrx_word' id='word_1_184' title='bbox 586 2935 712 2999; x_wconf 71' lang='lat' dir='ltr'><strong>tius</strong></span> <span class='ocrx_word' id='word_1_185' title='bbox 746 2953 922 3016; x_wconf 80' lang='lat' dir='ltr'><strong>quam</strong></span> <span class='ocrx_word' id='word_1_186' title='bbox 966 2933 1295 2998; x_wconf 61' lang='lat' dir='ltr'><strong>Nasam-us</strong></span> <span class='ocrx_word' id='word_1_187' title='bbox 1343 2939 1397 2994; x_wconf 75' lang='lat' dir='ltr'><strong>oc</strong></span> <span class='ocrx_word' id='word_1_188' title='bbox 1447 2931 1770 3011; x_wconf 76' lang='lat' dir='ltr'><strong>Cajecanus</strong></span> <span class='ocrx_word' id='word_1_189' title='bbox 1802 2977 1818 3005; x_wconf 93' lang='lat'><strong>‚</strong></span> <span class='ocrx_word' id='word_1_190' title='bbox 1865 2929 2047 3011; x_wconf 75' lang='lat' dir='ltr'><strong>Sylv.</strong></span> <span class='ocrx_word' id='word_1_191' title='bbox 2099 2934 2157 2992; x_wconf 77' lang='lat' dir='ltr'><strong>et</strong></span> 
     </span>
    </p>
   </div>
   <div class='ocr_carea' id='block_1_3' title="bbox 582 3015 2193 3105">
    <p class='ocr_par' dir='ltr' id='par_1_4' title="bbox 582 3015 2193 3105">
     <span class='ocr_line' id='line_1_29' title="bbox 582 3015 2193 3105; baseline -0.004 -13"><span class='ocrx_word' id='word_1_192' title='bbox 582 3028 803 3093; x_wconf 75' lang='lat' dir='ltr'><strong>Antan.</strong></span> <span class='ocrx_word' id='word_1_193' title='bbox 840 3030 908 3090; x_wconf 80' lang='lat' dir='ltr'><strong>in</strong></span> <span class='ocrx_word' id='word_1_194' title='bbox 939 3027 1228 3105; x_wconf 70' lang='lat' dir='ltr'><strong>praesenti</strong></span> <span class='ocrx_word' id='word_1_195' title='bbox 1271 3043 1415 3088; x_wconf 70' lang='lat' dir='ltr'><strong>casu</strong></span> <span class='ocrx_word' id='word_1_196' title='bbox 1455 3025 1744 3087; x_wconf 72' lang='lat' dir='ltr'><strong>sentiunt.</strong></span> <span class='ocrx_word' id='word_1_197' title='bbox 1787 3057 1866 3070; x_wconf 90' lang='lat'><strong>--</strong></span> <span class='ocrx_word' id='word_1_198' title='bbox 1907 3023 2155 3086; x_wconf 71' lang='lat' dir='ltr'><strong>Tertius</strong></span> <span class='ocrx_word' id='word_1_199' title='bbox 2180 3015 2193 3028; x_wconf 49' lang='lat'>⁸</span> 
     </span>
    </p>
   </div>
   <div class='ocr_carea' id='block_1_4' title="bbox 581 3114 2163 3480">
    <p class='ocr_par' dir='ltr' id='par_1_5' title="bbox 581 3114 2163 3480">
     <span class='ocr_line' id='line_1_30' title="bbox 585 3114 2158 3199; baseline -0.007 -12"><span class='ocrx_word' id='word_1_200' title='bbox 585 3124 1100 3199; x_wconf 53' lang='lat' dir='ltr'><strong>casua—Atque</strong></span> <span class='ocrx_word' id='word_1_201' title='bbox 1150 3119 1295 3180; x_wconf 89' lang='lat' dir='ltr'><strong>hinc</strong></span> <span class='ocrx_word' id='word_1_202' title='bbox 1345 3118 1531 3180; x_wconf 84' lang='lat' dir='ltr'><strong>etiam</strong></span> <span class='ocrx_word' id='word_1_203' title='bbox 1561 3125 1892 3178; x_wconf 85' lang='lat' dir='ltr'><strong>sumuntur</strong></span> <span class='ocrx_word' id='word_1_204' title='bbox 1927 3114 2158 3194; x_wconf 75' lang='lat' dir='ltr'><strong>regulas</strong></span> 
     </span>
     <span class='ocr_line' id='line_1_31' title="bbox 584 3209 2160 3283; baseline -0.007 -4"><span class='ocrx_word' id='word_1_205' title='bbox 584 3217 663 3279; x_wconf 82' lang='lat' dir='ltr'><strong>ad</strong></span> <span class='ocrx_word' id='word_1_206' title='bbox 713 3214 1134 3276; x_wconf 87' lang='lat' dir='ltr'><strong>dissolvendos</strong></span> <span class='ocrx_word' id='word_1_207' title='bbox 1184 3231 1361 3273; x_wconf 76' lang='lat' dir='ltr'><strong>casus</strong></span> <span class='ocrx_word' id='word_1_208' title='bbox 1393 3212 1616 3272; x_wconf 79' lang='lat' dir='ltr'><strong>varios,</strong></span> <span class='ocrx_word' id='word_1_209' title='bbox 1655 3211 1896 3271; x_wconf 85' lang='lat' dir='ltr'><strong>Primus</strong></span> <span class='ocrx_word' id='word_1_210' title='bbox 1933 3209 2034 3283; x_wconf 83' lang='lat' dir='ltr'><strong>sit,</strong></span> <span class='ocrx_word' id='word_1_211' title='bbox 2078 3227 2160 3269; x_wconf 88' lang='lat' dir='ltr'><strong>an</strong></span> 
     </span>
     <span class='ocr_line' id='line_1_32' title="bbox 583 3302 2163 3372; baseline -0.005 -2"><span class='ocrx_word' id='word_1_212' title='bbox 583 3316 869 3372; x_wconf 87' lang='lat' dir='ltr'><strong>teneatur</strong></span> <span class='ocrx_word' id='word_1_213' title='bbox 902 3307 1126 3368; x_wconf 89' lang='lat' dir='ltr'><strong>mulier</strong></span> <span class='ocrx_word' id='word_1_214' title='bbox 1156 3307 1438 3366; x_wconf 84' lang='lat' dir='ltr'><strong>omittere</strong></span> <span class='ocrx_word' id='word_1_215' title='bbox 1463 3322 1702 3365; x_wconf 88' lang='lat' dir='ltr'><strong>sacrum</strong></span> <span class='ocrx_word' id='word_1_216' title='bbox 1731 3303 1808 3364; x_wconf 86' lang='lat' dir='ltr'><strong>ad</strong></span> <span class='ocrx_word' id='word_1_217' title='bbox 1835 3302 2163 3362; x_wconf 82' lang='lat' dir='ltr'><strong>vitandum</strong></span> 
     </span>
     <span class='ocr_line' id='line_1_33' title="bbox 581 3396 2163 3480; baseline -0.006 -17"><span class='ocrx_word' id='word_1_218' title='bbox 581 3402 961 3463; x_wconf 80' lang='lat' dir='ltr'><strong>scandalum.</strong></span> <span class='ocrx_word' id='word_1_219' title='bbox 994 3398 1415 3480; x_wconf 88' lang='lat' dir='ltr'><strong>Respondetur</strong></span> <span class='ocrx_word' id='word_1_220' title='bbox 1460 3397 1626 3457; x_wconf 88' lang='lat' dir='ltr'><strong>enim</strong></span> <span class='ocrx_word' id='word_1_221' title='bbox 1665 3396 1981 3457; x_wconf 88' lang='lat' dir='ltr'><strong>interdum</strong></span> <span class='ocrx_word' id='word_1_222' title='bbox 2030 3413 2163 3474; x_wconf 79' lang='lat' dir='ltr'><strong>pos,</strong></span> 
     </span>
    </p>
   </div>
   <div class='ocr_carea' id='block_1_5' title="bbox 585 3490 2175 3568">
    <p class='ocr_par' dir='ltr' id='par_1_6' title="bbox 585 3490 2175 3568">
     <span class='ocr_line' id='line_1_34' title="bbox 585 3490 2175 3568; baseline -0.004 -12"><span class='ocrx_word' id='word_1_223' title='bbox 585 3514 648 3556; x_wconf 86' lang='lat' dir='ltr'><strong>se</strong></span> <span class='ocrx_word' id='word_1_224' title='bbox 694 3494 811 3555; x_wconf 86' lang='lat' dir='ltr'><strong>hoc</strong></span> <span class='ocrx_word' id='word_1_225' title='bbox 857 3493 1064 3568; x_wconf 88' lang='lat' dir='ltr'><strong>licere,</strong></span> <span class='ocrx_word' id='word_1_226' title='bbox 1107 3495 1232 3552; x_wconf 91' lang='lat' dir='ltr'><strong>imo</strong></span> <span class='ocrx_word' id='word_1_227' title='bbox 1263 3497 1324 3552; x_wconf 84' lang='lat' dir='ltr'><strong>et</strong></span> <span class='ocrx_word' id='word_1_228' title='bbox 1350 3509 1477 3551; x_wconf 85' lang='lat' dir='ltr'><strong>esse</strong></span> <span class='ocrx_word' id='word_1_229' title='bbox 1519 3490 1930 3551; x_wconf 87' lang='lat' dir='ltr'><strong>necessarium</strong></span> <span class='ocrx_word' id='word_1_230' title='bbox 1945 3505 1965 3566; x_wconf 84' lang='lat'>3</span> <span class='ocrx_word' id='word_1_231' title='bbox 2018 3509 2175 3550; x_wconf 79' lang='lat' dir='ltr'><strong>raro.</strong></span> 
     </span>
    </p>
   </div>
   <div class='ocr_carea' id='block_1_6' title="bbox 581 3583 2160 3848">
    <p class='ocr_par' dir='ltr' id='par_1_7' title="bbox 581 3583 2160 3848">
     <span class='ocr_line' id='line_1_35' title="bbox 581 3583 2160 3661; baseline -0.006 -10"><span class='ocrx_word' id='word_1_232' title='bbox 581 3596 793 3651; x_wconf 85' lang='lat' dir='ltr'><strong>tamen</strong></span> <span class='ocrx_word' id='word_1_233' title='bbox 831 3587 1102 3648; x_wconf 88' lang='lat' dir='ltr'><strong>accidere</strong></span> <span class='ocrx_word' id='word_1_234' title='bbox 1138 3585 1298 3646; x_wconf 87' lang='lat' dir='ltr'><strong>hanc</strong></span> <span class='ocrx_word' id='word_1_235' title='bbox 1343 3583 1782 3660; x_wconf 81' lang='lat' dir='ltr'><strong>obligationem</strong></span> <span class='ocrx_word' id='word_1_236' title='bbox 1822 3601 1834 3642; x_wconf 93' lang='lat'>:</span> <span class='ocrx_word' id='word_1_237' title='bbox 1889 3583 1958 3642; x_wconf 89' lang='lat' dir='ltr'><strong>in</strong></span> <span class='ocrx_word' id='word_1_238' title='bbox 2024 3601 2160 3661; x_wconf 87' lang='lat' dir='ltr'><strong>par-</strong></span> 
     </span>
     <span class='ocr_line' id='line_1_36' title="bbox 583 3678 2151 3756; baseline -0.002 -13"><span class='ocrx_word' id='word_1_239' title='bbox 583 3683 833 3743; x_wconf 87' lang='lat' dir='ltr'><strong>ticulari</strong></span> <span class='ocrx_word' id='word_1_240' title='bbox 873 3699 1021 3742; x_wconf 87' lang='lat' dir='ltr'><strong>vero</strong></span> <span class='ocrx_word' id='word_1_241' title='bbox 1068 3679 1542 3741; x_wconf 79' lang='lat' dir='ltr'><strong>circumstantiae</strong></span> <span class='ocrx_word' id='word_1_242' title='bbox 1600 3686 1746 3738; x_wconf 87' lang='lat' dir='ltr'><strong>sunt</strong></span> <span class='ocrx_word' id='word_1_243' title='bbox 1800 3678 2151 3756; x_wconf 71' lang='lat' dir='ltr'><strong>pensandae.</strong></span> 
     </span>
     <span class='ocr_line' id='line_1_37' title="bbox 588 3771 2157 3848; baseline -0.005 -10"><span class='ocrx_word' id='word_1_244' title='bbox 588 3773 903 3838; x_wconf 81' lang='lat' dir='ltr'><strong>Secundus</strong></span> <span class='ocrx_word' id='word_1_245' title='bbox 943 3781 1054 3848; x_wconf 88' lang='lat' dir='ltr'><strong>est,</strong></span> <span class='ocrx_word' id='word_1_246' title='bbox 1098 3792 1178 3834; x_wconf 86' lang='lat' dir='ltr'><strong>an</strong></span> <span class='ocrx_word' id='word_1_247' title='bbox 1215 3778 1501 3832; x_wconf 88' lang='lat' dir='ltr'><strong>teneatur</strong></span> <span class='ocrx_word' id='word_1_248' title='bbox 1537 3771 1761 3831; x_wconf 90' lang='lat' dir='ltr'><strong>mulier</strong></span> <span class='ocrx_word' id='word_1_249' title='bbox 1801 3789 1927 3830; x_wconf 87' lang='lat' dir='ltr'><strong>non</strong></span> <span class='ocrx_word' id='word_1_250' title='bbox 1971 3789 2034 3831; x_wconf 88' lang='lat' dir='ltr'><strong>se</strong></span> <span class='ocrx_word' id='word_1_251' title='bbox 2062 3789 2157 3830; x_wconf 92' lang='lat' dir='ltr'><strong>or-</strong></span> 
     </span>
    </p>
   </div>
   <div class='ocr_carea' id='block_1_7' title="bbox 585 3863 2210 3947">
    <p class='ocr_par' dir='ltr' id='par_1_8' title="bbox 585 3863 2210 3947">
     <span class='ocr_line' id='line_1_38' title="bbox 585 3863 2210 3947; baseline -0.004 -18"><span class='ocrx_word' id='word_1_252' title='bbox 585 3887 736 3929; x_wconf 86' lang='lat' dir='ltr'><strong>nare</strong></span> <span class='ocrx_word' id='word_1_253' title='bbox 764 3875 1010 3947; x_wconf 86' lang='lat' dir='ltr'><strong>propter</strong></span> <span class='ocrx_word' id='word_1_254' title='bbox 1034 3866 1354 3926; x_wconf 85' lang='lat' dir='ltr'><strong>vitandum</strong></span> <span class='ocrx_word' id='word_1_255' title='bbox 1404 3865 1786 3924; x_wconf 87' lang='lat' dir='ltr'><strong>scandalum.</strong></span> <span class='ocrx_word' id='word_1_256' title='bbox 1813 3863 2153 3924; x_wconf 86' lang='lat' dir='ltr'><strong>Dicendum</strong></span> <span class='ocrx_word' id='word_1_257' title='bbox 2188 3931 2210 3947; x_wconf 40' lang='lat'><strong><em>³</em></strong></span> 
     </span>
    </p>
   </div>
   <div class='ocr_carea' id='block_1_8' title="bbox 585 3957 2165 5528">
    <p class='ocr_par' dir='ltr' id='par_1_9' title="bbox 585 3957 2165 5528">
     <span class='ocr_line' id='line_1_39' title="bbox 588 3957 2151 4034; baseline -0.004 -12"><span class='ocrx_word' id='word_1_258' title='bbox 588 3967 680 4023; x_wconf 89' lang='lat' dir='ltr'><strong>est</strong></span> <span class='ocrx_word' id='word_1_259' title='bbox 721 3963 914 4034; x_wconf 87' lang='lat' dir='ltr'><strong>enim,</strong></span> <span class='ocrx_word' id='word_1_260' title='bbox 949 3960 1000 4019; x_wconf 89' lang='lat' dir='ltr'><strong>si</strong></span> <span class='ocrx_word' id='word_1_261' title='bbox 1029 3965 1280 4019; x_wconf 87' lang='lat' dir='ltr'><strong>ornatus</strong></span> <span class='ocrx_word' id='word_1_262' title='bbox 1303 3959 1381 4018; x_wconf 89' lang='lat' dir='ltr'><strong>sit</strong></span> <span class='ocrx_word' id='word_1_263' title='bbox 1411 3958 1760 4017; x_wconf 82' lang='lat' dir='ltr'><strong>moderatus</strong></span> <span class='ocrx_word' id='word_1_264' title='bbox 1809 3963 1870 4017; x_wconf 90' lang='lat' dir='ltr'><strong>et</strong></span> <span class='ocrx_word' id='word_1_265' title='bbox 1908 3957 2151 4032; x_wconf 77' lang='lat' dir='ltr'><strong>deeenS,</strong></span> 
     </span>
     <span class='ocr_line' id='line_1_40' title="bbox 587 4052 2165 4139; baseline -0.005 -21"><span class='ocrx_word' id='word_1_266' title='bbox 587 4077 698 4139; x_wconf 90' lang='lat' dir='ltr'><strong>per</strong></span> <span class='ocrx_word' id='word_1_267' title='bbox 744 4075 806 4116; x_wconf 89' lang='lat' dir='ltr'><strong>se</strong></span> <span class='ocrx_word' id='word_1_268' title='bbox 853 4073 978 4115; x_wconf 89' lang='lat' dir='ltr'><strong>non</strong></span> <span class='ocrx_word' id='word_1_269' title='bbox 1015 4054 1236 4122; x_wconf 86' lang='lat' dir='ltr'><strong>teneri,</strong></span> <span class='ocrx_word' id='word_1_270' title='bbox 1273 4052 1418 4132; x_wconf 87' lang='lat' dir='ltr'><strong>quia</strong></span> <span class='ocrx_word' id='word_1_271' title='bbox 1461 4052 1538 4110; x_wconf 91' lang='lat' dir='ltr'><strong>de</strong></span> <span class='ocrx_word' id='word_1_272' title='bbox 1581 4069 1644 4110; x_wconf 88' lang='lat' dir='ltr'><strong>se</strong></span> <span class='ocrx_word' id='word_1_273' title='bbox 1693 4059 1863 4110; x_wconf 88' lang='lat' dir='ltr'><strong>actus</strong></span> <span class='ocrx_word' id='word_1_274' title='bbox 1902 4069 2028 4110; x_wconf 89' lang='lat' dir='ltr'><strong>non</strong></span> <span class='ocrx_word' id='word_1_275' title='bbox 2073 4058 2165 4110; x_wconf 90' lang='lat' dir='ltr'><strong>est</strong></span> 
     </span>
     <span class='ocr_line' id='line_1_41' title="bbox 588 4142 2165 4226; baseline -0.005 -15"><span class='ocrx_word' id='word_1_276' title='bbox 588 4150 814 4225; x_wconf 85' lang='lat' dir='ltr'><strong>malus,</strong></span> <span class='ocrx_word' id='word_1_277' title='bbox 863 4165 1063 4226; x_wconf 90' lang='lat' dir='ltr'><strong>neque</strong></span> <span class='ocrx_word' id='word_1_278' title='bbox 1109 4146 1297 4206; x_wconf 87' lang='lat' dir='ltr'><strong>habet</strong></span> <span class='ocrx_word' id='word_1_279' title='bbox 1349 4146 1648 4206; x_wconf 90' lang='lat' dir='ltr'><strong>rationem</strong></span> <span class='ocrx_word' id='word_1_280' title='bbox 1691 4142 1967 4204; x_wconf 81' lang='lat' dir='ltr'><strong>scandali</strong></span> <span class='ocrx_word' id='word_1_281' title='bbox 2016 4143 2165 4203; x_wconf 86' lang='lat' dir='ltr'><strong>acti-</strong></span> 
     </span>
     <span class='ocr_line' id='line_1_42' title="bbox 589 4236 2162 4320; baseline -0.004 -18"><span class='ocrx_word' id='word_1_282' title='bbox 589 4245 688 4319; x_wconf 78' lang='lat' dir='ltr'><strong>vi,</strong></span> <span class='ocrx_word' id='word_1_283' title='bbox 737 4241 936 4320; x_wconf 86' lang='lat' dir='ltr'><strong>magis</strong></span> <span class='ocrx_word' id='word_1_284' title='bbox 983 4257 1167 4318; x_wconf 87' lang='lat' dir='ltr'><strong>quam</strong></span> <span class='ocrx_word' id='word_1_285' title='bbox 1217 4239 1347 4318; x_wconf 86' lang='lat' dir='ltr'><strong>ipsa</strong></span> <span class='ocrx_word' id='word_1_286' title='bbox 1399 4238 1699 4298; x_wconf 83' lang='lat' dir='ltr'><strong>naturalis</strong></span> <span class='ocrx_word' id='word_1_287' title='bbox 1746 4236 2162 4315; x_wconf 78' lang='lat' dir='ltr'><strong>pulchritudO,</strong></span> 
     </span>
     <span class='ocr_line' id='line_1_43' title="bbox 589 4329 2155 4417; baseline -0.006 -19"><span class='ocrx_word' id='word_1_288' title='bbox 589 4344 651 4398; x_wconf 88' lang='lat' dir='ltr'><strong>et</strong></span> <span class='ocrx_word' id='word_1_289' title='bbox 682 4339 827 4417; x_wconf 88' lang='lat' dir='ltr'><strong>quia</strong></span> <span class='ocrx_word' id='word_1_290' title='bbox 858 4341 1014 4396; x_wconf 87' lang='lat' dir='ltr'><strong>esset</strong></span> <span class='ocrx_word' id='word_1_291' title='bbox 1051 4351 1237 4412; x_wconf 80' lang='lat' dir='ltr'><strong>grave</strong></span> <span class='ocrx_word' id='word_1_292' title='bbox 1273 4351 1428 4392; x_wconf 88' lang='lat' dir='ltr'><strong>onus</strong></span> <span class='ocrx_word' id='word_1_293' title='bbox 1456 4331 1730 4409; x_wconf 84' lang='lat' dir='ltr'><strong>obligare</strong></span> <span class='ocrx_word' id='word_1_294' title='bbox 1759 4330 1834 4390; x_wconf 88' lang='lat' dir='ltr'><strong>ad</strong></span> <span class='ocrx_word' id='word_1_295' title='bbox 1867 4329 1983 4389; x_wconf 86' lang='lat' dir='ltr'><strong>hoc</strong></span> <span class='ocrx_word' id='word_1_296' title='bbox 2014 4343 2033 4405; x_wconf 90' lang='lat'>;</span> <span class='ocrx_word' id='word_1_297' title='bbox 2066 4334 2155 4389; x_wconf 85' lang='lat' dir='ltr'><strong>ta-</strong></span> 
     </span>
     <span class='ocr_line' id='line_1_44' title="bbox 591 4423 2155 4504; baseline -0.007 -13"><span class='ocrx_word' id='word_1_298' title='bbox 591 4449 737 4491; x_wconf 89' lang='lat' dir='ltr'><strong>men</strong></span> <span class='ocrx_word' id='word_1_299' title='bbox 779 4429 831 4489; x_wconf 89' lang='lat' dir='ltr'><strong>si</strong></span> <span class='ocrx_word' id='word_1_300' title='bbox 859 4435 1016 4488; x_wconf 88' lang='lat' dir='ltr'><strong>esset</strong></span> <span class='ocrx_word' id='word_1_301' title='bbox 1043 4443 1297 4487; x_wconf 86' lang='lat' dir='ltr'><strong>ornatus</strong></span> <span class='ocrx_word' id='word_1_302' title='bbox 1337 4423 1684 4504; x_wconf 85' lang='lat' dir='ltr'><strong>superfluus</strong></span> <span class='ocrx_word' id='word_1_303' title='bbox 1731 4429 1794 4483; x_wconf 90' lang='lat' dir='ltr'><strong>et</strong></span> <span class='ocrx_word' id='word_1_304' title='bbox 1820 4423 2155 4494; x_wconf 84' lang='lat' dir='ltr'><strong>maximus,</strong></span> 
     </span>
     <span class='ocr_line' id='line_1_45' title="bbox 585 4515 2161 4598; baseline -0.006 -15"><span class='ocrx_word' id='word_1_305' title='bbox 585 4521 686 4583; x_wconf 84' lang='lat' dir='ltr'><strong>vel</strong></span> <span class='ocrx_word' id='word_1_306' title='bbox 714 4524 762 4582; x_wconf 90' lang='lat' dir='ltr'><strong>si</strong></span> <span class='ocrx_word' id='word_1_307' title='bbox 801 4521 874 4580; x_wconf 94' lang='lat' dir='ltr'><strong>de</strong></span> <span class='ocrx_word' id='word_1_308' title='bbox 917 4539 978 4581; x_wconf 90' lang='lat' dir='ltr'><strong>se</strong></span> <span class='ocrx_word' id='word_1_309' title='bbox 1022 4526 1179 4581; x_wconf 87' lang='lat' dir='ltr'><strong>esset</strong></span> <span class='ocrx_word' id='word_1_310' title='bbox 1215 4519 1388 4598; x_wconf 90' lang='lat' dir='ltr'><strong>quasi</strong></span> <span class='ocrx_word' id='word_1_311' title='bbox 1426 4516 1849 4596; x_wconf 81' lang='lat' dir='ltr'><strong>provocativus</strong></span> <span class='ocrx_word' id='word_1_312' title='bbox 1889 4515 1968 4575; x_wconf 86' lang='lat' dir='ltr'><strong>ad</strong></span> <span class='ocrx_word' id='word_1_313' title='bbox 2028 4533 2161 4574; x_wconf 84' lang='lat' dir='ltr'><strong>ma—</strong></span> 
     </span>
     <span class='ocr_line' id='line_1_46' title="bbox 588 4609 2163 4690; baseline -0.006 -15"><span class='ocrx_word' id='word_1_314' title='bbox 588 4615 745 4688; x_wconf 88' lang='lat' dir='ltr'><strong>lum,</strong></span> <span class='ocrx_word' id='word_1_315' title='bbox 790 4613 906 4674; x_wconf 87' lang='lat' dir='ltr'><strong>erit</strong></span> <span class='ocrx_word' id='word_1_316' title='bbox 955 4613 1271 4690; x_wconf 85' lang='lat' dir='ltr'><strong>obligatio.</strong></span> <span class='ocrx_word' id='word_1_317' title='bbox 1326 4613 1546 4672; x_wconf 79' lang='lat' dir='ltr'><strong>Navar.</strong></span> <span class='ocrx_word' id='word_1_318' title='bbox 1606 4615 1837 4680; x_wconf 80' lang='lat' dir='ltr'><strong>tamen,</strong></span> <span class='ocrx_word' id='word_1_319' title='bbox 1885 4609 1950 4667; x_wconf 85' lang='lat' dir='ltr'><strong>in</strong></span> <span class='ocrx_word' id='word_1_320' title='bbox 1986 4609 2163 4668; x_wconf 90' lang='lat' dir='ltr'><strong>Sum·</strong></span> 
     </span>
     <span class='ocr_line' id='line_1_47' title="bbox 599 4703 2157 4783; baseline -0.004 -15"><span class='ocrx_word' id='word_1_321' title='bbox 599 4726 722 4783; x_wconf 87' lang='lat' dir='ltr'><strong>ma,</strong></span> <span class='ocrx_word' id='word_1_322' title='bbox 767 4725 824 4768; x_wconf 88' lang='lat' dir='ltr'><strong>c.</strong></span> <span class='ocrx_word' id='word_1_323' title='bbox 873 4709 971 4782; x_wconf 88' lang='grc'><strong>13,</strong></span> <span class='ocrx_word' id='word_1_324' title='bbox 1013 4725 1076 4768; x_wconf 88' lang='lat' dir='ltr'><strong>n.</strong></span> <span class='ocrx_word' id='word_1_325' title='bbox 1121 4707 1234 4780; x_wconf 72' lang='lat'><strong>23,</strong></span> <span class='ocrx_word' id='word_1_326' title='bbox 1267 4712 1327 4765; x_wconf 89' lang='lat' dir='ltr'><strong>et</strong></span> <span class='ocrx_word' id='word_1_327' title='bbox 1353 4705 1676 4782; x_wconf 84' lang='lat' dir='ltr'><strong>Cajetanus</strong></span> <span class='ocrx_word' id='word_1_328' title='bbox 1723 4705 1783 4763; x_wconf 67' lang='grc' dir='ltr'><strong>Ξ.</strong></span> <span class='ocrx_word' id='word_1_329' title='bbox 1825 4705 1886 4775; x_wconf 68' lang='lat'><strong>2,</strong></span> <span class='ocrx_word' id='word_1_330' title='bbox 1921 4719 1983 4780; x_wconf 88' lang='lat' dir='ltr'><strong>q.</strong></span> <span class='ocrx_word' id='word_1_331' title='bbox 2020 4703 2157 4774; x_wconf 88' lang='grc'>169,</span> 
     </span>
     <span class='ocr_line' id='line_1_48' title="bbox 594 4793 2159 4876; baseline -0.006 -15"><span class='ocrx_word' id='word_1_332' title='bbox 594 4809 710 4862; x_wconf 86' lang='lat' dir='ltr'><strong>art.</strong></span> <span class='ocrx_word' id='word_1_333' title='bbox 748 4805 806 4876; x_wconf 85' lang='lat'><strong>1,</strong></span> <span class='ocrx_word' id='word_1_334' title='bbox 831 4807 1076 4860; x_wconf 88' lang='lat' dir='ltr'><strong>tantum</strong></span> <span class='ocrx_word' id='word_1_335' title='bbox 1108 4798 1318 4858; x_wconf 89' lang='lat' dir='ltr'><strong>volunt</strong></span> <span class='ocrx_word' id='word_1_336' title='bbox 1347 4815 1478 4857; x_wconf 91' lang='lat' dir='ltr'><strong>esse</strong></span> <span class='ocrx_word' id='word_1_337' title='bbox 1511 4796 1625 4856; x_wconf 90' lang='lat' dir='ltr'><strong>sub</strong></span> <span class='ocrx_word' id='word_1_338' title='bbox 1655 4795 1902 4857; x_wconf 87' lang='lat' dir='ltr'><strong>veniali.</strong></span> <span class='ocrx_word' id='word_1_339' title='bbox 1933 4793 2052 4854; x_wconf 82' lang='lat' dir='ltr'><strong>Sed</strong></span> <span class='ocrx_word' id='word_1_340' title='bbox 2082 4811 2159 4854; x_wconf 83' lang='lat' dir='ltr'><strong>ex</strong></span> 
     </span>
     <span class='ocr_line' id='line_1_49' title="bbox 598 4888 2159 4972; baseline -0.005 -17"><span class='ocrx_word' id='word_1_341' title='bbox 598 4913 709 4956; x_wconf 88' lang='lat' dir='ltr'><strong>suo</strong></span> <span class='ocrx_word' id='word_1_342' title='bbox 752 4912 978 4972; x_wconf 80' lang='lat' dir='ltr'>genere</span> <span class='ocrx_word' id='word_1_343' title='bbox 1030 4909 1144 4970; x_wconf 86' lang='lat' dir='ltr'><strong>ego</strong></span> <span class='ocrx_word' id='word_1_344' title='bbox 1208 4893 1387 4952; x_wconf 88' lang='lat' dir='ltr'><strong>credo</strong></span> <span class='ocrx_word' id='word_1_345' title='bbox 1433 4891 1707 4968; x_wconf 83' lang='lat' dir='ltr'><strong>obligare</strong></span> <span class='ocrx_word' id='word_1_346' title='bbox 1768 4891 1848 4951; x_wconf 85' lang='lat' dir='ltr'><strong>ad</strong></span> <span class='ocrx_word' id='word_1_347' title='bbox 1898 4888 2159 4949; x_wconf 85' lang='lat' dir='ltr'><strong>mortale</strong></span> 
     </span>
     <span class='ocr_line' id='line_1_50' title="bbox 596 4981 2159 5067; baseline -0.006 -18"><span class='ocrx_word' id='word_1_348' title='bbox 596 5006 732 5050; x_wconf 88' lang='lat' dir='ltr'><strong>cum</strong></span> <span class='ocrx_word' id='word_1_349' title='bbox 764 4988 1098 5067; x_wconf 82' lang='lat' dir='ltr'><strong>Sylvestro.</strong></span> <span class='ocrx_word' id='word_1_350' title='bbox 1135 4985 1322 5045; x_wconf 87' lang='lat' dir='ltr'><strong>verbo</strong></span> <span class='ocrx_word' id='word_1_351' title='bbox 1346 4985 1635 5060; x_wconf 63' lang='lat' dir='ltr'><strong>Ornatur,</strong></span> <span class='ocrx_word' id='word_1_352' title='bbox 1665 4991 1727 5044; x_wconf 84' lang='lat' dir='ltr'><strong>et</strong></span> <span class='ocrx_word' id='word_1_353' title='bbox 1745 4981 1932 5042; x_wconf 84' lang='lat' dir='ltr'><strong>verbo</strong></span> <span class='ocrx_word' id='word_1_354' title='bbox 1958 4981 2159 5046; x_wconf 78' lang='lat' dir='ltr'><strong>Soan-</strong></span> 
     </span>
     <span class='ocr_line' id='line_1_51' title="bbox 600 5076 2161 5158; baseline -0.006 -14"><span class='ocrx_word' id='word_1_355' title='bbox 600 5081 844 5155; x_wconf 83' lang='lat' dir='ltr'><strong>dalum,</strong></span> <span class='ocrx_word' id='word_1_356' title='bbox 903 5087 964 5140; x_wconf 87' lang='lat' dir='ltr'><strong>et</strong></span> <span class='ocrx_word' id='word_1_357' title='bbox 1000 5080 1326 5153; x_wconf 62' lang='lat' dir='ltr'><strong>Antonin„</strong></span> <span class='ocrx_word' id='word_1_358' title='bbox 1367 5083 1403 5140; x_wconf 79' lang='lat'><strong>2</strong></span> <span class='ocrx_word' id='word_1_359' title='bbox 1437 5097 1528 5158; x_wconf 86' lang='lat' dir='ltr'><strong>p.,</strong></span> <span class='ocrx_word' id='word_1_360' title='bbox 1578 5080 1672 5138; x_wconf 88' lang='lat' dir='ltr'><strong>tit.</strong></span> <span class='ocrx_word' id='word_1_361' title='bbox 1725 5081 1786 5151; x_wconf 81' lang='lat'><strong>7,</strong></span> <span class='ocrx_word' id='word_1_362' title='bbox 1819 5096 1874 5137; x_wconf 89' lang='lat' dir='ltr'><strong>c.</strong></span> <span class='ocrx_word' id='word_1_363' title='bbox 1919 5079 1981 5148; x_wconf 73' lang='lat'><strong>4,</strong></span> <span class='ocrx_word' id='word_1_364' title='bbox 2013 5076 2161 5155; x_wconf 85' lang='lat' dir='ltr'><strong>quia</strong></span> 
     </span>
     <span class='ocr_line' id='line_1_52' title="bbox 598 5170 2165 5251; baseline -0.005 -16"><span class='ocrx_word' id='word_1_365' title='bbox 598 5181 690 5236; x_wconf 87' lang='lat' dir='ltr'><strong>est</strong></span> <span class='ocrx_word' id='word_1_366' title='bbox 719 5193 791 5234; x_wconf 86' lang='lat' dir='ltr'><strong>ex</strong></span> <span class='ocrx_word' id='word_1_367' title='bbox 811 5192 920 5234; x_wconf 90' lang='lat' dir='ltr'><strong>suo</strong></span> <span class='ocrx_word' id='word_1_368' title='bbox 939 5191 1164 5251; x_wconf 82' lang='lat' dir='ltr'>genere</span> <span class='ocrx_word' id='word_1_369' title='bbox 1193 5173 1428 5232; x_wconf 82' lang='lat' dir='ltr'><strong>occasio</strong></span> <span class='ocrx_word' id='word_1_370' title='bbox 1451 5173 1655 5249; x_wconf 77' lang='lat' dir='ltr'><strong>‘gravis</strong></span> <span class='ocrx_word' id='word_1_371' title='bbox 1674 5175 1889 5231; x_wconf 83' lang='lat' dir='ltr'><strong>ruinae.</strong></span> <span class='ocrx_word' id='word_1_372' title='bbox 1921 5170 2165 5230; x_wconf 86' lang='lat' dir='ltr'><strong>Tertius</strong></span> 
     </span>
     <span class='ocr_line' id='line_1_53' title="bbox 596 5265 2165 5344; baseline -0.004 -16"><span class='ocrx_word' id='word_1_373' title='bbox 596 5275 708 5342; x_wconf 85' lang='lat' dir='ltr'><strong>est,</strong></span> <span class='ocrx_word' id='word_1_374' title='bbox 759 5286 840 5328; x_wconf 89' lang='lat' dir='ltr'><strong>an</strong></span> <span class='ocrx_word' id='word_1_375' title='bbox 891 5272 1176 5327; x_wconf 85' lang='lat' dir='ltr'><strong>teneatur</strong></span> <span class='ocrx_word' id='word_1_376' title='bbox 1225 5266 1364 5344; x_wconf 88' lang='lat' dir='ltr'><strong>quis</strong></span> <span class='ocrx_word' id='word_1_377' title='bbox 1408 5265 1874 5344; x_wconf 82' lang='lat' dir='ltr'><strong>praetermittere</strong></span> <span class='ocrx_word' id='word_1_378' title='bbox 1925 5270 2165 5342; x_wconf 85' lang='lat' dir='ltr'><strong>tempo·</strong></span> 
     </span>
     <span class='ocr_line' id='line_1_54' title="bbox 597 5357 2163 5435; baseline -0.004 -12"><span class='ocrx_word' id='word_1_379' title='bbox 597 5362 751 5423; x_wconf 87' lang='lat' dir='ltr'><strong>ralia</strong></span> <span class='ocrx_word' id='word_1_380' title='bbox 776 5361 939 5421; x_wconf 86' lang='lat' dir='ltr'><strong>bona</strong></span> <span class='ocrx_word' id='word_1_381' title='bbox 976 5359 1054 5420; x_wconf 78' lang='lat' dir='ltr'><strong>ad</strong></span> <span class='ocrx_word' id='word_1_382' title='bbox 1101 5358 1425 5419; x_wconf 87' lang='lat' dir='ltr'><strong>vitandum</strong></span> <span class='ocrx_word' id='word_1_383' title='bbox 1463 5357 1845 5419; x_wconf 85' lang='lat' dir='ltr'><strong>scandalum.</strong></span> <span class='ocrx_word' id='word_1_384' title='bbox 1894 5359 2163 5435; x_wconf 85' lang='lat' dir='ltr'><strong>Respon-</strong></span> 
     </span>
     <span class='ocr_line' id='line_1_55' title="bbox 599 5449 2163 5528; baseline -0.003 -14"><span class='ocrx_word' id='word_1_385' title='bbox 599 5454 781 5514; x_wconf 88' lang='lat' dir='ltr'><strong>detur</strong></span> <span class='ocrx_word' id='word_1_386' title='bbox 830 5471 972 5513; x_wconf 90' lang='lat' dir='ltr'><strong>cum</strong></span> <span class='ocrx_word' id='word_1_387' title='bbox 1019 5453 1087 5512; x_wconf 93' lang='lat' dir='ltr'><strong>D.</strong></span> <span class='ocrx_word' id='word_1_388' title='bbox 1115 5451 1375 5526; x_wconf 83' lang='lat' dir='ltr'><strong>Thema,</strong></span> <span class='ocrx_word' id='word_1_389' title='bbox 1421 5457 1538 5511; x_wconf 75' lang='lat' dir='ltr'><strong>art.</strong></span> <span class='ocrx_word' id='word_1_390' title='bbox 1596 5451 1656 5525; x_wconf 80' lang='lat'><strong>8,</strong></span> <span class='ocrx_word' id='word_1_391' title='bbox 1707 5449 2043 5528; x_wconf 78' lang='lat' dir='ltr'><strong>Sylvestro,</strong></span> <span class='ocrx_word' id='word_1_392' title='bbox 2099 5458 2163 5509; x_wconf 90' lang='lat' dir='ltr'><strong>et</strong></span> 
     </span>
    </p>
   </div>
   <div class='ocr_carea' id='block_1_9' title="bbox 584 5543 2162 5664">
    <p class='ocr_par' dir='ltr' id='par_1_10' title="bbox 584 5543 2162 5664">
     <span class='ocr_line' id='line_1_56' title="bbox 584 5543 2162 5664; baseline -0.004 -54"><span class='ocrx_word' id='word_1_393' title='bbox 584 5551 914 5664; x_wconf 73' lang='lat' dir='ltr'><strong>cajetano,</strong></span> <span class='ocrx_word' id='word_1_394' title='bbox 959 5546 1148 5607; x_wconf 83' lang='lat' dir='ltr'><strong>verbo</strong></span> <span class='ocrx_word' id='word_1_395' title='bbox 1197 5545 1596 5621; x_wconf 72' lang='lat' dir='ltr'><strong>Scandalum,</strong></span> <span class='ocrx_word' id='word_1_396' title='bbox 1645 5545 1710 5606; x_wconf 91' lang='lat' dir='ltr'><strong>in</strong></span> <span class='ocrx_word' id='word_1_397' title='bbox 1755 5543 1852 5604; x_wconf 84' lang='lat' dir='ltr'><strong>his</strong></span> <span class='ocrx_word' id='word_1_398' title='bbox 1893 5561 2162 5624; x_wconf 87' lang='lat' dir='ltr'><strong>quorum</strong></span> 
     </span>
    </p>
   </div>
   <div class='ocr_carea' id='block_1_10' title="bbox 2206 507 3737 3110">
    <p class='ocr_par' dir='ltr' id='par_1_11' title="bbox 2206 507 3737 3110">
     <span class='ocr_line' id='line_1_57' title="bbox 2206 507 3727 588; baseline 0.003 -21"><span class='ocrx_word' id='word_1_399' title='bbox 2206 509 2393 568; x_wconf 90' lang='lat' dir='ltr'><strong>homo</strong></span> <span class='ocrx_word' id='word_1_400' title='bbox 2444 517 2535 568; x_wconf 84' lang='lat' dir='ltr'><strong>est</strong></span> <span class='ocrx_word' id='word_1_401' title='bbox 2577 508 2883 583; x_wconf 79' lang='lat' dir='ltr'><strong>dominuS,</strong></span> <span class='ocrx_word' id='word_1_402' title='bbox 2920 525 3095 588; x_wconf 79' lang='lat' dir='ltr'><strong>posse</strong></span> <span class='ocrx_word' id='word_1_403' title='bbox 3130 507 3236 568; x_wconf 88' lang='lat' dir='ltr'><strong>illa</strong></span> <span class='ocrx_word' id='word_1_404' title='bbox 3262 508 3727 586; x_wconf 81' lang='lat' dir='ltr'><strong>praetermittere;</strong></span> 
     </span>
     <span class='ocr_line' id='line_1_58' title="bbox 2206 601 3731 680; baseline 0.005 -20"><span class='ocrx_word' id='word_1_405' title='bbox 2206 603 2402 662; x_wconf 87' lang='lat' dir='ltr'><strong>teneri</strong></span> <span class='ocrx_word' id='word_1_406' title='bbox 2442 608 2650 662; x_wconf 88' lang='lat' dir='ltr'><strong>autem</strong></span> <span class='ocrx_word' id='word_1_407' title='bbox 2678 602 2876 662; x_wconf 92' lang='lat' dir='ltr'><strong>solum</strong></span> <span class='ocrx_word' id='word_1_408' title='bbox 2916 604 3095 680; x_wconf 85' lang='lat' dir='ltr'><strong>juxta</strong></span> <span class='ocrx_word' id='word_1_409' title='bbox 3144 601 3391 678; x_wconf 78' lang='lat' dir='ltr'><strong>regulas</strong></span> <span class='ocrx_word' id='word_1_410' title='bbox 3430 601 3635 680; x_wconf 83' lang='lat' dir='ltr'><strong>positas</strong></span> <span class='ocrx_word' id='word_1_411' title='bbox 3670 607 3731 668; x_wconf 87' lang='lat' dir='ltr'><strong>de</strong></span> 
     </span>
     <span class='ocr_line' id='line_1_59' title="bbox 2208 697 3731 774; baseline 0.003 -18"><span class='ocrx_word' id='word_1_412' title='bbox 2208 697 2424 756; x_wconf 90' lang='lat' dir='ltr'><strong>ordine</strong></span> <span class='ocrx_word' id='word_1_413' title='bbox 2449 697 2806 770; x_wconf 88' lang='lat' dir='ltr'><strong>charitatis;</strong></span> <span class='ocrx_word' id='word_1_414' title='bbox 2854 699 2919 757; x_wconf 92' lang='lat' dir='ltr'><strong>in</strong></span> <span class='ocrx_word' id='word_1_415' title='bbox 2947 698 3045 757; x_wconf 91' lang='lat' dir='ltr'><strong>his</strong></span> <span class='ocrx_word' id='word_1_416' title='bbox 3074 703 3285 757; x_wconf 88' lang='lat' dir='ltr'><strong>autem</strong></span> <span class='ocrx_word' id='word_1_417' title='bbox 3332 714 3588 774; x_wconf 88' lang='lat' dir='ltr'><strong>quorum</strong></span> <span class='ocrx_word' id='word_1_418' title='bbox 3630 719 3731 762; x_wconf 86' lang='lat' dir='ltr'><strong>non</strong></span> 
     </span>
     <span class='ocr_line' id='line_1_60' title="bbox 2210 788 3731 868; baseline 0.003 -19"><span class='ocrx_word' id='word_1_419' title='bbox 2210 795 2300 849; x_wconf 87' lang='lat' dir='ltr'><strong>est</strong></span> <span class='ocrx_word' id='word_1_420' title='bbox 2322 791 2636 864; x_wconf 80' lang='lat' dir='ltr'><strong>dominus.</strong></span> <span class='ocrx_word' id='word_1_421' title='bbox 2675 791 2779 850; x_wconf 91' lang='lat' dir='ltr'><strong>sed</strong></span> <span class='ocrx_word' id='word_1_422' title='bbox 2805 797 3076 864; x_wconf 88' lang='lat' dir='ltr'><strong>curator,</strong></span> <span class='ocrx_word' id='word_1_423' title='bbox 3126 788 3229 849; x_wconf 84' lang='lat' dir='ltr'><strong>vel</strong></span> <span class='ocrx_word' id='word_1_424' title='bbox 3254 789 3643 868; x_wconf 85' lang='lat' dir='ltr'><strong>dispensator,</strong></span> <span class='ocrx_word' id='word_1_425' title='bbox 3676 801 3731 854; x_wconf 87' lang='lat' dir='ltr'><strong>ut</strong></span> 
     </span>
     <span class='ocr_line' id='line_1_61' title="bbox 2210 882 3731 963; baseline 0.003 -21"><span class='ocrx_word' id='word_1_426' title='bbox 2210 891 2300 944; x_wconf 82' lang='lat' dir='ltr'><strong>est</strong></span> <span class='ocrx_word' id='word_1_427' title='bbox 2325 884 2681 963; x_wconf 86' lang='lat' dir='ltr'><strong>Episcopus,</strong></span> <span class='ocrx_word' id='word_1_428' title='bbox 2707 885 2882 945; x_wconf 84' lang='lat' dir='ltr'><strong>verbi</strong></span> <span class='ocrx_word' id='word_1_429' title='bbox 2921 884 3143 963; x_wconf 83' lang='lat' dir='ltr'><strong>gratia,</strong></span> <span class='ocrx_word' id='word_1_430' title='bbox 3169 884 3235 943; x_wconf 90' lang='lat' dir='ltr'><strong>in</strong></span> <span class='ocrx_word' id='word_1_431' title='bbox 3265 882 3442 943; x_wconf 91' lang='lat' dir='ltr'><strong>bonis</strong></span> <span class='ocrx_word' id='word_1_432' title='bbox 3468 885 3731 961; x_wconf 68' lang='lat' dir='ltr'><strong>Ecclesiae,</strong></span> 
     </span>
     <span class='ocr_line' id='line_1_62' title="bbox 2213 977 3732 1056; baseline 0.003 -18"><span class='ocrx_word' id='word_1_433' title='bbox 2213 978 2629 1038; x_wconf 88' lang='lat' dir='ltr'><strong>communiter</strong></span> <span class='ocrx_word' id='word_1_434' title='bbox 2672 983 2913 1038; x_wconf 86' lang='lat' dir='ltr'><strong>tenetur</strong></span> <span class='ocrx_word' id='word_1_435' title='bbox 2940 977 3077 1056; x_wconf 88' lang='lat' dir='ltr'><strong>quis</strong></span> <span class='ocrx_word' id='word_1_436' title='bbox 3106 995 3232 1037; x_wconf 92' lang='lat' dir='ltr'><strong>non</strong></span> <span class='ocrx_word' id='word_1_437' title='bbox 3280 977 3559 1038; x_wconf 80' lang='lat' dir='ltr'><strong>omittere</strong></span> <span class='ocrx_word' id='word_1_438' title='bbox 3592 997 3732 1042; x_wconf 85' lang='lat' dir='ltr'><strong>snam</strong></span> 
     </span>
     <span class='ocr_line' id='line_1_63' title="bbox 2214 1069 3735 1150; baseline 0.001 -19"><span class='ocrx_word' id='word_1_439' title='bbox 2214 1088 2451 1144; x_wconf 84' lang='lat' dir='ltr'><strong>curam,</strong></span> <span class='ocrx_word' id='word_1_440' title='bbox 2483 1089 2597 1131; x_wconf 83' lang='lat' dir='ltr'><strong>nec</strong></span> <span class='ocrx_word' id='word_1_441' title='bbox 2646 1069 2901 1150; x_wconf 86' lang='lat' dir='ltr'><strong>perdere</strong></span> <span class='ocrx_word' id='word_1_442' title='bbox 2932 1069 3097 1130; x_wconf 87' lang='lat' dir='ltr'><strong>bona</strong></span> <span class='ocrx_word' id='word_1_443' title='bbox 3130 1069 3495 1148; x_wconf 85' lang='lat' dir='ltr'><strong>temporalia</strong></span> <span class='ocrx_word' id='word_1_444' title='bbox 3528 1080 3735 1150; x_wconf 82' lang='lat' dir='ltr'><strong>propter</strong></span> 
     </span>
     <span class='ocr_line' id='line_1_64' title="bbox 2213 1163 3733 1242; baseline 0 -18"><span class='ocrx_word' id='word_1_445' title='bbox 2213 1163 2568 1224; x_wconf 85' lang='lat' dir='ltr'><strong>scandalum</strong></span> <span class='ocrx_word' id='word_1_446' title='bbox 2596 1163 2883 1237; x_wconf 88' lang='lat' dir='ltr'><strong>aliorum,</strong></span> <span class='ocrx_word' id='word_1_447' title='bbox 2910 1163 3214 1242; x_wconf 67' lang='lat' dir='ltr'><strong>praecipue</strong></span> <span class='ocrx_word' id='word_1_448' title='bbox 3235 1165 3287 1223; x_wconf 87' lang='lat' dir='ltr'><strong>si</strong></span> <span class='ocrx_word' id='word_1_449' title='bbox 3308 1163 3594 1222; x_wconf 87' lang='lat' dir='ltr'><strong>damnum</strong></span> <span class='ocrx_word' id='word_1_450' title='bbox 3610 1171 3733 1224; x_wconf 89' lang='lat' dir='ltr'><strong>tem-</strong></span> 
     </span>
     <span class='ocr_line' id='line_1_65' title="bbox 2220 1255 3735 1336; baseline 0.002 -19"><span class='ocrx_word' id='word_1_451' title='bbox 2220 1258 2423 1336; x_wconf 82' lang='lat' dir='ltr'><strong>porale</strong></span> <span class='ocrx_word' id='word_1_452' title='bbox 2442 1257 2520 1319; x_wconf 88' lang='lat' dir='ltr'><strong>sit</strong></span> <span class='ocrx_word' id='word_1_453' title='bbox 2548 1277 2757 1335; x_wconf 84' lang='lat' dir='ltr'><strong>grave.</strong></span> <span class='ocrx_word' id='word_1_454' title='bbox 2807 1257 3123 1318; x_wconf 88' lang='lat' dir='ltr'><strong>Interdum</strong></span> <span class='ocrx_word' id='word_1_455' title='bbox 3154 1263 3367 1316; x_wconf 87' lang='lat' dir='ltr'><strong>tamen</strong></span> <span class='ocrx_word' id='word_1_456' title='bbox 3390 1255 3563 1332; x_wconf 82' lang='lat' dir='ltr'><strong>licet3</strong></span> <span class='ocrx_word' id='word_1_457' title='bbox 3600 1260 3735 1320; x_wconf 84' lang='lat' dir='ltr'><strong>unde</strong></span> 
     </span>
     <span class='ocr_line' id='line_1_66' title="bbox 2216 1349 3735 1431; baseline 0 -19"><span class='ocrx_word' id='word_1_458' title='bbox 2216 1351 2289 1412; x_wconf 85' lang='lat' dir='ltr'><strong>fit</strong></span> <span class='ocrx_word' id='word_1_459' title='bbox 2316 1352 2595 1412; x_wconf 86' lang='lat' dir='ltr'><strong>excusari</strong></span> <span class='ocrx_word' id='word_1_460' title='bbox 2628 1357 2982 1431; x_wconf 80' lang='lat' dir='ltr'><strong>apraecepto</strong></span> <span class='ocrx_word' id='word_1_461' title='bbox 3012 1349 3371 1412; x_wconf 80' lang='lat' dir='ltr'><strong>Pontificem</strong></span> <span class='ocrx_word' id='word_1_462' title='bbox 3396 1349 3499 1428; x_wconf 90' lang='lat' dir='ltr'><strong>qui</strong></span> <span class='ocrx_word' id='word_1_463' title='bbox 3528 1350 3735 1412; x_wconf 84' lang='lat' dir='ltr'><strong>simulat</strong></span> 
     </span>
     <span class='ocr_line' id='line_1_67' title="bbox 2218 1444 3735 1524; baseline 0 -18"><span class='ocrx_word' id='word_1_464' title='bbox 2218 1447 2318 1506; x_wconf 85' lang='lat' dir='ltr'><strong>vel</strong></span> <span class='ocrx_word' id='word_1_465' title='bbox 2349 1447 2655 1522; x_wconf 83' lang='lat' dir='ltr'><strong>connivet,</strong></span> <span class='ocrx_word' id='word_1_466' title='bbox 2681 1445 2929 1524; x_wconf 88' lang='lat' dir='ltr'><strong>quando</strong></span> <span class='ocrx_word' id='word_1_467' title='bbox 2954 1445 3236 1524; x_wconf 85' lang='lat' dir='ltr'><strong>princeps</strong></span> <span class='ocrx_word' id='word_1_468' title='bbox 3262 1444 3563 1504; x_wconf 75' lang='lat' dir='ltr'><strong>saecularis</strong></span> <span class='ocrx_word' id='word_1_469' title='bbox 3596 1465 3735 1506; x_wconf 85' lang='lat' dir='ltr'><strong>usur-</strong></span> 
     </span>
     <span class='ocr_line' id='line_1_68' title="bbox 2219 1525 3736 1619; baseline 0.001 -20"><span class='ocrx_word' id='word_1_470' title='bbox 2219 1545 2326 1619; x_wconf 84' lang='lat' dir='ltr'><strong>pat</strong></span> <span class='ocrx_word' id='word_1_471' title='bbox 2350 1538 2514 1599; x_wconf 90' lang='lat' dir='ltr'><strong>bona</strong></span> <span class='ocrx_word' id='word_1_472' title='bbox 2538 1525 2897 1617; x_wconf 87' lang='lat' dir='ltr'><strong>temporalia</strong></span> <span class='ocrx_word' id='word_1_473' title='bbox 2924 1539 3224 1606; x_wconf 81' lang='lat' dir='ltr'><strong>Ecclesiae,</strong></span> <span class='ocrx_word' id='word_1_474' title='bbox 3254 1539 3305 1596; x_wconf 89' lang='lat' dir='ltr'><strong>si</strong></span> <span class='ocrx_word' id='word_1_475' title='bbox 3330 1536 3555 1614; x_wconf 80' lang='lat' dir='ltr'><strong>absque</strong></span> <span class='ocrx_word' id='word_1_476' title='bbox 3582 1540 3736 1618; x_wconf 84' lang='lat' dir='ltr'><strong>majo-</strong></span> 
     </span>
     <span class='ocr_line' id='line_1_69' title="bbox 2218 1629 3731 1709; baseline 0.001 -17"><span class='ocrx_word' id='word_1_477' title='bbox 2218 1632 2273 1692; x_wconf 89' lang='lat' dir='ltr'><strong>ri</strong></span> <span class='ocrx_word' id='word_1_478' title='bbox 2299 1630 2585 1692; x_wconf 89' lang='lat' dir='ltr'><strong>scandalo</strong></span> <span class='ocrx_word' id='word_1_479' title='bbox 2619 1631 2716 1691; x_wconf 86' lang='lat' dir='ltr'><strong>vel</strong></span> <span class='ocrx_word' id='word_1_480' title='bbox 2750 1632 2981 1692; x_wconf 90' lang='lat' dir='ltr'><strong>damno</strong></span> <span class='ocrx_word' id='word_1_481' title='bbox 3008 1649 3133 1692; x_wconf 91' lang='lat' dir='ltr'><strong>non</strong></span> <span class='ocrx_word' id='word_1_482' title='bbox 3153 1635 3354 1709; x_wconf 86' lang='lat' dir='ltr'><strong>potest</strong></span> <span class='ocrx_word' id='word_1_483' title='bbox 3374 1629 3436 1689; x_wconf 89' lang='lat' dir='ltr'><strong>id</strong></span> <span class='ocrx_word' id='word_1_484' title='bbox 3466 1629 3731 1704; x_wconf 80' lang='lat' dir='ltr'><strong>impedire.</strong></span> 
     </span>
     <span class='ocr_line' id='line_1_70' title="bbox 2220 1722 3735 1804; baseline 0.002 -22"><span class='ocrx_word' id='word_1_485' title='bbox 2220 1725 2484 1797; x_wconf 83' lang='lat' dir='ltr'><strong>Quartus</strong></span> <span class='ocrx_word' id='word_1_486' title='bbox 2512 1731 2625 1798; x_wconf 88' lang='lat' dir='ltr'><strong>est,</strong></span> <span class='ocrx_word' id='word_1_487' title='bbox 2664 1742 2745 1784; x_wconf 90' lang='lat' dir='ltr'><strong>an</strong></span> <span class='ocrx_word' id='word_1_488' title='bbox 2785 1724 3099 1804; x_wconf 86' lang='lat' dir='ltr'><strong>interdum</strong></span> <span class='ocrx_word' id='word_1_489' title='bbox 3148 1723 3373 1783; x_wconf 87' lang='lat' dir='ltr'><strong>debeat</strong></span> <span class='ocrx_word' id='word_1_490' title='bbox 3422 1722 3555 1800; x_wconf 84' lang='lat' dir='ltr'><strong>quis</strong></span> <span class='ocrx_word' id='word_1_491' title='bbox 3580 1725 3735 1800; x_wconf 84' lang='lat' dir='ltr'><strong>potius</strong></span> 
     </span>
     <span class='ocr_line' id='line_1_71' title="bbox 2217 1815 3732 1896; baseline -0.001 -19"><span class='ocrx_word' id='word_1_492' title='bbox 2217 1817 2382 1877; x_wconf 86' lang='lat' dir='ltr'><strong>fame</strong></span> <span class='ocrx_word' id='word_1_493' title='bbox 2402 1817 2625 1896; x_wconf 89' lang='lat' dir='ltr'><strong>perire,</strong></span> <span class='ocrx_word' id='word_1_494' title='bbox 2671 1835 2859 1896; x_wconf 87' lang='lat' dir='ltr'><strong>quam</strong></span> <span class='ocrx_word' id='word_1_495' title='bbox 2891 1818 2983 1876; x_wconf 90' lang='lat' dir='ltr'><strong>nti</strong></span> <span class='ocrx_word' id='word_1_496' title='bbox 3030 1816 3167 1876; x_wconf 88' lang='lat' dir='ltr'><strong>cibo</strong></span> <span class='ocrx_word' id='word_1_497' title='bbox 3212 1816 3356 1875; x_wconf 85' lang='lat' dir='ltr'><strong>aliis</strong></span> <span class='ocrx_word' id='word_1_498' title='bbox 3390 1815 3732 1894; x_wconf 82' lang='lat' dir='ltr'><strong>scandaloso3</strong></span> 
     </span>
     <span class='ocr_line' id='line_1_72' title="bbox 2220 1908 3737 1988; baseline -0.001 -16"><span class='ocrx_word' id='word_1_499' title='bbox 2220 1912 2357 1972; x_wconf 89' lang='lat' dir='ltr'><strong>dico</strong></span> <span class='ocrx_word' id='word_1_500' title='bbox 2395 1912 2561 1971; x_wconf 87' lang='lat' dir='ltr'><strong>enim</strong></span> <span class='ocrx_word' id='word_1_501' title='bbox 2597 1909 2909 1970; x_wconf 87' lang='lat' dir='ltr'><strong>interdum</strong></span> <span class='ocrx_word' id='word_1_502' title='bbox 2936 1927 3113 1988; x_wconf 88' lang='lat' dir='ltr'><strong>posse</strong></span> <span class='ocrx_word' id='word_1_503' title='bbox 3138 1909 3254 1968; x_wconf 84' lang='lat' dir='ltr'><strong>hoe</strong></span> <span class='ocrx_word' id='word_1_504' title='bbox 3288 1908 3494 1982; x_wconf 88' lang='lat' dir='ltr'><strong>licere,</strong></span> <span class='ocrx_word' id='word_1_505' title='bbox 3518 1909 3664 1986; x_wconf 86' lang='lat' dir='ltr'><strong>quia,</strong></span> <span class='ocrx_word' id='word_1_506' title='bbox 3686 1917 3737 1970; x_wconf 86' lang='lat' dir='ltr'><strong>ut</strong></span> 
     </span>
     <span class='ocr_line' id='line_1_73' title="bbox 2221 2001 3731 2084; baseline -0.001 -19"><span class='ocrx_word' id='word_1_507' title='bbox 2221 2022 2406 2084; x_wconf 84' lang='lat' dir='ltr'><strong>supra</strong></span> <span class='ocrx_word' id='word_1_508' title='bbox 2428 2003 2581 2078; x_wconf 75' lang='lat' dir='ltr'><strong>dixi,</strong></span> <span class='ocrx_word' id='word_1_509' title='bbox 2611 2021 2738 2063; x_wconf 89' lang='lat' dir='ltr'><strong>non</strong></span> <span class='ocrx_word' id='word_1_510' title='bbox 2764 2009 2855 2063; x_wconf 90' lang='lat' dir='ltr'><strong>est</strong></span> <span class='ocrx_word' id='word_1_511' title='bbox 2880 2002 2995 2063; x_wconf 88' lang='lat' dir='ltr'><strong>hoc</strong></span> <span class='ocrx_word' id='word_1_512' title='bbox 3018 2022 3082 2064; x_wconf 90' lang='lat' dir='ltr'><strong>se</strong></span> <span class='ocrx_word' id='word_1_513' title='bbox 3112 2001 3419 2072; x_wconf 88' lang='lat' dir='ltr'><strong>occidere,</strong></span> <span class='ocrx_word' id='word_1_514' title='bbox 3449 2002 3546 2062; x_wconf 89' lang='lat' dir='ltr'><strong>sed</strong></span> <span class='ocrx_word' id='word_1_515' title='bbox 3574 2003 3731 2064; x_wconf 84' lang='lat' dir='ltr'><strong>solnm</strong></span> 
     </span>
     <span class='ocr_line' id='line_1_74' title="bbox 2220 2101 3731 2174; baseline -0.001 -16"><span class='ocrx_word' id='word_1_516' title='bbox 2220 2117 2347 2158; x_wconf 89' lang='lat' dir='ltr'><strong>non</strong></span> <span class='ocrx_word' id='word_1_517' title='bbox 2368 2115 2432 2156; x_wconf 90' lang='lat' dir='ltr'><strong>se</strong></span> <span class='ocrx_word' id='word_1_518' title='bbox 2455 2112 2851 2172; x_wconf 81' lang='lat' dir='ltr'><strong>conservare3</strong></span> <span class='ocrx_word' id='word_1_519' title='bbox 2882 2113 3021 2156; x_wconf 88' lang='lat' dir='ltr'><strong>raro</strong></span> <span class='ocrx_word' id='word_1_520' title='bbox 3052 2101 3264 2156; x_wconf 86' lang='lat' dir='ltr'><strong>tamen</strong></span> <span class='ocrx_word' id='word_1_521' title='bbox 3315 2101 3425 2153; x_wconf 86' lang='lat' dir='ltr'><strong>aut</strong></span> <span class='ocrx_word' id='word_1_522' title='bbox 3462 2111 3731 2174; x_wconf 86' lang='lat' dir='ltr'><strong>nunquam</strong></span> 
     </span>
     <span class='ocr_line' id='line_1_75' title="bbox 2220 2187 3735 2266; baseline -0.002 -14"><span class='ocrx_word' id='word_1_523' title='bbox 2220 2191 2384 2252; x_wconf 83' lang='lat' dir='ltr'><strong>cadit</strong></span> <span class='ocrx_word' id='word_1_524' title='bbox 2405 2191 2473 2249; x_wconf 91' lang='lat' dir='ltr'><strong>in</strong></span> <span class='ocrx_word' id='word_1_525' title='bbox 2502 2187 2967 2266; x_wconf 79' lang='lat' dir='ltr'><strong>obligationem,</strong></span> <span class='ocrx_word' id='word_1_526' title='bbox 3015 2188 3135 2248; x_wconf 89' lang='lat' dir='ltr'><strong>nisi</strong></span> <span class='ocrx_word' id='word_1_527' title='bbox 3173 2187 3545 2248; x_wconf 85' lang='lat' dir='ltr'><strong>interveniat</strong></span> <span class='ocrx_word' id='word_1_528' title='bbox 3567 2207 3735 2249; x_wconf 82' lang='lat' dir='ltr'><strong>neces-</strong></span> 
     </span>
     <span class='ocr_line' id='line_1_76' title="bbox 2220 2276 3735 2356; baseline -0.004 -11"><span class='ocrx_word' id='word_1_529' title='bbox 2220 2287 2363 2345; x_wconf 78' lang='lat' dir='ltr'><strong>sitas</strong></span> <span class='ocrx_word' id='word_1_530' title='bbox 2391 2283 2643 2344; x_wconf 85' lang='lat' dir='ltr'><strong>honoris</strong></span> <span class='ocrx_word' id='word_1_531' title='bbox 2672 2281 2837 2356; x_wconf 88' lang='lat' dir='ltr'><strong>fidei,</strong></span> <span class='ocrx_word' id='word_1_532' title='bbox 2878 2289 2940 2341; x_wconf 79' lang='lat' dir='ltr'><strong>et</strong></span> <span class='ocrx_word' id='word_1_533' title='bbox 2962 2281 3295 2342; x_wconf 86' lang='lat' dir='ltr'><strong>confitendi</strong></span> <span class='ocrx_word' id='word_1_534' title='bbox 3328 2276 3521 2356; x_wconf 81' lang='lat' dir='ltr'><strong>illam,</strong></span> <span class='ocrx_word' id='word_1_535' title='bbox 3546 2281 3632 2340; x_wconf 81' lang='lat' dir='ltr'><strong>vel</strong></span> <span class='ocrx_word' id='word_1_536' title='bbox 3650 2282 3735 2340; x_wconf 83' lang='lat' dir='ltr'><strong>ali-</strong></span> 
     </span>
     <span class='ocr_line' id='line_1_77' title="bbox 2222 2375 3730 2456; baseline -0.003 -19"><span class='ocrx_word' id='word_1_537' title='bbox 2222 2394 2346 2456; x_wconf 89' lang='lat' dir='ltr'><strong>qua</strong></span> <span class='ocrx_word' id='word_1_538' title='bbox 2380 2375 2708 2436; x_wconf 86' lang='lat' dir='ltr'><strong>necessitas</strong></span> <span class='ocrx_word' id='word_1_539' title='bbox 2756 2375 3045 2454; x_wconf 86' lang='lat' dir='ltr'><strong>proximi,</strong></span> <span class='ocrx_word' id='word_1_540' title='bbox 3078 2383 3334 2454; x_wconf 82' lang='lat' dir='ltr'><strong>propter</strong></span> <span class='ocrx_word' id='word_1_541' title='bbox 3362 2391 3541 2454; x_wconf 80' lang='lat' dir='ltr'><strong>quam</strong></span> <span class='ocrx_word' id='word_1_542' title='bbox 3579 2393 3643 2434; x_wconf 86' lang='lat' dir='ltr'><strong>ex</strong></span> <span class='ocrx_word' id='word_1_543' title='bbox 3662 2391 3730 2434; x_wconf 89' lang='lat' dir='ltr'><strong>re-</strong></span> 
     </span>
     <span class='ocr_line' id='line_1_78' title="bbox 2228 2468 3733 2548; baseline -0.003 -18"><span class='ocrx_word' id='word_1_544' title='bbox 2228 2470 2390 2548; x_wconf 85' lang='lat' dir='ltr'><strong>gulis</strong></span> <span class='ocrx_word' id='word_1_545' title='bbox 2415 2469 2729 2530; x_wconf 85' lang='lat' dir='ltr'><strong>charitatis</strong></span> <span class='ocrx_word' id='word_1_546' title='bbox 2758 2469 2836 2528; x_wconf 84' lang='lat' dir='ltr'><strong>sit</strong></span> <span class='ocrx_word' id='word_1_547' title='bbox 2868 2469 2997 2528; x_wconf 80' lang='lat' dir='ltr'><strong>vita</strong></span> <span class='ocrx_word' id='word_1_548' title='bbox 3036 2470 3408 2547; x_wconf 87' lang='lat' dir='ltr'><strong>exponenda</strong></span> <span class='ocrx_word' id='word_1_549' title='bbox 3434 2468 3633 2526; x_wconf 87' lang='lat' dir='ltr'><strong>ultimo</strong></span> <span class='ocrx_word' id='word_1_550' title='bbox 3656 2486 3733 2545; x_wconf 81' lang='lat' dir='ltr'><strong>pe-</strong></span> 
     </span>
     <span class='ocr_line' id='line_1_79' title="bbox 2231 2559 3733 2640; baseline -0.002 -17"><span class='ocrx_word' id='word_1_551' title='bbox 2231 2563 2449 2637; x_wconf 89' lang='lat' dir='ltr'><strong>riculo,</strong></span> <span class='ocrx_word' id='word_1_552' title='bbox 2478 2570 2549 2621; x_wconf 88' lang='lat' dir='ltr'><strong>ut</strong></span> <span class='ocrx_word' id='word_1_553' title='bbox 2579 2561 2782 2640; x_wconf 82' lang='lat' dir='ltr'><strong>palam</strong></span> <span class='ocrx_word' id='word_1_554' title='bbox 2822 2568 3089 2621; x_wconf 75' lang='lat' dir='ltr'><strong>sumitur</strong></span> <span class='ocrx_word' id='word_1_555' title='bbox 3108 2579 3185 2622; x_wconf 81' lang='lat' dir='ltr'><strong>ex</strong></span> <span class='ocrx_word' id='word_1_556' title='bbox 3214 2565 3245 2623; x_wconf 84' lang='lat'><strong>1</strong></span> <span class='ocrx_word' id='word_1_557' title='bbox 3286 2562 3423 2622; x_wconf 89' lang='lat' dir='ltr'><strong>Cor.</strong></span> <span class='ocrx_word' id='word_1_558' title='bbox 3454 2563 3515 2636; x_wconf 90' lang='grc'><strong>8,</strong></span> <span class='ocrx_word' id='word_1_559' title='bbox 3543 2561 3599 2620; x_wconf 86' lang='lat' dir='ltr'><strong>in</strong></span> <span class='ocrx_word' id='word_1_560' title='bbox 3623 2559 3733 2620; x_wconf 83' lang='lat' dir='ltr'><strong>fine.</strong></span> 
     </span>
     <span class='ocr_line' id='line_1_80' title="bbox 2235 2655 3733 2732; baseline -0.003 -15"><span class='ocrx_word' id='word_1_561' title='bbox 2235 2657 2386 2717; x_wconf 87' lang='lat' dir='ltr'><strong>Vide</strong></span> <span class='ocrx_word' id='word_1_562' title='bbox 2444 2656 2796 2728; x_wconf 85' lang='lat' dir='ltr'><strong>Victoriam,</strong></span> <span class='ocrx_word' id='word_1_563' title='bbox 2855 2655 3189 2716; x_wconf 86' lang='lat' dir='ltr'><strong>relectione</strong></span> <span class='ocrx_word' id='word_1_564' title='bbox 3222 2656 3304 2716; x_wconf 89' lang='lat' dir='ltr'><strong>de</strong></span> <span class='ocrx_word' id='word_1_565' title='bbox 3361 2655 3733 2732; x_wconf 83' lang='lat' dir='ltr'><strong>temperantia,</strong></span> 
     </span>
     <span class='ocr_line' id='line_1_81' title="bbox 2232 2747 3735 2828; baseline -0.004 -16"><span class='ocrx_word' id='word_1_566' title='bbox 2232 2769 2297 2812; x_wconf 91' lang='lat' dir='ltr'><strong>n.</strong></span> <span class='ocrx_word' id='word_1_567' title='bbox 2320 2752 2399 2812; x_wconf 90' lang='grc'><strong>10</strong></span> <span class='ocrx_word' id='word_1_568' title='bbox 2412 2766 2432 2828; x_wconf 86' lang='grc'>;</span> <span class='ocrx_word' id='word_1_569' title='bbox 2452 2751 2735 2824; x_wconf 90' lang='lat' dir='ltr'><strong>Gerson.,</strong></span> <span class='ocrx_word' id='word_1_570' title='bbox 2757 2749 2825 2808; x_wconf 92' lang='lat' dir='ltr'><strong>in</strong></span> <span class='ocrx_word' id='word_1_571' title='bbox 2844 2755 3022 2810; x_wconf 89' lang='lat' dir='ltr'><strong>tract.</strong></span> <span class='ocrx_word' id='word_1_572' title='bbox 3047 2749 3123 2809; x_wconf 90' lang='lat' dir='ltr'><strong>de</strong></span> <span class='ocrx_word' id='word_1_573' title='bbox 3150 2751 3571 2828; x_wconf 87' lang='lat' dir='ltr'><strong>Temperant.;</strong></span> <span class='ocrx_word' id='word_1_574' title='bbox 3595 2747 3735 2823; x_wconf 81' lang='lat' dir='ltr'><strong>Majo-</strong></span> 
     </span>
     <span class='ocr_line' id='line_1_82' title="bbox 2234 2841 3733 2920; baseline -0.004 -16"><span class='ocrx_word' id='word_1_575' title='bbox 2234 2862 2391 2917; x_wconf 92' lang='lat' dir='ltr'><strong>rem,</strong></span> <span class='ocrx_word' id='word_1_576' title='bbox 2420 2843 2489 2904; x_wconf 89' lang='lat' dir='ltr'><strong>iu</strong></span> <span class='ocrx_word' id='word_1_577' title='bbox 2516 2845 2579 2919; x_wconf 73' lang='lat'><strong>4,</strong></span> <span class='ocrx_word' id='word_1_578' title='bbox 2602 2842 2744 2902; x_wconf 86' lang='lat' dir='ltr'><strong>dist.</strong></span> <span class='ocrx_word' id='word_1_579' title='bbox 2803 2843 2881 2904; x_wconf 89' lang='lat'><strong>38</strong></span> <span class='ocrx_word' id='word_1_580' title='bbox 2900 2862 2917 2917; x_wconf 81' lang='lat'>3</span> <span class='ocrx_word' id='word_1_581' title='bbox 2948 2843 3267 2916; x_wconf 87' lang='lat' dir='ltr'><strong>Richard.,</strong></span> <span class='ocrx_word' id='word_1_582' title='bbox 3304 2859 3369 2920; x_wconf 86' lang='lat' dir='ltr'><strong>q.</strong></span> <span class='ocrx_word' id='word_1_583' title='bbox 3402 2844 3473 2917; x_wconf 74' lang='lat'><strong>43</strong></span> <span class='ocrx_word' id='word_1_584' title='bbox 3505 2841 3733 2912; x_wconf 68' lang='lat' dir='ltr'><strong>Adrian„</strong></span> 
     </span>
     <span class='ocr_line' id='line_1_83' title="bbox 2236 2933 3735 3015; baseline -0.004 -18"><span class='ocrx_word' id='word_1_585' title='bbox 2236 2937 2453 3010; x_wconf 88' lang='lat' dir='ltr'><strong>Quodl.</strong></span> <span class='ocrx_word' id='word_1_586' title='bbox 2478 2940 2538 3011; x_wconf 92' lang='grc'><strong>1,</strong></span> <span class='ocrx_word' id='word_1_587' title='bbox 2562 2954 2623 3014; x_wconf 87' lang='lat' dir='ltr'><strong>q.</strong></span> <span class='ocrx_word' id='word_1_588' title='bbox 2656 2937 2720 3011; x_wconf 77' lang='lat'><strong>2,</strong></span> <span class='ocrx_word' id='word_1_589' title='bbox 2751 2937 2859 3015; x_wconf 84' lang='lat' dir='ltr'><strong>qui</strong></span> <span class='ocrx_word' id='word_1_590' title='bbox 2888 2936 2977 2996; x_wconf 86' lang='lat' dir='ltr'><strong>ita</strong></span> <span class='ocrx_word' id='word_1_591' title='bbox 3000 2937 3279 2996; x_wconf 89' lang='lat' dir='ltr'><strong>sentiunt</strong></span> <span class='ocrx_word' id='word_1_592' title='bbox 3294 2951 3314 3011; x_wconf 83' lang='lat'><em>3</em></span> <span class='ocrx_word' id='word_1_593' title='bbox 3338 2936 3537 3013; x_wconf 85' lang='lat' dir='ltr'><strong>sicque</strong></span> <span class='ocrx_word' id='word_1_594' title='bbox 3558 2933 3735 2994; x_wconf 84' lang='lat' dir='ltr'><strong>intelli-</strong></span> 
     </span>
     <span class='ocr_line' id='line_1_84' title="bbox 2235 3029 3554 3110; baseline -0.002 -19"><span class='ocrx_word' id='word_1_595' title='bbox 2235 3030 2473 3110; x_wconf 84' lang='lat' dir='ltr'><strong>gendus</strong></span> <span class='ocrx_word' id='word_1_596' title='bbox 2492 3043 2581 3091; x_wconf 83' lang='lat' dir='ltr'><strong>est</strong></span> <span class='ocrx_word' id='word_1_597' title='bbox 2600 3031 2670 3090; x_wconf 92' lang='lat' dir='ltr'><strong>D.</strong></span> <span class='ocrx_word' id='word_1_598' title='bbox 2692 3029 2984 3105; x_wconf 89' lang='lat' dir='ltr'><strong>Thomas,</strong></span> <span class='ocrx_word' id='word_1_599' title='bbox 3017 3029 3123 3090; x_wconf 91' lang='lat' dir='ltr'><strong>illo</strong></span> <span class='ocrx_word' id='word_1_600' title='bbox 3162 3035 3282 3090; x_wconf 87' lang='lat' dir='ltr'><strong>art.</strong></span> <span class='ocrx_word' id='word_1_601' title='bbox 3308 3029 3370 3105; x_wconf 86' lang='lat'><strong>8,</strong></span> <span class='ocrx_word' id='word_1_602' title='bbox 3396 3029 3473 3090; x_wconf 84' lang='lat' dir='ltr'><strong>ad</strong></span> <span class='ocrx_word' id='word_1_603' title='bbox 3498 3031 3554 3089; x_wconf 75' lang='lat'><strong>4.</strong></span> 
     </span>
    </p>
   </div>
   <div class='ocr_carea' id='block_1_11' title="bbox 2852 3231 3184 3285">
    <p class='ocr_par' dir='ltr' id='par_1_12' title="bbox 2852 3231 3184 3285">
     <span class='ocr_line' id='line_1_85' title="bbox 2852 3231 3184 3285; baseline -0.003 -1"><span class='ocrx_word' id='word_1_604' title='bbox 2852 3231 3067 3284; x_wconf 82' lang='lat' dir='ltr'><strong>SECTIO</strong></span> <span class='ocrx_word' id='word_1_605' title='bbox 3102 3233 3184 3285; x_wconf 77' lang='lat' dir='ltr'><strong>IV.</strong></span> 
     </span>
    </p>
   </div>
   <div class='ocr_carea' id='block_1_12' title="bbox 2248 3401 3836 3484">
    <p class='ocr_par' dir='ltr' id='par_1_13' title="bbox 2248 3401 3836 3484">
     <span class='ocr_line' id='line_1_86' title="bbox 2248 3401 3836 3484; baseline -0.004 -17"><span class='ocrx_word' id='word_1_606' title='bbox 2248 3404 2493 3480; x_wconf 75' lang='lat' dir='ltr'><strong>Quando</strong></span> <span class='ocrx_word' id='word_1_607' title='bbox 2526 3405 2613 3467; x_wconf 79' lang='lat' dir='ltr'><strong>sit</strong></span> <span class='ocrx_word' id='word_1_608' title='bbox 2632 3411 2951 3484; x_wconf 76' lang='lat' dir='ltr'><strong>peccatum</strong></span> <span class='ocrx_word' id='word_1_609' title='bbox 2980 3405 3255 3468; x_wconf 74' lang='lat' dir='ltr'><strong>scandali</strong></span> <span class='ocrx_word' id='word_1_610' title='bbox 3283 3406 3521 3468; x_wconf 71' lang='lat' dir='ltr'><strong>vendero</strong></span> <span class='ocrx_word' id='word_1_611' title='bbox 3540 3401 3739 3463; x_wconf 67' lang='lat' dir='ltr'><strong>valdan</strong></span> <span class='ocrx_word' id='word_1_612' title='bbox 3834 3419 3836 3422; x_wconf 49' lang='lat'><strong><em>⁴</em></strong></span> 
     </span>
    </p>
   </div>
   <div class='ocr_carea' id='block_1_13' title="bbox 2481 3499 3651 3580">
    <p class='ocr_par' dir='ltr' id='par_1_14' title="bbox 2481 3499 3651 3580">
     <span class='ocr_line' id='line_1_87' title="bbox 2481 3499 3651 3580; baseline -0.002 -18"><span class='ocrx_word' id='word_1_613' title='bbox 2481 3499 2663 3563; x_wconf 80' lang='lat' dir='ltr'><strong>alteri</strong></span> <span class='ocrx_word' id='word_1_614' title='bbox 2687 3517 2813 3561; x_wconf 85' lang='lat' dir='ltr'><strong>rem</strong></span> <span class='ocrx_word' id='word_1_615' title='bbox 2844 3517 2964 3580; x_wconf 77' lang='lat' dir='ltr'><strong>qua</strong></span> <span class='ocrx_word' id='word_1_616' title='bbox 2990 3499 3147 3560; x_wconf 77' lang='lat' dir='ltr'><strong>male</strong></span> <span class='ocrx_word' id='word_1_617' title='bbox 3184 3504 3272 3561; x_wconf 74' lang='lat' dir='ltr'><strong>est</strong></span> <span class='ocrx_word' id='word_1_618' title='bbox 3308 3515 3545 3562; x_wconf 72' lang='lat' dir='ltr'><strong>usurus.</strong></span> <span class='ocrx_word' id='word_1_619' title='bbox 3639 3549 3651 3560; x_wconf 84' lang='lat'><strong>.</strong></span> 
     </span>
    </p>
   </div>
   <div class='ocr_carea' id='block_1_14' title="bbox 2237 3681 3836 5626">
    <p class='ocr_par' dir='ltr' id='par_1_15' title="bbox 2237 3681 3836 5626">
     <span class='ocr_line' id='line_1_88' title="bbox 2321 3681 3739 3748; baseline -0.004 -3"><span class='ocrx_word' id='word_1_620' title='bbox 2321 3689 2378 3745; x_wconf 87' lang='grc'><strong>1.</strong></span> <span class='ocrx_word' id='word_1_621' title='bbox 2427 3682 2645 3747; x_wconf 80' lang='lat' dir='ltr'><strong>Prima</strong></span> <span class='ocrx_word' id='word_1_622' title='bbox 2699 3686 2999 3748; x_wconf 73' lang='lat' dir='ltr'><strong>sententia</strong></span> <span class='ocrx_word' id='word_1_623' title='bbox 3059 3685 3363 3748; x_wconf 74' lang='lat' dir='ltr'><strong>Antonini</strong></span> <span class='ocrx_word' id='word_1_624' title='bbox 3428 3690 3481 3747; x_wconf 79' lang='lat' dir='ltr'><strong>et</strong></span> <span class='ocrx_word' id='word_1_625' title='bbox 3536 3681 3739 3744; x_wconf 68' lang='lat' dir='ltr'><strong>Mediae</strong></span> 
     </span>
     <span class='ocr_line' id='line_1_89' title="bbox 2238 3775 3739 3856; baseline -0.005 -14"><span class='ocrx_word' id='word_1_626' title='bbox 2238 3779 2416 3842; x_wconf 79' lang='lat' dir='ltr'><strong>dura.</strong></span> <span class='ocrx_word' id='word_1_627' title='bbox 2440 3811 2521 3822; x_wconf 90' lang='lat'><strong>—-</strong></span> <span class='ocrx_word' id='word_1_628' title='bbox 2542 3778 2824 3841; x_wconf 77' lang='lat' dir='ltr'><strong>Secunda</strong></span> <span class='ocrx_word' id='word_1_629' title='bbox 2858 3779 3156 3842; x_wconf 78' lang='lat' dir='ltr'><strong>sententia</strong></span> <span class='ocrx_word' id='word_1_630' title='bbox 3184 3777 3462 3856; x_wconf 77' lang='lat' dir='ltr'><strong>Cojetani</strong></span> <span class='ocrx_word' id='word_1_631' title='bbox 3494 3775 3739 3838; x_wconf 60' lang='lat' dir='ltr'><strong>subobscw</strong></span> 
     </span>
     <span class='ocr_line' id='line_1_90' title="bbox 2237 3869 3741 3954; baseline -0.006 -20"><span class='ocrx_word' id='word_1_632' title='bbox 2237 3891 2312 3934; x_wconf 82' lang='lat' dir='ltr'><strong>ra</strong></span> <span class='ocrx_word' id='word_1_633' title='bbox 2338 3871 2683 3954; x_wconf 68' lang='lat' dir='ltr'><strong>d&#39;stinyuit.</strong></span> <span class='ocrx_word' id='word_1_634' title='bbox 2704 3874 2996 3933; x_wconf 87' lang='lat' dir='ltr'><strong>-Prima</strong></span> <span class='ocrx_word' id='word_1_635' title='bbox 3024 3872 3331 3932; x_wconf 84' lang='lat' dir='ltr'><strong>sententia</strong></span> <span class='ocrx_word' id='word_1_636' title='bbox 3364 3870 3527 3944; x_wconf 85' lang='lat' dir='ltr'><strong>dicit,</strong></span> <span class='ocrx_word' id='word_1_637' title='bbox 3554 3869 3597 3926; x_wconf 88' lang='lat' dir='ltr'><strong>si</strong></span> <span class='ocrx_word' id='word_1_638' title='bbox 3626 3883 3741 3946; x_wconf 79' lang='lat' dir='ltr'><strong>prae-</strong></span> 
     </span>
     <span class='ocr_line' id='line_1_91' title="bbox 2243 3965 3742 4042; baseline -0.006 -16"><span class='ocrx_word' id='word_1_639' title='bbox 2243 3967 2475 4026; x_wconf 89' lang='lat' dir='ltr'><strong>sciatur</strong></span> <span class='ocrx_word' id='word_1_640' title='bbox 2513 3965 2712 4025; x_wconf 86' lang='lat' dir='ltr'><strong>malus</strong></span> <span class='ocrx_word' id='word_1_641' title='bbox 2746 3984 2894 4026; x_wconf 86' lang='lat' dir='ltr'><strong>usus</strong></span> <span class='ocrx_word' id='word_1_642' title='bbox 2944 3965 3219 4038; x_wconf 72' lang='lat' dir='ltr'><strong>alteriuS,</strong></span> <span class='ocrx_word' id='word_1_643' title='bbox 3250 3981 3491 4042; x_wconf 84' lang='lat' dir='ltr'><strong>semper</strong></span> <span class='ocrx_word' id='word_1_644' title='bbox 3513 3979 3622 4022; x_wconf 83' lang='lat' dir='ltr'><strong>esse</strong></span> <span class='ocrx_word' id='word_1_645' title='bbox 3648 3978 3742 4019; x_wconf 81' lang='lat' dir='ltr'><strong>ma-</strong></span> 
     </span>
     <span class='ocr_line' id='line_1_92' title="bbox 2243 4056 3737 4139; baseline -0.003 -20"><span class='ocrx_word' id='word_1_646' title='bbox 2243 4059 2401 4133; x_wconf 90' lang='lat' dir='ltr'><strong>lum,</strong></span> <span class='ocrx_word' id='word_1_647' title='bbox 2425 4064 2487 4120; x_wconf 91' lang='lat' dir='ltr'><strong>et</strong></span> <span class='ocrx_word' id='word_1_648' title='bbox 2514 4064 2831 4139; x_wconf 85' lang='lat' dir='ltr'><strong>peccatum</strong></span> <span class='ocrx_word' id='word_1_649' title='bbox 2855 4059 3145 4119; x_wconf 84' lang='lat' dir='ltr'><strong>scandali.</strong></span> <span class='ocrx_word' id='word_1_650' title='bbox 3184 4060 3271 4118; x_wconf 84' lang='lat' dir='ltr'><strong>[ta</strong></span> <span class='ocrx_word' id='word_1_651' title='bbox 3300 4058 3606 4130; x_wconf 69' lang='lat' dir='ltr'><strong>Antonin„</strong></span> <span class='ocrx_word' id='word_1_652' title='bbox 3629 4056 3737 4132; x_wconf 56' lang='grc' dir='ltr'><strong>ΞΡ,</strong></span> 
     </span>
     <span class='ocr_line' id='line_1_93' title="bbox 2248 4149 3737 4231; baseline -0.006 -20"><span class='ocrx_word' id='word_1_653' title='bbox 2248 4153 2341 4212; x_wconf 89' lang='lat' dir='ltr'><strong>tit.</strong></span> <span class='ocrx_word' id='word_1_654' title='bbox 2374 4156 2433 4224; x_wconf 89' lang='grc'><strong>1,</strong></span> <span class='ocrx_word' id='word_1_655' title='bbox 2462 4171 2597 4231; x_wconf 84' lang='lat' dir='ltr'><strong>cap.</strong></span> <span class='ocrx_word' id='word_1_656' title='bbox 2630 4153 2711 4213; x_wconf 73' lang='lat'><strong>23</strong></span> <span class='ocrx_word' id='word_1_657' title='bbox 2730 4168 2749 4228; x_wconf 90' lang='lat'>;</span> <span class='ocrx_word' id='word_1_658' title='bbox 2788 4152 3055 4218; x_wconf 87' lang='lat' dir='ltr'><strong>Medina.</strong></span> <span class='ocrx_word' id='word_1_659' title='bbox 3086 4151 3231 4211; x_wconf 88' lang='lat' dir='ltr'><strong>Cod.</strong></span> <span class='ocrx_word' id='word_1_660' title='bbox 3266 4151 3344 4211; x_wconf 90' lang='lat' dir='ltr'><strong>de</strong></span> <span class='ocrx_word' id='word_1_661' title='bbox 3376 4149 3737 4214; x_wconf 85' lang='lat' dir='ltr'><strong>Restitutione,</strong></span> 
     </span>
     <span class='ocr_line' id='line_1_94' title="bbox 2248 4237 3739 4324; baseline -0.007 -20"><span class='ocrx_word' id='word_1_662' title='bbox 2248 4251 2461 4324; x_wconf 80' lang='lat' dir='ltr'><strong>quaest.</strong></span> <span class='ocrx_word' id='word_1_663' title='bbox 2521 4247 2619 4306; x_wconf 88' lang='grc'><strong>30.</strong></span> <span class='ocrx_word' id='word_1_664' title='bbox 2662 4244 2781 4306; x_wconf 85' lang='lat' dir='ltr'><strong>Sed</strong></span> <span class='ocrx_word' id='word_1_665' title='bbox 2832 4251 2924 4304; x_wconf 90' lang='lat' dir='ltr'><strong>est</strong></span> <span class='ocrx_word' id='word_1_666' title='bbox 2968 4245 3123 4304; x_wconf 88' lang='lat' dir='ltr'><strong>dura</strong></span> <span class='ocrx_word' id='word_1_667' title='bbox 3160 4244 3480 4304; x_wconf 86' lang='lat' dir='ltr'><strong>sententia.</strong></span> <span class='ocrx_word' id='word_1_668' title='bbox 3522 4237 3739 4300; x_wconf 71' lang='lat' dir='ltr'><strong>Secunda</strong></span> 
     </span>
     <span class='ocr_line' id='line_1_95' title="bbox 2240 4334 3737 4416; baseline -0.006 -17"><span class='ocrx_word' id='word_1_669' title='bbox 2240 4355 2391 4415; x_wconf 82' lang='lat' dir='ltr'><strong>ergo</strong></span> <span class='ocrx_word' id='word_1_670' title='bbox 2414 4339 2717 4398; x_wconf 87' lang='lat' dir='ltr'><strong>sententia</strong></span> <span class='ocrx_word' id='word_1_671' title='bbox 2745 4339 3021 4416; x_wconf 87' lang='lat' dir='ltr'><strong>Cajetani</strong></span> <span class='ocrx_word' id='word_1_672' title='bbox 3050 4341 3111 4398; x_wconf 71' lang='lat'><strong>2.</strong></span> <span class='ocrx_word' id='word_1_673' title='bbox 3134 4342 3196 4413; x_wconf 79' lang='lat'><strong>2,</strong></span> <span class='ocrx_word' id='word_1_674' title='bbox 3216 4344 3430 4416; x_wconf 64' lang='lat' dir='ltr'><strong>quaest.</strong></span> <span class='ocrx_word' id='word_1_675' title='bbox 3465 4340 3554 4409; x_wconf 76' lang='lat'><strong>10,</strong></span> <span class='ocrx_word' id='word_1_676' title='bbox 3576 4339 3669 4393; x_wconf 83' lang='lat' dir='ltr'><strong>art.</strong></span> <span class='ocrx_word' id='word_1_677' title='bbox 3697 4334 3737 4402; x_wconf 72' lang='lat'><strong>4,</strong></span> 
     </span>
     <span class='ocr_line' id='line_1_96' title="bbox 2239 4429 3739 4507; baseline -0.006 -17"><span class='ocrx_word' id='word_1_678' title='bbox 2239 4432 2583 4507; x_wconf 82' lang='lat' dir='ltr'><strong>distinguit.</strong></span> <span class='ocrx_word' id='word_1_679' title='bbox 2622 4433 2773 4491; x_wconf 89' lang='lat' dir='ltr'><strong>Nam</strong></span> <span class='ocrx_word' id='word_1_680' title='bbox 2804 4432 2903 4492; x_wconf 81' lang='lat' dir='ltr'><strong>vel</strong></span> <span class='ocrx_word' id='word_1_681' title='bbox 2932 4449 3029 4492; x_wconf 87' lang='lat' dir='ltr'><strong>res</strong></span> <span class='ocrx_word' id='word_1_682' title='bbox 3058 4436 3208 4490; x_wconf 90' lang='lat' dir='ltr'><strong>sunt</strong></span> <span class='ocrx_word' id='word_1_683' title='bbox 3256 4436 3477 4491; x_wconf 76' lang='lat' dir='ltr'><strong>natura</strong></span> <span class='ocrx_word' id='word_1_684' title='bbox 3497 4429 3739 4505; x_wconf 69' lang='lat' dir='ltr'><strong>deputata</strong></span> 
     </span>
     <span class='ocr_line' id='line_1_97' title="bbox 2240 4519 3737 4602; baseline -0.007 -16"><span class='ocrx_word' id='word_1_685' title='bbox 2240 4525 2320 4586; x_wconf 88' lang='lat' dir='ltr'><strong>ad</strong></span> <span class='ocrx_word' id='word_1_686' title='bbox 2352 4525 2581 4585; x_wconf 89' lang='lat' dir='ltr'><strong>malum</strong></span> <span class='ocrx_word' id='word_1_687' title='bbox 2617 4541 2821 4599; x_wconf 89' lang='lat' dir='ltr'><strong>usum,</strong></span> <span class='ocrx_word' id='word_1_688' title='bbox 2848 4531 2910 4584; x_wconf 93' lang='lat' dir='ltr'><strong>et</strong></span> <span class='ocrx_word' id='word_1_689' title='bbox 2955 4531 3103 4585; x_wconf 90' lang='lat' dir='ltr'><strong>tunc</strong></span> <span class='ocrx_word' id='word_1_690' title='bbox 3153 4541 3397 4602; x_wconf 88' lang='lat' dir='ltr'><strong>semper</strong></span> <span class='ocrx_word' id='word_1_691' title='bbox 3422 4530 3511 4583; x_wconf 85' lang='lat' dir='ltr'><strong>est</strong></span> <span class='ocrx_word' id='word_1_692' title='bbox 3534 4519 3737 4588; x_wconf 82' lang='lat' dir='ltr'><strong>malum,</strong></span> 
     </span>
     <span class='ocr_line' id='line_1_98' title="bbox 2241 4609 3741 4696; baseline -0.007 -19"><span class='ocrx_word' id='word_1_693' title='bbox 2241 4619 2342 4679; x_wconf 84' lang='lat' dir='ltr'><strong>vel</strong></span> <span class='ocrx_word' id='word_1_694' title='bbox 2375 4624 2519 4678; x_wconf 86' lang='lat' dir='ltr'><strong>sunt</strong></span> <span class='ocrx_word' id='word_1_695' title='bbox 2546 4617 2967 4680; x_wconf 82' lang='lat' dir='ltr'><strong>indifferentes</strong></span> <span class='ocrx_word' id='word_1_696' title='bbox 2990 4664 3009 4692; x_wconf 95' lang='lat'><strong>,</strong></span> <span class='ocrx_word' id='word_1_697' title='bbox 3040 4637 3157 4696; x_wconf 84' lang='lat' dir='ltr'><strong>ego</strong></span> <span class='ocrx_word' id='word_1_698' title='bbox 3180 4623 3386 4678; x_wconf 87' lang='lat' dir='ltr'><strong>tamen</strong></span> <span class='ocrx_word' id='word_1_699' title='bbox 3406 4614 3649 4690; x_wconf 85' lang='lat' dir='ltr'><strong>intelligo</strong></span> <span class='ocrx_word' id='word_1_700' title='bbox 3678 4609 3741 4668; x_wconf 86' lang='lat' dir='ltr'><strong>al·</strong></span> 
     </span>
     <span class='ocr_line' id='line_1_99' title="bbox 2241 4701 3739 4784; baseline -0.007 -14"><span class='ocrx_word' id='word_1_701' title='bbox 2241 4718 2443 4770; x_wconf 90' lang='lat' dir='ltr'><strong>terum</strong></span> <span class='ocrx_word' id='word_1_702' title='bbox 2474 4709 2707 4772; x_wconf 62' lang='lat' dir='ltr'><strong>mal-a</strong></span> <span class='ocrx_word' id='word_1_703' title='bbox 2742 4729 2851 4770; x_wconf 85' lang='lat' dir='ltr'><strong>sua</strong></span> <span class='ocrx_word' id='word_1_704' title='bbox 2894 4727 3023 4771; x_wconf 85' lang='lat' dir='ltr'><strong>esse</strong></span> <span class='ocrx_word' id='word_1_705' title='bbox 3069 4727 3355 4784; x_wconf 86' lang='lat' dir='ltr'><strong>usurum,</strong></span> <span class='ocrx_word' id='word_1_706' title='bbox 3387 4715 3448 4769; x_wconf 89' lang='lat' dir='ltr'><strong>et</strong></span> <span class='ocrx_word' id='word_1_707' title='bbox 3469 4713 3601 4766; x_wconf 89' lang='lat' dir='ltr'><strong>tunc</strong></span> <span class='ocrx_word' id='word_1_708' title='bbox 3632 4701 3739 4762; x_wconf 86' lang='lat' dir='ltr'><strong>dicit</strong></span> 
     </span>
     <span class='ocr_line' id='line_1_100' title="bbox 2243 4795 3736 4864; baseline -0.007 -2"><span class='ocrx_word' id='word_1_709' title='bbox 2243 4821 2369 4863; x_wconf 91' lang='lat' dir='ltr'><strong>non</strong></span> <span class='ocrx_word' id='word_1_710' title='bbox 2394 4821 2524 4862; x_wconf 90' lang='lat' dir='ltr'><strong>esse</strong></span> <span class='ocrx_word' id='word_1_711' title='bbox 2548 4803 2931 4862; x_wconf 85' lang='lat' dir='ltr'><strong>scandalum.</strong></span> <span class='ocrx_word' id='word_1_712' title='bbox 2964 4803 3086 4864; x_wconf 90' lang='lat' dir='ltr'><strong>Sed</strong></span> <span class='ocrx_word' id='word_1_713' title='bbox 3144 4810 3235 4863; x_wconf 80' lang='lat' dir='ltr'><strong>est</strong></span> <span class='ocrx_word' id='word_1_714' title='bbox 3264 4801 3515 4861; x_wconf 83' lang='lat' dir='ltr'><strong>obscura</strong></span> <span class='ocrx_word' id='word_1_715' title='bbox 3540 4795 3736 4856; x_wconf 83' lang='lat' dir='ltr'><strong>distinc-</strong></span> 
     </span>
     <span class='ocr_line' id='line_1_101' title="bbox 2243 4889 3738 4974; baseline -0.007 -19"><span class='ocrx_word' id='word_1_716' title='bbox 2243 4896 2352 4968; x_wconf 90' lang='lat' dir='ltr'><strong>tio,</strong></span> <span class='ocrx_word' id='word_1_717' title='bbox 2382 4897 2529 4974; x_wconf 84' lang='lat' dir='ltr'><strong>quia</strong></span> <span class='ocrx_word' id='word_1_718' title='bbox 2572 4895 2757 4956; x_wconf 79' lang='lat' dir='ltr'><strong>nullae</strong></span> <span class='ocrx_word' id='word_1_719' title='bbox 2788 4913 2888 4954; x_wconf 90' lang='lat' dir='ltr'><strong>res</strong></span> <span class='ocrx_word' id='word_1_720' title='bbox 2910 4895 3199 4956; x_wconf 88' lang='lat' dir='ltr'><strong>videntur</strong></span> <span class='ocrx_word' id='word_1_721' title='bbox 3225 4895 3535 4954; x_wconf 63' lang='lat' dir='ltr'><strong>destinatae</strong></span> <span class='ocrx_word' id='word_1_722' title='bbox 3554 4889 3615 4949; x_wconf 89' lang='lat' dir='ltr'><strong>ad</strong></span> <span class='ocrx_word' id='word_1_723' title='bbox 3646 4903 3738 4946; x_wconf 87' lang='lat' dir='ltr'><strong>ma-</strong></span> 
     </span>
     <span class='ocr_line' id='line_1_102' title="bbox 2241 4978 3735 5048; baseline -0.007 -2"><span class='ocrx_word' id='word_1_724' title='bbox 2241 4986 2371 5046; x_wconf 87' lang='lat' dir='ltr'><strong>lum</strong></span> <span class='ocrx_word' id='word_1_725' title='bbox 2417 5005 2628 5047; x_wconf 88' lang='lat' dir='ltr'><strong>usum:</strong></span> <span class='ocrx_word' id='word_1_726' title='bbox 2676 4989 2727 5047; x_wconf 93' lang='lat' dir='ltr'><strong>si</strong></span> <span class='ocrx_word' id='word_1_727' title='bbox 2770 4988 2939 5048; x_wconf 90' lang='lat' dir='ltr'><strong>enim</strong></span> <span class='ocrx_word' id='word_1_728' title='bbox 2968 4989 3043 5048; x_wconf 88' lang='lat' dir='ltr'><strong>de</strong></span> <span class='ocrx_word' id='word_1_729' title='bbox 3073 4986 3458 5048; x_wconf 85' lang='lat' dir='ltr'><strong>naturalibus</strong></span> <span class='ocrx_word' id='word_1_730' title='bbox 3480 4983 3640 5045; x_wconf 86' lang='lat' dir='ltr'><strong>rebus</strong></span> <span class='ocrx_word' id='word_1_731' title='bbox 3674 4978 3735 5036; x_wconf 91' lang='lat' dir='ltr'><strong>lo-</strong></span> 
     </span>
     <span class='ocr_line' id='line_1_103' title="bbox 2243 5074 3735 5159; baseline -0.005 -20"><span class='ocrx_word' id='word_1_732' title='bbox 2243 5097 2530 5159; x_wconf 85' lang='lat' dir='ltr'><strong>quamur,</strong></span> <span class='ocrx_word' id='word_1_733' title='bbox 2564 5081 2765 5139; x_wconf 90' lang='lat' dir='ltr'><strong>omnis</strong></span> <span class='ocrx_word' id='word_1_734' title='bbox 2795 5087 3077 5140; x_wconf 85' lang='lat' dir='ltr'><strong>creatura</strong></span> <span class='ocrx_word' id='word_1_735' title='bbox 3108 5080 3212 5140; x_wconf 91' lang='lat' dir='ltr'><strong>Dei</strong></span> <span class='ocrx_word' id='word_1_736' title='bbox 3238 5079 3399 5140; x_wconf 88' lang='lat' dir='ltr'><strong>bona</strong></span> <span class='ocrx_word' id='word_1_737' title='bbox 3426 5083 3543 5153; x_wconf 88' lang='lat' dir='ltr'><strong>est;</strong></span> <span class='ocrx_word' id='word_1_738' title='bbox 3571 5074 3735 5132; x_wconf 78' lang='lat' dir='ltr'><strong>sivero</strong></span> 
     </span>
     <span class='ocr_line' id='line_1_104' title="bbox 2242 5166 3735 5248; baseline -0.007 -14"><span class='ocrx_word' id='word_1_739' title='bbox 2242 5174 2319 5234; x_wconf 87' lang='lat' dir='ltr'><strong>de</strong></span> <span class='ocrx_word' id='word_1_740' title='bbox 2360 5180 2490 5233; x_wconf 88' lang='lat' dir='ltr'><strong>arte</strong></span> <span class='ocrx_word' id='word_1_741' title='bbox 2540 5173 2738 5247; x_wconf 74' lang='lat' dir='ltr'><strong>factiS,</strong></span> <span class='ocrx_word' id='word_1_742' title='bbox 2794 5173 3039 5234; x_wconf 91' lang='lat' dir='ltr'><strong>nullum</strong></span> <span class='ocrx_word' id='word_1_743' title='bbox 3080 5180 3174 5233; x_wconf 86' lang='lat' dir='ltr'><strong>est</strong></span> <span class='ocrx_word' id='word_1_744' title='bbox 3220 5173 3424 5244; x_wconf 88' lang='lat' dir='ltr'><strong>etiam,</strong></span> <span class='ocrx_word' id='word_1_745' title='bbox 3476 5166 3621 5248; x_wconf 86' lang='lat' dir='ltr'><strong>quod</strong></span> <span class='ocrx_word' id='word_1_746' title='bbox 3644 5179 3735 5224; x_wconf 84' lang='lat' dir='ltr'><strong>non</strong></span> 
     </span>
     <span class='ocr_line' id='line_1_105' title="bbox 2245 5255 3735 5347; baseline -0.008 -19"><span class='ocrx_word' id='word_1_747' title='bbox 2245 5267 2433 5347; x_wconf 85' lang='lat' dir='ltr'><strong>possit</strong></span> <span class='ocrx_word' id='word_1_748' title='bbox 2463 5267 2915 5327; x_wconf 89' lang='lat' dir='ltr'><strong>accommodari</strong></span> <span class='ocrx_word' id='word_1_749' title='bbox 2944 5267 3025 5327; x_wconf 88' lang='lat' dir='ltr'><strong>ad</strong></span> <span class='ocrx_word' id='word_1_750' title='bbox 3062 5266 3295 5326; x_wconf 86' lang='lat' dir='ltr'><strong>bonum</strong></span> <span class='ocrx_word' id='word_1_751' title='bbox 3326 5281 3524 5337; x_wconf 88' lang='lat' dir='ltr'><strong>usum,</strong></span> <span class='ocrx_word' id='word_1_752' title='bbox 3550 5257 3631 5320; x_wconf 78' lang='lat' dir='ltr'><strong>vel</strong></span> <span class='ocrx_word' id='word_1_753' title='bbox 3654 5255 3735 5316; x_wconf 80' lang='lat' dir='ltr'><strong>sal-</strong></span> 
     </span>
     <span class='ocr_line' id='line_1_106' title="bbox 2243 5355 3836 5439; baseline -0.006 -19"><span class='ocrx_word' id='word_1_754' title='bbox 2243 5367 2369 5420; x_wconf 85' lang='lat' dir='ltr'><strong>tem</strong></span> <span class='ocrx_word' id='word_1_755' title='bbox 2395 5357 2875 5432; x_wconf 83' lang='lat' dir='ltr'><strong>indifferentem,</strong></span> <span class='ocrx_word' id='word_1_756' title='bbox 2916 5365 2989 5418; x_wconf 91' lang='lat' dir='ltr'><strong>ut</strong></span> <span class='ocrx_word' id='word_1_757' title='bbox 3030 5365 3201 5439; x_wconf 85' lang='lat' dir='ltr'><strong>patet</strong></span> <span class='ocrx_word' id='word_1_758' title='bbox 3228 5360 3293 5418; x_wconf 88' lang='lat' dir='ltr'><strong>in</strong></span> <span class='ocrx_word' id='word_1_759' title='bbox 3322 5355 3502 5426; x_wconf 92' lang='lat' dir='ltr'><strong>idolo,</strong></span> <span class='ocrx_word' id='word_1_760' title='bbox 3523 5358 3575 5412; x_wconf 85' lang='lat' dir='ltr'><strong>et</strong></span> <span class='ocrx_word' id='word_1_761' title='bbox 3620 5363 3733 5427; x_wconf 75' lang='lat' dir='ltr'><strong>pane</strong></span> <span class='ocrx_word' id='word_1_762' title='bbox 3835 5389 3836 5424; x_wconf 51' lang='lat'><em>3</em></span> 
     </span>
     <span class='ocr_line' id='line_1_107' title="bbox 2242 5437 3836 5530; baseline -0.006 -17"><span class='ocrx_word' id='word_1_763' title='bbox 2242 5469 2484 5530; x_wconf 84' lang='lat' dir='ltr'><strong>azymo,</strong></span> <span class='ocrx_word' id='word_1_764' title='bbox 2516 5469 2655 5530; x_wconf 84' lang='lat' dir='ltr'><strong>quae</strong></span> <span class='ocrx_word' id='word_1_765' title='bbox 2692 5457 2837 5511; x_wconf 89' lang='lat' dir='ltr'><strong>sunt</strong></span> <span class='ocrx_word' id='word_1_766' title='bbox 2865 5451 3148 5530; x_wconf 84' lang='lat' dir='ltr'><strong>exempla</strong></span> <span class='ocrx_word' id='word_1_767' title='bbox 3170 5449 3467 5528; x_wconf 82' lang='lat' dir='ltr'><strong>Cajetani3</strong></span> <span class='ocrx_word' id='word_1_768' title='bbox 3496 5461 3621 5506; x_wconf 81' lang='lat' dir='ltr'><strong>nam</strong></span> <span class='ocrx_word' id='word_1_769' title='bbox 3640 5439 3731 5499; x_wconf 83' lang='lat' dir='ltr'><strong>ido·</strong></span> <span class='ocrx_word' id='word_1_770' title='bbox 3835 5437 3836 5500; x_wconf 79' lang='lat' dir='ltr'><strong>j</strong></span> 
     </span>
     <span class='ocr_line' id='line_1_108' title="bbox 2243 5538 3729 5626; baseline -0.007 -20"><span class='ocrx_word' id='word_1_771' title='bbox 2243 5545 2375 5606; x_wconf 90' lang='lat' dir='ltr'><strong>lum</strong></span> <span class='ocrx_word' id='word_1_772' title='bbox 2413 5551 2611 5626; x_wconf 86' lang='lat' dir='ltr'><strong>potest</strong></span> <span class='ocrx_word' id='word_1_773' title='bbox 2667 5545 2973 5606; x_wconf 84' lang='lat' dir='ltr'><strong>deservire</strong></span> <span class='ocrx_word' id='word_1_774' title='bbox 3010 5543 3091 5605; x_wconf 86' lang='lat' dir='ltr'><strong>ad</strong></span> <span class='ocrx_word' id='word_1_775' title='bbox 3116 5550 3403 5605; x_wconf 83' lang='lat' dir='ltr'><strong>ornatum</strong></span> <span class='ocrx_word' id='word_1_776' title='bbox 3434 5538 3525 5601; x_wconf 82' lang='lat' dir='ltr'><strong>vel</strong></span> <span class='ocrx_word' id='word_1_777' title='bbox 3550 5549 3729 5597; x_wconf 82' lang='lat' dir='ltr'><strong>memo-</strong></span> 
     </span>
    </p>
   </div>
  </div>
 </body>
</html>
