3900 6217
528 360 649 419 69⁴

528 478 631 520 me
658 461 707 520 si
731 460 808 520 sit
832 461 1169 541 periculum
1196 461 1598 522 reincideudi.
1633 462 1862 535 Tertio,
1892 466 2092 539 potest

530 572 660 615 esse
704 560 1018 633 peccatum
1064 555 1339 614 nondum
1386 556 1805 629 commissum,
1851 554 1956 613 sed
1997 558 2089 613 ta-

532 664 677 707 men
714 649 779 707 in
809 649 1125 708 occasione
1155 648 1606 722 committendi,
1642 662 1702 708 et
1725 648 1801 708 de
1826 646 1943 709 hoe
1971 654 2090 707 sta-

532 739 645 798 tim
674 740 899 801 dicam.

613 838 673 894 2.
716 836 983 896 Eri-ores
1022 839 1146 896 tres
1191 835 1614 896 emoluduntar.
1656 865 1737 877 —
1783 834 1938 894 Hinc
1985 851 2089 892 ex-

533 928 870 989 cluduntur
918 933 1037 987 tres
1086 946 1340 988 errores,
1392 929 1636 987 Primus
1688 933 1807 1002 est,
1861 944 2090 1005 praece-

533 1028 707 1101 ptum
733 1021 848 1081 hoc
869 1020 1142 1097 obligare
1166 1028 1409 1081 tantum
1434 1022 1497 1079 in
1528 1021 1783 1101 peccatis
1807 1019 2089 1079 commis-

536 1114 618 1173 sis
656 1113 719 1173 in
764 1113 1076 1192 propriam
1116 1113 1409 1189 injuriam
1428 1158 1447 1188 ,
1488 1119 1738 1191 propter
1766 1110 1919 1171 illud
1951 1130 2088 1171 ver-

534 1204 686 1266 bum
732 1206 1050 1283 Evangelii
1092 1222 1107 1265 :
1166 1205 1245 1269 Si
1283 1206 1620 1287 peccaverit
1653 1208 1714 1266 in
1753 1212 1831 1280 te,
1874 1206 1933 1263 id
1973 1210 2086 1279 est,

538 1303 748 1363 contra
783 1305 837 1362 te
857 1344 875 1373 ,
911 1305 981 1358 ut
1011 1297 1191 1359 multi
1220 1300 1425 1361 Patres
1454 1304 1813 1379 exponunt,
1852 1304 1921 1356 ut
1948 1297 2091 1357 Hie-

536 1409 859 1470 ronymus,
882 1397 943 1451 et
965 1390 1433 1470 chrysostomus
1457 1391 1560 1451 illo
1586 1391 1739 1467 loco;
1767 1390 1915 1451 item
1944 1392 2090 1450 Am-

537 1482 802 1557 brosius,
832 1484 899 1543 in
934 1484 1115 1563 capit.
1157 1486 1232 1544 1¹7
1260 1484 1439 1545 Lucoe
1458 1500 1479 1563 ;
1518 1484 1809 1559 HilariuS,
1842 1502 1983 1543 can.
2017 1482 2092 1541 18

539 1577 605 1636 iu
635 1578 850 1638 Matth.
886 1594 905 1653 ;
951 1578 1056 1637 sed
1102 1577 1206 1638 hic
1236 1596 1406 1639 error
1434 1584 1524 1639 est
1564 1583 1781 1637 eontra
1822 1582 2091 1636 mentem

541 1668 802 1745 Christi3
845 1671 1018 1748 ponit
1051 1672 1218 1731 enim
1256 1678 1652 1751 praeceptum,
1694 1688 1821 1730 non
1854 1676 1922 1729 ut
1956 1670 2093 1749 quis

542 1768 825 1823 amoveat
847 1782 882 1822 a
908 1782 970 1823 se
999 1764 1308 1844 propriam
1339 1766 1656 1843 iujuriam,
1685 1762 1788 1823 sed
1815 1771 1885 1822 ut
1906 1762 2102 1823 lucre-

544 1858 646 1913 tur
687 1854 966 1931 tratrem,
1002 1858 1109 1934 qui
1158 1856 1298 1917 finis
1343 1857 1548 1917 locum
1592 1856 1779 1916 habet
1824 1855 1891 1915 in
1927 1855 2101 1914 omui

540 1953 788 2025 peccato
820 1949 1083 2009 mortali.
1132 1950 1338 2029 ltaque
1374 1950 1669 2029 particula
1702 1947 1768 2009 in
1796 1955 1874 2023 te,
1914 1965 2100 2027 expo-

544 2040 752 2101 nenda
774 2044 959 2103 etiam
988 2049 1078 2102 est
1107 2061 1307 2105 coram
1332 2051 1409 2117 te,
1440 2043 1498 2103 id
1526 2050 1638 2117 est,
1678 2059 1821 2103 cum
1850 2041 2100 2101 scanda-

546 2130 607 2191 lo
628 2138 771 2211 tuo;
802 2134 886 2195 ita
909 2135 1183 2214 plerique
1208 2137 1437 2211 PatreS‚
1464 2142 1523 2196 et
1547 2154 1762 2196 omnes
1782 2132 2101 2210 Theologi,

548 2230 621 2283 ut
658 2225 1062 2305 Augustinus,
1095 2247 1277 2289 serm.
1329 2230 1405 2289 16
1444 2228 1520 2289 de
1556 2228 1771 2288 Verbis
1818 2228 2060 2287 Domini
2082 2242 2103 2303 3

550 2316 619 2376 D.
656 2319 946 2395 ThomaS,
988 2322 1272 2395 Quodlib.
1307 2326 1406 2397 11,
1450 2329 1566 2383 art.
1599 2325 1711 2397 123
1746 2320 1984 2393 Liran.,
2026 2326 2108 2380 ci-

552 2416 683 2470 tato
725 2411 860 2472 loro
901 2414 1144 2489 Mauh„
1194 2421 1256 2475 et
1301 2415 1426 2477 alii.
1481 2416 1765 2493 (Legatur
1818 2413 2104 2487 Salmer.‚

550 2508 701 2564 tom.
734 2508 772 2566 4
803 2506 867 2565 in
896 2508 1249 2585 Evangelia,
1286 2526 1340 2585 p.
1376 2511 1435 2581 3,
1468 2514 1643 2568 tract..
1680 2508 1802 2582 11.)

632 2600 689 2658 3.
738 2597 909 2658 Alter
937 2617 1110 2659 error
1138 2606 1258 2675 est,
1301 2601 1622 2661 materiam
1661 2600 1845 2678 hujus
1874 2618 2111 2661 correc-

553 2691 742 2751 110nis
765 2710 893 2752 esse
917 2700 1235 2771 peecatum
1266 2713 1341 2754 ex
1372 2694 1721 2771 ignorantia
1747 2693 1843 2752 vel
1872 2694 2107 2773 passio-

552 2802 656 2858 ne,
701 2802 827 2844 non
860 2804 935 2844 ex
964 2786 1200 2845 malitia
1231 2808 1245 2845 :
1299 2786 1615 2861 fundatur,
1647 2786 1793 2863 quia
1821 2803 1964 2845 cum
1993 2784 2109 2845 hoc

555 2876 634 2935 sit
662 2876 1102 2950 voluntarium,
1128 2897 1255 2938 non
1280 2878 1466 2938 habet
1493 2880 1795 2938 rationem
1822 2878 2105 2940 miseriae.

555 2969 673 3030 Sed
694 2970 1102 3048 improbatur,
1136 2972 1279 3050 quia
1303 2971 1408 3030 illa
1428 2979 1518 3031 est
1544 2972 1813 3031 maxima
1836 2972 2106 3047 miseria,

554 3068 627 3120 ut
656 3061 947 3139 disputat.
985 3064 1046 3137 4,
1078 3070 1225 3124 sect.
1262 3066 1321 3137 1,
1347 3082 1522 3123 num.
1552 3067 1613 3135 4,
1646 3063 1796 3137 dixi,
1831 3070 1888 3124 et
1914 3066 2112 3142 major

554 3153 663 3213 Dei
708 3152 965 3229 offensa,
1023 3162 1084 3215 et
1139 3174 1382 3235 semper
1423 3156 1759 3217 intervenit
1803 3155 2110 3216 sufficiens

552 3246 711 3305 ratio
740 3246 1143 3307 involuntarii
1170 3254 1420 3327 propter
1451 3248 1724 3327 aliquam
1762 3246 1978 3307 saltem
2013 3248 2108 3307 in-

558 3339 1112 3400 considerationem
1142 3356 1161 3417 ;
1200 3348 1262 3401 et
1302 3342 1447 3419 quia
1491 3341 1637 3400 licet
1680 3338 1984 3417 objectum
2032 3342 2112 3400 sit

554 3431 1001 3508 voluntarium,
1032 3441 1243 3494 tamen
1266 3440 1328 3493 et
1353 3433 1612 3507 malitia,
1644 3438 1705 3492 et
1730 3432 1908 3491 multi
1932 3431 2112 3492 effec-

554 3530 656 3583 tus
684 3524 917 3603 peccati
946 3532 1091 3586 sunt
1117 3526 1523 3587 involuntarii
1540 3570 1561 3601 ,
1597 3538 1667 3585 ut
1694 3524 1843 3585 alibi
1871 3524 2110 3585 diceba-

554 3634 715 3679 mus,

636 3710 696 3773 4.
741 3712 984 3772 Tertius
1010 3718 1137 3786 est,
1184 3717 1432 3792 peccata
1463 3710 1727 3771 venialia
1759 3729 1886 3772 esse
1911 3718 2108 3773 mate-

553 3802 711 3862 riam
754 3803 939 3883 hujus
978 3804 1284 3884 praeeepti‚
1329 3822 1455 3864 non
1500 3803 1785 3863 mortalia
1817 3820 1837 3881 3
1878 3804 2114 3866 indicat

554 3894 866 3970 Origene8‚
898 3896 1155 3957 homilia
1177 3901 1349 3956 sexta
1374 3897 1438 3956 in
1464 3897 1710 3971 Matth„
1738 3899 1884 3975 quia
1906 3915 2112 3976 peeca-

555 3993 690 4047 tum
732 3990 991 4050 mortale
1042 4008 1169 4049 non
1209 3997 1300 4049 est
1347 3996 1664 4069 peccatum
1710 3989 1937 4050 fratris,
1995 3991 2112 4051 Sed

553 4080 671 4141 hoc
700 4080 859 4141 nihil
886 4083 1070 4157 valet,
1107 4100 1253 4142 nam
1285 4083 1535 4142 nomine
1573 4082 1779 4143 fratris
1807 4082 2112 4161 siguifica-

555 4181 655 4233 tur
684 4174 769 4234 ibi
794 4176 996 4235 omnis
1024 4177 1366 4255 proximuS,
1395 4176 1638 4235 etiamsi
1668 4176 1746 4235 sit
1771 4176 1836 4235 in
1864 4184 2108 4254 peccato

553 4267 835 4341 mortali,
886 4275 954 4327 ut
986 4275 1149 4345 patet
1186 4270 1223 4327 2
1266 4268 1677 4330 Thessalonic.
1724 4270 1907 4329 tertio
1942 4286 1958 4330 :
1997 4270 2112 4333 De-

552 4361 906 4422 nuntiamus
960 4360 1120 4423 vobis
1171 4365 1403 4439 fratres
1464 4362 1532 4421 in
1582 4360 1813 4424 nomine
1864 4362 2114 4423 Domini

551 4452 604 4513 J
606 4470 709 4512 esu
735 4450 985 4525 Christi,
1018 4458 1083 4514 ut
1104 4453 1481 4515 subtrahatis
1504 4471 1606 4514 ‘oo-3
1629 4455 1701 4515 ab
1727 4452 1887 4514 omni
1908 4456 2113 4530 fratre

552 4544 892 4607 ambulante
920 4548 1290 4621 inordinale,
1329 4550 1384 4607 et
1414 4563 1531 4606 non
1560 4546 1879 4608 secundum
1920 4547 2102 4608 cradi·

552 4638 770 4699 tionem
798 4656 973 4718 quam
1003 4645 1353 4717 acceperunt
1384 4656 1421 4699 a
1456 4638 1645 4711 nobis,
1678 4645 1794 4697 ete.

635 4731 696 4790 5.
750 4730 1031 4793 Secunda
1057 4732 1375 4793 conclusio.
1411 4763 1492 4775 —
1522 4728 1805 4809 objectio.
1848 4763 1929 4775 —
1957 4730 2110 4793 Res-

546 4824 756 4905 ponsio
792 4822 1060 4902 Syloest.
1092 4829 1149 4886 et
1177 4824 1461 4895 aliorum,
1494 4839 1637 4901 quos
1662 4824 1812 4884 citat
1837 4828 1893 4885 et
1915 4821 2107 4903 sequi-

551 4921 655 4976 tur
685 4913 892 4988 Aur„
933 4919 1070 4976 tom.
1101 4919 1161 4987 2,
1196 4918 1237 4975 I.
1274 4918 1373 4990 12,
1408 4934 1454 4975 o.
1488 4916 1587 4987 14,
1620 4936 1675 4994 q.
1702 4917 1761 4974 4.
1795 4947 1876 4959 —
1901 4914 2109 4977 Plana

547 5008 873 5090 responsio.
907 5042 989 5054 —
1019 5010 1162 5069 Dico
1200 5008 1466 5069 secundo
1506 5014 1829 5086 peccatum
1871 5008 2111 5069 veniale

548 5118 722 5179 posse
755 5120 883 5161 esse
924 5102 1247 5160 materiam
1284 5100 1696 5173 correctioniS,
1747 5102 1849 5160 sed
1889 5119 2011 5160 non
2046 5103 2112 5161 in

546 5212 669 5272 qua
713 5192 827 5253 hoe
876 5200 1243 5273 praeceptum
1292 5194 1563 5271 graviter
1614 5192 1874 5272 obligat.
1937 5195 2110 5254 Prior

546 5302 687 5363 pars
716 5284 911 5345 facilis
940 5292 1050 5360 est,
1094 5293 1154 5346 et
1191 5286 1538 5346 communis
1550 5301 1571 5363 3
1616 5286 1887 5346 secunda
1919 5286 2105 5346 etiam

547 5376 856 5455 colligitur
882 5396 957 5439 ex
985 5379 1188 5439 verbis
1210 5378 1555 5456 Evangelii,
1588 5397 1726 5457 quae
1753 5385 2107 5457 supponunt

545 5468 799 5531 fratrem
851 5472 1097 5551 periisse
1125 5516 1148 5549 ,
1203 5478 1276 5533 ut
1320 5472 1703 5552 Augustinus
1754 5472 2056 5553 ponderat
2080 5518 2102 5551 ,

1254 364 1490 417 DISPUT.
1530 365 1653 417 vm.
1694 364 1771 415 DE
1806 361 2140 415 PRAECEPTO
2175 362 2615 417 CORRECTIONIS
2647 362 3010 415 FRATERNAE.

2171 478 2354 521 serm.
2391 464 2467 522 16
2505 462 2582 521 de
2618 460 2836 521 Verbis
2879 457 3148 533 Domini,
3189 476 3266 519 ex
3306 457 3422 517 illis
3461 461 3662 526 verbis:

2171 557 2474 619 Lucratus
2509 557 2672 625 eris,·
2697 561 2757 614 et
2785 572 2862 615 ex
2891 570 3074 633 poeua
3105 568 3122 614 t
3169 550 3275 615 Sit
3302 553 3410 615 tibi
3437 556 3666 632 tanquam

2171 650 2444 712 ethnicus
2469 654 2526 711 et
2559 648 2942 727 publicanus.
2995 645 3173 705 Ratio
3195 651 3311 720 est,
3343 646 3479 723 quia
3499 665 3669 709 consu·

2171 742 2296 802 lere
2321 742 2556 803 veniale
2581 748 2896 820 peccatum
2920 759 3043 801 non
3069 746 3161 799 est
3189 736 3446 799 mortale
3468 760 3483 811 ;
3513 740 3674 800 minus

2170 840 2376 895 autem
2416 842 2505 894 est
2557 853 2684 895 non
2731 836 3039 911 corripere
3077 852 3091 891 ι
3144 833 3292 891 item
3341 830 3566 891 miseria
3599 832 3676 895 illa

2169 928 2323 987 levis
2347 934 2456 987 est.
2506 927 2764 1003 Objicies
2798 943 2815 985 :
2861 930 3181 1005 peceatum
3214 922 3448 983 veniale
3474 930 3555 983 est
3583 944 3680 985 ma-

2166 1021 2269 1098 jor
2298 1020 2542 1079 miseria
2570 1037 2757 1099 quam
2786 1018 3218 1097 gravissimum
3248 1015 3536 1077 damnum
3560 1024 3680 1079 tem-

2169 1114 2377 1193 porale
2402 1134 2416 1187 ;
2465 1115 2567 1174 sed
2603 1114 2720 1173 hoe
2746 1121 2960 1175 teneor
2989 1112 3202 1185 vitare,
3230 1110 3284 1170 si
3319 1128 3572 1188 possum,
3599 1113 3682 1173 suh

2171 1209 2416 1269 mortali
2438 1224 2459 1286 3
2491 1226 2638 1285 ergo
2661 1214 2722 1267 et
2747 1207 2920 1269 illud.
2955 1206 3073 1267 Sed
3098 1203 3386 1282 neganda
3411 1210 3499 1267 est
3518 1224 3682 1265 conse-

2172 1301 2451 1381 quentia,
2505 1302 2706 1380 primo
2725 1347 2740 1370 ‚
2784 1300 2928 1379 quia
2979 1300 3130 1359 alias
3183 1304 3493 1359 teneretur
3541 1300 3688 1359 etiam

2176 1394 2314 1473 quis
2341 1412 2524 1454 suum
2550 1393 2788 1454 veniale
2822 1399 3136 1473 peccatum
3177 1392 3393 1469 fugere
3423 1390 3529 1451 sub
3553 1410 3686 1453 mor-

2173 1485 2306 1556 tali,
2334 1486 2496 1565 quod
2529 1485 2864 1547 absurdum
2883 1491 2998 1559 est,
3020 1491 3084 1543 et
3098 1482 3568 1564 implicationem
3585 1502 3690 1543 eon·

2177 1578 2402 1641 tineus,
2443 1578 2744 1653 Secundo,
2787 1578 2936 1657 quia
2957 1583 3100 1639 sunt
3140 1576 3246 1637 illa
3285 1574 3451 1637 mala
3475 1575 3688 1637 diverso-

2181 1689 2321 1730 rum
2358 1670 2670 1747 ordinum,
2713 1677 2897 1749 atque
2935 1671 3089 1731 adeo
3127 1668 3388 1733 minime
3425 1686 3689 1745 compara-

2181 1764 2328 1825 bilia
2346 1809 2365 1838 ,
2409 1783 2482 1825 ae
2510 1770 2878 1844 praeceptum
2913 1764 3252 1843 unicuique
3279 1762 3690 1823 accommodan-

2183 1858 2330 1917 dum
2379 1864 2493 1932 est,
2537 1859 2718 1934 juxta
2762 1857 2940 1917 illum
2989 1856 3282 1934 gradum,
3333 1872 3512 1933 quem
3551 1854 3694 1915 habet

2182 1950 2249 2011 in
2300 1969 2410 2010 suo
2457 1951 2672 2011 ordine
2703 1996 2724 2025 ,
2783 1950 2870 2011 ita
2923 1950 3089 2009 enim
3151 1946 3420 2029 postulat
3467 1953 3525 2007 et
3570 1954 3696 2009 recta
3795 1950 3797 1953 ⁴

2185 2046 2381 2119 rati0,
2429 2050 2492 2104 et
2529 2044 2856 2105 necessitas
2909 2042 3219 2122 praecepti.
3265 2040 3440 2101 Addo
3479 2040 3696 2119 denique

2185 2137 2524 2217 temporale
2570 2136 2869 2196 damnum
2911 2142 2974 2195 et
3013 2135 3211 2213 magis
3253 2130 3696 2195 involuntarium

2187 2247 2354 2303 esse,
2396 2235 2457 2289 et
2487 2228 2792 2289 difficilius
2838 2226 3080 2307 expelli.
3135 2226 3421 2289 Secundo
3464 2226 3694 2304 objicies:

2189 2340 2351 2401 saepe
2379 2322 2612 2383 veniale
2641 2327 2732 2381 est
2753 2321 3068 2400 dispositio
3103 2319 3358 2380 moralis
3391 2326 3452 2379 et
3471 2318 3700 2399 proxima

2190 2416 2266 2474 ad
2315 2414 2596 2489 mortale,
2639 2420 2708 2474 ut
2738 2415 2947 2493 jurare
2986 2413 3364 2491 frequenter,
3405 2417 3464 2471 et
3497 2411 3698 2471 similia.

2189 2508 2350 2586 Ergo
2390 2514 2539 2566 tunc
2575 2506 2792 2565 saltem
2834 2507 2949 2592 erit
2995 2504 3294 2583 obligatio
3337 2504 3416 2565 ad
3456 2502 3701 2576 mortale,

2191 2601 2338 2679 quia
2367 2600 2682 2679 proximus
2713 2606 2806 2659 est
2836 2600 2900 2658 in
2934 2598 3112 2675 gravi
3153 2597 3428 2676 periculo
3457 2604 3514 2657 et
3540 2614 3702 2655 neces-

2190 2695 2390 2753 sitate.
2440 2692 2783 2771 Sylvester,
2831 2691 3018 2751 verbo
3068 2690 3401 2764 Coo-rectio,
3451 2709 3509 2769 q.
3561 2694 3623 2762 1,
3662 2695 3747 2747 et.

2189 2789 2600 2859 Turrecrem.‚
2628 2805 2761 2865 cap.
2795 2784 2876 2848 Sa·
2891 2784 3220 2863 peccaverit
3245 2828 3262 2857 ,
3295 2789 3356 2844 et
3381 2782 3519 2843 Soto
3537 2802 3706 2861 supra,

2191 2886 2252 2939 et
2276 2880 2382 2939 alii
2413 2880 2500 2939 ita
2529 2880 2890 2939 concedunt.
2937 2878 3076 2937 Dico
3108 2883 3321 2937 tamen
3348 2892 3365 2935 :
3402 2876 3503 2953 qni
3531 2876 3606 2933 sic
3631 2894 3706 2933 ve·

2194 2971 2440 3031 nialiter
2473 2978 2708 3050 peccat,
2744 2977 2850 3029 aut
2877 2970 3143 3029 advertit
3171 2968 3516 3049 periculum
3542 2986 3704 3038 suum,

2193 3070 2253 3124 et
2276 3070 2423 3123 tune
2445 3064 2575 3142 jam
2610 3070 2819 3142 peccat
2849 3062 3225 3132 mortaliter,
3273 3063 3420 3141 quia
3452 3068 3515 3120 ut
3537 3062 3613 3120 ait
3631 3062 3710 3119 Sa·

2194 3156 2367 3233 piens
2414 3173 2428 3216 :
2479 3158 2596 3229 Qui
2643 3161 2808 3217 amat
2851 3154 3206 3235 periculum,
3249 3154 3474 3235 peribit
3512 3154 3572 3215 in
3605 3152 3708 3223 illo,

2192 3248 2418 3309 EccleS.
2453 3251 2526 3322 3;
2554 3255 2662 3308 aut
2691 3268 2816 3309 non
2844 3246 3131 3324 advertit,
3165 3248 3254 3307 ita
3283 3254 3352 3307 ut
3375 3252 3664 3306 excusetur
3683 3262 3712 3303 a

2191 3341 2439 3401 mortali
2487 3340 2690 3421 culpa,
2729 3348 2790 3402 et
2832 3348 2980 3402 tunc
3022 3341 3155 3401 dari
3199 3339 3428 3421 poterit
3461 3337 3710 3413 obligatio

2193 3432 2309 3494 suh
2349 3434 2592 3494 mortali
2632 3434 3008 3497 admonendi
3047 3434 3264 3507 illum;
3314 3432 3419 3493 sed
3447 3430 3588 3491 illud
3613 3446 3711 3487 non

2190 3532 2319 3587 tam
2367 3534 2461 3587 est
2505 3534 2879 3607 praeceptum
2919 3526 3329 3606 corripiendi,
3383 3541 3560 3605 quam
3590 3540 3709 3580 con-

2193 3620 2435 3681 sulendi
2461 3666 2480 3696 ,
2541 3621 2638 3681 vel
2703 3620 3066 3682 ostendendi
3132 3621 3416 3700 proximo
3469 3616 3528 3677 id
3581 3612 3711 3694 quod

2194 3713 2463 3791 ignorat.

2278 3808 2336 3866 6.
2381 3808 2684 3883 Dubium,
2723 3808 2791 3869 do
2823 3808 3026 3887 quoin
3084 3805 3282 3869 simili
3326 3804 3573 3876 Sanok„
3599 3802 3637 3862 l.
3663 3803 3709 3869 ⁹2,

2197 3900 2420 3979 disput.
2448 3902 2524 3960 38
2551 3950 2572 3973 ,
2615 3906 2670 3963 et
2701 3898 2882 3975 Ater,
2923 3906 3063 3961 tom.
3105 3902 3164 3975 1,
3191 3899 3236 3959 l.
3277 3902 3379 3972 12,
3407 3917 3456 3961 o.
3489 3898 3579 3969 95,
3605 3914 3654 3975 q.
3683 3894 3714 3953 t

2193 3998 2250 4055 et
2277 3995 2333 4053 ὃ.
2366 3994 2534 4053 -Et
2569 3992 2755 4053 simili
2812 3993 2992 4052 modo
3039 3992 3368 4071 expeditur
3421 3988 3579 4051 aliud
3622 3988 3711 4045 du-

2192 4085 2392 4158 bium,
2423 4105 2502 4146 an
2533 4086 2582 4145 si
2621 4104 2776 4165 opus
2819 4085 3030 4146 fratris
3070 4086 3148 4144 sit
3191 4084 3270 4145 de
3320 4102 3382 4145 se
3433 4084 3712 4162 peccatum

2193 4177 2476 4251 mortale,
2509 4177 2609 4237 ille
2665 4184 2870 4238 autem
2918 4183 3246 4237 excusetur
3301 4195 3339 4236 a
3387 4176 3558 4253 culpa
3603 4188 3712 4249 pro·

2194 4280 2330 4349 pter
2366 4270 2780 4345 ignorantiam
2827 4268 3278 4337 invincibilem,
3313 4275 3523 4329 tenear
3560 4262 3715 4325 corri-

2193 4380 2358 4439 pere.
2393 4362 2816 4441 Respondetur
2845 4364 3012 4420 enim
3063 4367 3439 4439 praeceptum
3470 4358 3715 4437 spiritua-

2191 4454 2268 4514 lis
2299 4454 2730 4515 misericordiae
2777 4455 3044 4535 proximi
3086 4473 3258 4533 posse
3287 4453 3512 4513 habere
3548 4451 3715 4509 locum

2191 4549 2258 4607 in
2290 4548 2400 4607 tali
2433 4550 2712 4622 materia,
2747 4556 2814 4607 ut
2864 4549 3050 4609 sentit
3097 4549 3398 4608 Antonin.
3422 4591 3441 4620 ,
3485 4550 3520 4607 2
3557 4546 3713 4621 part,

2193 4642 2286 4699 tit.
2324 4642 2382 4713 9,
2417 4641 2510 4720 §4
2537 4663 2552 4713 ;
2583 4640 2912 4718 Sylvester‚
2949 4640 3272 4713 Correoti0‚
3306 4639 3452 4699 dub.
3480 4640 3588 4713 103
3615 4636 3716 4694 An-

2191 4733 2383 4809 geluS,
2416 4733 2634 4793 eodem
2674 4734 2862 4794 verbo
2891 4780 2907 4808 ,
2960 4751 3136 4793 num.
3170 4734 3254 4810 63
3296 4733 3400 4793 sed
3455 4749 3572 4791 non
3611 4741 3718 4786 esse

2189 4832 2318 4886 tam
2343 4826 2754 4898 correctionis,
2790 4845 2975 4905 quam
3001 4826 3189 4887 dandi
3221 4825 3460 4887 consilii
3488 4822 3577 4883 vel
3603 4820 3718 4879 doc-

2193 4918 2394 4978 trinae.
2427 4920 2553 4978 Hoc
2594 4919 2885 4978 ultimum
2915 4925 3104 4997 patet,
3136 4920 3284 4997 quia
3313 4916 3616 4996 proximus
3649 4910 3718 4969 ibi

2193 5029 2317 5071 non
2356 5010 2614 5089 deliquit
2649 5030 2848 5089 neque
2895 5012 3099 5089 periit.
3129 5012 3404 5085 Primum
3435 5024 3571 5067 vero
3598 5022 3718 5064 con-

2193 5109 2342 5177 stat,
2377 5104 2520 5181 quia
2563 5103 2668 5163 illa
2717 5109 2807 5162 est
2846 5104 3128 5181 quaedam
3169 5102 3432 5183 proximi
3476 5096 3714 5163 miseria,

2193 5214 2329 5273 quae
2359 5214 2469 5273 per
2499 5196 2982 5255 misericordiam
3001 5196 3307 5256 sublevari
3333 5197 3522 5272 potest
3547 5195 3602 5249 et
3627 5187 3717 5245 de-

2187 5286 2313 5346 bet.
2348 5288 2649 5365 Urgebis:
2700 5288 2980 5367 quamvis
3023 5289 3102 5347 sit
3138 5286 3441 5367 quoddam
3483 5280 3713 5351 malum,

2186 5398 2314 5439 non
2361 5386 2570 5438 tamen
2614 5381 2935 5440 constituit
2982 5381 3332 5459 proximum
3377 5377 3440 5435 in
3485 5369 3717 5432 necessi-

2185 5477 2314 5533 tate
2333 5516 2355 5551 ,
2387 5490 2528 5531 eum
2559 5480 2887 5535 excusetur
2929 5490 2964 5531 a
2994 5486 3242 5555 peceato
3259 5494 3278 5552 3
3311 5486 3452 5549 ergo
3493 5483 3609 5525 non
3637 5466 3714 5529 cst
