3900 6217
803 864 1772 995 BENEVOLO
1899 864 2719 993 LECTORI.

255 1630 456 1720 Quod
492 1632 842 1707 breviores
865 1634 1066 1709 solito
1105 1651 1466 1733 sequentes
1503 1638 1588 1711 de
1624 1664 1746 1737 spe
1779 1654 1847 1713 et.
1874 1640 2217 1714 charitate
2253 1652 2588 1712 tractatus
2619 1636 2697 1709 in
2737 1636 2957 1709 lucem
2989 1636 3357 1731 prodeant,

161 1729 336 1803 illud
369 1730 721 1826 imprimis
751 1730 1034 1823 (Lector
1058 1734 1402 1831 benevole)
1445 1736 1519 1809 in
1547 1762 1760 1811 causa
1783 1738 1946 1835 fuit,
1983 1736 2167 1835 quod
2202 1736 2438 1810 schola
2464 1735 2646 1831 ipsa,
2676 1735 2791 1807 cui
2812 1732 3103 1807 Soarius
3127 1730 3365 1805 Romae

157 1842 484 1925 proecrat,
521 1853 648 1925 per
681 1828 762 1902 id
797 1843 1064 1926 tempus
1096 1856 1230 1928 quo
1268 1833 1412 1906 haec
1456 1836 1892 1933 proeleqerat,
1939 1838 2136 1932 fusas
2187 1835 2323 1908 late
2370 1858 2453 1907 ac
2504 1832 2878 1905 laciniosas
2930 1847 3361 1905 commenta—-

161 1926 375 1999 tiones
411 1926 842 2023 fastidierit,
904 1952 1122 2025 eaque
1167 1946 1454 2027 propter
1501 1933 1695 2006 illius
1737 1959 1811 2007 se
1865 1934 2127 2032 leqibus
2186 1957 2270 2005 ac
2302 1931 2479 2005 votis
2512 1930 2674 2027 (qui
2710 1929 2993 2026 inqenui
3038 1928 3355 2001 Doctoris

159 2024 420 2097 candor
471 2026 676 2119 erat)
728 2024 942 2121 facile
993 2026 1376 2103 demiserit.
1423 2030 1779 2104 Proeterea
1829 2032 2013 2129 quod
2064 2056 2203 2104 non
2250 2054 2506 2127 pauca,
2562 2028 2647 2100 de
2682 2028 3023 2100 charitate
3058 2050 3359 2121 praeser-

162 2123 307 2204 tim,
369 2122 559 2195 tradi
605 2123 816 2195 solita
861 2125 1214 2197 consultus
1260 2128 1707 2221 praeterierit,
1757 2129 2093 2227 quoniam
2140 2153 2224 2201 ea
2259 2128 2368 2200 vel
2402 2125 2709 2212 omnine,
2754 2126 2864 2197 vel
2921 2122 3363 2219 potissimum

159 2220 232 2292 in
275 2220 585 2315 qratiam
632 2222 1046 2293 conveniant
1071 2276 1090 2311 ,
1150 2247 1360 2319 quam
1421 2222 1712 2299 Soarius
1760 2252 1804 2299 a
1857 2228 2197 2299 charitate
2250 2224 2650 2297 distinctam
2718 2246 2861 2295 esse
2928 2221 3363 2318 probabilius

159 2318 508 2413 opinatur,
569 2318 689 2391 lib.
733 2323 778 2389 6
829 2320 978 2413 ejus
1015 2320 1268 2415 operis,
1308 2346 1464 2418 cap.
1518 2328 1630 2395 12.
1686 2322 2058 2411 Ejusmodi
2106 2337 2269 2396 sunt
2321 2346 2475 2419 quoe
2529 2320 2615 2393 de
2668 2320 2955 2393 entitate
3002 2318 3365 2391 charitatis

156 2416 700 2510 supernaturali,
761 2416 846 2487 de
878 2416 1154 2491 habitus
1202 2420 1684 2515 productione,
1735 2437 2102 2517 auqmento
2152 2436 2219 2493 et
2258 2418 2728 2517 corruptione,
2784 2417 2869 2490 de
2918 2417 2987 2490 vi
3048 2414 3363 2511 sanctifi-

157 2512 366 2584 candi
407 2536 494 2586 ac
541 2514 882 2600 merendi,
930 2514 1067 2588 late
1103 2516 1545 2614 explicantur
1588 2518 1662 2591 in
1706 2521 1948 2593 eodem
1986 2542 2218 2613 opere,
2262 2542 2346 2592 ac
2380 2515 2721 2589 nonnulla
2775 2539 2863 2588 ex
2896 2530 3096 2610 parte
3134 2514 3204 2586 in
3257 2537 3359 2585 re-

159 2611 448 2684 lectione
505 2612 596 2685 de
637 2611 1122 2686 reviviscentia
1169 2616 1606 2703 meritorum,
1657 2632 1823 2705 sect.
1890 2622 1959 2691 3.
2016 2616 2184 2689 Haec
2256 2640 2417 2713 erqo
2478 2613 2804 2687 universa
2866 2610 3099 2710 qratia
3175 2612 3353 2707 ipsa,

155 2732 308 2803 quoe
355 2710 772 2782 charitatem
809 2727 1064 2783 natura
1097 2736 1224 2783 sua
1267 2714 1637 2796 antecedit,
1681 2715 1906 2809 priori
1949 2714 2117 2811 jure
2168 2712 2588 2811 postulabat,
2632 2735 2811 2808 quce,
2871 2710 2933 2782 si
2985 2710 3199 2782 lector
3248 2708 3361 2780 hic

153 2806 450 2901 sortasse
505 2806 878 2899 desideret,
923 2831 1011 2880 ex
1061 2811 1464 2884 monstratis
1511 2811 1678 2884 locis
1720 2811 1993 2885 abunde
2040 2812 2692 2907 suppeditabantur.
2733 2808 2880 2882 Nec
2919 2807 3087 2904 quia
3132 2806 3364 2902 hujus-

153 2904 352 2975 modi
397 2918 754 2995 tractatus‚
800 2930 960 2978 cum
1015 2906 1178 2980 aliis
1230 2933 1400 3005 quos
1427 2908 1589 3005 jam
1631 2925 1874 2983 auctor
1927 2910 2145 3006 proelo
2191 2907 2384 2982 dedit
2434 2906 2702 2995 collati,
2738 2906 3170 3001 anqustiores
3202 2928 3365 2977 eva-

155 3001 404 3090 serint,
444 3004 525 3075 ab
553 3002 750 3075 illius
775 3004 885 3076 vel
924 3004 1202 3100 inqenio
1253 3005 1636 3101 quidquam
1683 3009 1789 3080 vel
1823 3007 2099 3104 judicio
2154 3005 2579 3079 discordant.
2621 3004 2777 3076 Imo
2815 3003 2993 3075 illud
3033 3001 3365 3075 audentes

153 3100 552 3187 asserimus,
596 3100 670 3172 in
706 3101 836 3173 hac
889 3102 1077 3175 brevi
1124 3104 1475 3177 scribendi
1527 3106 1873 3188 methodo,
1926 3131 2085 3179 eum
2120 3128 2260 3177 non
2313 3104 2539 3177 solum
2589 3100 2864 3197 sibiipsi
2914 3124 3155 3195 parem
3186 3155 3204 3188 ,
3242 3100 3365 3171 sed

149 3196 376 3269 videri
423 3198 638 3271 etiam
665 3198 906 3295 aliqua
957 3224 1044 3272 cx
1088 3214 1290 3296 parte
1333 3203 1788 3297 superiorem.
1832 3202 2021 3277 Nam
2060 3202 2249 3275 illius
2281 3198 2617 3299 profundi
2657 3198 2949 3295 inqenii.
2991 3196 3361 3270 acerrimi-

149 3320 276 3389 que
307 3295 580 3390 judicii
608 3296 986 3383 discursus,
1024 3311 1092 3370 et
1124 3299 1481 3372 rationum
1525 3316 1902 3385 momenta,
1962 3324 2117 3397 quoe
2168 3298 2331 3372 aliis
2366 3299 2442 3371 in
2471 3297 2799 3395 operibus
2832 3296 3138 3393 feliciter
3176 3293 3357 3366 dila-

149 3407 414 3481 tantur,
463 3394 576 3466 hic
614 3394 690 3466 in
747 3410 1116 3491 anqustum
1170 3412 1435 3479 coacta,
1477 3411 1543 3471 et
1591 3398 1878 3495 facilius
1937 3396 2651 3493 comprehenduntur,
2696 3418 2821 3465 nec
2883 3392 3143 3465 minori
3202 3416 3363 3462 cum

145 3490 480 3585 efficacia
531 3492 953 3564 concludunt
979 3520 1006 3577 ,·
1057 3494 1229 3567 adeo
1282 3494 1626 3591 quidquid
1669 3495 1743 3568 in
1788 3496 1932 3569 illis
1983 3511 2107 3577 est,
2158 3520 2404 3566 succus
2443 3506 2544 3565 est
2590 3504 2657 3565 et
2691 3490 3001 3587 sanquis,
3043 3490 3228 3586 quod
3256 3489 3365 3561 vel

146 3588 291 3682 ipse
335 3590 710 3684 (benevole
747 3588 1042 3685 Lector)
1084 3593 1556 3687 experimento
1604 3594 1883 3666 edoctus
1924 3593 2229 3674 tandem,
2276 3606 2353 3665 ut
2382 3614 2612 3685 spero,
2674 3589 3181 3683 comprobabis.
3251 3586 3365 3657 cui

145 3710 288 3757 non
319 3687 466 3759 erit
506 3686 800 3783 difficile
835 3711 924 3760 ex
963 3686 1118 3783 ipsa
1162 3688 1366 3783 hujus
1391 3691 1622 3785 operis
1664 3716 1823 3763 cum
1867 3691 2158 3787 reliquis
2186 3689 2658 3770 consensione,
2694 3686 2967 3768 ordine,
3012 3684 3358 3767 methodO,

145 3799 516 3856 auctorem
547 3800 998 3881 utrorumque
1037 3786 1379 3868 divi-nare,
1421 3812 1504 3860 ac
1539 3802 1870 3885 tanquam
1923 3814 2011 3861 ex
2060 3787 2403 3884 unquibus
2448 3786 2713 3859 leonem
2750 3807 3145 3879 aqnoscerc‚
3184 3783 3369 3877 quod

144 3896 222 3952 ut
252 3896 672 3977 promptum
717 3883 833 3964 sit,
881 3884 990 3955 vel
1040 3884 1130 3955 iis
1184 3886 1305 3980 qui
1345 3910 1486 3957 non
1531 3886 1704 3958 adeo
1747 3885 1987 3960 Soarii
2036 3897 2485 3958 monumenta
2532 3882 2985 3965 versaverint‚
3026 3881 3119 3951 ad
3171 3904 3371 3950 mar-

143 3980 386 4074 qinein
434 3980 691 4051 harum
726 3981 810 4053 de
848 4005 968 4075 spe
1020 3996 1088 4053 et
1125 3982 1466 4055 charitate
1521 3983 2073 4079 disputationum
2129 3982 2522 4055 indicamus
2556 4003 2710 4076 quoe
2764 3977 2937 4051 alibi
2974 3977 3082 4051 vel
3127 3977 3371 4049 eadem

145 4078 254 4147 vel
297 4077 568 4173 affinia
597 4076 878 4151 uberius
912 4078 998 4149 ab
1033 4078 1184 4175 ipso
1227 4079 1682 4154 disserantur.
1725 4080 1842 4154 Ita
1895 4080 2082 4154 enim
2114 4078 2232 4175 fiet
2278 4091 2353 4151 ut
2389 4082 2536 4190 ipse
2570 4075 2708 4153 sibi
2750 4090 2994 4149 auctor
3026 4098 3228 4170 opem
3272 4076 3370 4171 fe-

143 4188 282 4256 rat,
325 4174 452 4247 ubi
489 4174 632 4247 sibi
666 4198 837 4270 opus
880 4199 1024 4248 esse
1065 4176 1293 4250 videri
1329 4193 1584 4273 posset,
1630 4180 1822 4253 nullo
1873 4178 2159 4253 aliunde
2212 4175 2480 4251 auxilio
2519 4174 2833 4273 quoesito.

1657 4984 1933 5067 &ob
2030 4918 2167 5013 ‘n‘
