3900 6217
585 428 751 481 SECT.
787 428 869 481 vl.
904 426 988 479 AN
1022 426 1182 477 PAPA
1215 424 1414 477 snm-:L
1446 422 1748 477 EXlSTENS
1777 422 1940 476 PAPA
1974 422 2367 485 NECESSAmo,
2402 423 2531 475 mm
2563 422 2751 485 vivrr,
2787 422 2922 475 ETC.
3234 417 3353 478 315

209 538 343 599 ciens
385 530 698 612 propositio
741 528 928 606 hujus
957 527 1052 589 vel
1093 526 1260 588 illius
1288 525 1558 587 contenti
1597 523 1710 585 sub

210 630 293 691 illa
318 623 702 697 revelatione3
734 622 876 683 talis
903 638 1050 683 vero
1085 618 1422 701 propositio
1446 618 1714 679 habetur

207 741 295 802 per
328 716 715 778 universalem
751 712 1241 776 testificationem
1259 758 1280 788 ,
1323 712 1713 793 approbatio·

207 830 320 876 nem
342 810 602 872 Ecclesiae
618 824 639 887 ;
671 810 834 888 quod
865 809 1048 888 plane
1089 806 1430 887 explicatur
1458 812 1522 867 et
1561 824 1708 868 con·

209 908 446 969 firmatur
501 922 538 963 a
591 902 779 963 simili
825 920 968 962 casu
1004 924 1021 976 ;
1052 916 1374 980 nunquam
1415 900 1582 961 enim
1614 899 1708 960 vi-

205 1002 351 1061 detur
397 998 548 1057 Deus
591 995 892 1058 revelasse
943 995 1310 1074 Episcopum
1355 992 1709 1055 Romanum

205 1112 306 1155 esse
337 1091 524 1171 potius
572 1088 930 1150 Pontificem
963 1088 1291 1149 Summum
1337 1104 1524 1167 quam
1570 1084 1708 1147 Ale-

200 1185 526 1248 xandrinum
557 1228 578 1259 ,
634 1182 782 1262 quia
837 1199 1159 1261 nunquam
1228 1180 1345 1241 hoc
1409 1178 1710 1260 expressit

199 1282 344 1353 Deus,
382 1275 479 1337 sed
523 1276 592 1336 in
637 1274 892 1336 confuso
939 1280 1186 1335 tantum
1235 1272 1412 1349 dixit,
1461 1272 1710 1352 quando

199 1370 448 1434 revelavit
485 1369 664 1430 Petro
709 1368 1074 1447 dignitatem
1129 1374 1190 1429 et
1237 1368 1706 1439 successionem,

199 1466 312 1545 quia
334 1462 464 1524 talis
500 1460 798 1523 revelatio
841 1478 970 1522 sese
1009 1461 1280 1523 ostendit
1324 1466 1387 1522 et
1437 1460 1598 1521 cadit
1641 1460 1710 1521 in

197 1576 276 1619 eos
305 1557 638 1636 Episcopos,
681 1554 782 1616 vel
809 1555 875 1615 in
904 1572 1123 1617 eorum
1167 1554 1606 1634 episcopatum,
1642 1554 1708 1615 in

197 1670 290 1731 qno
312 1652 472 1711 Petro
499 1648 870 1723 succeditur,
910 1654 1235 1727 postquam
1267 1647 1374 1708 illa
1413 1646 1710 1707 successio

199 1744 523 1805 sufficienter
567 1747 664 1802 est
703 1740 982 1802 Ecclesiae
1025 1741 1334 1823 proposita
1363 1758 1488 1827 per·
1523 1740 1708 1800 tradi-

198 1838 407 1912 tionem,
427 1836 520 1897 vel
545 1836 962 1897 universalem
987 1835 1448 1896 consensionem
1471 1852 1487 1905 ;
1511 1850 1708 1912 quan-

198 1932 256 1991 do
289 1947 418 1990 vero
466 1928 943 2007 intelligendum
994 1931 1072 1990 sit
1115 1929 1251 1989 dari
1300 1926 1704 1988 sufficientem

199 2022 657 2103 propositionem,
683 2023 774 2083 ita
801 2027 872 2082 ut
918 2039 1132 2082 omnes
1158 2020 1412 2099 obliget,
1445 2020 1704 2100 quibus-

198 2117 306 2175 dam
329 2116 564 2176 videtur
587 2122 740 2177 tune
771 2116 932 2191 dari,
959 2134 1102 2176 cum
1126 2115 1244 2175 rite
1282 2120 1344 2176 et
1374 2132 1517 2175 vere
1546 2114 1707 2177 elec—

197 2217 290 2284 tn5‚
315 2215 482 2287 atque
505 2208 668 2269 adeo
695 2226 877 2269 verus
905 2208 1186 2269 Pontifex
1213 2208 1615 2289 proponitur;
1647 2213 1710 2268 et

193 2303 282 2362 hoc
304 2302 534 2380 quidem
558 2300 874 2363 sufficiens
901 2308 993 2363 est
1019 2308 1090 2363 ut
1115 2318 1193 2362 ex
1231 2308 1535 2382 praecepto
1558 2301 1707 2363 obe-

195 2396 394 2456 ‹lientiae
435 2401 494 2455 et
531 2394 856 2456 charitatis
898 2400 1224 2457 teneamur
1273 2394 1381 2455 tali
1423 2394 1705 2456 Pontifici

195 2488 423 2561 obedire,
469 2494 662 2566 atque
707 2494 778 2547 ut
817 2506 945 2548 non
995 2488 1186 2567 possit
1226 2487 1530 2567 quispiam
1562 2488 1706 2566 jure

197 2580 254 2640 ab
277 2580 366 2641 illo
402 2579 680 2659 disjungi
718 2582 852 2642 sine
891 2580 1218 2641 schismate
1239 2596 1260 2657 3
1304 2586 1580 2641 attamen
1609 2580 1704 2641 lo-

197 2674 410 2752 quendo,
451 2680 520 2733 ut
567 2675 804 2753 reipsa
843 2673 1204 2753 loquimur,⁸
1231 2672 1308 2733 de
1361 2673 1708 2733 assensione

199 2784 278 2845 per
303 2766 492 2840 fidem,
525 2766 792 2827 fortasse
823 2786 948 2827 non
989 2769 1108 2827 erit
1151 2764 1455 2826 sufficiens
1481 2784 1705 2846 propo-

202 2860 318 2932 sitio,
356 2859 543 2919 donec
587 2858 912 2920 moraliter
951 2866 1189 2921 constet
1225 2860 1400 2920 illum
1433 2877 1564 2920 esse
1607 2877 1706 2919 ac-

208 2956 449 3029 ceptatum
475 2970 515 3012 a
537 2956 678 3012 tota
705 2952 997 3029 Ecclesia,
1035 2958 1098 3014 et
1122 2952 1372 3032 pacifice
1399 2953 1707 3033 possidere

209 3064 334 3103 sunm
359 3046 722 3125 primatum,
774 3052 960 3125 atque
1002 3046 1158 3107 adeo
1203 3064 1378 3127 posse
1433 3046 1707 3127 obligare

203 3156 368 3199 omnes
413 3136 628 3201 fideles
673 3139 751 3198 ad
797 3138 1176 3200 credendum
1217 3140 1517 3221 quidquid
1557 3140 1706 3201 defi-

203 3232 370 3306 nierit3
401 3238 548 3311 tunc
590 3234 766 3294 enim
818 3234 1155 3295 certissime
1196 3236 1568 3296 credendum
1617 3251 1709 3296 est

200 3341 291 3383 non
313 3342 468 3403 posse
496 3326 784 3389 accidere
814 3344 1084 3388 errorem
1127 3330 1193 3388 in
1237 3328 1570 3390 universali
1599 3331 1710 3389 Ec-

199 3416 338 3477 clesia
365 3419 422 3477 in
450 3436 516 3479 re
561 3420 724 3481 adeo
755 3421 953 3499 gravi,
1000 3420 1199 3500 qualis
1235 3428 1393 3483 esset
1430 3422 1707 3503 deceptio

199 3507 245 3567 in
281 3511 392 3590 ipsa
423 3514 563 3573 viva
621 3514 845 3593 regula
887 3514 1032 3575 fidei
1076 3514 1411 3589 credenda,
1456 3533 1602 3576 nam
1655 3515 1706 3575 is

199 3619 328 3664 error
349 3607 836 3685 aequipararetur
885 3608 1080 3668 errori
1119 3609 1186 3668 in
1226 3606 1389 3682 flde3
1441 3608 1491 3667 si
1536 3608 1704 3668 enim

199 3696 366 3772 regula
390 3704 590 3778 posset
619 3716 753 3760 esse
781 3698 954 3774 falsa,
987 3700 1175 3762 etiam
1202 3699 1574 3779 regulatum,
1613 3706 1704 3761 at-

199 3806 286 3865 que
319 3792 363 3849 si
410 3790 822 3854 intolerabilis
867 3810 1038 3853 error
1085 3799 1242 3854 esset
1291 3795 1359 3854 in
1411 3794 1701 3869 Ecclesia,

200 3882 396 3957 quando
422 3890 547 3945 tota
571 3886 856 3947 crederet
896 3886 1126 3947 librum
1153 3886 1428 3965 aliquem
1453 3903 1582 3946 esse
1609 3904 1709 3946 ca-

200 3976 462 4051 nonicum,
492 3978 603 4057 qui
633 3996 780 4039 vere
805 3996 934 4039 non
963 3984 1144 4054 esset,
1187 3996 1328 4038 eum
1356 3985 1569 4039 tamen
1601 3978 1706 4040 ille

201 4066 258 4123 sit
295 4070 560 4145 quaedam
611 4072 833 4150 regula
887 4072 1035 4133 fidei
1087 4072 1455 4148 inanimata,
1507 4072 1706 4133 multo

201 4157 588 4227 intolerabilius
633 4172 792 4227 esset
841 4184 1050 4228 errare
1085 4168 1175 4227 ‚in
1239 4166 1382 4227 viva
1452 4167 1703 4246 regula;

204 4252 316 4327 quin
339 4259 549 4334 potius,
581 4260 642 4320 si
688 4260 848 4321 circa
894 4260 1056 4321 hanc
1101 4266 1305 4340 posset
1339 4260 1528 4321 semel
1569 4260 1707 4321 dari

204 4362 334 4406 error
369 4349 430 4410 in
462 4352 803 4413 universali
849 4352 1153 4428 Ecclesia,
1201 4370 1523 4433 nunquam
1552 4359 1710 4414 esset

205 4455 374 4498 verum
399 4442 560 4504 illam
597 4445 829 4506 habere
858 4452 1090 4506 certam
1115 4451 1177 4507 et
1199 4443 1588 4505 infallibilem
1612 4465 1708 4508 re-

206 4531 368 4606 gulam
395 4536 592 4599 vivam
617 4537 764 4598 fidei
793 4538 911 4599 sibi
947 4538 1330 4619 loquentem,
1351 4537 1573 4598 Christi
1599 4558 1709 4599 no-

207 4642 355 4687 mine.

265 4722 316 4780 7.
351 4720 440 4785 Aa
486 4728 806 4788 secundum
857 4728 1277 4808 aryumentam
1333 4724 1477 4788 ibid.
1509 4726 1704 4788 -Ad

210 4815 492 4877 secundum
522 4818 928 4895 respondetur
952 4818 1041 4878 ita
1063 4818 1333 4898 pendere
1361 4818 1521 4879 hanc
1547 4820 1705 4879 veri-

211 4910 358 4968 tatem
395 4908 466 4970 ab
509 4910 788 4973 humano
829 4911 1186 4972 testimonio
1203 4956 1223 4987 ,
1277 4913 1435 4972 sicut
1481 4912 1708 4991 pendet

213 4996 328 5059 fides
353 5016 385 5060 a
409 5009 802 5083 proponente,
823 5010 886 5065 et
903 5003 1044 5064 ideo
1069 5003 1229 5064 nihil
1252 5004 1549 5083 derogare
1577 5022 1708 5064 cer-

215 5089 414 5155 titudini
437 5096 611 5176 fidei3
641 5098 718 5159 de
755 5096 894 5157 aliis
919 5114 1104 5176 porro
1131 5096 1585 5159 conditionibus
1601 5114 1708 5159 're-

218 5184 424 5263 quisuis,
446 5189 771 5251 dicendum
805 5189 942 5249 illas
970 5206 1080 5269 per
1101 5207 1166 5249 se
1195 5190 1396 5268 primo
1419 5208 1548 5251 non
1571 5208 1708 5271 per-

219 5275 370 5340 tinere
401 5281 474 5341 ad
505 5282 713 5359 fldem,
747 5282 852 5343 sed
882 5300 1012 5343 esse
1062 5283 1238 5361 quasi
1285 5282 1706 5344 conclusiones

219 5366 546 5450 theologicas,
596 5394 730 5457 quae
775 5376 1202 5437 consecutione
1238 5376 1506 5455 quadam
1551 5376 1706 5437 infe-

223 5470 428 5542 runtur;
456 5468 792 5531 sicutenim
823 5488 900 5531 ex
943 5468 1069 5529 fine
1110 5474 1451 5547 sequuntur
1473 5470 1701 5545 media,

227 5551 290 5613 ita
311 5574 454 5622 exeo
479 5565 632 5647 quod
661 5566 820 5626 Deus
850 5560 1114 5645 contulit
1133 5562 1416 5627 Ecclesiae
1447 5568 1517 5623 ut
1546 5580 1707 5626 nun·

1793 542 1982 605 quam
2024 531 2209 600 erret,
2254 531 2319 587 et
2353 542 2503 586 vera
2528 541 2771 599 semper
2797 528 3009 584 utatur
3038 523 3255 602 regula
3284 524 3353 586 in

1790 619 1977 681 rebus
2022 618 2171 681 fidei
2206 616 2527 680 credendis
2553 663 2572 692 ,
2621 622 3067 695 consequenter
3100 618 3352 697 speciali

1790 732 1938 774 cura
1966 713 2260 793 disponit,
2290 718 2360 775 ut
2399 714 2453 774 is
2482 712 2591 792 qui
2636 712 2715 773 ad
2753 712 2941 773 talem
2980 711 3351 789 dignitatem

1789 805 2066 886 eligitur,
2107 824 2209 867 eas
2238 824 2453 867 omnes
2496 805 2879 866 conditiones
2909 802 3169 880 habeat,
3214 824 3351 883 quas

1789 900 1868 961 ad
1933 899 2106 962 illam
2168 918 2312 961 vere
2369 898 2821 980 suscipiendam
2872 902 3019 959 sunt
3075 916 3352 960 necessa-

1787 994 1918 1056 riae.

1870 1090 1931 1151 8.
1971 1088 2075 1153 Act
2105 1090 2355 1153 ter-timu
2400 1088 2544 1152 ibid.
2578 1120 2661 1135 —-
2684 1087 2776 1149 Ad
2804 1087 3057 1151 tertium
3088 1094 3352 1168 negatur

1788 1183 2177 1258 antecedens,
2204 1182 2375 1244 nulla
2402 1182 2571 1243 enim
2601 1180 2677 1241 de
2707 1198 2779 1241 ea
2806 1199 2874 1241 re
2900 1187 3070 1241 extat
3096 1181 3351 1241 historia

1788 1274 1911 1336 fide
1939 1274 2173 1353 digna3
2222 1276 2446 1336 accidit
2468 1275 2721 1355 quidem
2774 1274 3105 1354 aliquando
3148 1273 3350 1345 Eccle-

1790 1367 1946 1429 siam
1984 1387 2113 1429 non
2156 1386 2491 1448 agnoscere
2528 1385 2641 1447 pro
2674 1373 2951 1447 tempore
3000 1366 3209 1447 aliquo
3248 1384 3352 1427 ve-

1788 1480 1930 1523 rum
1976 1467 2037 1522 et
2080 1468 2317 1524 certum
2346 1466 2686 1543 pastorem3
2716 1462 3093 1541 conspirasse
3140 1466 3352 1521 autem

1787 1560 1983 1615 totam
2030 1556 2096 1617 in
2146 1572 2343 1616 unum
2390 1554 2618 1616 falsum
2672 1558 2887 1633 caput,
2942 1552 3352 1615 existimando

1789 1647 2021 1708 scilicet
2048 1666 2267 1709 verum
2318 1666 2447 1711 esse
2476 1650 2704 1727 Papam
2735 1646 2845 1727 qui
2877 1664 3060 1708 verus
3096 1665 3223 1707 non
3254 1664 3353 1707 es-

1789 1746 1905 1816 set,
1932 1760 2255 1822 nunquam
2287 1742 2539 1813 accidit3
2576 1758 2777 1819 neque
2806 1758 2883 1803 ex
2906 1740 3095 1819 priori
3118 1740 3353 1800 incom-

1786 1835 1972 1895 modo
2000 1842 2199 1915 potest
2222 1840 2661 1915 argumentum
2700 1834 2863 1895 sumi
2912 1834 2991 1894 ad
3025 1834 3348 1910 posterius,

1786 1946 1913 1987 non
1937 1929 2105 1989 enim
2134 1934 2278 1990 sunt
2311 1930 2520 2010 paria3
2552 1928 2716 2008 quod
2751 1929 2919 1990 enim
2942 1928 3209 1989 Ecclesia
3240 1928 3352 1988 ali-

1785 2040 1907 2101 quo
1940 2026 2219 2101 tempore
2245 2041 2375 2084 non
2420 2027 2711 2101 agnoscat
2736 2028 2971 2082 certum
3015 2028 3347 2101 pastorem,

1788 2120 1880 2176 est
1917 2116 2169 2195 quidem
2219 2134 2347 2177 non
2400 2132 2663 2196 parvum
2708 2114 2991 2177 Ecclesiae
3019 2115 3352 2177 detrimen-

1787 2214 1945 2282 tum,
1974 2214 2185 2269 tamen
2223 2227 2351 2270 non
2382 2211 2637 2289 exponit
2664 2209 2835 2270 illam
2866 2208 3140 2289 periculo
3174 2207 3353 2268 falso-

1786 2318 1928 2360 rum
1989 2302 2353 2381 dogmatum
2385 2348 2403 2377 ,
2464 2308 2527 2363 et
2576 2302 2859 2382 perpetui
2911 2301 3233 2380 cujusdam
3289 2306 3353 2362 et

1789 2394 1966 2473 quasi
2014 2394 2431 2474 irreparabilis
2487 2396 2739 2469 damni,
2788 2396 2931 2474 quia
2979 2396 3191 2455 omnia
3244 2392 3353 2454 illa

1789 2505 1925 2567 quae
1951 2506 2065 2567 per
2104 2488 2169 2547 id
2214 2495 2459 2569 tempus
2488 2488 2839 2550 efficiuntur
2874 2499 2914 2549 a·
2953 2486 3351 2549 Pontificibus

1789 2579 2015 2655 dubiis,
2040 2581 2247 2642 valida
2284 2600 2411 2643 esse
2439 2588 2759 2663 nequeunt
2786 2583 2919 2643 sine
2964 2600 3113 2643 vera
3140 2586 3352 2643 aucto-

1787 2674 1973 2733 ritate
2004 2674 2340 2753 pontificia.
2370 2676 2545 2736 Unde
2584 2694 2714 2737 non
2756 2675 3193 2736 existimantur
3219 2692 3351 2735 cer-

1784 2771 1875 2841 ta,
1905 2766 2099 2827 donec
2131 2785 2237 2846 per
2283 2768 2703 2830 indubitatum
2754 2771 2985 2848 Papam
3030 2767 3351 2829 stabilian-

1785 2862 1925 2937 tur3
1956 2859 2009 2919 si
2059 2878 2205 2921 vero
2252 2860 2441 2922 falsus
2485 2862 2765 2922 Pontifex
2812 2860 3196 2922 indubitatus
3240 2860 3351 2921 ha·-

1786 2951 2059 3029 beretur,
2087 2953 2300 3014 omnia
2323 2954 2535 3015 abillo
2564 2953 2819 3015 definita
2846 2959 2909 3014 et
2940 2952 3101 3013 facta
3139 2952 3347 3014 certis-

1789 3045 1946 3105 sima
1988 3047 2523 3122 existimarentur,
2565 3064 2709 3107 cum
2756 3052 2969 3108 tamen
2994 3044 3349 3107 infallibilia

1789 3156 1918 3198 non
1960 3145 2179 3201 essent.

1867 3234 1926 3294 9.
1973 3231 2077 3296 Aa
2098 3240 2379 3314 quartum
2404 3232 2730 3297 ibat—Ad
2775 3240 3064 3313 quartum
3098 3250 3338 3313 respon·

1787 3325 1971 3387 detur
1997 3326 2061 3387 id
2099 3328 2353 3389 fortasse
2379 3328 2759 3406 contingere,
2790 3328 2937 3406 quia
2970 3334 3177 3388 nostra
3215 3326 3348 3387 haec

1787 3420 2093 3480 sententia
2122 3419 2197 3480 de
2227 3419 2347 3482 fide
2370 3439 2498 3481 non
2520 3426 2630 3481 est.
2652 3420 2931 3481 Secundo
2960 3420 3187 3480 dicitur
3217 3438 3348 3479 om-

1787 3512 1895 3573 nia
1921 3512 2252 3573 schismata
2286 3510 2414 3575 fere
2456 3532 2697 3593 semper
2744 3514 2936 3590 nasci,
2984 3514 3347 3593 priusquam

1786 3623 1971 3666 verus
2024 3606 2307 3667 Pontifex
2356 3607 2589 3687 absque
2641 3607 3055 3667 controversia
3088 3606 3168 3665 ab
3206 3605 3341 3666 uni·

1787 3716 1968 3759 versa
2012 3699 2283 3760 Ecclesia
2328 3705 2607 3780 receptus
2646 3700 2762 3773 sit3
2817 3698 2868 3759 si
2906 3704 3117 3759 tamen
3158 3697 3347 3758 homo

1787 3790 2011 3870 aliquis
2046 3791 2145 3851 vel
2168 3790 2439 3853 Ecclesia
2468 3790 2855 3871 particularis
2899 3808 3065 3851 nunc
3092 3798 3348 3868 negaret

1787 3883 2230 3959 obedientiam,
2256 3883 2428 3945 verbi
2456 3885 2682 3962 gratia,
2710 3884 3007 3963 Gregorio
3044 3884 3200 3958 Xlll,
3230 3902 3339 3945 ne-

1786 3976 1993 4055 gando
2048 3976 2233 4037 simul
2274 3995 2404 4038 esse
2458 3977 2635 4039 illum
2684 3994 2903 4037 verum
2947 3974 3301 4038 Pontificem
3321 4023 3341 4053 ,

1787 4070 1950 4130 Petri
1990 4086 2425 4138 successorem,
2454 4088 2583 4131 non
2609 4069 2789 4130 video
2817 4070 3125 4149 quomodo
3148 4077 3347 4149 posset

1785 4162 1864 4223 ab
1893 4164 2112 4223 haeresi
2153 4164 2469 4239 excusari,
2526 4163 2723 4243 magis
2757 4182 2947 4243 quam
2998 4166 3048 4224 si
3092 4170 3349 4243 negaret

1785 4258 2135 4320 Romanum
2164 4260 2529 4339 Episcopum
2560 4258 2726 4319 Petri
2756 4277 3165 4320 successorem
3189 4276 3341 4321 esse.

2397 4499 2616 4555 sssc'rto
2649 4500 2732 4553 Vl.

1785 4682 1888 4747 Aa
1935 4704 2115 4749 verus
2170 4688 2349 4749 semel
2395 4688 2573 4768 Papa
2623 4686 2955 4751 necesean‘o
3008 4689 3151 4751 dum
3196 4687 3347 4751 vivit

1867 4779 2094 4841 existat
2137 4778 2342 4860 Papa,
2394 4780 2486 4842 vel
2532 4780 2729 4861 possit
2768 4779 2977 4861 aliqua
3028 4781 3261 4843 rationo
3308 4799 3347 4845 a

1865 4872 2167 4953 dignitate
2192 4872 2420 4936 cadere.

1872 5102 1927 5160 1.
1974 5100 2197 5162 Prima
2228 5098 2488 5163 assertio
2504 5100 2801 5183 probatur
2831 5118 2906 5163 em
2918 5100 3086 5181 jure.
3103 5132 3185 5147 —
3200 5100 3348 5162 Dico

1787 5193 1990 5271 primo
2038 5192 2395 5254 Pontificem
2430 5212 2605 5272 posse
2644 5193 2966 5254 voluntate
3009 5212 3119 5254 sua
3145 5194 3349 5272 digni-

1785 5292 1977 5347 tatem
2018 5286 2347 5366 deponere.
2397 5288 2487 5347 Ita
2530 5285 2825 5347 definitur
2851 5303 2985 5365 cap.
3032 5288 3058 5345 1
3111 5286 3190 5346 de
3230 5285 3349 5348 Re-

1785 5380 2199 5455 nuntiatione,
2237 5380 2303 5440 in
2346 5380 2406 5449 6,
2440 5380 2612 5440 etita
2641 5376 2977 5458 ali‘quaudo
3018 5378 3346 5458 contigisse

1784 5472 1980 5551 liquet
2003 5492 2079 5533 ex
2107 5473 2415 5549 historiis3
2446 5472 2865 5532 controversia
2908 5490 3054 5532 vero
3083 5488 3211 5533 esse
3240 5491 3349 5552 po-

1786 5571 1907 5631 test
1937 5582 2046 5647 an,
2086 5572 2157 5627 ut
2184 5565 2566 5631 renuntiatio
2600 5564 2737 5645 ejus
2782 5564 2987 5627 valeat
3006 5610 3028 5645 ,
3066 5570 3349 5650 oporteat

3822 5358 3841 6186 —mffl—ss-——ssa—
3824 4350 3841 5351 nam-„Q-n—
3838 4250 3840 4255 .
3839 4214 3840 4221 s
