<?xml version="1.0" encoding="UTF-8"?>
<!DOCTYPE html PUBLIC "-//W3C//DTD XHTML 1.0 Transitional//EN"
    "http://www.w3.org/TR/xhtml1/DTD/xhtml1-transitional.dtd">
<html xmlns="http://www.w3.org/1999/xhtml" xml:lang="en" lang="en">
 <head>
  <title>
</title>
<meta http-equiv="Content-Type" content="text/html;charset=utf-8" />
  <meta name='ocr-system' content='tesseract 3.04.00' />
  <meta name='ocr-capabilities' content='ocr_page ocr_carea ocr_par ocr_line ocrx_word'/>
</head>
<body>
  <div class='ocr_page' id='page_1' title='image "./rpfranciscisuar00duvagoog_0225.png"; bbox 0 0 3900 6217; ppageno 0'>
   <div class='ocr_carea' id='block_1_1' title="bbox 541 389 2887 458">
    <p class='ocr_par' dir='ltr' id='par_1_1' title="bbox 541 389 2887 458">
     <span class='ocr_line' id='line_1_1' title="bbox 541 389 2887 458; baseline -0.002 -8"><span class='ocrx_word' id='word_1_1' title='bbox 541 397 696 450; x_wconf 75' lang='lat' dir='ltr'><strong>SECT.</strong></span> <span class='ocrx_word' id='word_1_2' title='bbox 735 397 795 450; x_wconf 89' lang='lat'><strong>11.</strong></span> <span class='ocrx_word' id='word_1_3' title='bbox 833 397 916 448; x_wconf 75' lang='lat' dir='ltr'><strong>AN</strong></span> <span class='ocrx_word' id='word_1_4' title='bbox 945 392 1128 448; x_wconf 64' lang='lat' dir='ltr'><strong>Fines</strong></span> <span class='ocrx_word' id='word_1_5' title='bbox 1155 393 1472 458; x_wconf 68' lang='lat' dir='ltr'><strong>REQUIRAT</strong></span> <span class='ocrx_word' id='word_1_6' title='bbox 1504 391 1778 447; x_wconf 67' lang='lat' dir='ltr'><strong>naturum</strong></span> <span class='ocrx_word' id='word_1_7' title='bbox 1812 393 1874 444; x_wconf 83' lang='grc' dir='ltr'><strong>ΙΝ</strong></span> <span class='ocrx_word' id='word_1_8' title='bbox 1907 389 2298 455; x_wconf 74' lang='lat' dir='ltr'><strong>VOLUNTATE,</strong></span> <span class='ocrx_word' id='word_1_9' title='bbox 2336 393 2415 445; x_wconf 74' lang='lat' dir='ltr'><strong>ET</strong></span> <span class='ocrx_word' id='word_1_10' title='bbox 2444 389 2716 457; x_wconf 67' lang='lat' dir='ltr'><strong>QUALEM,</strong></span> <span class='ocrx_word' id='word_1_11' title='bbox 2752 393 2887 448; x_wconf 76' lang='lat' dir='ltr'><strong>mc.</strong></span> 
     </span>
    </p>
   </div>
   <div class='ocr_carea' id='block_1_2' title="bbox 3182 389 3299 452">
    <p class='ocr_par' dir='ltr' id='par_1_2' title="bbox 3182 389 3299 452">
     <span class='ocr_line' id='line_1_2' title="bbox 3182 389 3299 452; baseline 0 -1"><span class='ocrx_word' id='word_1_12' title='bbox 3182 389 3299 452; x_wconf 73' lang='lat'><strong>207</strong></span> 
     </span>
    </p>
   </div>
   <div class='ocr_carea' id='block_1_3' title="bbox 212 493 3305 666">
    <p class='ocr_par' dir='ltr' id='par_1_3' title="bbox 212 493 3305 666">
     <span class='ocr_line' id='line_1_3' title="bbox 212 493 3305 585; baseline -0.005 -10"><span class='ocrx_word' id='word_1_13' title='bbox 212 521 326 585; x_wconf 85' lang='lat' dir='ltr'><strong>tem3</strong></span> <span class='ocrx_word' id='word_1_14' title='bbox 370 509 420 565; x_wconf 87' lang='lat' dir='ltr'><strong>et</strong></span> <span class='ocrx_word' id='word_1_15' title='bbox 454 501 527 562; x_wconf 85' lang='lat' dir='ltr'><strong>ita</strong></span> <span class='ocrx_word' id='word_1_16' title='bbox 553 497 730 558; x_wconf 89' lang='lat' dir='ltr'><strong>simul</strong></span> <span class='ocrx_word' id='word_1_17' title='bbox 776 513 1142 576; x_wconf 86' lang='lat' dir='ltr'><strong>responsum</strong></span> <span class='ocrx_word' id='word_1_18' title='bbox 1170 503 1262 556; x_wconf 87' lang='lat' dir='ltr'><strong>est</strong></span> <span class='ocrx_word' id='word_1_19' title='bbox 1311 496 1391 556; x_wconf 92' lang='lat' dir='ltr'><strong>ad</strong></span> <span class='ocrx_word' id='word_1_20' title='bbox 1437 493 1660 556; x_wconf 87' lang='lat' dir='ltr'><strong>funda-</strong></span> <span class='ocrx_word' id='word_1_21' title='bbox 1741 495 2070 568; x_wconf 85' lang='lat' dir='ltr'><strong>virtutum,</strong></span> <span class='ocrx_word' id='word_1_22' title='bbox 2108 511 2235 554; x_wconf 87' lang='lat' dir='ltr'><strong>non</strong></span> <span class='ocrx_word' id='word_1_23' title='bbox 2276 499 2368 554; x_wconf 86' lang='lat' dir='ltr'><strong>est</strong></span> <span class='ocrx_word' id='word_1_24' title='bbox 2393 493 2654 554; x_wconf 88' lang='lat' dir='ltr'><strong>dubium</strong></span> <span class='ocrx_word' id='word_1_25' title='bbox 2696 494 2851 574; x_wconf 89' lang='lat' dir='ltr'><strong>quin</strong></span> <span class='ocrx_word' id='word_1_26' title='bbox 2886 494 3041 556; x_wconf 87' lang='lat' dir='ltr'><strong>fides</strong></span> <span class='ocrx_word' id='word_1_27' title='bbox 3082 514 3305 576; x_wconf 80' lang='lat' dir='ltr'><strong>praece-</strong></span> 
     </span>
     <span class='ocr_line' id='line_1_4' title="bbox 212 586 3302 666; baseline -0.004 -1"><span class='ocrx_word' id='word_1_28' title='bbox 212 607 421 666; x_wconf 79' lang='lat' dir='ltr'><strong>mentum</strong></span> <span class='ocrx_word' id='word_1_29' title='bbox 444 590 734 654; x_wconf 78' lang='lat' dir='ltr'><strong>contrariae</strong></span> <span class='ocrx_word' id='word_1_30' title='bbox 761 591 1104 651; x_wconf 75' lang='lat' dir='ltr'><strong>sententiae.</strong></span> <span class='ocrx_word' id='word_1_31' title='bbox 1161 588 1254 650; x_wconf 85' lang='lat' dir='ltr'><strong>Ad</strong></span> <span class='ocrx_word' id='word_1_32' title='bbox 1277 589 1659 649; x_wconf 84' lang='lat' dir='ltr'><strong>numeratio·</strong></span> <span class='ocrx_word' id='word_1_33' title='bbox 1738 586 1846 647; x_wconf 87' lang='lat' dir='ltr'><strong>dat</strong></span> <span class='ocrx_word' id='word_1_34' title='bbox 1889 587 2130 648; x_wconf 88' lang='lat' dir='ltr'><strong>ratione</strong></span> <span class='ocrx_word' id='word_1_35' title='bbox 2171 587 2271 647; x_wconf 89' lang='lat' dir='ltr'><strong>sui</strong></span> <span class='ocrx_word' id='word_1_36' title='bbox 2316 587 2556 666; x_wconf 87' lang='lat' dir='ltr'><strong>generis</strong></span> <span class='ocrx_word' id='word_1_37' title='bbox 2592 594 2655 648; x_wconf 88' lang='lat' dir='ltr'><strong>et</strong></span> <span class='ocrx_word' id='word_1_38' title='bbox 2695 587 2942 666; x_wconf 87' lang='lat' dir='ltr'><strong>objecti.</strong></span> <span class='ocrx_word' id='word_1_39' title='bbox 2986 589 3049 651; x_wconf 87' lang='lat' dir='ltr'><strong>Si</strong></span> <span class='ocrx_word' id='word_1_40' title='bbox 3092 597 3302 652; x_wconf 89' lang='lat' dir='ltr'><strong>autem</strong></span> 
     </span>
    </p>
   </div>
   <div class='ocr_carea' id='block_1_4' title="bbox 139 683 1692 5427">
    <p class='ocr_par' dir='ltr' id='par_1_4' title="bbox 186 683 1674 2438">
     <span class='ocr_line' id='line_1_5' title="bbox 210 683 1656 762; baseline -0.011 -6"><span class='ocrx_word' id='word_1_41' title='bbox 210 711 315 756; x_wconf 84' lang='lat' dir='ltr'><strong>nem</strong></span> <span class='ocrx_word' id='word_1_42' title='bbox 347 694 516 749; x_wconf 86' lang='lat' dir='ltr'><strong>autem</strong></span> <span class='ocrx_word' id='word_1_43' title='bbox 557 683 852 743; x_wconf 81' lang='lat' dir='ltr'><strong>virtutum</strong></span> <span class='ocrx_word' id='word_1_44' title='bbox 894 683 1433 756; x_wconf 78' lang='lat' dir='ltr'><strong>intellectualium,</strong></span> <span class='ocrx_word' id='word_1_45' title='bbox 1467 699 1656 762; x_wconf 87' lang='lat' dir='ltr'><strong>quam</strong></span> 
     </span>
     <span class='ocr_line' id='line_1_6' title="bbox 215 774 1660 856; baseline -0.009 -8"><span class='ocrx_word' id='word_1_46' title='bbox 215 781 482 850; x_wconf 75' lang='lat' dir='ltr'><strong>Aristoteles</strong></span> <span class='ocrx_word' id='word_1_47' title='bbox 506 774 654 850; x_wconf 78' lang='lat' dir='ltr'><strong>feeit,</strong></span> <span class='ocrx_word' id='word_1_48' title='bbox 687 775 1093 856; x_wconf 89' lang='lat' dir='ltr'><strong>respondetur</strong></span> <span class='ocrx_word' id='word_1_49' title='bbox 1122 776 1399 837; x_wconf 86' lang='lat' dir='ltr'><strong>locutum</strong></span> <span class='ocrx_word' id='word_1_50' title='bbox 1426 793 1558 836; x_wconf 87' lang='lat' dir='ltr'><strong>esse</strong></span> <span class='ocrx_word' id='word_1_51' title='bbox 1582 774 1660 835; x_wconf 88' lang='lat' dir='ltr'><strong>de</strong></span> 
     </span>
     <span class='ocr_line' id='line_1_7' title="bbox 207 868 1663 948; baseline -0.009 -8"><span class='ocrx_word' id='word_1_52' title='bbox 207 875 457 939; x_wconf 80' lang='lat' dir='ltr'><strong>virtutibus</strong></span> <span class='ocrx_word' id='word_1_53' title='bbox 488 870 784 948; x_wconf 77' lang='lat' dir='ltr'><strong>acquisitis</strong></span> <span class='ocrx_word' id='word_1_54' title='bbox 813 889 830 943; x_wconf 85' lang='lat'>;</span> <span class='ocrx_word' id='word_1_55' title='bbox 861 888 987 931; x_wconf 91' lang='lat' dir='ltr'><strong>non</strong></span> <span class='ocrx_word' id='word_1_56' title='bbox 1026 870 1194 932; x_wconf 90' lang='lat' dir='ltr'><strong>enim</strong></span> <span class='ocrx_word' id='word_1_57' title='bbox 1230 871 1522 947; x_wconf 86' lang='lat' dir='ltr'><strong>cognovit</strong></span> <span class='ocrx_word' id='word_1_58' title='bbox 1565 868 1663 928; x_wconf 91' lang='lat' dir='ltr'><strong>in-</strong></span> 
     </span>
     <span class='ocr_line' id='line_1_8' title="bbox 207 961 1663 1044; baseline -0.008 -10"><span class='ocrx_word' id='word_1_59' title='bbox 207 975 342 1044; x_wconf 63' lang='lat' dir='ltr'><strong>snas,</strong></span> <span class='ocrx_word' id='word_1_60' title='bbox 365 983 530 1044; x_wconf 86' lang='lat' dir='ltr'><strong>neque</strong></span> <span class='ocrx_word' id='word_1_61' title='bbox 581 965 769 1025; x_wconf 86' lang='lat' dir='ltr'><strong>etiam</strong></span> <span class='ocrx_word' id='word_1_62' title='bbox 813 963 1067 1024; x_wconf 88' lang='lat' dir='ltr'><strong>modum</strong></span> <span class='ocrx_word' id='word_1_63' title='bbox 1117 962 1494 1025; x_wconf 79' lang='lat' dir='ltr'><strong>assentiendi</strong></span> <span class='ocrx_word' id='word_1_64' title='bbox 1523 961 1663 1023; x_wconf 87' lang='lat' dir='ltr'><strong>obs-</strong></span> 
     </span>
     <span class='ocr_line' id='line_1_9' title="bbox 203 1055 1666 1134; baseline -0.008 -9"><span class='ocrx_word' id='word_1_65' title='bbox 203 1079 363 1126; x_wconf 81' lang='lat' dir='ltr'><strong>curum</strong></span> <span class='ocrx_word' id='word_1_66' title='bbox 409 1067 460 1120; x_wconf 85' lang='lat' dir='ltr'><strong>et</strong></span> <span class='ocrx_word' id='word_1_67' title='bbox 493 1055 899 1134; x_wconf 79' lang='lat' dir='ltr'><strong>infallibilem3</strong></span> <span class='ocrx_word' id='word_1_68' title='bbox 943 1074 1117 1132; x_wconf 87' lang='lat' dir='ltr'><strong>nam,</strong></span> <span class='ocrx_word' id='word_1_69' title='bbox 1167 1057 1220 1117; x_wconf 92' lang='lat' dir='ltr'><strong>si</strong></span> <span class='ocrx_word' id='word_1_70' title='bbox 1280 1055 1666 1134; x_wconf 80' lang='lat' dir='ltr'><strong>cognovisset</strong></span> 
     </span>
     <span class='ocr_line' id='line_1_10' title="bbox 204 1147 1666 1231; baseline -0.007 -14"><span class='ocrx_word' id='word_1_71' title='bbox 204 1157 352 1230; x_wconf 88' lang='lat' dir='ltr'><strong>illum,</strong></span> <span class='ocrx_word' id='word_1_72' title='bbox 405 1149 720 1231; x_wconf 86' lang='lat' dir='ltr'><strong>praesertim</strong></span> <span class='ocrx_word' id='word_1_73' title='bbox 768 1149 928 1210; x_wconf 83' lang='lat' dir='ltr'><strong>circa</strong></span> <span class='ocrx_word' id='word_1_74' title='bbox 975 1149 1213 1225; x_wconf 80' lang='lat' dir='ltr'><strong>divina,</strong></span> <span class='ocrx_word' id='word_1_75' title='bbox 1261 1147 1666 1229; x_wconf 85' lang='lat' dir='ltr'><strong>proculdubio</strong></span> 
     </span>
     <span class='ocr_line' id='line_1_11' title="bbox 199 1242 1664 1324; baseline -0.007 -13"><span class='ocrx_word' id='word_1_76' title='bbox 199 1268 290 1311; x_wconf 88' lang='lat' dir='ltr'><strong>non</strong></span> <span class='ocrx_word' id='word_1_77' title='bbox 311 1249 548 1324; x_wconf 76' lang='lat' dir='ltr'><strong>negasset</strong></span> <span class='ocrx_word' id='word_1_78' title='bbox 571 1243 854 1305; x_wconf 87' lang='lat' dir='ltr'><strong>habitum</strong></span> <span class='ocrx_word' id='word_1_79' title='bbox 883 1244 1298 1305; x_wconf 84' lang='lat' dir='ltr'><strong>conferentem</strong></span> <span class='ocrx_word' id='word_1_80' title='bbox 1339 1242 1526 1303; x_wconf 88' lang='lat' dir='ltr'><strong>talem</strong></span> <span class='ocrx_word' id='word_1_81' title='bbox 1567 1259 1664 1302; x_wconf 84' lang='lat' dir='ltr'><strong>as·</strong></span> 
     </span>
     <span class='ocr_line' id='line_1_12' title="bbox 198 1335 1666 1417; baseline -0.005 -14"><span class='ocrx_word' id='word_1_82' title='bbox 198 1355 383 1403; x_wconf 82' lang='lat' dir='ltr'><strong>sensum</strong></span> <span class='ocrx_word' id='word_1_83' title='bbox 441 1353 556 1398; x_wconf 83' lang='lat' dir='ltr'><strong>esse</strong></span> <span class='ocrx_word' id='word_1_84' title='bbox 609 1336 813 1397; x_wconf 85' lang='lat' dir='ltr'><strong>multo</strong></span> <span class='ocrx_word' id='word_1_85' title='bbox 881 1335 1314 1417; x_wconf 83' lang='lat' dir='ltr'><strong>perfectiorem</strong></span> <span class='ocrx_word' id='word_1_86' title='bbox 1370 1335 1666 1396; x_wconf 82' lang='lat' dir='ltr'><strong>virtutem</strong></span> 
     </span>
     <span class='ocr_line' id='line_1_13' title="bbox 193 1429 1668 1518; baseline -0.003 -23"><span class='ocrx_word' id='word_1_87' title='bbox 193 1451 332 1518; x_wconf 83' lang='lat' dir='ltr'><strong>quam</strong></span> <span class='ocrx_word' id='word_1_88' title='bbox 372 1431 438 1491; x_wconf 87' lang='lat' dir='ltr'><strong>sit</strong></span> <span class='ocrx_word' id='word_1_89' title='bbox 471 1431 716 1490; x_wconf 87' lang='lat' dir='ltr'><strong>scientia</strong></span> <span class='ocrx_word' id='word_1_90' title='bbox 751 1430 1074 1507; x_wconf 77' lang='lat' dir='ltr'><strong>naturalia,</strong></span> <span class='ocrx_word' id='word_1_91' title='bbox 1137 1448 1278 1491; x_wconf 91' lang='lat' dir='ltr'><strong>cum</strong></span> <span class='ocrx_word' id='word_1_92' title='bbox 1337 1429 1467 1510; x_wconf 87' lang='lat' dir='ltr'><strong>ipse</strong></span> <span class='ocrx_word' id='word_1_93' title='bbox 1515 1429 1668 1490; x_wconf 87' lang='lat' dir='ltr'><strong>alias</strong></span> 
     </span>
     <span class='ocr_line' id='line_1_14' title="bbox 194 1523 1668 1599; baseline 0 -15"><span class='ocrx_word' id='word_1_94' title='bbox 194 1525 382 1599; x_wconf 81' lang='lat' dir='ltr'><strong>dixerit,</strong></span> <span class='ocrx_word' id='word_1_95' title='bbox 419 1523 668 1584; x_wconf 88' lang='lat' dir='ltr'><strong>secundo</strong></span> <span class='ocrx_word' id='word_1_96' title='bbox 717 1523 793 1584; x_wconf 90' lang='lat' dir='ltr'><strong>de</strong></span> <span class='ocrx_word' id='word_1_97' title='bbox 839 1524 1124 1585; x_wconf 83' lang='lat' dir='ltr'><strong>Partibus</strong></span> <span class='ocrx_word' id='word_1_98' title='bbox 1149 1523 1538 1599; x_wconf 89' lang='lat' dir='ltr'><strong>animalium,</strong></span> <span class='ocrx_word' id='word_1_99' title='bbox 1569 1541 1668 1584; x_wconf 83' lang='lat' dir='ltr'><strong>ca·</strong></span> 
     </span>
     <span class='ocr_line' id='line_1_15' title="bbox 190 1615 1666 1699; baseline -0.001 -20"><span class='ocrx_word' id='word_1_100' title='bbox 190 1621 282 1699; x_wconf 85' lang='lat' dir='ltr'><strong>pite</strong></span> <span class='ocrx_word' id='word_1_101' title='bbox 303 1619 472 1692; x_wconf 85' lang='lat' dir='ltr'><strong>tertio,</strong></span> <span class='ocrx_word' id='word_1_102' title='bbox 501 1615 716 1677; x_wconf 89' lang='lat' dir='ltr'><strong>melius</strong></span> <span class='ocrx_word' id='word_1_103' title='bbox 743 1635 872 1678; x_wconf 88' lang='lat' dir='ltr'><strong>esse</strong></span> <span class='ocrx_word' id='word_1_104' title='bbox 917 1617 1132 1678; x_wconf 81' lang='lat' dir='ltr'><strong>divina</strong></span> <span class='ocrx_word' id='word_1_105' title='bbox 1179 1622 1521 1696; x_wconf 89' lang='lat' dir='ltr'><strong>utcumque</strong></span> <span class='ocrx_word' id='word_1_106' title='bbox 1567 1625 1666 1677; x_wconf 89' lang='lat' dir='ltr'><strong>at-</strong></span> 
     </span>
     <span class='ocr_line' id='line_1_16' title="bbox 191 1709 1663 1790; baseline 0 -19"><span class='ocrx_word' id='word_1_107' title='bbox 191 1715 391 1789; x_wconf 81' lang='lat' dir='ltr'><strong>tingere,</strong></span> <span class='ocrx_word' id='word_1_108' title='bbox 450 1726 628 1789; x_wconf 80' lang='lat' dir='ltr'><strong>quem</strong></span> <span class='ocrx_word' id='word_1_109' title='bbox 685 1716 890 1772; x_wconf 84' lang='lat' dir='ltr'><strong>creata</strong></span> <span class='ocrx_word' id='word_1_110' title='bbox 943 1709 1210 1790; x_wconf 82' lang='lat' dir='ltr'><strong>perfecte</strong></span> <span class='ocrx_word' id='word_1_111' title='bbox 1278 1727 1663 1788; x_wconf 81' lang='lat' dir='ltr'><strong>cognoscere.</strong></span> 
     </span>
     <span class='ocr_line' id='line_1_17' title="bbox 191 1801 1668 1878; baseline -0.001 -13"><span class='ocrx_word' id='word_1_112' title='bbox 191 1804 454 1865; x_wconf 85' lang='lat' dir='ltr'><strong>Reductive</strong></span> <span class='ocrx_word' id='word_1_113' title='bbox 501 1809 732 1878; x_wconf 86' lang='lat' dir='ltr'><strong>tamen,</strong></span> <span class='ocrx_word' id='word_1_114' title='bbox 765 1803 927 1863; x_wconf 88' lang='lat' dir='ltr'><strong>sicut</strong></span> <span class='ocrx_word' id='word_1_115' title='bbox 977 1803 1265 1864; x_wconf 85' lang='lat' dir='ltr'><strong>Doctores</strong></span> <span class='ocrx_word' id='word_1_116' title='bbox 1310 1802 1534 1864; x_wconf 88' lang='lat' dir='ltr'><strong>melius</strong></span> <span class='ocrx_word' id='word_1_117' title='bbox 1579 1801 1668 1864; x_wconf 91' lang='lat' dir='ltr'><strong>lo-</strong></span> 
     </span>
     <span class='ocr_line' id='line_1_18' title="bbox 193 1895 1669 1976; baseline 0.001 -21"><span class='ocrx_word' id='word_1_118' title='bbox 193 1903 400 1976; x_wconf 82' lang='lat' dir='ltr'><strong>quentes,</strong></span> <span class='ocrx_word' id='word_1_119' title='bbox 443 1895 842 1974; x_wconf 84' lang='lat' dir='ltr'><strong>Theologiam</strong></span> <span class='ocrx_word' id='word_1_120' title='bbox 887 1902 1113 1956; x_wconf 79' lang='lat' dir='ltr'><strong>vocant</strong></span> <span class='ocrx_word' id='word_1_121' title='bbox 1163 1897 1512 1971; x_wconf 83' lang='lat' dir='ltr'><strong>scientiam,</strong></span> <span class='ocrx_word' id='word_1_122' title='bbox 1565 1896 1669 1957; x_wconf 81' lang='lat' dir='ltr'><strong>vel</strong></span> 
     </span>
     <span class='ocr_line' id='line_1_19' title="bbox 195 1989 1670 2069; baseline 0.001 -21"><span class='ocrx_word' id='word_1_123' title='bbox 195 1991 339 2068; x_wconf 81' lang='lat' dir='ltr'><strong>potins</strong></span> <span class='ocrx_word' id='word_1_124' title='bbox 374 1989 750 2068; x_wconf 76' lang='lat' dir='ltr'><strong>sapientiam,</strong></span> <span class='ocrx_word' id='word_1_125' title='bbox 802 1995 864 2048; x_wconf 80' lang='lat' dir='ltr'><strong>ct</strong></span> <span class='ocrx_word' id='word_1_126' title='bbox 911 1989 1000 2050; x_wconf 88' lang='lat' dir='ltr'><strong>ita</strong></span> <span class='ocrx_word' id='word_1_127' title='bbox 1043 1989 1570 2069; x_wconf 87' lang='lat' dir='ltr'><strong>comprehendunt</strong></span> <span class='ocrx_word' id='word_1_128' title='bbox 1597 1989 1670 2050; x_wconf 89' lang='lat' dir='ltr'><strong>il·-</strong></span> 
     </span>
     <span class='ocr_line' id='line_1_20' title="bbox 192 2079 1670 2159; baseline 0.002 -19"><span class='ocrx_word' id='word_1_129' title='bbox 192 2079 280 2141; x_wconf 75' lang='lat' dir='ltr'><strong>lam</strong></span> <span class='ocrx_word' id='word_1_130' title='bbox 304 2081 398 2140; x_wconf 88' lang='lat' dir='ltr'><strong>suh</strong></span> <span class='ocrx_word' id='word_1_131' title='bbox 437 2099 657 2159; x_wconf 75' lang='lat' dir='ltr'><strong>genere</strong></span> <span class='ocrx_word' id='word_1_132' title='bbox 687 2081 931 2142; x_wconf 80' lang='lat' dir='ltr'><strong>virtutis</strong></span> <span class='ocrx_word' id='word_1_133' title='bbox 961 2080 1396 2144; x_wconf 86' lang='lat' dir='ltr'><strong>intellectualis</strong></span> <span class='ocrx_word' id='word_1_134' title='bbox 1416 2129 1436 2156; x_wconf 94' lang='lat'><strong>,</strong></span> <span class='ocrx_word' id='word_1_135' title='bbox 1476 2083 1566 2142; x_wconf 88' lang='lat' dir='ltr'><strong>ita</strong></span> <span class='ocrx_word' id='word_1_136' title='bbox 1597 2081 1670 2143; x_wconf 83' lang='lat' dir='ltr'><strong>fi-</strong></span> 
     </span>
     <span class='ocr_line' id='line_1_21' title="bbox 190 2172 1671 2254; baseline 0.002 -22"><span class='ocrx_word' id='word_1_137' title='bbox 190 2173 266 2234; x_wconf 86' lang='lat' dir='ltr'><strong>des</strong></span> <span class='ocrx_word' id='word_1_138' title='bbox 285 2179 452 2252; x_wconf 84' lang='lat' dir='ltr'><strong>potest</strong></span> <span class='ocrx_word' id='word_1_139' title='bbox 468 2172 683 2234; x_wconf 87' lang='lat' dir='ltr'><strong>reduci</strong></span> <span class='ocrx_word' id='word_1_140' title='bbox 707 2174 785 2234; x_wconf 87' lang='lat' dir='ltr'><strong>ad</strong></span> <span class='ocrx_word' id='word_1_141' title='bbox 805 2173 1188 2235; x_wconf 87' lang='lat' dir='ltr'><strong>intellectum</strong></span> <span class='ocrx_word' id='word_1_142' title='bbox 1213 2179 1464 2254; x_wconf 86' lang='lat' dir='ltr'><strong>propter</strong></span> <span class='ocrx_word' id='word_1_143' title='bbox 1487 2191 1671 2236; x_wconf 87' lang='lat' dir='ltr'><strong>suum</strong></span> 
     </span>
     <span class='ocr_line' id='line_1_22' title="bbox 186 2265 1674 2348; baseline 0.004 -24"><span class='ocrx_word' id='word_1_144' title='bbox 186 2265 457 2344; x_wconf 85' lang='lat' dir='ltr'><strong>simplicem</strong></span> <span class='ocrx_word' id='word_1_145' title='bbox 481 2266 859 2328; x_wconf 85' lang='lat' dir='ltr'><strong>assentiendi</strong></span> <span class='ocrx_word' id='word_1_146' title='bbox 883 2268 1186 2328; x_wconf 90' lang='lat' dir='ltr'><strong>modum</strong></span> <span class='ocrx_word' id='word_1_147' title='bbox 1168 2287 1236 2330; x_wconf 88' lang='grc'><strong>111</strong></span> <span class='ocrx_word' id='word_1_148' title='bbox 1257 2268 1674 2348; x_wconf 87' lang='lat' dir='ltr'><strong>superioribus</strong></span> 
     </span>
     <span class='ocr_line' id='line_1_23' title="bbox 188 2360 504 2438; baseline 0.003 -19"><span class='ocrx_word' id='word_1_149' title='bbox 188 2360 504 2438; x_wconf 86' lang='lat' dir='ltr'><strong>explicatum.</strong></span> 
     </span>
    </p>

    <p class='ocr_par' dir='ltr' id='par_1_5' title="bbox 157 2452 1685 4117">
     <span class='ocr_line' id='line_1_24' title="bbox 245 2452 1676 2535; baseline 0.004 -24"><span class='ocrx_word' id='word_1_150' title='bbox 245 2455 319 2512; x_wconf 80' lang='grc'><strong>10.</strong></span> <span class='ocrx_word' id='word_1_151' title='bbox 353 2452 610 2517; x_wconf 71' lang='lat' dir='ltr'><strong>Assertio</strong></span> <span class='ocrx_word' id='word_1_152' title='bbox 655 2460 928 2535; x_wconf 77' lang='lat' dir='ltr'><strong>quarta:</strong></span> <span class='ocrx_word' id='word_1_153' title='bbox 949 2457 1100 2535; x_wconf 74' lang='lat' dir='ltr'><strong>fides</strong></span> <span class='ocrx_word' id='word_1_154' title='bbox 1129 2463 1220 2519; x_wconf 80' lang='lat' dir='ltr'><strong>est</strong></span> <span class='ocrx_word' id='word_1_155' title='bbox 1260 2457 1460 2519; x_wconf 76' lang='lat' dir='ltr'><strong>virtus</strong></span> <span class='ocrx_word' id='word_1_156' title='bbox 1489 2457 1676 2519; x_wconf 73' lang='lat' dir='ltr'><strong>Theo-</strong></span> 
     </span>
     <span class='ocr_line' id='line_1_25' title="bbox 189 2542 1678 2627; baseline 0.005 -24"><span class='ocrx_word' id='word_1_157' title='bbox 189 2542 346 2627; x_wconf 66' lang='lat' dir='ltr'><strong>Ioffica.</strong></span> <span class='ocrx_word' id='word_1_158' title='bbox 351 2545 556 2607; x_wconf 88' lang='lat' dir='ltr'><strong>-Dico</strong></span> <span class='ocrx_word' id='word_1_159' title='bbox 583 2555 856 2626; x_wconf 84' lang='lat' dir='ltr'><strong>quarto:</strong></span> <span class='ocrx_word' id='word_1_160' title='bbox 883 2547 1034 2609; x_wconf 87' lang='lat' dir='ltr'><strong>fides</strong></span> <span class='ocrx_word' id='word_1_161' title='bbox 1063 2556 1155 2610; x_wconf 87' lang='lat' dir='ltr'><strong>est</strong></span> <span class='ocrx_word' id='word_1_162' title='bbox 1179 2569 1307 2610; x_wconf 90' lang='lat' dir='ltr'><strong>una</strong></span> <span class='ocrx_word' id='word_1_163' title='bbox 1330 2567 1407 2610; x_wconf 83' lang='lat' dir='ltr'><strong>ex</strong></span> <span class='ocrx_word' id='word_1_164' title='bbox 1436 2550 1678 2611; x_wconf 83' lang='lat' dir='ltr'><strong>virtuti-</strong></span> 
     </span>
     <span class='ocr_line' id='line_1_26' title="bbox 185 2639 1678 2724; baseline 0.005 -25"><span class='ocrx_word' id='word_1_165' title='bbox 185 2641 267 2700; x_wconf 88' lang='lat' dir='ltr'><strong>bus</strong></span> <span class='ocrx_word' id='word_1_166' title='bbox 295 2639 674 2721; x_wconf 79' lang='lat' dir='ltr'><strong>Theologicis‚</strong></span> <span class='ocrx_word' id='word_1_167' title='bbox 721 2661 858 2722; x_wconf 78' lang='lat' dir='ltr'><strong>quae</strong></span> <span class='ocrx_word' id='word_1_168' title='bbox 898 2643 1152 2705; x_wconf 73' lang='lat' dir='ltr'><strong>assertio</strong></span> <span class='ocrx_word' id='word_1_169' title='bbox 1188 2643 1556 2724; x_wconf 80' lang='lat' dir='ltr'><strong>intelligitur</strong></span> <span class='ocrx_word' id='word_1_170' title='bbox 1601 2645 1678 2706; x_wconf 91' lang='lat' dir='ltr'><strong>de</strong></span> 
     </span>
     <span class='ocr_line' id='line_1_27' title="bbox 181 2733 1676 2814; baseline 0.004 -20"><span class='ocrx_word' id='word_1_171' title='bbox 181 2733 273 2794; x_wconf 86' lang='lat' dir='ltr'><strong>fide</strong></span> <span class='ocrx_word' id='word_1_172' title='bbox 301 2736 509 2796; x_wconf 86' lang='lat' dir='ltr'><strong>ratione</strong></span> <span class='ocrx_word' id='word_1_173' title='bbox 539 2733 800 2797; x_wconf 88' lang='lat' dir='ltr'><strong>habitus</strong></span> <span class='ocrx_word' id='word_1_174' title='bbox 831 2736 1292 2814; x_wconf 83' lang='lat' dir='ltr'><strong>intellectualis,</strong></span> <span class='ocrx_word' id='word_1_175' title='bbox 1332 2740 1676 2800; x_wconf 65' lang='lat' dir='ltr'><strong>&gt;secundum</strong></span> 
     </span>
     <span class='ocr_line' id='line_1_28' title="bbox 181 2831 1680 2906; baseline 0.004 -18"><span class='ocrx_word' id='word_1_176' title='bbox 181 2845 228 2888; x_wconf 80' lang='lat' dir='ltr'><strong>se</strong></span> <span class='ocrx_word' id='word_1_177' title='bbox 249 2831 484 2906; x_wconf 82' lang='lat' dir='ltr'><strong>spectati3</strong></span> <span class='ocrx_word' id='word_1_178' title='bbox 524 2836 586 2890; x_wconf 86' lang='lat' dir='ltr'><strong>et</strong></span> <span class='ocrx_word' id='word_1_179' title='bbox 613 2831 712 2890; x_wconf 76' lang='lat' dir='ltr'><strong>ita</strong></span> <span class='ocrx_word' id='word_1_180' title='bbox 738 2835 831 2890; x_wconf 86' lang='lat' dir='ltr'><strong>est</strong></span> <span class='ocrx_word' id='word_1_181' title='bbox 855 2831 1204 2892; x_wconf 85' lang='lat' dir='ltr'><strong>communis</strong></span> <span class='ocrx_word' id='word_1_182' title='bbox 1231 2831 1580 2906; x_wconf 84' lang='lat' dir='ltr'><strong>Doctorum,</strong></span> <span class='ocrx_word' id='word_1_183' title='bbox 1607 2851 1680 2894; x_wconf 88' lang='lat' dir='ltr'><strong>ac</strong></span> 
     </span>
     <span class='ocr_line' id='line_1_29' title="bbox 186 2921 1682 3006; baseline 0.006 -28"><span class='ocrx_word' id='word_1_184' title='bbox 186 2921 383 2981; x_wconf 83' lang='lat' dir='ltr'><strong>sumitur</strong></span> <span class='ocrx_word' id='word_1_185' title='bbox 410 2939 480 2981; x_wconf 81' lang='lat' dir='ltr'><strong>ex</strong></span> <span class='ocrx_word' id='word_1_186' title='bbox 514 2923 714 2984; x_wconf 85' lang='lat' dir='ltr'><strong>Paulo</strong></span> <span class='ocrx_word' id='word_1_187' title='bbox 759 2927 790 2985; x_wconf 86' lang='lat'><strong>1</strong></span> <span class='ocrx_word' id='word_1_188' title='bbox 834 2923 912 2984; x_wconf 87' lang='lat' dir='ltr'><strong>ad</strong></span> <span class='ocrx_word' id='word_1_189' title='bbox 942 2923 1224 2985; x_wconf 87' lang='lat' dir='ltr'><strong>Corinth.</strong></span> <span class='ocrx_word' id='word_1_190' title='bbox 1260 2926 1359 3000; x_wconf 83' lang='grc'><strong>13,</strong></span> <span class='ocrx_word' id='word_1_191' title='bbox 1389 2925 1498 2986; x_wconf 89' lang='lat' dir='ltr'><strong>ubi</strong></span> <span class='ocrx_word' id='word_1_192' title='bbox 1543 2943 1682 3006; x_wconf 88' lang='lat' dir='ltr'><strong>spe-</strong></span> 
     </span>
     <span class='ocr_line' id='line_1_30' title="bbox 189 3013 1674 3096; baseline 0.007 -25"><span class='ocrx_word' id='word_1_193' title='bbox 189 3013 364 3074; x_wconf 80' lang='lat' dir='ltr'><strong>cialiter</strong></span> <span class='ocrx_word' id='word_1_194' title='bbox 392 3013 533 3076; x_wconf 86' lang='lat' dir='ltr'><strong>dicit</strong></span> <span class='ocrx_word' id='word_1_195' title='bbox 565 3038 580 3076; x_wconf 90' lang='lat'>:</span> <span class='ocrx_word' id='word_1_196' title='bbox 615 3016 817 3082; x_wconf 70' lang='lat' dir='ltr'><strong>Nunc</strong></span> <span class='ocrx_word' id='word_1_197' title='bbox 858 3022 1096 3081; x_wconf 63' lang='lat' dir='ltr'><strong>„tament</strong></span> <span class='ocrx_word' id='word_1_198' title='bbox 1136 3019 1268 3081; x_wconf 81' lang='lat' dir='ltr'><strong>tria</strong></span> <span class='ocrx_word' id='word_1_199' title='bbox 1318 3019 1465 3094; x_wconf 72' lang='lat' dir='ltr'><strong>hoeo,</strong></span> <span class='ocrx_word' id='word_1_200' title='bbox 1503 3021 1674 3096; x_wconf 75' lang='lat' dir='ltr'><strong>fides,</strong></span> 
     </span>
     <span class='ocr_line' id='line_1_31' title="bbox 184 3109 1682 3191; baseline 0.005 -26"><span class='ocrx_word' id='word_1_201' title='bbox 184 3124 286 3188; x_wconf 79' lang='lat' dir='ltr'><strong>spes</strong></span> <span class='ocrx_word' id='word_1_202' title='bbox 306 3113 352 3168; x_wconf 80' lang='lat' dir='ltr'><strong>et</strong></span> <span class='ocrx_word' id='word_1_203' title='bbox 379 3109 649 3173; x_wconf 73' lang='lat' dir='ltr'><strong>clarita-5</strong></span> <span class='ocrx_word' id='word_1_204' title='bbox 663 3133 692 3182; x_wconf 90' lang='lat'><em>;</em></span> <span class='ocrx_word' id='word_1_205' title='bbox 717 3127 793 3170; x_wconf 89' lang='lat' dir='ltr'><strong>ex</strong></span> <span class='ocrx_word' id='word_1_206' title='bbox 824 3128 946 3190; x_wconf 86' lang='lat' dir='ltr'><strong>quo</strong></span> <span class='ocrx_word' id='word_1_207' title='bbox 974 3109 1161 3171; x_wconf 88' lang='lat' dir='ltr'><strong>modo</strong></span> <span class='ocrx_word' id='word_1_208' title='bbox 1193 3111 1485 3191; x_wconf 88' lang='lat' dir='ltr'><strong>loquendi</strong></span> <span class='ocrx_word' id='word_1_209' title='bbox 1513 3112 1682 3172; x_wconf 92' lang='lat' dir='ltr'><strong>colli-</strong></span> 
     </span>
     <span class='ocr_line' id='line_1_32' title="bbox 175 3201 1683 3282; baseline 0.004 -23"><span class='ocrx_word' id='word_1_210' title='bbox 175 3201 348 3275; x_wconf 81' lang='lat' dir='ltr'><strong>gimus,</strong></span> <span class='ocrx_word' id='word_1_211' title='bbox 388 3201 542 3263; x_wconf 86' lang='lat' dir='ltr'><strong>inter</strong></span> <span class='ocrx_word' id='word_1_212' title='bbox 584 3202 707 3263; x_wconf 88' lang='lat' dir='ltr'><strong>illa</strong></span> <span class='ocrx_word' id='word_1_213' title='bbox 745 3203 868 3263; x_wconf 84' lang='lat' dir='ltr'><strong>tria</strong></span> <span class='ocrx_word' id='word_1_214' title='bbox 909 3219 1040 3264; x_wconf 88' lang='lat' dir='ltr'><strong>esse</strong></span> <span class='ocrx_word' id='word_1_215' title='bbox 1087 3204 1414 3282; x_wconf 78' lang='lat' dir='ltr'><strong>specialem</strong></span> <span class='ocrx_word' id='word_1_216' title='bbox 1461 3222 1683 3266; x_wconf 82' lang='lat' dir='ltr'><strong>conve·</strong></span> 
     </span>
     <span class='ocr_line' id='line_1_33' title="bbox 175 3289 1685 3377; baseline 0.007 -29"><span class='ocrx_word' id='word_1_217' title='bbox 175 3289 413 3352; x_wconf 81' lang='lat' dir='ltr'><strong>nientiam</strong></span> <span class='ocrx_word' id='word_1_218' title='bbox 446 3293 512 3354; x_wconf 90' lang='lat' dir='ltr'><strong>in</strong></span> <span class='ocrx_word' id='word_1_219' title='bbox 553 3296 806 3356; x_wconf 85' lang='lat' dir='ltr'><strong>ratione</strong></span> <span class='ocrx_word' id='word_1_220' title='bbox 849 3295 1118 3373; x_wconf 81' lang='lat' dir='ltr'><strong>virtutis,</strong></span> <span class='ocrx_word' id='word_1_221' title='bbox 1154 3311 1292 3377; x_wconf 81' lang='lat' dir='ltr'><strong>quse</strong></span> <span class='ocrx_word' id='word_1_222' title='bbox 1343 3298 1685 3376; x_wconf 81' lang='lat' dir='ltr'><strong>explicatur</strong></span> 
     </span>
     <span class='ocr_line' id='line_1_34' title="bbox 171 3383 1681 3467; baseline 0.007 -27"><span class='ocrx_word' id='word_1_223' title='bbox 171 3383 372 3444; x_wconf 84' lang='lat' dir='ltr'><strong>nomine</strong></span> <span class='ocrx_word' id='word_1_224' title='bbox 413 3386 672 3449; x_wconf 85' lang='lat' dir='ltr'><strong>virtutis</strong></span> <span class='ocrx_word' id='word_1_225' title='bbox 717 3387 1132 3467; x_wconf 87' lang='lat' dir='ltr'><strong>Theologalis,</strong></span> <span class='ocrx_word' id='word_1_226' title='bbox 1181 3396 1243 3449; x_wconf 90' lang='lat' dir='ltr'><strong>et</strong></span> <span class='ocrx_word' id='word_1_227' title='bbox 1289 3392 1566 3451; x_wconf 82' lang='lat' dir='ltr'><strong>consistit</strong></span> <span class='ocrx_word' id='word_1_228' title='bbox 1613 3391 1681 3451; x_wconf 90' lang='lat' dir='ltr'><strong>in</strong></span> 
     </span>
     <span class='ocr_line' id='line_1_35' title="bbox 171 3473 1678 3560; baseline 0.007 -27"><span class='ocrx_word' id='word_1_229' title='bbox 171 3473 256 3534; x_wconf 88' lang='lat' dir='ltr'><strong>hoc</strong></span> <span class='ocrx_word' id='word_1_230' title='bbox 267 3478 412 3554; x_wconf 88' lang='lat' dir='ltr'><strong>quod</strong></span> <span class='ocrx_word' id='word_1_231' title='bbox 428 3480 567 3541; x_wconf 81' lang='lat' dir='ltr'><strong>talis</strong></span> <span class='ocrx_word' id='word_1_232' title='bbox 587 3481 796 3541; x_wconf 77' lang='lat' dir='ltr'><strong>virtus</strong></span> <span class='ocrx_word' id='word_1_233' title='bbox 816 3475 1068 3560; x_wconf 79' lang='lat' dir='ltr'><strong>attingit</strong></span> <span class='ocrx_word' id='word_1_234' title='bbox 1085 3483 1281 3543; x_wconf 88' lang='lat' dir='ltr'><strong>Deum</strong></span> <span class='ocrx_word' id='word_1_235' title='bbox 1299 3483 1678 3556; x_wconf 79' lang='lat' dir='ltr'><strong>immediate,</strong></span> 
     </span>
     <span class='ocr_line' id='line_1_36' title="bbox 163 3571 1682 3656; baseline 0.008 -30"><span class='ocrx_word' id='word_1_236' title='bbox 163 3573 210 3626; x_wconf 81' lang='lat' dir='ltr'><strong>et</strong></span> <span class='ocrx_word' id='word_1_237' title='bbox 231 3575 500 3650; x_wconf 81' lang='lat' dir='ltr'><strong>tanquam</strong></span> <span class='ocrx_word' id='word_1_238' title='bbox 545 3571 868 3652; x_wconf 57' lang='lat' dir='ltr'><strong>umectum</strong></span> <span class='ocrx_word' id='word_1_239' title='bbox 899 3575 1236 3648; x_wconf 85' lang='lat' dir='ltr'><strong>materiale,</strong></span> <span class='ocrx_word' id='word_1_240' title='bbox 1277 3582 1340 3636; x_wconf 91' lang='lat' dir='ltr'><strong>et</strong></span> <span class='ocrx_word' id='word_1_241' title='bbox 1383 3581 1682 3656; x_wconf 79' lang='lat' dir='ltr'><strong>tanquam</strong></span> 
     </span>
     <span class='ocr_line' id='line_1_37' title="bbox 161 3662 1684 3745; baseline 0.009 -27"><span class='ocrx_word' id='word_1_242' title='bbox 161 3662 413 3723; x_wconf 83' lang='lat' dir='ltr'><strong>rationem</strong></span> <span class='ocrx_word' id='word_1_243' title='bbox 440 3664 703 3745; x_wconf 85' lang='lat' dir='ltr'><strong>objecti,</strong></span> <span class='ocrx_word' id='word_1_244' title='bbox 735 3672 797 3727; x_wconf 91' lang='lat' dir='ltr'><strong>et</strong></span> <span class='ocrx_word' id='word_1_245' title='bbox 825 3666 1008 3728; x_wconf 92' lang='lat' dir='ltr'><strong>modo</strong></span> <span class='ocrx_word' id='word_1_246' title='bbox 1036 3667 1230 3728; x_wconf 84' lang='lat' dir='ltr'><strong>etiam</strong></span> <span class='ocrx_word' id='word_1_247' title='bbox 1251 3669 1470 3730; x_wconf 87' lang='lat' dir='ltr'><strong>divino</strong></span> <span class='ocrx_word' id='word_1_248' title='bbox 1495 3676 1558 3730; x_wconf 90' lang='lat' dir='ltr'><strong>et</strong></span> <span class='ocrx_word' id='word_1_249' title='bbox 1581 3685 1684 3730; x_wconf 89' lang='lat' dir='ltr'><strong>su-</strong></span> 
     </span>
     <span class='ocr_line' id='line_1_38' title="bbox 161 3756 1683 3842; baseline 0.007 -30"><span class='ocrx_word' id='word_1_250' title='bbox 161 3756 521 3835; x_wconf 84' lang='lat' dir='ltr'><strong>pernaturali3</strong></span> <span class='ocrx_word' id='word_1_251' title='bbox 552 3760 776 3820; x_wconf 86' lang='lat' dir='ltr'><strong>omnia</strong></span> <span class='ocrx_word' id='word_1_252' title='bbox 805 3766 1012 3822; x_wconf 87' lang='lat' dir='ltr'><strong>autem</strong></span> <span class='ocrx_word' id='word_1_253' title='bbox 1041 3759 1179 3821; x_wconf 80' lang='lat' dir='ltr'><strong>haec</strong></span> <span class='ocrx_word' id='word_1_254' title='bbox 1207 3761 1273 3822; x_wconf 90' lang='lat' dir='ltr'><strong>in</strong></span> <span class='ocrx_word' id='word_1_255' title='bbox 1301 3759 1422 3822; x_wconf 86' lang='lat' dir='ltr'><strong>fide</strong></span> <span class='ocrx_word' id='word_1_256' title='bbox 1451 3763 1683 3842; x_wconf 84' lang='lat' dir='ltr'><strong>reperi-</strong></span> 
     </span>
     <span class='ocr_line' id='line_1_39' title="bbox 159 3852 1678 3935; baseline 0.007 -30"><span class='ocrx_word' id='word_1_257' title='bbox 159 3863 291 3924; x_wconf 83' lang='lat' dir='ltr'><strong>mus;</strong></span> <span class='ocrx_word' id='word_1_258' title='bbox 311 3867 450 3910; x_wconf 86' lang='lat' dir='ltr'><strong>nam</strong></span> <span class='ocrx_word' id='word_1_259' title='bbox 479 3858 544 3912; x_wconf 87' lang='lat' dir='ltr'><strong>et</strong></span> <span class='ocrx_word' id='word_1_260' title='bbox 571 3852 777 3913; x_wconf 84' lang='lat' dir='ltr'><strong>credit</strong></span> <span class='ocrx_word' id='word_1_261' title='bbox 793 3853 1008 3928; x_wconf 88' lang='lat' dir='ltr'><strong>Deum,</strong></span> <span class='ocrx_word' id='word_1_262' title='bbox 1027 3861 1088 3914; x_wconf 92' lang='lat' dir='ltr'><strong>et</strong></span> <span class='ocrx_word' id='word_1_263' title='bbox 1116 3855 1261 3931; x_wconf 85' lang='lat' dir='ltr'><strong>Dec,</strong></span> <span class='ocrx_word' id='word_1_264' title='bbox 1293 3860 1355 3915; x_wconf 90' lang='lat' dir='ltr'><strong>et</strong></span> <span class='ocrx_word' id='word_1_265' title='bbox 1379 3873 1678 3935; x_wconf 86' lang='lat' dir='ltr'><strong>superna-</strong></span> 
     </span>
     <span class='ocr_line' id='line_1_40' title="bbox 157 3940 1682 4025; baseline 0.008 -28"><span class='ocrx_word' id='word_1_266' title='bbox 157 3940 300 4002; x_wconf 83' lang='lat' dir='ltr'><strong>turali</strong></span> <span class='ocrx_word' id='word_1_267' title='bbox 327 3943 530 4020; x_wconf 89' lang='lat' dir='ltr'><strong>modo,</strong></span> <span class='ocrx_word' id='word_1_268' title='bbox 561 3943 633 4004; x_wconf 90' lang='lat' dir='ltr'><strong>id</strong></span> <span class='ocrx_word' id='word_1_269' title='bbox 670 3949 784 4021; x_wconf 86' lang='lat' dir='ltr'><strong>est,</strong></span> <span class='ocrx_word' id='word_1_270' title='bbox 815 3946 1180 4008; x_wconf 87' lang='lat' dir='ltr'><strong>certitudine</strong></span> <span class='ocrx_word' id='word_1_271' title='bbox 1217 3947 1484 4025; x_wconf 88' lang='lat' dir='ltr'><strong>quadam</strong></span> <span class='ocrx_word' id='word_1_272' title='bbox 1525 3947 1682 4009; x_wconf 80' lang='lat' dir='ltr'><strong>divi-</strong></span> 
     </span>
     <span class='ocr_line' id='line_1_41' title="bbox 158 4037 1682 4117; baseline 0.008 -26"><span class='ocrx_word' id='word_1_273' title='bbox 158 4050 244 4107; x_wconf 83' lang='lat' dir='ltr'><strong>na;</strong></span> <span class='ocrx_word' id='word_1_274' title='bbox 269 4043 350 4096; x_wconf 87' lang='lat' dir='ltr'><strong>est</strong></span> <span class='ocrx_word' id='word_1_275' title='bbox 373 4055 524 4116; x_wconf 73' lang='lat' dir='ltr'><strong>ergo</strong></span> <span class='ocrx_word' id='word_1_276' title='bbox 557 4037 940 4117; x_wconf 81' lang='lat' dir='ltr'><strong>Theologica</strong></span> <span class='ocrx_word' id='word_1_277' title='bbox 966 4039 1187 4100; x_wconf 64' lang='lat' dir='ltr'><strong>virtus</strong></span> <span class='ocrx_word' id='word_1_278' title='bbox 1233 4039 1416 4101; x_wconf 79' lang='lat' dir='ltr'><strong>Plura</strong></span> <span class='ocrx_word' id='word_1_279' title='bbox 1455 4042 1534 4102; x_wconf 91' lang='lat' dir='ltr'><strong>de</strong></span> <span class='ocrx_word' id='word_1_280' title='bbox 1565 4041 1682 4103; x_wconf 84' lang='lat' dir='ltr'><strong>hac</strong></span> 
     </span>
    </p>

    <p class='ocr_par' dir='ltr' id='par_1_6' title="bbox 139 4130 1692 5427">
     <span class='ocr_line' id='line_1_42' title="bbox 151 4130 1682 4211; baseline 0.005 -23"><span class='ocrx_word' id='word_1_281' title='bbox 151 4130 442 4191; x_wconf 69' lang='lat' dir='ltr'><strong>assertione</strong></span> <span class='ocrx_word' id='word_1_282' title='bbox 469 4131 684 4192; x_wconf 78' lang='lat' dir='ltr'><strong>videri</strong></span> <span class='ocrx_word' id='word_1_283' title='bbox 719 4135 997 4210; x_wconf 68' lang='lat' dir='ltr'><strong>pooeuut,</strong></span> <span class='ocrx_word' id='word_1_284' title='bbox 1026 4131 1136 4194; x_wconf 89' lang='lat' dir='ltr'><strong>lib.</strong></span> <span class='ocrx_word' id='word_1_285' title='bbox 1177 4133 1218 4193; x_wconf 88' lang='grc'><strong>6</strong></span> <span class='ocrx_word' id='word_1_286' title='bbox 1245 4134 1322 4194; x_wconf 90' lang='lat' dir='ltr'><strong>de</strong></span> <span class='ocrx_word' id='word_1_287' title='bbox 1348 4133 1544 4211; x_wconf 69' lang='lat' dir='ltr'><strong>Grat„</strong></span> <span class='ocrx_word' id='word_1_288' title='bbox 1575 4151 1682 4195; x_wconf 86' lang='lat' dir='ltr'><strong>ca-</strong></span> 
     </span>
     <span class='ocr_line' id='line_1_43' title="bbox 151 4223 1680 4306; baseline 0.005 -25"><span class='ocrx_word' id='word_1_289' title='bbox 151 4224 239 4297; x_wconf 84' lang='lat' dir='ltr'><strong>pit.</strong></span> <span class='ocrx_word' id='word_1_290' title='bbox 275 4225 330 4284; x_wconf 90' lang='lat'><strong>8.</strong></span> <span class='ocrx_word' id='word_1_291' title='bbox 375 4225 592 4304; x_wconf 84' lang='lat' dir='ltr'><strong>Neque</strong></span> <span class='ocrx_word' id='word_1_292' title='bbox 651 4226 722 4286; x_wconf 92' lang='lat' dir='ltr'><strong>in</strong></span> <span class='ocrx_word' id='word_1_293' title='bbox 767 4223 886 4286; x_wconf 89' lang='lat' dir='ltr'><strong>hoc</strong></span> <span class='ocrx_word' id='word_1_294' title='bbox 935 4231 1027 4286; x_wconf 84' lang='lat' dir='ltr'><strong>est</strong></span> <span class='ocrx_word' id='word_1_295' title='bbox 1061 4225 1270 4306; x_wconf 81' lang='lat' dir='ltr'><strong>aliqua</strong></span> <span class='ocrx_word' id='word_1_296' title='bbox 1316 4227 1680 4290; x_wconf 85' lang='lat' dir='ltr'><strong>difficultas:</strong></span> 
     </span>
     <span class='ocr_line' id='line_1_44' title="bbox 149 4313 1688 4399; baseline 0.006 -27"><span class='ocrx_word' id='word_1_297' title='bbox 149 4313 272 4376; x_wconf 85' lang='lat' dir='ltr'><strong>solet</strong></span> <span class='ocrx_word' id='word_1_298' title='bbox 293 4324 499 4380; x_wconf 84' lang='lat' dir='ltr'><strong>autem</strong></span> <span class='ocrx_word' id='word_1_299' title='bbox 537 4318 746 4399; x_wconf 77' lang='lat' dir='ltr'><strong>quaeri</strong></span> <span class='ocrx_word' id='word_1_300' title='bbox 777 4335 964 4399; x_wconf 91' lang='lat' dir='ltr'><strong>quem</strong></span> <span class='ocrx_word' id='word_1_301' title='bbox 1005 4319 1286 4382; x_wconf 84' lang='lat' dir='ltr'><strong>ordinem</strong></span> <span class='ocrx_word' id='word_1_302' title='bbox 1325 4328 1524 4382; x_wconf 80' lang='lat' dir='ltr'><strong>servet</strong></span> <span class='ocrx_word' id='word_1_303' title='bbox 1557 4322 1688 4383; x_wconf 80' lang='lat' dir='ltr'><strong>haec</strong></span> 
     </span>
     <span class='ocr_line' id='line_1_45' title="bbox 149 4407 1688 4494; baseline 0.006 -29"><span class='ocrx_word' id='word_1_304' title='bbox 149 4407 308 4469; x_wconf 71' lang='lat' dir='ltr'><strong>virtus</strong></span> <span class='ocrx_word' id='word_1_305' title='bbox 333 4411 408 4471; x_wconf 90' lang='lat' dir='ltr'><strong>ad</strong></span> <span class='ocrx_word' id='word_1_306' title='bbox 431 4411 743 4492; x_wconf 86' lang='lat' dir='ltr'><strong>reliquas,</strong></span> <span class='ocrx_word' id='word_1_307' title='bbox 767 4411 933 4492; x_wconf 90' lang='lat' dir='ltr'><strong>quod</strong></span> <span class='ocrx_word' id='word_1_308' title='bbox 960 4411 1139 4474; x_wconf 86' lang='lat' dir='ltr'><strong>divus</strong></span> <span class='ocrx_word' id='word_1_309' title='bbox 1167 4414 1436 4475; x_wconf 79' lang='lat' dir='ltr'><strong>Thomas</strong></span> <span class='ocrx_word' id='word_1_310' title='bbox 1468 4416 1688 4494; x_wconf 81' lang='lat' dir='ltr'><strong>quaesi·</strong></span> 
     </span>
     <span class='ocr_line' id='line_1_46' title="bbox 147 4503 1687 4587; baseline 0.006 -26"><span class='ocrx_word' id='word_1_311' title='bbox 147 4503 218 4562; x_wconf 80' lang='lat' dir='ltr'><strong>vit</strong></span> <span class='ocrx_word' id='word_1_312' title='bbox 238 4507 494 4568; x_wconf 86' lang='lat' dir='ltr'><strong>secunda</strong></span> <span class='ocrx_word' id='word_1_313' title='bbox 516 4507 839 4584; x_wconf 62' lang='lat' dir='ltr'><strong>secundae,</strong></span> <span class='ocrx_word' id='word_1_314' title='bbox 864 4513 1076 4587; x_wconf 79' lang='lat' dir='ltr'><strong>quaest.</strong></span> <span class='ocrx_word' id='word_1_315' title='bbox 1106 4510 1170 4585; x_wconf 74' lang='lat'><strong>4,</strong></span> <span class='ocrx_word' id='word_1_316' title='bbox 1196 4508 1456 4570; x_wconf 84' lang='lat' dir='ltr'><strong>articulo</strong></span> <span class='ocrx_word' id='word_1_317' title='bbox 1483 4512 1545 4580; x_wconf 88' lang='lat'><strong>7,</strong></span> <span class='ocrx_word' id='word_1_318' title='bbox 1569 4509 1687 4570; x_wconf 84' lang='lat' dir='ltr'><strong>sub</strong></span> 
     </span>
     <span class='ocr_line' id='line_1_47' title="bbox 147 4593 1689 4679; baseline 0.007 -26"><span class='ocrx_word' id='word_1_319' title='bbox 147 4593 224 4654; x_wconf 85' lang='lat' dir='ltr'><strong>his</strong></span> <span class='ocrx_word' id='word_1_320' title='bbox 247 4599 564 4660; x_wconf 80' lang='lat' dir='ltr'><strong>terminis:</strong></span> <span class='ocrx_word' id='word_1_321' title='bbox 596 4599 706 4662; x_wconf 75' lang='lat' dir='ltr'><strong>An</strong></span> <span class='ocrx_word' id='word_1_322' title='bbox 746 4601 841 4662; x_wconf 79' lang='lat' dir='ltr'><strong>sit</strong></span> <span class='ocrx_word' id='word_1_323' title='bbox 876 4601 1084 4679; x_wconf 77' lang='lat' dir='ltr'><strong>prima</strong></span> <span class='ocrx_word' id='word_1_324' title='bbox 1111 4600 1689 4664; x_wconf 62' lang='lat' dir='ltr'><strong>virtubwm313revi-</strong></span> 
     </span>
     <span class='ocr_line' id='line_1_48' title="bbox 153 4691 1687 4774; baseline 0.006 -27"><span class='ocrx_word' id='word_1_325' title='bbox 153 4693 224 4748; x_wconf 80' lang='lat' dir='ltr'><strong>ter</strong></span> <span class='ocrx_word' id='word_1_326' title='bbox 245 4697 446 4752; x_wconf 85' lang='lat' dir='ltr'><strong>autem</strong></span> <span class='ocrx_word' id='word_1_327' title='bbox 487 4691 662 4769; x_wconf 91' lang='lat' dir='ltr'><strong>dico,</strong></span> <span class='ocrx_word' id='word_1_328' title='bbox 704 4693 756 4752; x_wconf 87' lang='lat' dir='ltr'><strong>si</strong></span> <span class='ocrx_word' id='word_1_329' title='bbox 799 4694 1176 4772; x_wconf 86' lang='lat' dir='ltr'><strong>comparatio</strong></span> <span class='ocrx_word' id='word_1_330' title='bbox 1205 4693 1315 4755; x_wconf 83' lang='lat' dir='ltr'><strong>fiat</strong></span> <span class='ocrx_word' id='word_1_331' title='bbox 1343 4694 1411 4755; x_wconf 92' lang='lat' dir='ltr'><strong>in</strong></span> <span class='ocrx_word' id='word_1_332' title='bbox 1454 4695 1687 4774; x_wconf 88' lang='lat' dir='ltr'><strong>perfec·</strong></span> 
     </span>
     <span class='ocr_line' id='line_1_49' title="bbox 149 4779 1690 4865; baseline 0.007 -27"><span class='ocrx_word' id='word_1_333' title='bbox 149 4779 306 4857; x_wconf 83' lang='lat' dir='ltr'><strong>tione,</strong></span> <span class='ocrx_word' id='word_1_334' title='bbox 333 4782 524 4845; x_wconf 84' lang='lat' dir='ltr'><strong>fidem</strong></span> <span class='ocrx_word' id='word_1_335' title='bbox 565 4801 702 4846; x_wconf 90' lang='lat' dir='ltr'><strong>non</strong></span> <span class='ocrx_word' id='word_1_336' title='bbox 747 4801 880 4846; x_wconf 85' lang='lat' dir='ltr'><strong>esse</strong></span> <span class='ocrx_word' id='word_1_337' title='bbox 924 4787 1225 4865; x_wconf 82' lang='lat' dir='ltr'><strong>primam3</strong></span> <span class='ocrx_word' id='word_1_338' title='bbox 1255 4805 1405 4848; x_wconf 88' lang='lat' dir='ltr'><strong>nam</strong></span> <span class='ocrx_word' id='word_1_339' title='bbox 1449 4787 1690 4849; x_wconf 84' lang='lat' dir='ltr'><strong>excedit</strong></span> 
     </span>
     <span class='ocr_line' id='line_1_50' title="bbox 144 4870 1689 4960; baseline 0.007 -29"><span class='ocrx_word' id='word_1_340' title='bbox 144 4870 400 4950; x_wconf 82' lang='lat' dir='ltr'><strong>charitas,</strong></span> <span class='ocrx_word' id='word_1_341' title='bbox 429 4883 598 4938; x_wconf 86' lang='lat' dir='ltr'><strong>teste</strong></span> <span class='ocrx_word' id='word_1_342' title='bbox 635 4877 851 4955; x_wconf 85' lang='lat' dir='ltr'><strong>Paulo,</strong></span> <span class='ocrx_word' id='word_1_343' title='bbox 885 4877 1020 4939; x_wconf 86' lang='lat' dir='ltr'><strong>loco</strong></span> <span class='ocrx_word' id='word_1_344' title='bbox 1059 4879 1268 4953; x_wconf 90' lang='lat' dir='ltr'><strong>citato,</strong></span> <span class='ocrx_word' id='word_1_345' title='bbox 1301 4879 1585 4960; x_wconf 84' lang='lat' dir='ltr'><strong>quamvis</strong></span> <span class='ocrx_word' id='word_1_346' title='bbox 1611 4880 1689 4942; x_wconf 88' lang='lat' dir='ltr'><strong>de</strong></span> 
     </span>
     <span class='ocr_line' id='line_1_51' title="bbox 143 4967 1689 5052; baseline 0.006 -29"><span class='ocrx_word' id='word_1_347' title='bbox 143 4967 300 5027; x_wconf 86' lang='lat' dir='ltr'><strong>modo</strong></span> <span class='ocrx_word' id='word_1_348' title='bbox 327 4987 622 5032; x_wconf 69' lang='lat' dir='ltr'><strong>excoesus</strong></span> <span class='ocrx_word' id='word_1_349' title='bbox 665 4971 748 5031; x_wconf 88' lang='lat' dir='ltr'><strong>sit</strong></span> <span class='ocrx_word' id='word_1_350' title='bbox 771 4973 1210 5047; x_wconf 82' lang='lat' dir='ltr'><strong>controversia,</strong></span> <span class='ocrx_word' id='word_1_351' title='bbox 1253 4989 1394 5052; x_wconf 85' lang='lat' dir='ltr'><strong>quae</strong></span> <span class='ocrx_word' id='word_1_352' title='bbox 1421 4991 1550 5033; x_wconf 89' lang='lat' dir='ltr'><strong>non</strong></span> <span class='ocrx_word' id='word_1_353' title='bbox 1581 4990 1689 5052; x_wconf 87' lang='lat' dir='ltr'><strong>po·</strong></span> 
     </span>
     <span class='ocr_line' id='line_1_52' title="bbox 145 5059 1690 5144; baseline 0.008 -29"><span class='ocrx_word' id='word_1_354' title='bbox 145 5061 241 5118; x_wconf 81' lang='lat' dir='ltr'><strong>test</strong></span> <span class='ocrx_word' id='word_1_355' title='bbox 263 5059 356 5121; x_wconf 88' lang='lat' dir='ltr'><strong>hic</strong></span> <span class='ocrx_word' id='word_1_356' title='bbox 381 5061 631 5139; x_wconf 84' lang='lat' dir='ltr'><strong>dirimi,</strong></span> <span class='ocrx_word' id='word_1_357' title='bbox 656 5065 939 5126; x_wconf 89' lang='lat' dir='ltr'><strong>nondum</strong></span> <span class='ocrx_word' id='word_1_358' title='bbox 966 5063 1280 5127; x_wconf 85' lang='lat' dir='ltr'><strong>intellecta</strong></span> <span class='ocrx_word' id='word_1_359' title='bbox 1309 5064 1690 5144; x_wconf 83' lang='lat' dir='ltr'><strong>perfectione</strong></span> 
     </span>
     <span class='ocr_line' id='line_1_53' title="bbox 143 5149 1692 5238; baseline 0.008 -31"><span class='ocrx_word' id='word_1_360' title='bbox 143 5149 465 5234; x_wconf 75' lang='lat' dir='ltr'><strong>charitatis3</strong></span> <span class='ocrx_word' id='word_1_361' title='bbox 496 5157 840 5218; x_wconf 80' lang='lat' dir='ltr'><strong>dirimetur</strong></span> <span class='ocrx_word' id='word_1_362' title='bbox 864 5163 1076 5219; x_wconf 84' lang='lat' dir='ltr'><strong>autem</strong></span> <span class='ocrx_word' id='word_1_363' title='bbox 1104 5161 1347 5219; x_wconf 86' lang='lat' dir='ltr'><strong>tractat.</strong></span> <span class='ocrx_word' id='word_1_364' title='bbox 1381 5161 1442 5236; x_wconf 93' lang='lat'><strong>3,</strong></span> <span class='ocrx_word' id='word_1_365' title='bbox 1481 5159 1692 5238; x_wconf 87' lang='lat' dir='ltr'><strong>dispu-</strong></span> 
     </span>
     <span class='ocr_line' id='line_1_54' title="bbox 143 5247 1691 5326; baseline 0.008 -23"><span class='ocrx_word' id='word_1_366' title='bbox 143 5249 234 5306; x_wconf 83' lang='lat' dir='ltr'><strong>tat.</strong></span> <span class='ocrx_word' id='word_1_367' title='bbox 265 5247 322 5323; x_wconf 88' lang='lat'><strong>3,</strong></span> <span class='ocrx_word' id='word_1_368' title='bbox 362 5257 517 5312; x_wconf 87' lang='lat' dir='ltr'><strong>sect.</strong></span> <span class='ocrx_word' id='word_1_369' title='bbox 553 5255 622 5326; x_wconf 85' lang='lat'><strong>1,</strong></span> <span class='ocrx_word' id='word_1_370' title='bbox 662 5269 702 5313; x_wconf 87' lang='lat' dir='ltr'><strong>a</strong></span> <span class='ocrx_word' id='word_1_371' title='bbox 744 5270 923 5314; x_wconf 87' lang='lat' dir='ltr'><strong>num.</strong></span> <span class='ocrx_word' id='word_1_372' title='bbox 971 5254 1032 5313; x_wconf 91' lang='lat'><strong>3.</strong></span> <span class='ocrx_word' id='word_1_373' title='bbox 1076 5253 1154 5316; x_wconf 89' lang='lat' dir='ltr'><strong>Et</strong></span> <span class='ocrx_word' id='word_1_374' title='bbox 1193 5254 1410 5314; x_wconf 84' lang='lat' dir='ltr'><strong>eadem</strong></span> <span class='ocrx_word' id='word_1_375' title='bbox 1447 5254 1691 5316; x_wconf 86' lang='lat' dir='ltr'><strong>ratione</strong></span> 
     </span>
     <span class='ocr_line' id='line_1_55' title="bbox 139 5341 1689 5427; baseline 0.008 -31"><span class='ocrx_word' id='word_1_376' title='bbox 139 5341 332 5402; x_wconf 81' lang='lat' dir='ltr'><strong>omitto</strong></span> <span class='ocrx_word' id='word_1_377' title='bbox 373 5345 916 5424; x_wconf 80' lang='lat' dir='ltr'><strong>comparationem</strong></span> <span class='ocrx_word' id='word_1_378' title='bbox 948 5345 1114 5407; x_wconf 83' lang='lat' dir='ltr'><strong>inter</strong></span> <span class='ocrx_word' id='word_1_379' title='bbox 1161 5345 1346 5408; x_wconf 85' lang='lat' dir='ltr'><strong>fidem</strong></span> <span class='ocrx_word' id='word_1_380' title='bbox 1389 5353 1452 5408; x_wconf 87' lang='lat' dir='ltr'><strong>et</strong></span> <span class='ocrx_word' id='word_1_381' title='bbox 1491 5363 1689 5427; x_wconf 83' lang='lat' dir='ltr'><strong>spem,</strong></span> 
     </span>
    </p>
   </div>
   <div class='ocr_carea' id='block_1_5' title="bbox 141 5435 1694 5520">
    <p class='ocr_par' dir='ltr' id='par_1_7' title="bbox 141 5435 1694 5520">
     <span class='ocr_line' id='line_1_56' title="bbox 141 5435 1694 5520; baseline 0.007 -29"><span class='ocrx_word' id='word_1_382' title='bbox 141 5446 262 5507; x_wconf 84' lang='lat' dir='ltr'><strong>quae</strong></span> <span class='ocrx_word' id='word_1_383' title='bbox 289 5435 581 5497; x_wconf 77' lang='lat' dir='ltr'><strong>videatur</strong></span> <span class='ocrx_word' id='word_1_384' title='bbox 609 5443 789 5498; x_wconf 81' lang='lat' dir='ltr'><strong>tract.</strong></span> <span class='ocrx_word' id='word_1_385' title='bbox 820 5441 1125 5518; x_wconf 84' lang='lat' dir='ltr'><strong>sequenti,</strong></span> <span class='ocrx_word' id='word_1_386' title='bbox 1153 5439 1448 5520; x_wconf 85' lang='lat' dir='ltr'><strong>disputat.</strong></span> <span class='ocrx_word' id='word_1_387' title='bbox 1481 5443 1539 5510; x_wconf 81' lang='grc'><strong>1,</strong></span> <span class='ocrx_word' id='word_1_388' title='bbox 1567 5457 1694 5501; x_wconf 86' lang='lat' dir='ltr'><strong>sec-</strong></span> 
     </span>
    </p>
   </div>
   <div class='ocr_carea' id='block_1_6' title="bbox 1740 679 3310 1506">
    <p class='ocr_par' dir='ltr' id='par_1_8' title="bbox 1740 679 3310 1506">
     <span class='ocr_line' id='line_1_57' title="bbox 1741 679 3303 760; baseline 0.003 -19"><span class='ocrx_word' id='word_1_389' title='bbox 1741 681 2125 760; x_wconf 86' lang='lat' dir='ltr'><strong>comparatio</strong></span> <span class='ocrx_word' id='word_1_390' title='bbox 2162 679 2273 740; x_wconf 89' lang='lat' dir='ltr'><strong>fiat</strong></span> <span class='ocrx_word' id='word_1_391' title='bbox 2312 681 2531 742; x_wconf 91' lang='lat' dir='ltr'><strong>ordine</strong></span> <span class='ocrx_word' id='word_1_392' title='bbox 2564 683 3003 759; x_wconf 77' lang='lat' dir='ltr'><strong>generationis,</strong></span> <span class='ocrx_word' id='word_1_393' title='bbox 3036 683 3122 744; x_wconf 90' lang='lat' dir='ltr'><strong>sic</strong></span> <span class='ocrx_word' id='word_1_394' title='bbox 3154 682 3303 745; x_wconf 84' lang='lat' dir='ltr'><strong>fides</strong></span> 
     </span>
     <span class='ocr_line' id='line_1_58' title="bbox 1740 775 3301 856; baseline 0.001 -20"><span class='ocrx_word' id='word_1_395' title='bbox 1740 780 1835 836; x_wconf 88' lang='lat' dir='ltr'><strong>est</strong></span> <span class='ocrx_word' id='word_1_396' title='bbox 1872 775 2072 854; x_wconf 87' lang='lat' dir='ltr'><strong>prima</strong></span> <span class='ocrx_word' id='word_1_397' title='bbox 2113 779 2391 856; x_wconf 88' lang='lat' dir='ltr'><strong>respectu</strong></span> <span class='ocrx_word' id='word_1_398' title='bbox 2450 777 2733 835; x_wconf 90' lang='lat' dir='ltr'><strong>omnium</strong></span> <span class='ocrx_word' id='word_1_399' title='bbox 2777 775 3079 836; x_wconf 84' lang='lat' dir='ltr'><strong>virtutum</strong></span> <span class='ocrx_word' id='word_1_400' title='bbox 3102 822 3121 852; x_wconf 96' lang='lat'>‚</span> <span class='ocrx_word' id='word_1_401' title='bbox 3160 795 3301 856; x_wconf 84' lang='lat' dir='ltr'><strong>quae</strong></span> 
     </span>
     <span class='ocr_line' id='line_1_59' title="bbox 1741 867 3305 949; baseline 0.002 -21"><span class='ocrx_word' id='word_1_402' title='bbox 1741 867 1820 928; x_wconf 90' lang='lat' dir='ltr'><strong>ab</strong></span> <span class='ocrx_word' id='word_1_403' title='bbox 1861 870 1994 947; x_wconf 87' lang='lat' dir='ltr'><strong>ipsa</strong></span> <span class='ocrx_word' id='word_1_404' title='bbox 2026 869 2282 929; x_wconf 90' lang='lat' dir='ltr'><strong>omnino</strong></span> <span class='ocrx_word' id='word_1_405' title='bbox 2322 868 2814 947; x_wconf 87' lang='lat' dir='ltr'><strong>distinguuntur,</strong></span> <span class='ocrx_word' id='word_1_406' title='bbox 2850 870 2997 949; x_wconf 87' lang='lat' dir='ltr'><strong>quia</strong></span> <span class='ocrx_word' id='word_1_407' title='bbox 3033 877 3125 930; x_wconf 87' lang='lat' dir='ltr'><strong>est</strong></span> <span class='ocrx_word' id='word_1_408' title='bbox 3162 871 3305 930; x_wconf 79' lang='lat' dir='ltr'><strong>fun-</strong></span> 
     </span>
     <span class='ocr_line' id='line_1_60' title="bbox 1743 960 3305 1041; baseline 0.002 -20"><span class='ocrx_word' id='word_1_409' title='bbox 1743 961 2107 1022; x_wconf 88' lang='lat' dir='ltr'><strong>damentum</strong></span> <span class='ocrx_word' id='word_1_410' title='bbox 2142 961 2425 1040; x_wconf 70' lang='lat' dir='ltr'><strong>justitiae,</strong></span> <span class='ocrx_word' id='word_1_411' title='bbox 2460 969 2533 1021; x_wconf 91' lang='lat' dir='ltr'><strong>ut</strong></span> <span class='ocrx_word' id='word_1_412' title='bbox 2560 977 2717 1040; x_wconf 76' lang='lat' dir='ltr'><strong>saepe</strong></span> <span class='ocrx_word' id='word_1_413' title='bbox 2746 960 2980 1022; x_wconf 90' lang='lat' dir='ltr'><strong>dictum</strong></span> <span class='ocrx_word' id='word_1_414' title='bbox 3005 969 3093 1024; x_wconf 90' lang='lat' dir='ltr'><strong>est</strong></span> <span class='ocrx_word' id='word_1_415' title='bbox 3115 977 3136 1041; x_wconf 83' lang='lat'><em>3</em></span> <span class='ocrx_word' id='word_1_416' title='bbox 3169 963 3305 1024; x_wconf 88' lang='lat' dir='ltr'><strong>dico</strong></span> 
     </span>
     <span class='ocr_line' id='line_1_61' title="bbox 1745 1051 3303 1137; baseline 0.003 -23"><span class='ocrx_word' id='word_1_417' title='bbox 1745 1060 1950 1116; x_wconf 89' lang='lat' dir='ltr'><strong>autem</strong></span> <span class='ocrx_word' id='word_1_418' title='bbox 1973 1099 1991 1128; x_wconf 90' lang='lat'><strong>,</strong></span> <span class='ocrx_word' id='word_1_419' title='bbox 2036 1071 2169 1134; x_wconf 79' lang='lat' dir='ltr'><strong>quoe</strong></span> <span class='ocrx_word' id='word_1_420' title='bbox 2219 1055 2291 1116; x_wconf 77' lang='lat' dir='ltr'><strong>ab</strong></span> <span class='ocrx_word' id='word_1_421' title='bbox 2344 1051 2463 1116; x_wconf 77' lang='lat' dir='ltr'><strong>illa</strong></span> <span class='ocrx_word' id='word_1_422' title='bbox 2511 1054 2751 1116; x_wconf 77' lang='lat' dir='ltr'><strong>omnino</strong></span> <span class='ocrx_word' id='word_1_423' title='bbox 2810 1054 3303 1137; x_wconf 62' lang='lat' dir='ltr'><strong>distinquuntur,</strong></span> 
     </span>
     <span class='ocr_line' id='line_1_62' title="bbox 1745 1145 3309 1227; baseline 0.004 -23"><span class='ocrx_word' id='word_1_424' title='bbox 1745 1147 1893 1227; x_wconf 87' lang='lat' dir='ltr'><strong>quia</strong></span> <span class='ocrx_word' id='word_1_425' title='bbox 1935 1148 1987 1206; x_wconf 87' lang='lat' dir='ltr'><strong>si</strong></span> <span class='ocrx_word' id='word_1_426' title='bbox 2034 1153 2496 1226; x_wconf 87' lang='lat' dir='ltr'><strong>compararetur</strong></span> <span class='ocrx_word' id='word_1_427' title='bbox 2534 1145 2612 1205; x_wconf 88' lang='lat' dir='ltr'><strong>ad</strong></span> <span class='ocrx_word' id='word_1_428' title='bbox 2647 1165 2831 1208; x_wconf 89' lang='lat' dir='ltr'><strong>suum</strong></span> <span class='ocrx_word' id='word_1_429' title='bbox 2872 1147 3157 1210; x_wconf 87' lang='lat' dir='ltr'><strong>habitum</strong></span> <span class='ocrx_word' id='word_1_430' title='bbox 3204 1167 3309 1210; x_wconf 86' lang='lat' dir='ltr'><strong>vo-</strong></span> 
     </span>
     <span class='ocr_line' id='line_1_63' title="bbox 1745 1239 3310 1322; baseline 0.001 -22"><span class='ocrx_word' id='word_1_431' title='bbox 1745 1240 2027 1316; x_wconf 60' lang='lat' dir='ltr'><strong>luntatis„</strong></span> <span class='ocrx_word' id='word_1_432' title='bbox 2063 1240 2138 1301; x_wconf 89' lang='lat' dir='ltr'><strong>de</strong></span> <span class='ocrx_word' id='word_1_433' title='bbox 2176 1257 2301 1319; x_wconf 90' lang='lat' dir='ltr'><strong>quo</strong></span> <span class='ocrx_word' id='word_1_434' title='bbox 2346 1240 2553 1300; x_wconf 87' lang='lat' dir='ltr'><strong>statim</strong></span> <span class='ocrx_word' id='word_1_435' title='bbox 2602 1239 2879 1302; x_wconf 88' lang='lat' dir='ltr'><strong>dicemus</strong></span> <span class='ocrx_word' id='word_1_436' title='bbox 2896 1287 2915 1318; x_wconf 92' lang='lat'><strong>,</strong></span> <span class='ocrx_word' id='word_1_437' title='bbox 2960 1247 3159 1322; x_wconf 82' lang='lat' dir='ltr'><strong>potest</strong></span> <span class='ocrx_word' id='word_1_438' title='bbox 3199 1241 3310 1302; x_wconf 87' lang='lat' dir='ltr'><strong>ha-</strong></span> 
     </span>
     <span class='ocr_line' id='line_1_64' title="bbox 1745 1333 3310 1416; baseline 0.003 -23"><span class='ocrx_word' id='word_1_439' title='bbox 1745 1333 1893 1394; x_wconf 89' lang='lat' dir='ltr'><strong>bere</strong></span> <span class='ocrx_word' id='word_1_440' title='bbox 1917 1333 2411 1416; x_wconf 78' lang='lat' dir='ltr'><strong>dubitationem,</strong></span> <span class='ocrx_word' id='word_1_441' title='bbox 2446 1352 2635 1413; x_wconf 87' lang='lat' dir='ltr'><strong>quam</strong></span> <span class='ocrx_word' id='word_1_442' title='bbox 2689 1337 2958 1397; x_wconf 87' lang='lat' dir='ltr'><strong>sectione</strong></span> <span class='ocrx_word' id='word_1_443' title='bbox 2998 1337 3185 1396; x_wconf 87' lang='lat' dir='ltr'><strong>etiam</strong></span> <span class='ocrx_word' id='word_1_444' title='bbox 3218 1354 3310 1398; x_wconf 85' lang='lat' dir='ltr'><strong>se-</strong></span> 
     </span>
     <span class='ocr_line' id='line_1_65' title="bbox 1746 1426 2415 1506; baseline 0.001 -19"><span class='ocrx_word' id='word_1_445' title='bbox 1746 1426 1963 1506; x_wconf 88' lang='lat' dir='ltr'><strong>quenti</strong></span> <span class='ocrx_word' id='word_1_446' title='bbox 1995 1427 2415 1506; x_wconf 85' lang='lat' dir='ltr'><strong>expediemus.</strong></span> 
     </span>
    </p>
   </div>
   <div class='ocr_carea' id='block_1_7' title="bbox 2372 1673 2685 1728">
    <p class='ocr_par' dir='ltr' id='par_1_9' title="bbox 2372 1673 2685 1728">
     <span class='ocr_line' id='line_1_66' title="bbox 2372 1673 2685 1728; baseline -0.006 -2"><span class='ocrx_word' id='word_1_447' title='bbox 2372 1673 2587 1728; x_wconf 80' lang='lat' dir='ltr'><strong>sl-:c&#39;rlo</strong></span> <span class='ocrx_word' id='word_1_448' title='bbox 2622 1675 2685 1728; x_wconf 82' lang='lat' dir='ltr'><strong>lt.</strong></span> 
     </span>
    </p>
   </div>
   <div class='ocr_carea' id='block_1_8' title="bbox 1759 1861 3313 2036">
    <p class='ocr_par' dir='ltr' id='par_1_10' title="bbox 1759 1861 3313 2036">
     <span class='ocr_line' id='line_1_67' title="bbox 1759 1861 3313 1950; baseline -0.001 -24"><span class='ocrx_word' id='word_1_449' title='bbox 1759 1862 1983 1926; x_wconf 76' lang='lat' dir='ltr'><strong>Utrum</strong></span> <span class='ocrx_word' id='word_1_450' title='bbox 2016 1862 2165 1942; x_wconf 74' lang='lat' dir='ltr'><strong>fides</strong></span> <span class='ocrx_word' id='word_1_451' title='bbox 2202 1864 2481 1944; x_wconf 74' lang='lat' dir='ltr'><strong>requirat</strong></span> <span class='ocrx_word' id='word_1_452' title='bbox 2528 1861 2595 1926; x_wconf 76' lang='lat' dir='ltr'><strong>iu</strong></span> <span class='ocrx_word' id='word_1_453' title='bbox 2608 1862 2942 1950; x_wconf 50' lang='lat' dir='ltr'><strong>„voluntate</strong></span> <span class='ocrx_word' id='word_1_454' title='bbox 2986 1864 3313 1944; x_wconf 75' lang='lat' dir='ltr'><strong>proprium</strong></span> 
     </span>
     <span class='ocr_line' id='line_1_68' title="bbox 1948 1955 3107 2036; baseline 0.001 -18"><span class='ocrx_word' id='word_1_455' title='bbox 1948 1955 2241 2030; x_wconf 69' lang='lat' dir='ltr'><strong>habitum,</strong></span> <span class='ocrx_word' id='word_1_456' title='bbox 2276 1961 2333 2018; x_wconf 77' lang='lat' dir='ltr'><strong>ec</strong></span> <span class='ocrx_word' id='word_1_457' title='bbox 2354 1957 2493 2036; x_wconf 76' lang='lat' dir='ltr'><strong>quie</strong></span> <span class='ocrx_word' id='word_1_458' title='bbox 2519 1955 2611 2018; x_wconf 73' lang='lat' dir='ltr'><strong>vel</strong></span> <span class='ocrx_word' id='word_1_459' title='bbox 2636 1955 2838 2036; x_wconf 74' lang='lat' dir='ltr'><strong>qualis</strong></span> <span class='ocrx_word' id='word_1_460' title='bbox 2864 1955 2971 2019; x_wconf 75' lang='lat' dir='ltr'><strong>ille</strong></span> <span class='ocrx_word' id='word_1_461' title='bbox 2998 1958 3107 2019; x_wconf 72' lang='lat' dir='ltr'><strong>sit.</strong></span> 
     </span>
    </p>
   </div>
   <div class='ocr_carea' id='block_1_9' title="bbox 1834 2179 3315 2261">
    <p class='ocr_par' dir='ltr' id='par_1_11' title="bbox 1834 2179 3315 2261">
     <span class='ocr_line' id='line_1_69' title="bbox 1834 2179 3315 2261; baseline 0 -21"><span class='ocrx_word' id='word_1_462' title='bbox 1834 2183 1890 2241; x_wconf 77' lang='lat'><strong>1.</strong></span> <span class='ocrx_word' id='word_1_463' title='bbox 1933 2179 2155 2242; x_wconf 76' lang='lat' dir='ltr'><strong>Prima</strong></span> <span class='ocrx_word' id='word_1_464' title='bbox 2190 2180 2391 2261; x_wconf 78' lang='lat' dir='ltr'><strong>opinio</strong></span> <span class='ocrx_word' id='word_1_465' title='bbox 2418 2197 2647 2261; x_wconf 59' lang='lat' dir='ltr'><strong>nepam·</strong></span> <span class='ocrx_word' id='word_1_466' title='bbox 2676 2179 2855 2242; x_wconf 78' lang='lat' dir='ltr'><strong>talem</strong></span> <span class='ocrx_word' id='word_1_467' title='bbox 2885 2179 3151 2243; x_wconf 71' lang='lat' dir='ltr'><strong>habitum</strong></span> <span class='ocrx_word' id='word_1_468' title='bbox 3174 2197 3315 2261; x_wconf 80' lang='lat' dir='ltr'><strong>pro-</strong></span> 
     </span>
    </p>
   </div>
   <div class='ocr_carea' id='block_1_10' title="bbox 1743 2271 3316 2356">
    <p class='ocr_par' dir='ltr' id='par_1_12' title="bbox 1743 2271 3316 2356">
     <span class='ocr_line' id='line_1_70' title="bbox 1743 2271 3316 2356; baseline 0.001 -21"><span class='ocrx_word' id='word_1_469' title='bbox 1743 2278 1887 2356; x_wconf 78' lang='lat' dir='ltr'><strong>pter</strong></span> <span class='ocrx_word' id='word_1_470' title='bbox 1923 2273 2119 2350; x_wconf 79' lang='lat' dir='ltr'><strong>ipsam</strong></span> <span class='ocrx_word' id='word_1_471' title='bbox 2164 2274 2363 2352; x_wconf 76' lang='lat' dir='ltr'><strong>fidem.</strong></span> <span class='ocrx_word' id='word_1_472' title='bbox 2390 2305 2471 2317; x_wconf 91' lang='lat'>-</span> <span class='ocrx_word' id='word_1_473' title='bbox 2497 2271 3000 2336; x_wconf 62' lang='lat' dir='ltr'><strong>fimwmentum.</strong></span> <span class='ocrx_word' id='word_1_474' title='bbox 3030 2305 3113 2316; x_wconf 90' lang='lat'><em>-</em></span> <span class='ocrx_word' id='word_1_475' title='bbox 3146 2271 3316 2336; x_wconf 74' lang='lat' dir='ltr'><strong>Alte-</strong></span> 
     </span>
    </p>
   </div>
   <div class='ocr_carea' id='block_1_11' title="bbox 1754 2364 3333 5514">
    <p class='ocr_par' dir='ltr' id='par_1_13' title="bbox 1754 2364 3324 4216">
     <span class='ocr_line' id='line_1_71' title="bbox 1754 2364 3316 2440; baseline -0.001 -12"><span class='ocrx_word' id='word_1_476' title='bbox 1754 2383 1893 2428; x_wconf 84' lang='lat' dir='ltr'><strong>rum</strong></span> <span class='ocrx_word' id='word_1_477' title='bbox 1908 2365 2482 2440; x_wconf 66' lang='lat' dir='ltr'><strong>fundamentum—</strong></span> <span class='ocrx_word' id='word_1_478' title='bbox 2497 2366 2670 2426; x_wconf 87' lang='lat' dir='ltr'><strong>Circa</strong></span> <span class='ocrx_word' id='word_1_479' title='bbox 2694 2364 3169 2426; x_wconf 83' lang='lat' dir='ltr'><strong>fundamentum</strong></span> <span class='ocrx_word' id='word_1_480' title='bbox 3200 2366 3316 2426; x_wconf 91' lang='lat' dir='ltr'><strong>hu-</strong></span> 
     </span>
     <span class='ocr_line' id='line_1_72' title="bbox 1759 2457 3316 2539; baseline -0.001 -19"><span class='ocrx_word' id='word_1_481' title='bbox 1759 2458 1855 2538; x_wconf 76' lang='lat' dir='ltr'><strong>ius</strong></span> <span class='ocrx_word' id='word_1_482' title='bbox 1900 2459 2259 2539; x_wconf 82' lang='lat' dir='ltr'><strong>quaestionis</strong></span> <span class='ocrx_word' id='word_1_483' title='bbox 2292 2457 2481 2537; x_wconf 88' lang='lat' dir='ltr'><strong>aliqui</strong></span> <span class='ocrx_word' id='word_1_484' title='bbox 2504 2459 2788 2519; x_wconf 85' lang='lat' dir='ltr'><strong>Doctores</strong></span> <span class='ocrx_word' id='word_1_485' title='bbox 2818 2464 3050 2537; x_wconf 83' lang='lat' dir='ltr'><strong>negant</strong></span> <span class='ocrx_word' id='word_1_486' title='bbox 3085 2457 3218 2519; x_wconf 86' lang='lat' dir='ltr'><strong>dari</strong></span> <span class='ocrx_word' id='word_1_487' title='bbox 3248 2459 3316 2520; x_wconf 88' lang='lat' dir='ltr'><strong>in</strong></span> 
     </span>
     <span class='ocr_line' id='line_1_73' title="bbox 1757 2550 3313 2629; baseline -0.001 -16"><span class='ocrx_word' id='word_1_488' title='bbox 1757 2553 2075 2614; x_wconf 83' lang='lat' dir='ltr'><strong>voluntate</strong></span> <span class='ocrx_word' id='word_1_489' title='bbox 2122 2551 2409 2612; x_wconf 87' lang='lat' dir='ltr'><strong>habitum</strong></span> <span class='ocrx_word' id='word_1_490' title='bbox 2450 2551 2725 2612; x_wconf 82' lang='lat' dir='ltr'><strong>infusum</strong></span> <span class='ocrx_word' id='word_1_491' title='bbox 2778 2551 2857 2612; x_wconf 89' lang='lat' dir='ltr'><strong>ad</strong></span> <span class='ocrx_word' id='word_1_492' title='bbox 2913 2550 3313 2629; x_wconf 88' lang='lat' dir='ltr'><strong>credendum,</strong></span> 
     </span>
     <span class='ocr_line' id='line_1_74' title="bbox 1760 2643 3317 2726; baseline -0.001 -19"><span class='ocrx_word' id='word_1_493' title='bbox 1760 2665 1870 2708; x_wconf 87' lang='lat' dir='ltr'><strong>seu</strong></span> <span class='ocrx_word' id='word_1_494' title='bbox 1905 2652 2157 2726; x_wconf 87' lang='lat' dir='ltr'><strong>propter</strong></span> <span class='ocrx_word' id='word_1_495' title='bbox 2185 2646 2381 2725; x_wconf 83' lang='lat' dir='ltr'><strong>ipsam</strong></span> <span class='ocrx_word' id='word_1_496' title='bbox 2408 2643 2636 2720; x_wconf 85' lang='lat' dir='ltr'><strong>fidem3</strong></span> <span class='ocrx_word' id='word_1_497' title='bbox 2663 2645 2752 2704; x_wconf 85' lang='lat' dir='ltr'><strong>ita</strong></span> <span class='ocrx_word' id='word_1_498' title='bbox 2776 2645 2979 2706; x_wconf 89' lang='lat' dir='ltr'><strong>tenuit</strong></span> <span class='ocrx_word' id='word_1_499' title='bbox 3006 2645 3268 2706; x_wconf 87' lang='lat' dir='ltr'><strong>Scotus&#39;</strong></span> <span class='ocrx_word' id='word_1_500' title='bbox 3251 2663 3317 2706; x_wconf 86' lang='lat' dir='ltr'><strong>m</strong></span> 
     </span>
     <span class='ocr_line' id='line_1_75' title="bbox 1763 2737 3318 2848; baseline -0.001 -46"><span class='ocrx_word' id='word_1_501' title='bbox 1763 2743 1823 2848; x_wconf 76' lang='lat'><strong>3,</strong></span> <span class='ocrx_word' id='word_1_502' title='bbox 1855 2741 1916 2802; x_wconf 91' lang='lat' dir='ltr'><strong>d.</strong></span> <span class='ocrx_word' id='word_1_503' title='bbox 1948 2739 2029 2801; x_wconf 72' lang='lat'><strong>25</strong></span> <span class='ocrx_word' id='word_1_504' title='bbox 2084 2759 2148 2820; x_wconf 87' lang='lat' dir='ltr'><strong>q.</strong></span> <span class='ocrx_word' id='word_1_505' title='bbox 2180 2741 2242 2800; x_wconf 72' lang='grc' dir='ltr'><strong>Ξ.</strong></span> <span class='ocrx_word' id='word_1_506' title='bbox 2266 2737 2608 2813; x_wconf 76' lang='lat' dir='ltr'><strong>Fundetur,</strong></span> <span class='ocrx_word' id='word_1_507' title='bbox 2604 2738 2789 2842; x_wconf 89' lang='lat' dir='ltr'><strong>quia</strong></span> <span class='ocrx_word' id='word_1_508' title='bbox 2814 2737 3041 2799; x_wconf 87' lang='lat' dir='ltr'><strong>sufficit</strong></span> <span class='ocrx_word' id='word_1_509' title='bbox 3068 2737 3318 2800; x_wconf 86' lang='lat' dir='ltr'><strong>habitus</strong></span> 
     </span>
     <span class='ocr_line' id='line_1_76' title="bbox 1762 2807 3320 2912; baseline -0.001 -19"><span class='ocrx_word' id='word_1_510' title='bbox 1762 2833 1825 2893; x_wconf 87' lang='lat' dir='ltr'><strong>in</strong></span> <span class='ocrx_word' id='word_1_511' title='bbox 1857 2833 2133 2912; x_wconf 88' lang='lat' dir='ltr'><strong>potentia</strong></span> <span class='ocrx_word' id='word_1_512' title='bbox 2159 2830 2441 2893; x_wconf 87' lang='lat' dir='ltr'><strong>eliciente</strong></span> <span class='ocrx_word' id='word_1_513' title='bbox 2469 2807 2677 2891; x_wconf 88' lang='lat' dir='ltr'><strong>actum</strong></span> <span class='ocrx_word' id='word_1_514' title='bbox 2706 2829 2878 2906; x_wconf 85' lang='lat' dir='ltr'><strong>fidei,</strong></span> <span class='ocrx_word' id='word_1_515' title='bbox 2908 2831 3054 2910; x_wconf 88' lang='lat' dir='ltr'><strong>quia</strong></span> <span class='ocrx_word' id='word_1_516' title='bbox 3094 2831 3199 2892; x_wconf 90' lang='lat' dir='ltr'><strong>ille</strong></span> <span class='ocrx_word' id='word_1_517' title='bbox 3225 2849 3320 2892; x_wconf 91' lang='lat' dir='ltr'><strong>so-</strong></span> 
     </span>
     <span class='ocr_line' id='line_1_77' title="bbox 1761 2923 3321 3006; baseline -0.001 -19"><span class='ocrx_word' id='word_1_518' title='bbox 1761 2927 1856 2988; x_wconf 91' lang='lat' dir='ltr'><strong>lus</strong></span> <span class='ocrx_word' id='word_1_519' title='bbox 1887 2932 1978 2987; x_wconf 86' lang='lat' dir='ltr'><strong>est</strong></span> <span class='ocrx_word' id='word_1_520' title='bbox 2026 2923 2402 3006; x_wconf 88' lang='lat' dir='ltr'><strong>principium</strong></span> <span class='ocrx_word' id='word_1_521' title='bbox 2440 2923 2794 3004; x_wconf 78' lang='lat' dir='ltr'><strong>physicum,</strong></span> <span class='ocrx_word' id='word_1_522' title='bbox 2826 2930 2887 2985; x_wconf 93' lang='lat' dir='ltr'><strong>et</strong></span> <span class='ocrx_word' id='word_1_523' title='bbox 2926 2941 3037 3004; x_wconf 87' lang='lat' dir='ltr'><strong>per</strong></span> <span class='ocrx_word' id='word_1_524' title='bbox 3069 2941 3135 2986; x_wconf 89' lang='lat' dir='ltr'><strong>se</strong></span> <span class='ocrx_word' id='word_1_525' title='bbox 3178 2924 3321 2986; x_wconf 88' lang='lat' dir='ltr'><strong>talis</strong></span> 
     </span>
     <span class='ocr_line' id='line_1_78' title="bbox 1761 3015 3323 3098; baseline -0.001 -18"><span class='ocrx_word' id='word_1_526' title='bbox 1761 3025 1973 3080; x_wconf 89' lang='lat' dir='ltr'><strong>actus·</strong></span> <span class='ocrx_word' id='word_1_527' title='bbox 1954 3063 1975 3097; x_wconf 90' lang='lat'><strong>,</strong></span> <span class='ocrx_word' id='word_1_528' title='bbox 2000 3017 2305 3098; x_wconf 64' lang='lat' dir='ltr'><strong>{voluntas</strong></span> <span class='ocrx_word' id='word_1_529' title='bbox 2348 3024 2559 3078; x_wconf 89' lang='lat' dir='ltr'><strong>autem</strong></span> <span class='ocrx_word' id='word_1_530' title='bbox 2605 3015 2805 3076; x_wconf 84' lang='lat' dir='ltr'><strong>solum</strong></span> <span class='ocrx_word' id='word_1_531' title='bbox 2836 3023 2929 3077; x_wconf 86' lang='lat' dir='ltr'><strong>est</strong></span> <span class='ocrx_word' id='word_1_532' title='bbox 2972 3035 3155 3078; x_wconf 85' lang='lat' dir='ltr'><strong>causa</strong></span> <span class='ocrx_word' id='word_1_533' title='bbox 3190 3035 3323 3079; x_wconf 86' lang='lat' dir='ltr'><strong>mo·</strong></span> 
     </span>
     <span class='ocr_line' id='line_1_79' title="bbox 1760 3108 3323 3192; baseline 0.001 -20"><span class='ocrx_word' id='word_1_534' title='bbox 1760 3127 1937 3188; x_wconf 74' lang='lat' dir='ltr'><strong>vens,</strong></span> <span class='ocrx_word' id='word_1_535' title='bbox 1982 3119 2046 3174; x_wconf 87' lang='lat' dir='ltr'><strong>et</strong></span> <span class='ocrx_word' id='word_1_536' title='bbox 2073 3111 2247 3191; x_wconf 85' lang='lat' dir='ltr'><strong>quasi</strong></span> <span class='ocrx_word' id='word_1_537' title='bbox 2280 3129 2393 3192; x_wconf 90' lang='lat' dir='ltr'><strong>per</strong></span> <span class='ocrx_word' id='word_1_538' title='bbox 2433 3108 2732 3183; x_wconf 71' lang='lat' dir='ltr'><strong>tis-ridens,</strong></span> <span class='ocrx_word' id='word_1_539' title='bbox 2764 3113 2829 3170; x_wconf 90' lang='lat' dir='ltr'><strong>et</strong></span> <span class='ocrx_word' id='word_1_540' title='bbox 2866 3108 3007 3170; x_wconf 89' lang='lat' dir='ltr'><strong>ideo</strong></span> <span class='ocrx_word' id='word_1_541' title='bbox 3034 3127 3161 3170; x_wconf 89' lang='lat' dir='ltr'><strong>non</strong></span> <span class='ocrx_word' id='word_1_542' title='bbox 3180 3115 3323 3189; x_wconf 85' lang='lat' dir='ltr'><strong>eget</strong></span> 
     </span>
     <span class='ocr_line' id='line_1_80' title="bbox 1762 3203 3321 3284; baseline 0 -18"><span class='ocrx_word' id='word_1_543' title='bbox 1762 3203 2065 3266; x_wconf 86' lang='lat' dir='ltr'><strong>habituali</strong></span> <span class='ocrx_word' id='word_1_544' title='bbox 2090 3204 2489 3284; x_wconf 79' lang='lat' dir='ltr'><strong>perfectione.</strong></span> <span class='ocrx_word' id='word_1_545' title='bbox 2514 3203 2807 3264; x_wconf 83' lang='lat' dir='ltr'><strong>Eamdem</strong></span> <span class='ocrx_word' id='word_1_546' title='bbox 2832 3203 3205 3264; x_wconf 88' lang='lat' dir='ltr'><strong>sententiam</strong></span> <span class='ocrx_word' id='word_1_547' title='bbox 3232 3213 3321 3266; x_wconf 90' lang='lat' dir='ltr'><strong>te-</strong></span> 
     </span>
     <span class='ocr_line' id='line_1_81' title="bbox 1765 3294 3321 3376; baseline 0.001 -20"><span class='ocrx_word' id='word_1_548' title='bbox 1765 3299 1902 3357; x_wconf 89' lang='lat' dir='ltr'><strong>nuit</strong></span> <span class='ocrx_word' id='word_1_549' title='bbox 1929 3297 2207 3370; x_wconf 67' lang='lat' dir='ltr'><strong>Hem-ic„</strong></span> <span class='ocrx_word' id='word_1_550' title='bbox 2250 3294 2537 3369; x_wconf 84' lang='lat' dir='ltr'><strong>Quodlib.</strong></span> <span class='ocrx_word' id='word_1_551' title='bbox 2568 3297 2629 3370; x_wconf 79' lang='lat'><strong>5,</strong></span> <span class='ocrx_word' id='word_1_552' title='bbox 2664 3313 2725 3374; x_wconf 87' lang='lat' dir='ltr'><strong>q.</strong></span> <span class='ocrx_word' id='word_1_553' title='bbox 2754 3295 2855 3355; x_wconf 74' lang='lat'><strong>21.</strong></span> <span class='ocrx_word' id='word_1_554' title='bbox 2884 3295 2961 3355; x_wconf 87' lang='lat' dir='ltr'><strong>Et</strong></span> <span class='ocrx_word' id='word_1_555' title='bbox 2990 3295 3162 3356; x_wconf 86' lang='lat' dir='ltr'><strong>addit</strong></span> <span class='ocrx_word' id='word_1_556' title='bbox 3208 3313 3321 3376; x_wconf 85' lang='lat' dir='ltr'><strong>pro</strong></span> 
     </span>
     <span class='ocr_line' id='line_1_82' title="bbox 1763 3388 3323 3469; baseline 0 -19"><span class='ocrx_word' id='word_1_557' title='bbox 1763 3391 2192 3460; x_wconf 82' lang='lat' dir='ltr'><strong>fundamento,</strong></span> <span class='ocrx_word' id='word_1_558' title='bbox 2223 3389 2391 3469; x_wconf 88' lang='lat' dir='ltr'><strong>quod</strong></span> <span class='ocrx_word' id='word_1_559' title='bbox 2424 3388 2777 3450; x_wconf 85' lang='lat' dir='ltr'><strong>intellectus</strong></span> <span class='ocrx_word' id='word_1_560' title='bbox 2816 3388 3183 3451; x_wconf 80' lang='lat' dir='ltr'><strong>informatus</strong></span> <span class='ocrx_word' id='word_1_561' title='bbox 3213 3390 3323 3450; x_wconf 88' lang='lat' dir='ltr'><strong>ha-</strong></span> 
     </span>
     <span class='ocr_line' id='line_1_83' title="bbox 1762 3472 3322 3562; baseline 0.001 -19"><span class='ocrx_word' id='word_1_562' title='bbox 1762 3482 1896 3544; x_wconf 87' lang='lat' dir='ltr'><strong>bitu</strong></span> <span class='ocrx_word' id='word_1_563' title='bbox 1927 3483 2073 3544; x_wconf 86' lang='lat' dir='ltr'><strong>fidei</strong></span> <span class='ocrx_word' id='word_1_564' title='bbox 2103 3489 2195 3544; x_wconf 86' lang='lat' dir='ltr'><strong>est</strong></span> <span class='ocrx_word' id='word_1_565' title='bbox 2222 3501 2331 3562; x_wconf 90' lang='lat' dir='ltr'><strong>per</strong></span> <span class='ocrx_word' id='word_1_566' title='bbox 2363 3472 2427 3544; x_wconf 84' lang='lat' dir='ltr'><strong>se</strong></span> <span class='ocrx_word' id='word_1_567' title='bbox 2468 3481 2779 3543; x_wconf 84' lang='lat' dir='ltr'><strong>sufficiens</strong></span> <span class='ocrx_word' id='word_1_568' title='bbox 2822 3481 3195 3561; x_wconf 87' lang='lat' dir='ltr'><strong>principium</strong></span> <span class='ocrx_word' id='word_1_569' title='bbox 3224 3501 3322 3544; x_wconf 86' lang='lat' dir='ltr'><strong>ac-</strong></span> 
     </span>
     <span class='ocr_line' id='line_1_84' title="bbox 1764 3572 3323 3652; baseline 0 -15"><span class='ocrx_word' id='word_1_570' title='bbox 1764 3582 1893 3652; x_wconf 77' lang='lat' dir='ltr'><strong>tua,</strong></span> <span class='ocrx_word' id='word_1_571' title='bbox 1941 3584 2004 3637; x_wconf 85' lang='lat' dir='ltr'><strong>et</strong></span> <span class='ocrx_word' id='word_1_572' title='bbox 2048 3575 2467 3636; x_wconf 83' lang='lat' dir='ltr'><strong>determinans</strong></span> <span class='ocrx_word' id='word_1_573' title='bbox 2508 3572 2913 3650; x_wconf 83' lang='lat' dir='ltr'><strong>intellectum,</strong></span> <span class='ocrx_word' id='word_1_574' title='bbox 2955 3576 3142 3635; x_wconf 88' lang='lat' dir='ltr'><strong>etiam</strong></span> <span class='ocrx_word' id='word_1_575' title='bbox 3190 3575 3323 3638; x_wconf 86' lang='lat' dir='ltr'><strong>sine</strong></span> 
     </span>
     <span class='ocr_line' id='line_1_85' title="bbox 1764 3669 3321 3750; baseline -0.001 -19"><span class='ocrx_word' id='word_1_576' title='bbox 1764 3670 2029 3750; x_wconf 85' lang='lat' dir='ltr'><strong>positiva</strong></span> <span class='ocrx_word' id='word_1_577' title='bbox 2074 3669 2485 3749; x_wconf 86' lang='lat' dir='ltr'><strong>dependentia</strong></span> <span class='ocrx_word' id='word_1_578' title='bbox 2530 3687 2568 3728; x_wconf 89' lang='lat' dir='ltr'><strong>a</strong></span> <span class='ocrx_word' id='word_1_579' title='bbox 2607 3670 2881 3729; x_wconf 90' lang='lat' dir='ltr'><strong>motione</strong></span> <span class='ocrx_word' id='word_1_580' title='bbox 2938 3669 3275 3730; x_wconf 79' lang='lat' dir='ltr'><strong>voluntatis</strong></span> <span class='ocrx_word' id='word_1_581' title='bbox 3298 3717 3321 3746; x_wconf 91' lang='lat'><strong>,</strong></span> 
     </span>
     <span class='ocr_line' id='line_1_86' title="bbox 1763 3762 3323 3842; baseline 0.002 -21"><span class='ocrx_word' id='word_1_582' title='bbox 1763 3763 1911 3841; x_wconf 87' lang='lat' dir='ltr'><strong>quia</strong></span> <span class='ocrx_word' id='word_1_583' title='bbox 1951 3763 2103 3823; x_wconf 86' lang='lat' dir='ltr'><strong>satis</strong></span> <span class='ocrx_word' id='word_1_584' title='bbox 2148 3767 2241 3822; x_wconf 88' lang='lat' dir='ltr'><strong>est</strong></span> <span class='ocrx_word' id='word_1_585' title='bbox 2284 3768 2355 3822; x_wconf 88' lang='lat' dir='ltr'><strong>ut</strong></span> <span class='ocrx_word' id='word_1_586' title='bbox 2404 3779 2530 3822; x_wconf 90' lang='lat' dir='ltr'><strong>non</strong></span> <span class='ocrx_word' id='word_1_587' title='bbox 2582 3762 2997 3837; x_wconf 82' lang='lat' dir='ltr'><strong>contradicat3</strong></span> <span class='ocrx_word' id='word_1_588' title='bbox 3038 3763 3115 3822; x_wconf 86' lang='lat' dir='ltr'><strong>ad</strong></span> <span class='ocrx_word' id='word_1_589' title='bbox 3158 3763 3323 3842; x_wconf 90' lang='lat' dir='ltr'><strong>quod</strong></span> 
     </span>
     <span class='ocr_line' id='line_1_87' title="bbox 1761 3853 3323 3935; baseline 0.001 -19"><span class='ocrx_word' id='word_1_590' title='bbox 1761 3873 1886 3916; x_wconf 93' lang='lat' dir='ltr'><strong>non</strong></span> <span class='ocrx_word' id='word_1_591' title='bbox 1915 3855 2157 3935; x_wconf 81' lang='lat' dir='ltr'><strong>indiget</strong></span> <span class='ocrx_word' id='word_1_592' title='bbox 2180 3853 2419 3916; x_wconf 84' lang='lat' dir='ltr'><strong>habitu.</strong></span> <span class='ocrx_word' id='word_1_593' title='bbox 2458 3857 2589 3916; x_wconf 87' lang='lat' dir='ltr'><strong>Non</strong></span> <span class='ocrx_word' id='word_1_594' title='bbox 2618 3855 2791 3916; x_wconf 86' lang='lat' dir='ltr'><strong>abest</strong></span> <span class='ocrx_word' id='word_1_595' title='bbox 2818 3855 2899 3916; x_wconf 88' lang='lat' dir='ltr'><strong>ab</strong></span> <span class='ocrx_word' id='word_1_596' title='bbox 2926 3854 3045 3916; x_wconf 89' lang='lat' dir='ltr'><strong>hac</strong></span> <span class='ocrx_word' id='word_1_597' title='bbox 3070 3863 3323 3918; x_wconf 83' lang='lat' dir='ltr'><strong>seuten-</strong></span> 
     </span>
     <span class='ocr_line' id='line_1_88' title="bbox 1759 3947 3322 4028; baseline 0.002 -19"><span class='ocrx_word' id='word_1_598' title='bbox 1759 3949 1850 4009; x_wconf 85' lang='lat' dir='ltr'><strong>tia</strong></span> <span class='ocrx_word' id='word_1_599' title='bbox 1877 3949 2173 4027; x_wconf 83' lang='lat' dir='ltr'><strong>Vasquez‚</strong></span> <span class='ocrx_word' id='word_1_600' title='bbox 2206 3949 2243 4009; x_wconf 90' lang='lat'><strong>3</strong></span> <span class='ocrx_word' id='word_1_601' title='bbox 2268 3966 2357 4028; x_wconf 91' lang='lat' dir='ltr'><strong>p.,</strong></span> <span class='ocrx_word' id='word_1_602' title='bbox 2374 3965 2435 4027; x_wconf 83' lang='lat' dir='ltr'><strong>q.</strong></span> <span class='ocrx_word' id='word_1_603' title='bbox 2456 3953 2520 4023; x_wconf 82' lang='lat'><strong>7,</strong></span> <span class='ocrx_word' id='word_1_604' title='bbox 2542 3947 2609 4008; x_wconf 91' lang='lat' dir='ltr'><strong>in</strong></span> <span class='ocrx_word' id='word_1_605' title='bbox 2634 3948 3080 4010; x_wconf 87' lang='lat' dir='ltr'><strong>commentario</strong></span> <span class='ocrx_word' id='word_1_606' title='bbox 3104 3963 3225 4012; x_wconf 85' lang='lat' dir='ltr'><strong>art.</strong></span> <span class='ocrx_word' id='word_1_607' title='bbox 3258 3952 3322 4027; x_wconf 89' lang='lat'><strong>3,</strong></span> 
     </span>
     <span class='ocr_line' id='line_1_89' title="bbox 1762 4041 3324 4122; baseline 0.003 -20"><span class='ocrx_word' id='word_1_608' title='bbox 1762 4043 1912 4103; x_wconf 90' lang='lat' dir='ltr'><strong>dum</strong></span> <span class='ocrx_word' id='word_1_609' title='bbox 1962 4041 2210 4103; x_wconf 84' lang='lat' dir='ltr'><strong>nullum</strong></span> <span class='ocrx_word' id='word_1_610' title='bbox 2236 4042 2611 4122; x_wconf 88' lang='lat' dir='ltr'><strong>peculiarem</strong></span> <span class='ocrx_word' id='word_1_611' title='bbox 2658 4041 2945 4103; x_wconf 84' lang='lat' dir='ltr'><strong>habitum</strong></span> <span class='ocrx_word' id='word_1_612' title='bbox 2984 4045 3052 4104; x_wconf 88' lang='lat' dir='ltr'><strong>in</strong></span> <span class='ocrx_word' id='word_1_613' title='bbox 3095 4043 3215 4105; x_wconf 84' lang='lat' dir='ltr'><strong>hac</strong></span> <span class='ocrx_word' id='word_1_614' title='bbox 3256 4060 3324 4108; x_wconf 86' lang='lat' dir='ltr'><strong>re</strong></span> 
     </span>
     <span class='ocr_line' id='line_1_90' title="bbox 1761 4137 2061 4216; baseline 0 -20"><span class='ocrx_word' id='word_1_615' title='bbox 1761 4137 2061 4216; x_wconf 86' lang='lat' dir='ltr'><strong>agnoscit.</strong></span> 
     </span>
    </p>

    <p class='ocr_par' dir='ltr' id='par_1_14' title="bbox 1765 4226 3333 5514">
     <span class='ocr_line' id='line_1_91' title="bbox 1842 4226 3326 4311; baseline 0.003 -22"><span class='ocrx_word' id='word_1_616' title='bbox 1842 4229 1904 4289; x_wconf 76' lang='lat'><strong>2.</strong></span> <span class='ocrx_word' id='word_1_617' title='bbox 1943 4227 2228 4293; x_wconf 72' lang='lat' dir='ltr'><strong>Secunda</strong></span> <span class='ocrx_word' id='word_1_618' title='bbox 2256 4229 2457 4311; x_wconf 70' lang='lat' dir='ltr'><strong>opinio</strong></span> <span class='ocrx_word' id='word_1_619' title='bbox 2490 4226 2797 4308; x_wconf 73' lang='lat' dir='ltr'><strong>Oajetani,</strong></span> <span class='ocrx_word' id='word_1_620' title='bbox 2824 4229 3135 4309; x_wconf 59' lang='lat' dir='ltr'><strong>requirens</strong></span> <span class='ocrx_word' id='word_1_621' title='bbox 3164 4230 3326 4293; x_wconf 67' lang='lat' dir='ltr'><strong>laabi-</strong></span> 
     </span>
     <span class='ocr_line' id='line_1_92' title="bbox 1767 4321 3330 4402; baseline 0.001 -18"><span class='ocrx_word' id='word_1_622' title='bbox 1767 4325 1896 4384; x_wconf 76' lang='lat' dir='ltr'><strong>tum</strong></span> <span class='ocrx_word' id='word_1_623' title='bbox 1931 4321 2257 4386; x_wconf 57' lang='lat' dir='ltr'><strong>charitatis</strong></span> <span class='ocrx_word' id='word_1_624' title='bbox 2284 4323 2555 4402; x_wconf 71' lang='lat' dir='ltr'><strong>adfidom</strong></span> <span class='ocrx_word' id='word_1_625' title='bbox 2576 4325 2926 4395; x_wconf 61' lang='lat' dir='ltr'><strong>semotam</strong></span> <span class='ocrx_word' id='word_1_626' title='bbox 2946 4323 3330 4386; x_wconf 80' lang='lat' dir='ltr'><strong>-Secunda</strong></span> 
     </span>
     <span class='ocr_line' id='line_1_93' title="bbox 1765 4414 3323 4493; baseline 0.001 -18"><span class='ocrx_word' id='word_1_627' title='bbox 1765 4415 2076 4477; x_wconf 87' lang='lat' dir='ltr'><strong>sententia</strong></span> <span class='ocrx_word' id='word_1_628' title='bbox 2126 4421 2221 4476; x_wconf 84' lang='lat' dir='ltr'><strong>est</strong></span> <span class='ocrx_word' id='word_1_629' title='bbox 2284 4414 2561 4493; x_wconf 81' lang='lat' dir='ltr'><strong>Cajetani</strong></span> <span class='ocrx_word' id='word_1_630' title='bbox 2590 4456 2611 4489; x_wconf 89' lang='lat'><strong>,</strong></span> <span class='ocrx_word' id='word_1_631' title='bbox 2664 4415 2941 4476; x_wconf 80' lang='lat' dir='ltr'><strong>secunda</strong></span> <span class='ocrx_word' id='word_1_632' title='bbox 2988 4416 3272 4476; x_wconf 72' lang='lat' dir='ltr'><strong>secundm</strong></span> <span class='ocrx_word' id='word_1_633' title='bbox 3301 4461 3323 4493; x_wconf 95' lang='lat'><strong>,</strong></span> 
     </span>
     <span class='ocr_line' id='line_1_94' title="bbox 1767 4505 3325 4587; baseline 0.002 -19"><span class='ocrx_word' id='word_1_634' title='bbox 1767 4513 1985 4586; x_wconf 77' lang='lat' dir='ltr'><strong>quaest.</strong></span> <span class='ocrx_word' id='word_1_635' title='bbox 2031 4510 2095 4583; x_wconf 74' lang='lat'><strong>4,</strong></span> <span class='ocrx_word' id='word_1_636' title='bbox 2133 4507 2310 4568; x_wconf 88' lang='lat' dir='ltr'><strong>artic.</strong></span> <span class='ocrx_word' id='word_1_637' title='bbox 2342 4511 2405 4583; x_wconf 77' lang='lat'><strong>2,</strong></span> <span class='ocrx_word' id='word_1_638' title='bbox 2433 4506 2546 4586; x_wconf 50' lang='lat' dir='ltr'><strong>&gt;qui</strong></span> <span class='ocrx_word' id='word_1_639' title='bbox 2572 4505 2745 4582; x_wconf 86' lang='lat' dir='ltr'><strong>dicit,</strong></span> <span class='ocrx_word' id='word_1_640' title='bbox 2770 4507 2849 4567; x_wconf 88' lang='lat' dir='ltr'><strong>ad</strong></span> <span class='ocrx_word' id='word_1_641' title='bbox 2886 4507 3325 4587; x_wconf 81' lang='lat' dir='ltr'><strong>perfectionem</strong></span> 
     </span>
     <span class='ocr_line' id='line_1_95' title="bbox 1769 4597 3323 4680; baseline 0.001 -20"><span class='ocrx_word' id='word_1_642' title='bbox 1769 4600 1914 4662; x_wconf 89' lang='lat' dir='ltr'><strong>fidei</strong></span> <span class='ocrx_word' id='word_1_643' title='bbox 1956 4601 2189 4680; x_wconf 88' lang='lat' dir='ltr'><strong>requiri</strong></span> <span class='ocrx_word' id='word_1_644' title='bbox 2232 4599 2517 4661; x_wconf 87' lang='lat' dir='ltr'><strong>habitum</strong></span> <span class='ocrx_word' id='word_1_645' title='bbox 2556 4597 2827 4678; x_wconf 88' lang='lat' dir='ltr'><strong>aliquem</strong></span> <span class='ocrx_word' id='word_1_646' title='bbox 2856 4601 2925 4661; x_wconf 88' lang='lat' dir='ltr'><strong>in</strong></span> <span class='ocrx_word' id='word_1_647' title='bbox 2965 4600 3323 4678; x_wconf 78' lang='lat' dir='ltr'><strong>voluntate3</strong></span> 
     </span>
     <span class='ocr_line' id='line_1_96' title="bbox 1769 4693 3329 4774; baseline 0 -20"><span class='ocrx_word' id='word_1_648' title='bbox 1769 4693 2043 4754; x_wconf 85' lang='lat' dir='ltr'><strong>declarat</strong></span> <span class='ocrx_word' id='word_1_649' title='bbox 2061 4699 2269 4756; x_wconf 85' lang='lat' dir='ltr'><strong>autem</strong></span> <span class='ocrx_word' id='word_1_650' title='bbox 2287 4693 2407 4753; x_wconf 89' lang='lat' dir='ltr'><strong>hoc</strong></span> <span class='ocrx_word' id='word_1_651' title='bbox 2432 4709 2565 4754; x_wconf 83' lang='lat' dir='ltr'><strong>esse</strong></span> <span class='ocrx_word' id='word_1_652' title='bbox 2584 4693 3055 4772; x_wconf 79' lang='lat' dir='ltr'><strong>intelligendum</strong></span> <span class='ocrx_word' id='word_1_653' title='bbox 3082 4694 3163 4754; x_wconf 90' lang='lat' dir='ltr'><strong>de</strong></span> <span class='ocrx_word' id='word_1_654' title='bbox 3188 4711 3329 4774; x_wconf 83' lang='lat' dir='ltr'><strong>per-</strong></span> 
     </span>
     <span class='ocr_line' id='line_1_97' title="bbox 1767 4783 3328 4865; baseline 0.001 -19"><span class='ocrx_word' id='word_1_655' title='bbox 1767 4785 2034 4848; x_wconf 81' lang='lat' dir='ltr'><strong>fectione</strong></span> <span class='ocrx_word' id='word_1_656' title='bbox 2065 4783 2211 4846; x_wconf 88' lang='lat' dir='ltr'><strong>fidei</strong></span> <span class='ocrx_word' id='word_1_657' title='bbox 2246 4785 2556 4860; x_wconf 66' lang='lat' dir='ltr'><strong>formate,</strong></span> <span class='ocrx_word' id='word_1_658' title='bbox 2586 4801 2713 4846; x_wconf 86' lang='lat' dir='ltr'><strong>non</strong></span> <span class='ocrx_word' id='word_1_659' title='bbox 2740 4786 2819 4845; x_wconf 90' lang='lat' dir='ltr'><strong>de</strong></span> <span class='ocrx_word' id='word_1_660' title='bbox 2856 4786 3229 4865; x_wconf 73' lang='lat' dir='ltr'><strong>perfectione</strong></span> <span class='ocrx_word' id='word_1_661' title='bbox 3254 4787 3328 4848; x_wconf 85' lang='lat' dir='ltr'><strong>fi-</strong></span> 
     </span>
     <span class='ocr_line' id='line_1_98' title="bbox 1768 4877 3329 4956; baseline 0.001 -16"><span class='ocrx_word' id='word_1_662' title='bbox 1768 4879 1870 4940; x_wconf 91' lang='lat' dir='ltr'><strong>dei</strong></span> <span class='ocrx_word' id='word_1_663' title='bbox 1911 4879 2251 4940; x_wconf 83' lang='lat' dir='ltr'><strong>secundum</strong></span> <span class='ocrx_word' id='word_1_664' title='bbox 2280 4897 2345 4939; x_wconf 86' lang='lat' dir='ltr'><strong>se</strong></span> <span class='ocrx_word' id='word_1_665' title='bbox 2369 4893 2390 4956; x_wconf 83' lang='lat'>3</span> <span class='ocrx_word' id='word_1_666' title='bbox 2420 4878 2589 4938; x_wconf 85' lang='lat' dir='ltr'><strong>unde</strong></span> <span class='ocrx_word' id='word_1_667' title='bbox 2618 4877 2795 4938; x_wconf 87' lang='lat' dir='ltr'><strong>addit</strong></span> <span class='ocrx_word' id='word_1_668' title='bbox 2832 4879 3013 4940; x_wconf 83' lang='lat' dir='ltr'><strong>illum</strong></span> <span class='ocrx_word' id='word_1_669' title='bbox 3044 4879 3329 4942; x_wconf 80' lang='lat' dir='ltr'><strong>habitum</strong></span> 
     </span>
     <span class='ocr_line' id='line_1_99' title="bbox 1769 4969 3331 5054; baseline 0.003 -22"><span class='ocrx_word' id='word_1_670' title='bbox 1769 4989 1897 5033; x_wconf 88' lang='lat' dir='ltr'><strong>non</strong></span> <span class='ocrx_word' id='word_1_671' title='bbox 1919 4989 2051 5033; x_wconf 86' lang='lat' dir='ltr'><strong>esse</strong></span> <span class='ocrx_word' id='word_1_672' title='bbox 2078 4971 2435 5032; x_wconf 87' lang='lat' dir='ltr'><strong>distinctum</strong></span> <span class='ocrx_word' id='word_1_673' title='bbox 2456 4988 2495 5030; x_wconf 88' lang='lat' dir='ltr'><strong>a</strong></span> <span class='ocrx_word' id='word_1_674' title='bbox 2522 4969 2840 5046; x_wconf 81' lang='lat' dir='ltr'><strong>charitate,</strong></span> <span class='ocrx_word' id='word_1_675' title='bbox 2868 4978 2933 5034; x_wconf 89' lang='lat' dir='ltr'><strong>et</strong></span> <span class='ocrx_word' id='word_1_676' title='bbox 2952 4989 3331 5054; x_wconf 79' lang='lat' dir='ltr'><strong>consequen·</strong></span> 
     </span>
     <span class='ocr_line' id='line_1_100' title="bbox 1770 5065 3325 5145; baseline 0.003 -20"><span class='ocrx_word' id='word_1_677' title='bbox 1770 5073 1866 5127; x_wconf 91' lang='lat' dir='ltr'><strong>ter</strong></span> <span class='ocrx_word' id='word_1_678' title='bbox 1893 5072 2083 5144; x_wconf 84' lang='lat' dir='ltr'><strong>negat</strong></span> <span class='ocrx_word' id='word_1_679' title='bbox 2107 5065 2296 5126; x_wconf 86' lang='lat' dir='ltr'><strong>fidem</strong></span> <span class='ocrx_word' id='word_1_680' title='bbox 2324 5065 2663 5126; x_wconf 81' lang='lat' dir='ltr'><strong>secundum</strong></span> <span class='ocrx_word' id='word_1_681' title='bbox 2698 5083 2783 5139; x_wconf 89' lang='lat' dir='ltr'><strong>se,</strong></span> <span class='ocrx_word' id='word_1_682' title='bbox 2822 5083 2932 5127; x_wconf 82' lang='lat' dir='ltr'><strong>seu</strong></span> <span class='ocrx_word' id='word_1_683' title='bbox 2968 5067 3325 5145; x_wconf 82' lang='lat' dir='ltr'><strong>informem,</strong></span> 
     </span>
     <span class='ocr_line' id='line_1_101' title="bbox 1770 5157 3331 5240; baseline 0.003 -22"><span class='ocrx_word' id='word_1_684' title='bbox 1770 5159 2087 5238; x_wconf 83' lang='lat' dir='ltr'><strong>postulare</strong></span> <span class='ocrx_word' id='word_1_685' title='bbox 2108 5158 2392 5219; x_wconf 84' lang='lat' dir='ltr'><strong>habitum</strong></span> <span class='ocrx_word' id='word_1_686' title='bbox 2420 5157 2692 5236; x_wconf 84' lang='lat' dir='ltr'><strong>aliquem</strong></span> <span class='ocrx_word' id='word_1_687' title='bbox 2716 5157 2783 5219; x_wconf 91' lang='lat' dir='ltr'><strong>in</strong></span> <span class='ocrx_word' id='word_1_688' title='bbox 2805 5160 3125 5221; x_wconf 81' lang='lat' dir='ltr'><strong>voluntate</strong></span> <span class='ocrx_word' id='word_1_689' title='bbox 3137 5176 3158 5238; x_wconf 81' lang='lat'><em>3</em></span> <span class='ocrx_word' id='word_1_690' title='bbox 3190 5177 3331 5240; x_wconf 76' lang='lat' dir='ltr'><strong>quas</strong></span> 
     </span>
     <span class='ocr_line' id='line_1_102' title="bbox 1772 5249 3329 5331; baseline 0.001 -19"><span class='ocrx_word' id='word_1_691' title='bbox 1772 5251 2079 5313; x_wconf 89' lang='lat' dir='ltr'><strong>sententia</strong></span> <span class='ocrx_word' id='word_1_692' title='bbox 2100 5252 2289 5314; x_wconf 87' lang='lat' dir='ltr'><strong>etiam</strong></span> <span class='ocrx_word' id='word_1_693' title='bbox 2317 5250 2551 5330; x_wconf 83' lang='lat' dir='ltr'><strong>placuit</strong></span> <span class='ocrx_word' id='word_1_694' title='bbox 2578 5249 2947 5330; x_wconf 81' lang='lat' dir='ltr'><strong>quibusdam</strong></span> <span class='ocrx_word' id='word_1_695' title='bbox 2973 5255 3329 5331; x_wconf 82' lang='lat' dir='ltr'><strong>posteriori-</strong></span> 
     </span>
     <span class='ocr_line' id='line_1_103' title="bbox 1771 5342 3332 5426; baseline 0.002 -22"><span class='ocrx_word' id='word_1_696' title='bbox 1771 5343 1886 5404; x_wconf 90' lang='lat' dir='ltr'><strong>bus</strong></span> <span class='ocrx_word' id='word_1_697' title='bbox 1912 5343 2291 5422; x_wconf 85' lang='lat' dir='ltr'><strong>Thomistis;</strong></span> <span class='ocrx_word' id='word_1_698' title='bbox 2331 5353 2395 5404; x_wconf 88' lang='lat' dir='ltr'><strong>et</strong></span> <span class='ocrx_word' id='word_1_699' title='bbox 2416 5342 2695 5422; x_wconf 89' lang='lat' dir='ltr'><strong>quidem,</strong></span> <span class='ocrx_word' id='word_1_700' title='bbox 2740 5345 2793 5404; x_wconf 87' lang='lat' dir='ltr'><strong>si</strong></span> <span class='ocrx_word' id='word_1_701' title='bbox 2834 5351 3073 5407; x_wconf 85' lang='lat' dir='ltr'><strong>attente</strong></span> <span class='ocrx_word' id='word_1_702' title='bbox 3100 5353 3332 5426; x_wconf 67' lang='lat' dir='ltr'><strong>specte-</strong></span> 
     </span>
     <span class='ocr_line' id='line_1_104' title="bbox 1773 5435 3333 5514; baseline 0.001 -17"><span class='ocrx_word' id='word_1_703' title='bbox 1773 5444 1900 5510; x_wconf 88' lang='lat' dir='ltr'><strong>tur,</strong></span> <span class='ocrx_word' id='word_1_704' title='bbox 1918 5455 2045 5504; x_wconf 88' lang='lat' dir='ltr'><strong>non</strong></span> <span class='ocrx_word' id='word_1_705' title='bbox 2068 5444 2159 5498; x_wconf 87' lang='lat' dir='ltr'><strong>est</strong></span> <span class='ocrx_word' id='word_1_706' title='bbox 2185 5437 2427 5497; x_wconf 83' lang='lat' dir='ltr'><strong>diversa</strong></span> <span class='ocrx_word' id='word_1_707' title='bbox 2453 5435 2535 5497; x_wconf 87' lang='lat' dir='ltr'><strong>ab</strong></span> <span class='ocrx_word' id='word_1_708' title='bbox 2558 5436 2852 5514; x_wconf 84' lang='lat' dir='ltr'><strong>opinione</strong></span> <span class='ocrx_word' id='word_1_709' title='bbox 2878 5439 3042 5500; x_wconf 87' lang='lat' dir='ltr'><strong>Scoti</strong></span> <span class='ocrx_word' id='word_1_710' title='bbox 3068 5444 3131 5499; x_wconf 90' lang='lat' dir='ltr'><strong>et</strong></span> <span class='ocrx_word' id='word_1_711' title='bbox 3164 5439 3333 5499; x_wconf 87' lang='lat' dir='ltr'><strong>Hen-</strong></span> 
     </span>
    </p>
   </div>
   <div class='ocr_carea' id='block_1_12' title="bbox 141 5522 3331 5611">
    <p class='ocr_par' dir='ltr' id='par_1_15' title="bbox 141 5522 3331 5611">
     <span class='ocr_line' id='line_1_105' title="bbox 141 5522 3331 5611; baseline 0.005 -33"><span class='ocrx_word' id='word_1_712' title='bbox 141 5522 276 5584; x_wconf 82' lang='lat' dir='ltr'><strong>tion.</strong></span> <span class='ocrx_word' id='word_1_713' title='bbox 299 5527 361 5600; x_wconf 85' lang='grc'><strong>6,</strong></span> <span class='ocrx_word' id='word_1_714' title='bbox 391 5547 430 5589; x_wconf 84' lang='lat' dir='ltr'><strong>a</strong></span> <span class='ocrx_word' id='word_1_715' title='bbox 459 5545 718 5591; x_wconf 86' lang='lat' dir='ltr'><strong>numer.</strong></span> <span class='ocrx_word' id='word_1_716' title='bbox 748 5533 809 5592; x_wconf 75' lang='lat'><strong>4.</strong></span> <span class='ocrx_word' id='word_1_717' title='bbox 845 5531 1140 5611; x_wconf 80' lang='lat' dir='ltr'><strong>Respectu</strong></span> <span class='ocrx_word' id='word_1_718' title='bbox 1170 5537 1383 5595; x_wconf 87' lang='lat' dir='ltr'><strong>autem</strong></span> <span class='ocrx_word' id='word_1_719' title='bbox 1424 5532 1695 5595; x_wconf 84' lang='lat' dir='ltr'><strong>aliarum</strong></span> <span class='ocrx_word' id='word_1_720' title='bbox 1776 5532 1942 5592; x_wconf 84' lang='lat' dir='ltr'><strong>ritici</strong></span> <span class='ocrx_word' id='word_1_721' title='bbox 1969 5549 1985 5607; x_wconf 89' lang='lat'>;</span> <span class='ocrx_word' id='word_1_722' title='bbox 2014 5549 2161 5592; x_wconf 86' lang='lat' dir='ltr'><strong>nam</strong></span> <span class='ocrx_word' id='word_1_723' title='bbox 2204 5529 2505 5592; x_wconf 84' lang='lat' dir='ltr'><strong>Hem-icus</strong></span> <span class='ocrx_word' id='word_1_724' title='bbox 2540 5547 2824 5610; x_wconf 83' lang='lat' dir='ltr'><strong>expresse</strong></span> <span class='ocrx_word' id='word_1_725' title='bbox 2864 5531 3093 5594; x_wconf 70' lang='lat' dir='ltr'><strong>fatean-</strong></span> <span class='ocrx_word' id='word_1_726' title='bbox 3139 5531 3331 5594; x_wconf 81' lang='lat' dir='ltr'><strong>fidem</strong></span> 
     </span>
    </p>
   </div>
  </div>
 </body>
</html>
