3900 6217
453 358 571 419 508

450 462 902 546 providendum
924 469 1036 538 est,
1059 468 1128 521 ut
1155 461 1285 541 ipse
1313 479 1604 541 personas
1638 462 1848 541 eligat,
1874 464 2011 541 qui-

451 560 568 621 bus
596 558 784 619 talem
816 555 1172 617 facultatem
1203 556 1535 616 concedere
1561 556 1891 635 expediens
1911 556 2012 635 ju·

452 652 749 714 dicaverit
779 648 989 728 :quod
1037 648 1090 709 si
1117 648 1182 708 in
1224 648 1433 725 aliquo
1477 648 1837 727 particulari
1868 668 2013 711 casu

451 744 655 807 subita
682 742 1010 804 necessitas
1041 742 1292 802 honoris
1319 742 1489 818 fidei,
1515 742 1615 802 vel
1643 742 1764 803 alia
1793 742 2013 803 similis

453 842 752 911 occurrat,
801 841 951 895 tunc
985 833 1050 895 id
1088 834 1274 895 licere
1303 835 1551 914 poterit,
1598 853 1712 914 per
1756 834 2017 895 modum

451 929 768 1010 epicheioe,
799 947 928 990 non
965 928 1114 1007 quia
1145 946 1255 1008 per
1283 946 1346 989 se
1373 928 1575 988 liceat.
1601 930 1670 988 In
1699 928 1880 989 terris
1907 946 2016 988 au-

453 1029 579 1083 tem
599 1021 1078 1094 Catholicorum,
1100 1038 1302 1101 neque
1324 1021 1442 1101 ipsi
1463 1022 1857 1100 Inquisitores
1882 1039 2019 1101 pos-

452 1121 598 1177 sunt
641 1115 804 1175 hanc
838 1114 1196 1175 facultatem
1226 1114 1397 1188 dare,
1442 1115 1589 1193 quia
1633 1113 1824 1175 verba
1871 1119 2017 1175 sunt

453 1210 706 1288 praecisa
747 1214 811 1266 et
837 1206 1250 1281 universalia,
1285 1213 1348 1267 et
1387 1224 1515 1267 non
1543 1207 1861 1269 invenitur
1899 1206 2017 1267 hoc

451 1300 574 1361 illis
615 1318 995 1373 concessum,
1039 1306 1110 1360 ut
1151 1300 1360 1361 Penha
1399 1318 1585 1380 supra
1625 1302 1900 1376 notavit,
1947 1302 2017 1362 in

451 1393 492 1473 ἓ
519 1394 841 1474 Numquid.
887 1394 983 1455 An
1020 1411 1166 1454 vero
1199 1392 1537 1471 Collegium
1567 1393 2011 1469 cardinalium,

453 1486 609 1547 Sede
657 1492 936 1559 vacante,
987 1486 1182 1565 possit
1230 1486 1392 1547 hanc
1431 1486 1791 1548 facultatem
1837 1486 2012 1562 dare,

452 1578 727 1658 disputat
755 1581 936 1641 Sanc.
977 1598 1189 1659 supra,
1217 1598 1394 1641 num.
1418 1582 1519 1655 44,
1553 1582 1654 1641 sed
1687 1580 1916 1661 pendet
1939 1598 2018 1641 ex

453 1672 795 1750 quaestione
853 1672 1214 1747 universali,
1257 1672 1334 1733 de
1371 1672 1801 1751 jurisdictione
1848 1672 2017 1733 illius

451 1765 709 1844 Collegii
730 1784 844 1846 pro
863 1766 971 1828 illo
997 1774 1298 1847 tempore.
1327 1768 1502 1831 Unde
1529 1768 1756 1827 veritas
1775 1772 1868 1828 est
1889 1785 2018 1829 non

453 1876 652 1937 posse,
687 1861 834 1939 quia
859 1878 988 1922 non
1013 1860 1202 1922 habet
1229 1860 1612 1941 pontificiam
1631 1859 2019 1939 jurisdictio-

453 1970 624 2030 nem,
649 1954 750 2015 cui
779 1954 896 2015 hoc
921 1961 1298 2016 reservatum
1335 1960 1448 2016 est.

534 2048 634 2109 28.
671 2046 965 2122 Quomodo
989 2048 1380 2133 intelliqenda
1411 2049 1497 2112 sit
1519 2048 1804 2126 facultas,
1833 2048 1891 2111 si
1919 2045 2018 2111 cui

456 2142 649 2205 detur.
683 2175 764 2186 —
790 2140 1022 2203 Deinde
1069 2140 1392 2203 observare
1439 2147 1679 2223 oportet
1727 2142 1888 2203 hanc
1927 2142 2018 2203 fa-

455 2234 746 2295 cultatem
797 2236 1111 2297 interdum
1155 2252 1285 2297 esse
1329 2252 1506 2316 posse
1557 2235 1907 2315 specialem,
1939 2238 2016 2300 de

454 2346 599 2407 qua,
647 2328 795 2407 quia
843 2335 936 2389 est
974 2346 1071 2391 res
1109 2329 1255 2390 facti
1270 2375 1290 2405 ,
1343 2328 1501 2389 nihil
1550 2329 1752 2390 dicere
1809 2348 2018 2408 possu-

455 2438 619 2497 mus,
657 2421 764 2483 sed
815 2440 1077 2501 persona
1119 2423 1219 2483 cui
1258 2422 1613 2482 conceditur
1639 2421 1755 2482 sibi
1794 2440 2016 2483 consu-

454 2514 564 2589 let,
587 2514 1030 2576 considerando
1043 2514 1232 2576 verba
1254 2514 1554 2593 rescripti.
1592 2516 1798 2576 Potest
1825 2515 2015 2577 etiam

456 2626 586 2671 esse
617 2610 944 2688 generalis,
973 2609 1174 2671 velex
1203 2615 1378 2688 parte
1403 2606 1570 2684 libri,
1599 2608 1698 2669 vel
1735 2626 1812 2669 ex
1842 2616 2016 2689 parte

454 2718 860 2781 personarum
901 2702 1126 2782 quibus
1163 2701 1422 2763 facultas
1454 2702 1832 2776 conceditur.
1885 2703 2016 2763 Pri·

455 2810 560 2855 mo
605 2794 789 2856 modo
834 2795 1202 2873 intelligitur
1237 2794 1382 2855 data
1422 2794 1556 2857 haec
1597 2794 1858 2856 facultas
1901 2815 2015 2875 pro

455 2888 724 2967 antiquis
757 2888 1177 2968 scriptoribus,
1227 2887 1336 2967 qui
1365 2887 1431 2948 in
1465 2906 1737 2971 'numero
1763 2890 2017 2949 Patrum

455 2986 914 3061 computantur,
945 2980 1189 3043 etiamsi
1229 2981 1448 3042 baeresi
1474 2980 1711 3041 fuerint
1756 2981 2012 3060 infecti3

455 3075 603 3154 quia
631 3094 668 3136 a
693 3075 1092 3137 Pontificibus
1120 3075 1244 3153 legi
1275 3076 1721 3155 permittuntur
1743 3075 2013 3155 publice,

456 3173 529 3228 ut
546 3169 613 3228 in
634 3169 838 3229 Indice
862 3170 1166 3243 Romano,
1188 3168 1418 3247 partim
1447 3168 1665 3245 regula
1693 3169 1876 3229 tertia
1895 3169 2015 3229 ini-

456 3260 566 3335 tio,
580 3262 805 3340 partim
827 3261 940 3321 sub
955 3261 1164 3322 titulo:
1189 3262 1270 3325 Do
1294 3262 1676 3342 Cori-optione
1692 3262 2006 3337 librorum,

457 3360 520 3416 et
544 3355 718 3433 aliis3
754 3361 816 3417 et
841 3356 930 3416 ita
953 3360 1173 3417 notant
1195 3356 1608 3416 communiter
1635 3357 1922 3417 Doctores
1947 3355 2015 3415 in

457 3466 592 3527 cap.
619 3449 1021 3524 Damnamus,
1048 3448 1126 3511 de
1151 3449 1407 3510 Summa
1425 3448 1675 3523 Trinit.,
1702 3454 1766 3509 et
1783 3448 1849 3508 in
1875 3467 2011 3527 cap.

456 3542 919 3617 Fruar-nitatis,
960 3542 1038 3603 de
1079 3542 1420 3605 Haereticis.
1477 3541 1760 3603 Secundo
1801 3547 2016 3603 autem

456 3634 663 3709 modo,
695 3634 795 3696 vel
831 3634 1004 3695 nulla
1048 3640 1164 3711 est,
1191 3634 1298 3696 vel
1343 3652 1486 3697 rara
1521 3633 1662 3696 talis
1711 3634 2010 3712 facultas;

455 3727 606 3801 imo,
639 3728 692 3787 si
720 3744 858 3805 quae
883 3726 1208 3788 facultates
1243 3726 1472 3788 similes
1523 3728 1672 3788 olim
1716 3744 2011 3789 concessa·

455 3820 732 3895 fuerunt,
763 3826 1064 3882 revocatae
1101 3825 1246 3881 sunt
1269 3838 1378 3899 per
1403 3820 1639 3882 Julium
1664 3822 1744 3882 111
1771 3830 1830 3882 et
1859 3822 2017 3881 Pau-

457 3912 592 3973 lum
635 3914 735 3985 lv,
781 3918 846 3974 et
873 3912 1229 3975 referuntur
1255 3912 1446 3975 Bullae
1473 3914 1541 3975 in
1585 3914 1710 3975 fine
1745 3914 2017 3975 Directo-

456 4006 558 4081 rii,
603 4011 666 4066 et
687 4005 1040 4067 extenditur
1081 4008 1389 4067 revocatio
1433 4008 1620 4069 etiam
1649 4006 1728 4067 ad
1758 4006 2017 4068 faculta-

460 4105 548 4159 tes
573 4116 888 4159 concessas
923 4099 1236 4179 Episcopis
1265 4106 1328 4161 et
1354 4100 1816 4177 cardinalibus3
1855 4100 2018 4160 exci-

457 4192 716 4271 piuntur
773 4197 980 4253 autem
1031 4194 1430 4272 inquisitores
1485 4200 1546 4254 et
1589 4210 1803 4255 eorum
1846 4212 2013 4254 com·

455 4284 718 4345 missarii
740 4298 760 4361 3
795 4303 873 4346 ex
907 4304 1032 4365 quo
1077 4286 1266 4347 infert
1311 4286 1520 4346 Penha
1558 4304 1766 4365 supra,
1809 4286 2011 4365 lnqui-

457 4377 674 4439 sitores
715 4377 942 4439 babere
987 4378 1150 4453 hanc
1181 4380 1537 4440 facultatem
1569 4378 2013 4454 universalem,

459 4475 522 4531 et
549 4470 712 4531 idem
747 4470 1018 4532 affirmat
1037 4472 1299 4551 Graphis
1339 4490 1546 4551 supra,
1577 4489 1840 4532 numero
1867 4488 2020 4550 qua·

459 4563 807 4639 dragesimo
851 4566 1092 4644 quinto.
1141 4564 1540 4627 considerare
1587 4584 1734 4626 vero
1778 4571 2020 4645 oportet

461 4654 528 4715 in
555 4656 678 4717 illis
709 4658 902 4719 Bullis
935 4658 1082 4720 Julii
1114 4660 1190 4719 lll
1219 4665 1282 4719 et
1310 4660 1403 4719 Pii
1428 4660 1529 4734 lV,
1561 4658 1796 4719 nullam
1827 4658 2021 4719 facul-

459 4754 650 4809 tatem
700 4752 952 4811 concedi
1003 4750 1466 4830 inquisitoribus
1507 4751 1787 4829 positive,
1837 4756 1907 4811 ut
1933 4750 2022 4811 sic

459 4840 688 4917 dicam,
725 4842 831 4903 sed
855 4848 1094 4903 tantam
1129 4862 1256 4904 non
1280 4845 1576 4919 revocari,
1608 4845 1660 4904 si
1678 4862 1830 4921 quas
1859 4844 2020 4904 forte

459 4938 643 4993 antea
671 4933 1003 4996 habebant.
1039 4935 1214 4997 Unde
1242 4953 1318 4996 ex
1344 4935 1406 4995 vi
1427 4936 1674 4997 illarum
1699 4934 2019 4997 Bullarum

458 5026 772 5087 affirmare
823 5044 950 5087 non
998 5046 1324 5107 possumus
1364 5028 1502 5088 illos
1548 5027 1777 5087 habere
1805 5026 2019 5105 hujus-

461 5119 631 5179 modi
657 5119 1008 5181 facultatem
1014 5136 1036 5198 3
1061 5140 1142 5182 an
1169 5138 1315 5181 vero
1336 5119 1589 5180 aliunde
1613 5118 1886 5180 habeant
1909 5136 2021 5179 no-

460 5210 555 5271 bis
578 5230 700 5273 non
727 5218 985 5290 constat,
1016 5215 1190 5275 etita
1219 5213 1470 5273 illorum
1497 5212 1735 5273 notitiae
1761 5212 1876 5272 hoc
1916 5229 2020 5272 re·-

459 5305 785 5367 mittimus.

539 5400 640 5461 29.
665 5398 902 5473 Quarta
922 5416 1097 5481 pare,
1124 5401 1194 5462 do
1216 5401 1358 5479 ipsa
1384 5418 1660 5463 cemma.
1686 5432 1768 5445 -
1791 5400 2020 5472 Quarto

460 5490 598 5553 loco
629 5494 946 5573 posuimus
986 5510 1307 5555 censuram
1348 5492 1539 5554 latam
1573 5492 1642 5553 in
1687 5490 1806 5553 hac
1851 5490 2017 5552 clau·

918 360 1157 414 msPUT.
1190 360 1299 413 XX.
1336 360 1417 413 DE
1449 360 1738 414 amenus
1771 360 2084 415 ECCLESIAE
2116 312 2361 415 CONTRA
2392 359 2685 414 HAERESES
2718 358 2799 412 m·
2830 358 3205 412 nAERE‘rlcos.

2091 464 2257 539 sula,
2302 464 2379 525 de
2422 481 2548 543 qua
2590 460 2751 523 nihil
2792 460 2963 523 aliud
3000 459 3201 523 dicere
3252 474 3513 521 necesse
3542 464 3657 533 est,

2091 558 2213 619 nisi
2239 558 2405 639 quod
2427 557 2503 617 sit
2534 555 2818 617 Pontifici
2848 561 3179 631 reservata,
3206 570 3368 615 cum
3402 568 3477 613 eo
3499 552 3661 628 rigo-

2091 670 2183 725 re,
2233 668 2375 711 cum
2426 669 2551 730 quo
2607 654 2829 711 caetera
2882 648 3052 709 illius
3102 646 3307 709 Bullae
3358 652 3663 707 reservata

2096 752 2262 821 sunt,
2308 751 2369 805 et
2412 744 2574 823 quod
2610 746 2965 805 incurratur
3000 742 3081 803 ab
3123 739 3433 801 omnibus
3470 756 3665 818 perso·

2097 840 2193 901 nis
2218 838 2593 901 violantibus
2624 836 2787 899 hanc
2814 835 3329 917 prohibitionem.
3374 834 3447 895 in
3476 835 3665 894 omni-

2096 931 2210 993 bus
2240 930 2481 993 casibus
2514 930 2818 993 hactenus
2854 927 3189 1009 explicatis.
3234 925 3469 989 Solum
3498 943 3665 1006 opor-

2097 1032 2185 1087 tet
2229 1024 2455 1086 addere
2499 1029 2676 1085 extra
2718 1022 2857 1083 illos
2884 1039 3056 1083 casus
3096 1038 3225 1081 non
3260 1018 3535 1080 incurri.
3574 1018 3669 1077 Est

2098 1118 2266 1180 enim
2282 1116 2729 1179 advertendum
2744 1114 3257 1195 prohibitionem,
3292 1112 3367 1171 in
3391 1110 3513 1171 hac
3536 1109 3669 1171 Bul-

2097 1211 2159 1272 la
2186 1212 2431 1283 factam,
2461 1210 2527 1271 in
2557 1209 2694 1271 aliis
2726 1208 3035 1289 rescriptis
3064 1205 3443 1279 Pontificiis,
3474 1204 3571 1265 vel
3591 1205 3671 1265 le·

2097 1304 2275 1383 gibus
2310 1302 2698 1384 specialibus,
2742 1308 3062 1363 extensam
3102 1316 3231 1361 esse
3290 1298 3495 1357 variis
3548 1314 3671 1357 mo-

2096 1397 2211 1458 dis.
2268 1397 2423 1457 Nam
2472 1414 2549 1457 ex
2603 1403 2777 1477 parte
2808 1394 3085 1457 materiae
3129 1399 3399 1454 extensa
3454 1396 3547 1453 est
3597 1390 3669 1451 ad

2094 1507 2311 1551 omnes
2327 1488 2519 1551 libros
2537 1488 3112 1562 haeresiarcharum,
3134 1485 3397 1547 etiamsi
3418 1502 3537 1544 nec
3556 1483 3671 1545 lue-

2096 1582 2282 1643 resim
2324 1584 2703 1659 contineant,
2750 1601 2866 1645 nec
2906 1582 2985 1643 de
3030 1580 3343 1659 religione
3380 1584 3663 1650 tractent,

2098 1686 2169 1737 ut
2196 1683 2437 1739 constat
2463 1695 2543 1737 ex
2568 1676 2786 1755 regula
2814 1675 3081 1754 secunda
3109 1672 3344 1735 Indicis
3368 1671 3665 1745 Romani;

2098 1770 2246 1830 item
2278 1776 2531 1831 extensa
2565 1775 2657 1830 est
2678 1769 2757 1829 ad
2785 1758 2975 1829 libros
3012 1766 3389 1844 Astrologiae
3412 1764 3665 1841 judicia-

2099 1862 2229 1938 riae,
2259 1863 2325 1923 in
2354 1864 2624 1943 quodam
2650 1862 2819 1924 Motu
2840 1862 2999 1921 Xisti
3025 1861 3101 1935 V,
3118 1865 3181 1919 et
3204 1858 3581 1919 observatur
3606 1856 3667 1917 in

2100 1956 2317 2017 eodem
2374 1958 2577 2019 Indice
2637 1958 2801 2018 circa
2848 1953 3133 2033 regulam
3184 1968 3458 2014 nonam.
3522 1951 3665 2011 Item

2100 2067 2209 2130 per
2254 2049 2637 2112 Clementem
2676 2050 2809 2111 vlu
2840 2056 3089 2109 extensa
3135 2050 3229 2105 est
3250 2044 3335 2104 ad
3372 2042 3665 2121 quosdam

2096 2142 2283 2205 libros
2323 2142 2743 2219 Hebraeorum,
2779 2148 2852 2202 ut
2878 2141 2946 2201 in
2980 2140 3197 2201 eodem
3226 2137 3449 2201 Indice
3493 2136 3558 2195 in
3597 2134 3663 2195 fi-

2098 2256 2177 2300 ne
2213 2238 2571 2317 regularum
2592 2239 2965 2301 adnotatur.
3000 2238 3153 2299 ltem
3189 2252 3271 2295 ex
3312 2237 3498 2312 parte
3532 2248 3663 2291 auc·

2094 2332 2247 2393 toris
2297 2332 2653 2393 extenditur
2706 2331 2786 2393 ad
2830 2347 3047 2391 omnes
3095 2326 3289 2389 libros
3330 2328 3657 2403 suspectos,

2096 2425 2539 2505 cujuscumque
2597 2424 2864 2485 auctoris
2922 2422 3049 2483 sint
3076 2466 3096 2497 ,
3154 2424 3227 2481 ut
3282 2418 3558 2482 habetur
3603 2415 3661 2475 in

2096 2517 2273 2579 Bulla
2302 2518 2392 2578 Pii
2421 2518 2525 2591 lv,
2558 2519 2623 2579 in
2650 2517 2869 2579 eodem
2898 2515 3129 2588 Indice,
3173 2530 3245 2575 ac
3280 2512 3557 2589 denique
3600 2508 3659 2570 in

2096 2611 2303 2671 indice
2335 2612 2685 2686 Lusitaniae,
2726 2610 2891 2671 edito
2920 2609 2997 2669 de
3032 2606 3335 2669 mandato
3382 2604 3454 2664 D.
3481 2602 3660 2663 Geor-

2096 2706 2184 2784 gii
2225 2705 2615 2784 d’Almeyda,
2647 2702 2963 2766 Generalis
2996 2700 3415 2781 Inquisitoris,
3458 2704 3659 2759 exten·

2096 2800 2265 2860 ditur
2317 2799 2397 2859 ad
2452 2815 2667 2859 omnes
2724 2796 2913 2857 libros
2966 2811 3364 2877 quacumque
3430 2790 3657 2853 ratione

2097 2889 2458 2971 prohibitos.
2496 2892 2561 2951 [n
2604 2888 2701 2951 his
2742 2906 2891 2967 ergo
2912 2887 3177 2963 casibuS,
3206 2882 3503 2965 quamvis
3528 2899 3655 2961 pec-

2097 2991 2270 3046 cetur
2306 2984 2649 3045 mortaliter
2668 2990 2885 3043 contra
2906 2981 3047 3043 illas
3075 2981 3264 3060 leges,
3310 2996 3445 3039 non
3466 2977 3657 3037 incur·

2094 3078 2254 3139 ritur
2279 3096 2537 3139 censura
2580 3076 2773 3139 Bullae
2804 3076 3033 3151 Coenae,
3062 3092 3178 3135 nec
3216 3090 3367 3135 cum
3397 3085 3655 3131 reserva-

2095 3172 2286 3246 tione,
2331 3178 2635 3251 quatenus
2673 3171 2741 3229 in
2783 3169 2892 3231 illa
2941 3168 3035 3242 fit,
3078 3166 3371 3247 quamvis
3416 3169 3653 3225 contra·

2094 3265 2259 3327 rium
2282 3263 2592 3343 scripserit
2624 3263 2874 3338 Navar.,
2895 3261 3109 3324 consil.
3140 3264 3203 3337 1,
3230 3260 3351 3323 sub
3380 3256 3561 3321 titulo
3584 3253 3651 3315 dc

2095 3355 2915 3435 Constitutionibus,>queest.
2950 3356 3052 3431 35,
3083 3354 3229 3433 quia
3259 3352 3367 3415 lex
3404 3368 3530 3411 non
3556 3364 3649 3407 ex-

2094 3451 2369 3513 tenditur
2406 3450 2569 3511 ultra
2606 3466 2817 3511 casum
2850 3447 2929 3509 de
2959 3465 3085 3527 quo
3112 3446 3437 3525 loquitur:
3466 3456 3649 3519 neque

2093 3544 2299 3622 punit,
2328 3540 2450 3603 nisi
2490 3549 2973 3620 transgressores
3020 3540 3179 3619 ejus,
3222 3555 3353 3597 non
3401 3536 3643 3598 aliarum

2094 3635 2331 3714 legum,
2360 3635 2523 3715 quod
2554 3634 3017 3707 animadvertit,
3074 3632 3185 3711 qui
3212 3630 3519 3693 scholium
3544 3625 3647 3687 ad-

2097 3728 2251 3789 didit
2274 3728 2352 3789 ad
2378 3728 2611 3789 dictum
2647 3726 2973 3787 consilium
3018 3723 3297 3797 Navarri‚
3336 3728 3403 3785 et
3438 3722 3523 3783 ita
3546 3734 3644 3779 no-

2096 3826 2233 3881 tant
2264 3820 2455 3900 aliqui
2480 3838 2555 3881 ex
2582 3819 2784 3880 citatis
2826 3818 3213 3890 DoctoribuS,
3244 3822 3307 3877 et
3336 3816 3476 3877 ideo
3502 3826 3645 3871 sem·

2096 3931 2208 3993 per
2253 3918 2344 3975 est
2386 3911 2825 3974 consideranda
2874 3910 2997 3971 alia
3045 3909 3171 3983 lex,
3221 3907 3321 3969 vel
3368 3904 3557 3979 Bulla,
3588 3904 3641 3963 et

2090 4008 2275 4086 juxta
2301 4004 2492 4067 verba
2517 4006 2650 4083 ejus
2674 4002 3081 4084 judicandum
3130 4008 3223 4063 est
3250 4002 3329 4063 de
3362 4013 3603 4063 censura
3618 4009 3635 4068 3

2098 4117 2245 4161 nam
2272 4099 2322 4159 si
2369 4097 2605 4160 nullam
2636 4097 2965 4172 addiderit,
2998 4094 3175 4160 nulla
3200 4094 3569 4164 incurritur3
3594 4085 3639 4145 si

2098 4212 2244 4255 vero
2272 4194 2631 4274 simpliciter
2672 4191 2938 4253 addatur
2962 4186 3540 4258 excommunicatio,
3580 4184 3639 4239 ut

2094 4287 2169 4349 fit
2190 4287 2257 4347 in
2278 4292 2451 4347 motu
2482 4286 2573 4347 Pii
2593 4286 2694 4360 IV,
2716 4288 3071 4344 incurretur
3093 4282 3347 4363 quidem
3376 4290 3629 4345 censura,

2098 4380 2203 4441 sed
2233 4397 2359 4440 non
2386 4390 2715 4440 reservata.
2746 4378 2816 4438 ln
2853 4376 3063 4437 Indice
3092 4382 3301 4436 autem
3330 4366 3635 4436 Lusitania

2099 4474 2307 4547 citato,
2337 4471 2588 4533 additur
2626 4488 2885 4531 censura
2928 4474 3241 4529 reservata
3284 4458 3633 4546 Inquisitori-

2101 4566 2242 4643 bus,
2272 4582 2399 4626 non
2438 4564 2744 4627 Pontifici.
2798 4564 3006 4625 Sixtus
3040 4568 3253 4623 autem
3293 4561 3349 4621 V
3378 4574 3507 4621 eam
3533 4550 3635 4614 sihi

2099 4665 2371 4720 reservat
2398 4658 2598 4737 quoad
2644 4658 2839 4718 dictos
2884 4654 3076 4715 libros
3109 4654 3469 4731 Astrologiae
3493 4642 3631 4727 judi-

2102 4752 2327 4827 ciariae,
2358 4758 2421 4813 et
2457 4752 2597 4811 ideo
2627 4755 2937 4811 reservata
2977 4753 3071 4809 est
3104 4748 3309 4827 Papae,
3339 4764 3462 4807 non
3486 4758 3553 4802 ex
3577 4735 3630 4793 vi

2100 4844 2291 4906 Bullae
2314 4846 2535 4911 Goenae,
2566 4842 2671 4905 sed
2700 4860 2775 4903 ex
2806 4838 3101 4921 peculiari
3140 4840 3544 4919 dispositionc.
3568 4830 3629 4889 Et

2098 4939 2189 4999 ita
2214 4938 2293 4999 de
2318 4938 2457 4998 aliis
2486 4936 2819 4997 dicendum
2840 4940 2954 4995 est.

2182 5032 2279 5091 30.
2312 5028 2413 5092 Ad
2431 5030 2699 5109 primm
2734 5033 3159 5109 ammentum
3192 5020 3263 5087 in
3288 5042 3451 5087 num,
3483 5024 3531 5081 i.
3559 5044 3627 5062 -·-

2098 5122 2203 5186 Aa
2244 5124 2564 5185 secundum
2610 5123 2680 5183 in
2722 5139 2889 5183 num.
2948 5123 3006 5181 2.
3036 5152 3118 5166 —
3156 5118 3258 5182 Ad
3304 5118 3535 5181 tertium
3571 5109 3627 5169 iu

2098 5232 2265 5277 num.
2290 5215 2350 5275 3.
2372 5250 2451 5260 --
2474 5216 2819 5293 Supersunt
2856 5214 3128 5274 rationes
3158 5208 3488 5273 dubitandi
3524 5200 3622 5265 ini·

2100 5308 2188 5368 tio
2216 5308 2451 5387 positae,
2482 5304 2591 5367 sed
2616 5324 2693 5367 ex
2731 5304 2908 5367 dictis
2944 5302 3188 5365 facilem
3234 5302 3461 5365 habent
3481 5295 3622 5357 solu-

2100 5400 2374 5474 tionem3
2416 5398 2496 5457 ad
2542 5397 2813 5477 primum
2844 5398 3015 5458 enim
3060 5394 3355 5470 fatemur,
3385 5395 3449 5455 in
3477 5385 3621 5451 libris

2098 5490 2529 5553 haereticorum
2563 5490 2771 5571 aliqua
2798 5506 2975 5570 posse
2998 5506 3128 5551 esse
3154 5488 3329 5550 utilia
3347 5532 3367 5565 ,
3396 5482 3493 5548 sed
3516 5494 3619 5541 110u
