3900 6217
691 437 860 491 SECT.
897 437 936 492 l.
971 435 1192 502 Quinte
1225 435 1410 491 MODIS
1444 431 1762 489 enecatus
1796 433 2042 488 CONTRA
2074 435 2194 489 HOC
2230 433 2627 496 ruAEcEPTcm,
2664 435 2799 490 E'l‘C.

195 541 414 617 articuli,
437 538 532 600 vel
557 539 910 600 Orationem
941 537 1350 613 Dominicam,
1379 536 1479 598 vel
1505 537 1694 598 etiam

195 655 350 701 uuum
381 632 700 694 articulum
743 633 1002 692 minoris
1057 632 1386 706 momenti,
1439 637 1511 691 ut
1561 631 1696 690 des-

193 747 398 794 censum
435 727 509 787 ad
538 726 789 800 inferoS,
820 745 946 788 non
979 734 1074 787 est
1114 743 1299 804 grave
1349 733 1688 806 peccatum,

191 827 306 906 quia
323 822 416 881 illa
444 819 700 879 materia
725 821 1142 880 communiter
1170 820 1374 896 gravis
1401 837 1525 878 non
1557 821 1698 876 cen·-

193 926 344 991 setur3
369 913 516 973 sicut
555 913 744 972 etiam
783 912 1020 972 nescire
1071 913 1250 990 signo
1277 913 1471 971 crucis
1500 910 1591 969 uti
1620 910 1698 970 ad

192 1029 240 1072 se
257 1005 602 1085 signandum
627 1021 800 1064 more
825 1003 1104 1064 Ecclesiae
1125 1008 1439 1078 consueto,
1465 1001 1702 1080 aliqua-

191 1105 248 1164 lis
273 1107 414 1162 certe
453 1097 636 1178 ctilpa
670 1103 786 1170 est..
815 1112 943 1157 non
965 1103 1178 1158 tamen
1207 1096 1430 1175 gravis,
1467 1101 1538 1154 ut
1565 1094 1700 1173 qui-

193 1197 304 1255 dum
347 1191 526 1252 nimis
568 1190 840 1269 rigorose
889 1196 1178 1262 censent3
1239 1189 1359 1249 erit
1421 1204 1568 1266 ergo
1617 1185 1698 1246 ad

189 1303 452 1348 summum
475 1289 802 1362 peccatum
829 1282 1093 1355 veniale,
1123 1289 1194 1342 ut
1232 1281 1390 1342 hene
1431 1280 1700 1342 Sanehcz

189 1399 300 1442 cum
356 1379 484 1438 aliis
541 1377 723 1451 dixit,
759 1376 924 1436 dicto
955 1375 1114 1436 libro
1148 1373 1441 1449 secundo,
1471 1391 1604 1453 cap.
1635 1377 1696 1449 3,

189 1491 328 1535 num.
359 1473 452 1546 143
485 1477 552 1530 et
567 1469 750 1548 juxta
781 1469 916 1530 haec
943 1469 1020 1530 de
1043 1469 1182 1529 aliis
1205 1467 1629 1546 judicandum.
1687 1523 1692 1528 ,

247 1567 296 1626 h.
335 1562 699 1643 Iynorantia
749 1563 1152 1626 articulorum
1186 1561 1328 1641 fidei
1351 1605 1372 1636 ,
1417 1562 1700 1642 quomodo

190 1659 256 1723 sit
291 1656 528 1740 speciale
564 1661 900 1738 paccatum.
923 1657 1150 1716 —Duo
1182 1671 1332 1714 vero
1373 1660 1702 1732 supersunt

188 1749 500 1830 explicanda
558 1751 726 1809 circa
779 1749 940 1808 hanc
973 1747 1373 1827 posteriorem
1421 1747 1701 1806 assertio-

183 1863 315 1906 nem.
345 1843 620 1904 Primum
649 1848 765 1916 est,
793 1843 1106 1922 quomodo
1137 1841 1328 1920 possit
1359 1839 1489 1900 haec
1527 1841 1702 1918 igno-

184 1939 348 2000 rantia
375 1955 502 1998 esse
549 1935 816 2016 speciale
851 1942 1192 2014 peecatum.
1208 1929 1302 1993 'Et
1333 1932 1492 1993 ratio
1525 1931 1704 1992 dubi-

185 2032 324 2094 tandi
369 2037 455 2092 est
475 2075 496 2106 ,
543 2031 754 2110 primo
776 2074 794 2105 ,
843 2027 992 2109 quia
1041 2028 1403 2107 ignorantia
1447 2045 1576 2087 non
1609 2033 1702 2088 est

183 2125 388 2186 omiaeio
435 2133 637 2198 actus,
689 2121 795 2186 sed
848 2121 1098 2184 habitus
1136 2122 1452 2198 carentia3
1492 2137 1701 2200 pecca-

183 2225 285 2279 tum
324 2224 525 2278 autem
560 2216 911 2276 omissionis
939 2233 1066 2278 esse
1105 2215 1294 2276 debet
1327 2216 1392 2274 in
1423 2215 1701 2275 omissio·

181 2331 240 2372 ne
265 2317 462 2383 actus3
495 2325 678 2384 nam,
709 2311 863 2368 sicut
892 2308 1143 2370 habitus
1175 2327 1302 2369 uon
1335 2313 1533 2386 potest
1574 2325 1702 2369 esse

179 2410 456 2484 peccatum
501 2401 960 2464 commissionis
989 2402 1176 2480 (quia
1205 2401 1280 2462 de
1311 2419 1432 2460 non
1472 2401 1704 2461 haben-

178 2498 240 2558 do
279 2496 482 2556 habitu
550 2495 800 2558 nullum
859 2501 952 2556 est
992 2502 1362 2574 praeceptum
1384 2496 1435 2572 ),
1466 2494 1553 2554 ita
1591 2511 1706 2554 nec

179 2591 414 2652 carentia
449 2587 712 2648 habitus
738 2594 939 2667 potest
983 2607 1114 2648 esse
1155 2591 1470 2668 peccatum
1519 2587 1706 2646 omis·

178 2685 352 2758 sionis,
373 2682 641 2761 ideoque
663 2687 984 2760 peccatum
1011 2679 1304 2740 definitur
1330 2698 1442 2760 per
1467 2686 1701 2754 actum,

177 2785 224 2836 et
261 2777 316 2836 D.
347 2775 628 2836 Thomas·
647 2773 890 2836 addidit
915 2773 1030 2834 suh
1077 2779 1220 2834 actu
1265 2773 1708 2852 comprehendi

178 2871 476 2930 arentiam
503 2867 1044 2942 actus.·Sccundo,
1075 2867 1222 2946 quia
1249 2867 1398 2926 alias
1424 2883 1706 2945 sequere-

177 2968 256 3023 tur
293 2979 448 3036 eum,
475 2961 600 3039 qui
647 2961 862 3040 aliquo
908 2968 1186 3038 tempore
1223 2960 1471 3038 ignorat
1509 2977 1606 3021 res
1633 2957 1706 3019 fl-

174 3055 271 3128 dei,
295 3054 600 3116 continuo
639 3059 772 3114 toto
815 3052 922 3114 illo
949 3057 1230 3132 tempore
1256 3069 1526 3132 peccare,
1559 3052 1706 3130 quia

173 3148 430 3208 continuo
467 3147 756 3224 ignorat.
792 3147 1184 3224 Consequens
1215 3150 1306 3206 est
1349 3151 1560 3223 aperte
1593 3143 1706 3203 fal-
1723 3182 1728 3188 -

171 3257 324 3316 sum3
357 3257 533 3317 ergo.
577 3238 818 3312 Tertio,
851 3238 1002 3316 quia
1035 3237 1282 3297 videtur
1322 3234 1498 3315 sequi
1535 3253 1702 3310 eum,

171 3335 258 3412 qui
285 3333 528 3411 ignorat
571 3329 980 3410 particula-es
1013 3330 1302 3390 articulos
1333 3329 1500 3398 fidei,
1531 3328 1708 3406 plura

169 3433 382 3503 peecata
411 3425 808 3486 committere
830 3466 851 3498 ,
894 3423 1046 3501 >quia
1083 3422 1272 3484 hahet
1314 3422 1708 3502 particulares

169 3519 522 3596 ignorantias
543 3533 568 3596 3
602 3516 986 3596 privatimies
1011 3517 1180 3576 enim
1208 3517 1387 3594 juxta
1413 3514 1708 3593 positivus

167 3612 368 3672 formas
402 3609 945 3689 multiplicantur3
995 3608 1100 3668 sed
1148 3606 1256 3668 ille
1307 3606 1708 3686 particulares

171 3705 428 3764 veritates
467 3703 774 3782 ignorat3
815 3717 962 3778 ergo
993 3699 1387 3780 particulares
1418 3700 1707 3776 ignoran-

169 3798 266 3858 tias
306 3797 486 3859 habet
532 3819 551 3873 3
615 3811 772 3872 ergo
822 3792 1004 3872 plura
1053 3798 1300 3873 peccata
1351 3791 1701 3854 committit.

170 3890 390 3965 Quarto,
419 3890 582 3968 ,quia
607 3888 666 3948 si
709 3885 1062 3965 ignorantia
1101 3891 1190 3948 est
1215 3893 1556 3964 peccatum,
1589 3886 1710 3948 erit

167 3985 220 4042 in
255 3983 565 4046 intellectu
584 3997 608 4060 3
653 3981 826 4042 unde
861 3981 914 4042 si
971 3980 1051 4039 sit
1107 3979 1172 4039 in
1229 3979 1487 4039 materia
1535 3977 1702 4054 fidei,

169 4075 266 4136 erit
310 4077 562 4156 quidem
605 4075 749 4154 ejus
803 4073 1128 4146 carentia3
1177 4089 1325 4150 ergo
1367 4073 1486 4132 erit
1535 4089 1706 4151 quae·

165 4168 286 4228 dam
331 4168 676 4230 infidelitas
689 4183 714 4244 3
761 4164 870 4226 sed
915 4164 1088 4226 nulla
1133 4164 1464 4226 infidelitas
1509 4171 1708 4245 potest

169 4278 274 4322 esse
317 4261 500 4322 simul
543 4277 700 4321 cnm
727 4259 890 4335 fide3
919 4275 1070 4336 ergo
1093 4275 1208 4318 nec
1236 4257 1358 4318 tale
1388 4267 1705 4338 peccatum

171 4362 336 4432 potest
357 4373 490 4418 esse
517 4355 588 4414 in
623 4353 880 4415 homine
908 4349 1100 4414 fideli.

233 4451 286 4510 5.
321 4447 419 4511 Au
461 4446 839 4528 imm-antia
879 4447 1206 4509 secundum
1255 4463 1320 4508 ae
1372 4447 1462 4510 sic
1501 4463 1708 4526 pecca·

171 4547 293 4605 tm.
313 4575 391 4590 -
409 4544 494 4606 Iu
525 4561 650 4624 quo
686 4543 946 4622 mchecto
973 4542 1060 4604 sit
1085 4545 1396 4623 peccatam
1420 4542 1709 4621 iynoran-

175 4637 270 4696 τίω.
293 4669 368 4685 --
397 4639 484 4700 In
534 4655 664 4718 qua
709 4633 979 4698 carentia
1023 4634 1366 4714 formaliter
1416 4636 1707 4698 consistat

172 4726 272 4790 ἦα
301 4730 680 4810 iymwtia.
709 4759 790 4774 --
821 4729 928 4788 Hae
955 4727 1330 4806 objectiones
1358 4743 1710 4808 proponun-

171 4825 274 4894 tur,
291 4830 379 4898 ut,
394 4841 506 4902 per
531 4822 926 4884 occasionem
949 4839 1188 4895 earum,
1217 4822 1542 4898 nonnulla,
1567 4840 1706 4901 qum

173 4913 362 4976 adhoc
408 4923 742 4995 peccatum
795 4914 1144 4993 pertinent,
1189 4913 1586 4992 explicemus,
1641 4916 1708 4974 ln

173 5009 344 5084 prima
369 5011 608 5088 petitur
645 5007 954 5086 generalis
988 5011 1267 5086 quaestio,
1298 5027 1379 5068 an
1421 5008 1710 5084 ignorun-

174 5099 244 5160 tia
265 5103 597 5164 secundum
627 5120 696 5162 se
721 5103 1158 5181 sitpeccatum‚
1185 5100 1284 5160 vel
1301 5105 1543 5160 tantum
1570 5117 1712 5178 pro·-

175 5199 288 5269 pter
334 5197 806 5258 antecedentem
855 5195 1300 5273 negligentiam
1323 5237 1344 5268 ,
1393 5195 1524 5272 ipsa
1564 5211 1710 5254 vero

176 5283 492 5362 ignorantia
541 5289 756 5368 potius
803 5289 882 5348 sit
929 5288 1180 5348 eftectus
1221 5287 1476 5365 peccati.
1511 5287 1706 5358 Quam

179 5375 598 5442 dubitationem
627 5386 901 5442 tractant
923 5379 1242 5457 Theologi,
1267 5379 1468 5458 prima
1493 5395 1710 5439 secun-

181 5467 272 5546 dae,
293 5475 634 5554 quaestione
660 5477 760 5550 76,
789 5473 1050 5535 articulo
1069 5475 1131 5549 2,
1159 5479 1224 5534 et
1245 5474 1314 5533 in
1341 5476 1380 5534 2
1413 5479 1704 5550 sentent,

182 5563 296 5628 dist.
323 5571 430 5644 22,
477 5569 590 5630 ubi
642 5569 966 5630 Duraudus
981 5613 1002 5644 ,
1051 5567 1390 5648 quastione
1439 5571 1501 5643 2,
1533 5567 1709 5630 (locet

467 5691 578 5736 ΧΠ.

1774 543 2093 615 peccatum
2123 537 2492 616 ignorantias
2521 537 2847 598 consistere
2875 538 2940 598 in
2972 540 3100 602 sola
3140 543 3337 620 negli-

1775 631 2025 709 gentiu3
2076 636 2137 691 et
2166 631 2329 692 favet
2359 650 2484 692 non
2518 651 2733 710 parum
2763 631 2832 692 D.
2866 633 3131 696 Thomas
3171 637 3334 698 dicio

1775 723 2036 783 articulo
2078 727 2139 798 2,
2170 725 2275 784 ubi
2305 727 2493 786 etiam
2530 726 2847 787 Conradus
2880 733 2941 787 et
2986 729 3332 807 cajetanus.

1777 818 1852 878 Et
1879 816 2002 878 late
2032 817 2307 877 defendit
2328 817 2489 878 hanc
2513 820 2885 878 sententiam
2917 819 3189 900 vasquez
3224 825 3334 900 ibi,

1779 911 2195 990 disputatione
2241 913 2378 986 118,
2429 912 2625 990 capite
2672 913 2757 988 23
2801 919 2863 972 et
2912 913 3216 992 Corduba,
3270 919 3336 979 in

1779 1003 2372 1080 Quaestionari0,1ib.
2404 1007 2466 1080 Ξ,
2498 1011 2711 1084 quaest.
2746 1007 2806 1067 6.
2842 1007 3154 1088 Praecipua
3183 1012 3338 1070 ratio

1781 1104 1872 1158 est
1903 1112 2090 1178 supra
2128 1097 2308 1174 facta,
2341 1099 2504 1177 quod
2538 1099 2891 1177 ignorantia
2938 1108 3027 1162 est
3078 1104 3339 1182 privatio

1777 1191 2052 1252 habitus,
2084 1191 2205 1253 Alii
2234 1193 2643 1252 nihilominus
2670 1193 2892 1254 docent
2918 1194 3337 1273 ignorantiam

1779 1287 2120 1348 secundum
2170 1307 2233 1348 se
2284 1305 2409 1348 esse
2456 1291 2820 1368 peccatum,
2865 1289 3031 1367 quod
3096 1290 3339 1353 videtur

1779 1395 1909 1440 esse
1925 1379 2316 1439 communius
2334 1377 2691 1454 Doctorum,
2719 1397 2870 1460 quos
2892 1379 3041 1442 dicti
3062 1391 3343 1446 auctores

1779 1471 1904 1533 late
1940 1472 2240 1546 referunt,
2272 1478 2334 1532 et
2380 1479 2577 1551 potest
2627 1473 2895 1548 suaderi,
2943 1475 3089 1554 quia
3132 1495 3342 1556 pecca-

1779 1570 1914 1624 tum
1949 1565 2316 1644 ignorantiae
2340 1571 2433 1626 est
2474 1565 2537 1625 in
2577 1553 2922 1640 intellectu,
2960 1567 3340 1647 negligentia

1781 1665 1991 1719 autem
2015 1676 2142 1719 nou
2176 1664 2267 1718 est
2294 1658 2361 1719 in
2396 1657 2734 1734 intellectu,
2766 1661 2965 1720 sedin
2993 1662 3336 1724 voluntate.

1781 1753 2040 1828 Tamen,
2084 1758 2153 1812 ut
2180 1752 2490 1827 existim0,
2521 1750 2658 1814 haec
2696 1755 3115 1815 controversia
3162 1755 3341 1818 facile

1783 1843 2071 1924 componi
2113 1849 2334 1924 potest,
2380 1844 2430 1904 si
2468 1845 2534 1904 in
2586 1844 2774 1907 verbo
2818 1847 3169 1927 iquorantia
3215 1867 3341 1910 non

1781 1936 1861 1998 sit
1909 1936 2333 2016 aequivocatio.
2390 1937 2853 1998 Advertendum
2903 1947 2993 1999 est
3043 1958 3191 2019 crgo
3208 1987 3228 2018 ,
3266 1961 3343 2004 ex

1782 2027 1926 2092 divo
1958 2027 2218 2104 Thomu,
2250 2028 2317 2089 in
2346 2027 2454 2090 illo
2488 2030 2743 2092 articulo
2776 2033 3068 2108 secundo,
3100 2034 3178 2094 ad
3222 2043 3343 2098 ter-

1781 2122 1962 2197 tium,
2003 2122 2167 2202 quod
2201 2121 2357 2182 sicut
2391 2129 2713 2201 peccatum
2743 2127 3191 2188 commissionis
3218 2147 3345 2190 non

1783 2222 1873 2277 est
1921 2223 2163 2276 tantum
2209 2215 2277 2276 in
2314 2224 2457 2276 actu
2495 2217 2855 2294 voluntatiS,
2888 2218 2993 2280 sed
3034 2221 3223 2282 etiam
3278 2224 3345 2285 in

1783 2315 1924 2370 actu
1974 2310 2265 2370 exteriori
2306 2309 2516 2384 volit0,
2550 2316 2611 2370 et
2652 2310 2980 2389 prohibito,
3025 2312 3111 2374 ita
3160 2316 3345 2377 omis·

1783 2402 1975 2462 sionis
2002 2407 2344 2482 peccatum,
2374 2401 2539 2482 quod
2568 2409 2743 2463 extra
2786 2403 3164 2467 voluntatem
3202 2426 3347 2470 con·

1785 2503 2151 2568 summetur,
2184 2515 2312 2557 non
2342 2503 2431 2557 est
2473 2502 2716 2557 tantum
2755 2498 2819 2558 in
2868 2497 3208 2577 voluntate,
3241 2503 3344 2563 sed

1785 2591 1973 2650 etiam
2042 2591 2107 2650 in
2167 2590 2441 2650 carentia
2493 2596 2667 2652 actus
2712 2591 3044 2671 praecepti3
3093 2597 3155 2654 et
3209 2593 3345 2656 ideo

1787 2683 1907 2742 tale
1947 2689 2289 2761 peccatum,
2321 2689 2393 2742 ut
2422 2689 2511 2744 est
2539 2687 2890 2760 externum,
2923 2684 2985 2745 id
3019 2691 3133 2760 est,
3172 2695 3346 2748 extra

1788 2775 2197 2851 voluntatem,
2228 2775 2297 2834 in
2342 2789 2417 2836 ea
2446 2777 2720 2855 potentia
2758 2782 2848 2838 est
2890 2775 3223 2855 subjective
3266 2779 3343 2841 ad

1785 2886 1971 2948 quam
2005 2868 2271 2946 pertinet
2300 2871 2469 2928 actus
2503 2873 2861 2948 praeceptus,
2901 2868 3046 2931 licet
3090 2873 3346 2934 causali-

1788 2968 1882 3022 ter
1907 2961 2025 3021 sit
2011 2979 2077 3022 m
2104 2961 2446 3036 voluntate,
2482 2966 2551 3020 ut
2578 2960 2655 3021 de
2682 2959 3037 3038 ignorantia
3064 2981 3345 3044 expresse

1787 3053 1944 3114 dixit
1989 3054 2057 3114 D.
2112 3051 2424 3127 ThomaS,
2478 3053 2545 3114 iu
2596 3055 2657 3126 2,
2702 3053 2843 3114 dist.
2886 3057 2989 3131 22,
3024 3064 3239 3146 quaes.t
3278 3061 3341 3132 2,

1785 3151 1900 3207 art.
1963 3149 2023 3220 1,
2076 3145 2153 3206 ad
2200 3148 2494 3226 primum.
2545 3145 2840 3219 Quamvis
2891 3165 3038 3226 ergo
3089 3149 3347 3212 formale

1787 3248 2105 3319 peccatum
2143 3239 2515 3317 ignorantiae
2560 3240 2637 3299 sit
2687 3238 2754 3299 in
2805 3239 3121 3302 voluntate
3168 3242 3347 3319 iguo-

1786 3332 1991 3407 raudi,
2020 3338 2274 3392 externa
2324 3339 2531 3392 autem
2586 3331 2853 3406 omissiO,
2885 3349 3022 3412 quae
3074 3340 3163 3393 est
3208 3351 3347 3414 pro-

1789 3427 1995 3504 prium
2043 3431 2365 3504 peccatum
2396 3426 2785 3504 ignorantioe,
2826 3427 2892 3486 in
2919 3425 3040 3486 alia
3068 3427 3346 3506 potentia

1787 3533 1920 3579 esse
1966 3518 2169 3578 debet.
2214 3519 2291 3578 Et
2338 3517 2483 3577 hinc
2534 3526 2697 3579 recte
2739 3518 3127 3580 concluditur
3168 3519 3346 3598 igno·

1788 3612 2054 3671 rantiam
2084 3627 2214 3672 esse
2242 3611 2307 3671 in
2336 3611 2649 3672 intellectu
2689 3619 2983 3691 tanquam
3016 3613 3077 3672 iu
3112 3613 3349 3692 subjec-

1787 3712 1852 3764 to
1874 3749 1897 3780 ,
1943 3709 2007 3764 et
2054 3704 2171 3764 hoc
2226 3709 2387 3765 recte
2436 3702 2612 3765 docet
2661 3705 2959 3783 posterior
3014 3709 3341 3767 sententia.

1787 3797 2158 3856 Addendum
2209 3813 2355 3856 vcro
2400 3797 2672 3872 ulterius.
2703 3805 2814 3873 est,
2870 3797 2985 3858 hoc
3024 3804 3345 3878 peccatum

1786 3889 2131 3949 formaliter
2152 3907 2279 3948 non
2308 3890 2635 3950 consistere
2662 3890 2727 3948 in
2761 3891 3032 3950 carentia
3064 3889 3347 3952 habitua-

1785 3982 1862 4043 lis
1908 3982 2223 4056 scientiae;
2258 3999 2427 4056 uam,
2464 3989 2533 4041 ut
2566 3989 2729 4042 recte
2769 3981 2925 4042 dix'it
2965 3983 3146 4044 divus
3184 3985 3347 4046 Tho-

1787 4091 1941 4149 mas,
1974 4074 2041 4134 in
2068 4076 2130 4148 Ξ,
2162 4075 2269 4134 ubi
2298 4091 2483 4153 supra
2512 4075 2588 4134 ad
2620 4076 2958 4135 secundum
2980 4083 3041 4136 et
3064 4078 3341 4153 tertium,

1786 4166 1902 4228 hoc
1929 4173 2248 4247 peccatum
2296 4166 2537 4228 actuale
2583 4173 2698 4244 est,
2734 4173 2797 4228 et
2823 4167 2964 4229 ideo⁴
2990 4167 3174 4230 debet
3202 4189 3342 4231 con·

1786 4262 1999 4322 sistere
2036 4262 2103 4320 in
2136 4261 2477 4340 privatione
2525 4265 2720 4336 actus,
2770 4279 2899 4321 non
2953 4263 3017 4322 in
3074 4265 3347 4324 carentia
3411 4268 3418 4280 '

1786 4353 2059 4414 habitus·
2106 4355 2430 4428 Praeterea,
2480 4371 2664 4432 supra
2707 4353 3001 4431 diximus,
3043 4355 3198 4436 disp.
3244 4359 3341 4434 13,

1786 4453 1934 4509 sect.
1968 4449 2029 4522 5,
2080 4464 2254 4506 num.
2287 4450 2351 4522 9,
2382 4453 2755 4526 praeceptum
2786 4447 3018 4508 sciendi
3060 4465 3154 4509 res
3200 4449 3343 4510 fidei

1788 4559 1912 4600 non
1944 4540 2080 4600 dari
2116 4540 2193 4599 de
2240 4539 2541 4599 habituali
2586 4539 2841 4600 scientia
2876 4557 2984 4600 seu
3018 4543 3337 4617 memoria,

1791 4633 1896 4694 sed
1925 4633 2003 4694 de
2039 4633 2279 4693 actibus
2319 4631 2547 4711 quibus
2575 4633 2685 4693 illa
2714 4633 3056 4712 acquiritur
3073 4651 3094 4712 3
3136 4653 3347 4716 pecca-

1789 4734 1924 4789 tum
1968 4732 2178 4786 autem
2230 4726 2583 4785 omissionis
2634 4727 2913 4787 consistit
2963 4729 3029 4787 in
3072 4730 3348 4792 carentia

1790 4825 1944 4901 eJuS,
1984 4820 2147 4901 quod
2198 4825 2577 4901 praeceptum
2607 4828 2701 4881 est
2726 4841 2745 4896 3
2796 4837 2945 4899 ergo
2992 4823 3121 4883 haec
3168 4826 3348 4885 omis-

1789 4916 1899 4988 si0‚
1930 4933 2070 4994 quae
2101 4921 2192 4974 est
2219 4913 2595 4992 ignorantia,
2623 4913 2686 4973 in
2717 4913 2986 4975 carentia
3008 4927 3179 4976 actus
3208 4936 3350 4977 con-

1789 5008 1944 5068 sistit
1967 5024 1988 5085 3
2026 5009 2089 5066 in
2122 5006 2237 5066 hoc
2262 5023 2409 5084 ergo
2439 5012 2603 5066 recte
2634 5007 2793 5067 dixit
2821 5008 2990 5086 prior
3018 5012 3345 5070 sententia.

1787 5101 1878 5159 Ex
1915 5100 2013 5160 his
2056 5115 2205 5159 vero
2252 5099 2505 5159 taudem
2550 5099 2937 5159 concluditur
2981 5097 3099 5160 hoc
3140 5119 3351 5180 pecca-

1789 5198 1922 5253 tum
1976 5192 2319 5252 formaliter
2357 5209 2487 5253 esse
2551 5193 2969 5271 ignorantiam
3014 5196 3350 5272 quamdam

1792 5284 2125 5360 actualem,
2156 5301 2295 5364 quoe
2340 5286 2544 5345 vocari
2590 5285 2743 5345 solet
2772 5285 3037 5361 inscitia,
3072 5289 3218 5364 quia
3258 5299 3350 5347 est

1790 5379 2063 5440 carentia
2106 5378 2352 5438 illorum
2401 5385 2651 5438 actuum
2708 5377 3079 5452 intellectuS,
3114 5379 3221 5457 qui
3271 5381 3349 5440 ad

1791 5471 2148 5546 scientiam,
2196 5487 2306 5530 seu
2358 5471 2774 5548 coguitionem
2824 5470 2967 5531 fidei
3018 5474 3352 5532 necessarii

1787 5571 1952 5628 sunt.
1984 5565 2062 5625 Et
2088 5564 2205 5625 hoc
2244 5565 2431 5625 modo
2460 5565 2619 5626 dixit
2649 5563 2719 5626 D.
2754 5564 3022 5625 Thomas
3050 5563 3117 5623 in
3148 5565 3351 5644 prima

2950 5671 3129 5733 26-
