3900 6217
544 318 665 378 458

545 443 628 485 an
656 424 989 505 disputatio
1023 425 1100 485 de
1147 424 1329 485 rebus
1379 424 1604 485 divinis
1647 441 1789 483 eum
1834 421 1932 483 his
1970 422 2110 482 infi-

545 518 784 579 delibus
808 518 982 579 licita
1011 518 1113 594 sit,
1139 535 1330 598 quam
1375 535 1618 578 reservo
1649 518 1717 577 in
1747 516 2108 596 disputatio-

545 628 691 671 nem
721 612 824 685 20,
849 616 995 672 sect.
1031 614 1093 685 1,
1121 611 1226 673 ubi
1255 610 1421 671 idem
1461 611 1537 671 de
1566 610 1869 671 haereticis
1901 610 2106 688 inqui-

545 720 778 779 remuS‚
826 704 971 784 quia
1017 703 1300 764 eamdem
1329 702 1518 764 habet
1565 704 1893 764 rationem.
1930 704 2107 763 Nune

545 798 816 859 breviter
844 799 980 859 dico
1005 815 1117 878 per
1139 816 1202 859 se
1235 816 1360 858 non
1391 816 1521 859 esse
1559 797 1813 874 malam,
1843 816 1987 857 cum
2030 797 2109 858 ad

547 892 1008 953 conversionem
1059 890 1309 952 illorum
1357 908 1517 971 saepe
1587 893 1666 951 sit
1731 891 2103 966 necessaria3

547 991 788 1065 oportet
804 991 1014 1046 antem
1037 1003 1178 1046 cum
1199 985 1422 1046 debitis
1445 983 1924 1045 circumstantiis
1941 983 2105 1061 fieri,

548 1078 624 1139 de
653 1079 878 1158 quihus
907 1078 974 1139 in
995 1078 1290 1159 proedicto
1317 1078 1476 1139 loco.

625 1175 686 1235 4.
735 1175 948 1238 Tertia
990 1175 1449 1237 communicatio
1485 1174 1550 1235 ia
1585 1173 1862 1236 civilibus
1905 1190 2015 1255 per
2046 1190 2111 1235 so

545 1286 663 1329 noa
700 1272 789 1330 est
825 1266 1021 1340 mala,
1046 1286 1152 1331 mo
1172 1268 1320 1346 jwro
1363 1268 1602 1330 divinos
1621 1268 1952 1347 prohibita,
2001 1284 2111 1348 per

547 1360 818 1425 accidens
855 1376 992 1421 vero
1017 1378 1140 1423 osse
1165 1362 1383 1441 polest.
1416 1392 1496 1403 —-
1531 1359 1739 1419 Tertia
1765 1360 2105 1419 eommuni-

547 1454 710 1515 catio
743 1458 830 1513 est
856 1452 1075 1527 civilis,
1123 1470 1234 1515 seu
1271 1452 1572 1528 humana,
1621 1452 1700 1512 de
1741 1470 1865 1531 qua
1894 1452 2108 1531 praeci-

543 1565 666 1628 pue
696 1545 800 1607 hic
827 1547 1101 1625 agimus3
1139 1551 1203 1607 et
1227 1546 1348 1606 tria
1375 1546 1452 1607 de
1474 1545 1580 1606 illa
1604 1542 1874 1606 breviter
1901 1546 2110 1606 dicen·

545 1640 626 1700 da
646 1648 814 1702 sunt.
864 1638 1139 1700 Primum
1178 1650 1272 1700 est
1297 1636 1656 1717 hujusmodi
1686 1638 2105 1698 communica-

544 1736 777 1796 tionem
803 1752 912 1814 per
934 1751 998 1796 se
1019 1734 1248 1794 malam
1275 1749 1402 1794 non
1427 1750 1576 1808 esse,
1599 1750 1714 1793 nec
1729 1734 1866 1812 jure
1893 1732 2107 1793 divino

542 1828 962 1909 prohihitam;
1003 1828 1122 1888 hoc
1163 1834 1400 1889 certum
1445 1832 1558 1902 est,
1590 1844 1736 1888 nam
1783 1827 2035 1901 PanluS,
2069 1830 2098 1887 1

543 1921 624 1983 ad
653 1922 886 1984 Corint.
909 1925 968 1997 7,
998 1922 1300 2002 permittit
1327 1938 1579 1981 omnem
1607 1920 2010 1983 domesticam
2042 1926 2104 1981 et

543 2014 889 2077 humanam
939 2016 1562 2077 communicationem
1622 2013 1793 2075 fideli
1851 2015 2103 2093 conjugi

543 2128 684 2171 cum
735 2109 1008 2171 infideli:
1039 2116 1101 2171 et
1151 2111 1216 2171 in
1245 2108 1459 2171 eadem
1503 2108 1782 2189 epistola,
1819 2126 1955 2187 cap.
2000 2108 2100 2182 10,

544 2205 846 2283 permittit
902 2202 1148 2265 fidelem
1221 2202 1596 2264 manducare
1659 2220 1804 2262 eum
1866 2200 2101 2262 infideli

543 2298 750 2377 ipsum
810 2298 1144 2373 invitante3
1194 2297 1358 2377 quod
1411 2302 1584 2357 notat
1633 2296 2104 2375 Chrysostomus

543 2389 656 2466 ibi,
690 2390 946 2451 homilia
971 2393 1072 2465 25,
1109 2396 1172 2451 et
1207 2392 1272 2451 in
1297 2389 1554 2451 homilia
1579 2389 1766 2449 etiam
1791 2388 1892 2462 25,
1919 2405 2104 2466 super

544 2483 624 2544 ad
660 2484 982 2560 Hebraeos3
1027 2490 1089 2545 et
1113 2485 1184 2545 D.
1212 2484 1502 2557 Thomas,
1534 2488 1651 2543 art.
1682 2483 1723 2544 9
1747 2502 1764 2557 ;
1804 2487 2105 2559 praeterea

543 2596 673 2639 non
723 2576 1086 2658 expediebat
1139 2578 1276 2639 talis
1339 2576 1670 2657 prohibitio
1730 2573 2103 2655 generaliter

539 2670 726 2745 facta,
777 2672 926 2749 qnia
974 2671 1100 2731 fere
1141 2670 1533 2750 impossibilis
1561 2668 1920 2730 redderetur
1958 2684 2103 2728 con-

540 2762 741 2824 versio
769 2764 1139 2839 infidelium,
1163 2763 1354 2825 velex
1387 2768 1560 2843 parte
1588 2761 2093 2842 praedicantium;

542 2858 850 2935 quomodo
891 2858 1060 2918 enim
1089 2862 1334 2937 possent
1379 2857 1454 2917 ad
1492 2854 1629 2917 illos
1671 2854 1975 2916 docendos
2002 2872 2100 2913 ac-

542 2949 780 3025 cedere,
821 2950 943 3010 nisi
973 2951 1144 3030 prius
1183 2950 1458 3009 humano
1485 2948 1669 3009 modo
1701 2948 1838 3009 illos
1880 2952 2100 3007 tracta·

539 3046 722 3102 rent?
751 3050 811 3103 et
838 3042 978 3103 ideo
1002 3043 1122 3103 illis
1149 3061 1277 3103 non
1300 3048 1543 3103 tantum
1575 3060 1701 3102 non
1737 3039 2101 3120 prohibetur

539 3134 670 3196 haec
692 3137 1194 3213 communicatio,
1226 3136 1333 3197 sed
1357 3136 1546 3197 etiam
1573 3134 1933 3209 consulitur,
1961 3152 2096 3214 cap.

543 3230 736 3303 Quam
753 3228 837 3294 sit
855 3232 1176 3306 laudabile,
1199 3232 1276 3295 de
1293 3234 1328 3294 J
1333 3231 1548 3306 udaeiS,
1573 3236 1634 3293 et
1652 3248 1785 3310 cap.
1807 3230 2093 3302 Fratris,

543 3326 642 3398 11,
675 3342 736 3403 q.
772 3328 831 3401 1,
863 3344 936 3387 ex
967 3326 1286 3405 Gregorio,
1317 3325 1474 3386 libro
1502 3328 1563 3401 3,
1587 3323 1825 3403 epistol.
1859 3324 1971 3397 263
2002 3322 2101 3382 vel

542 3418 728 3478 etiam
755 3436 827 3479 ex
861 3426 1036 3497 parte
1080 3420 1353 3498 ipsorum
1375 3417 1720 3479 infidelium
1737 3433 1758 3495 3
1791 3416 2101 3496 quomodo

539 3510 710 3573 enim
737 3516 937 3590 posset
962 3523 1136 3591 pater
1162 3514 1434 3573 converti
1463 3511 1541 3573 ad
1565 3510 1774 3584 fidem,
1803 3516 1867 3570 et
1889 3509 2098 3569 statim

539 3604 811 3683 separari
829 3606 1084 3666 omnino
1109 3625 1146 3666 a
1183 3605 1643 3666 conversatione
1671 3603 1967 3677 filiorum,
2000 3600 2099 3663 vel

540 3697 732 3757 totius
757 3696 1028 3772 familiae,
1056 3698 1156 3761 vel
1176 3699 1366 3760 etiam
1387 3698 1766 3759 amicorum?
1792 3697 1932 3755 Haec
1950 3712 2099 3773 ergo

543 3790 1018 3852 communicatio
1053 3810 1164 3871 per
1201 3810 1265 3853 se
1295 3792 1459 3853 mala
1497 3810 1621 3851 non
1660 3796 1774 3864 est,
1811 3806 1927 3849 nec
1958 3806 2099 3866 pro-

541 3882 740 3944 hibita
768 3886 1086 3947 invenitur
1123 3886 1266 3965 jure
1295 3887 1547 3963 divin03
1584 3886 1780 3947 solum
1804 3903 1880 3946 ex
1906 3886 1967 3945 vi
1991 3902 2099 3943 na-

542 3976 758 4037 turalis
787 3984 850 4038 et
875 3978 1068 4039 divini
1089 3980 1273 4058 juris,
1309 3984 1556 4039 tenetur
1582 3978 2003 4058 unnsquisque
2022 3978 2097 4037 fi-

542 4067 696 4129 delis
734 4088 870 4131 eam
916 4072 1544 4155 communicationem
1589 4071 1686 4131 vel
1713 4070 2099 4133 familiarita-

540 4169 666 4223 tem
713 4162 1056 4226 humanam
1111 4184 1250 4228 cnm
1294 4165 1650 4226 infidelibus
1697 4166 1918 4239 vitare,
1960 4182 2101 4244 quae

539 4255 637 4316 vel
663 4258 1006 4337 periculum
1035 4259 1150 4339 ipsi
1173 4258 1410 4334 aflerat,
1439 4259 1539 4318 vel
1568 4258 1706 4319 aliis
1730 4257 1896 4319 sitin
1923 4276 2099 4319 sean-

541 4348 792 4426 dalum3
837 4352 1004 4431 quod
1039 4358 1278 4414 constat
1317 4370 1394 4413 ex
1443 4351 1835 4431 generalibus
1872 4349 2100 4431 princi-

539 4444 694 4523 piis;
745 4445 812 4505 in
843 4445 1201 4525 particulari
1229 4463 1374 4506 vero
1423 4462 1501 4506 ex
1539 4443 2013 4505 circumstantiis
2040 4448 2102 4504 et

538 4536 868 4616 prudentia
889 4538 1136 4617 pendet.

621 4630 678 4690 5.
726 4631 1044 4715 Prohiberi
1067 4637 1265 4694 tamen.
1279 4635 1477 4712 potest
1493 4631 1643 4710 jure
1669 4629 2095 4693 ecclesiastico.

541 4754 620 4767 —-
655 4722 830 4784 Unde
881 4725 1152 4785 secundo
1188 4723 1516 4785 dicendum
1556 4730 1648 4785 est
1688 4740 1862 4802 posse
1898 4722 2101 4784 Eccle-

541 4815 695 4875 siam
719 4814 880 4876 hanc
907 4818 1528 4878 communicationem
1559 4816 1883 4895 prohibere
1903 4815 2099 4876 fideli-

542 4906 658 4967 bus
675 4926 816 4969 cum
845 4907 1218 4970 infidelibus.
1243 4910 1372 4970 Hoc
1393 4908 1788 4970 manifestum
1812 4914 1927 4983 est,
1951 4910 2099 4989 quia

541 4999 620 5059 ad
648 5000 810 5061 hanc
853 5000 1052 5081 legem
1091 5002 1408 5063 ferendam
1439 5020 1564 5063 non
1613 5002 1785 5063 deest
1817 5002 2098 5080 jurisdic-

540 5092 632 5152 tio
659 5111 675 5164 ;
701 5094 964 5154 materia
994 5095 1180 5155 etiam
1219 5102 1311 5155 est
1350 5112 1544 5175 rapax
1571 5093 1713 5155 talis
1737 5093 2101 5175 prohibitio-

541 5184 662 5262 nis,
695 5186 842 5263 quia
871 5192 1066 5264 potest
1093 5204 1222 5248 esse
1250 5188 1626 5250 conveniens
1655 5189 1730 5249 ad
1761 5206 1969 5267 pacem
2002 5188 2099 5247 vel

542 5278 932 5339 securitatem
953 5279 1253 5341 fidelium.
1284 5280 1452 5341 Unde
1471 5280 1983 5341 considerandum
2008 5286 2099 5341 est

543 5368 708 5431 hanc
733 5371 1212 5449 prohibitionem
1254 5372 1620 5451 regulariter
1651 5373 1866 5434 cadere
1894 5392 2004 5453 per
2034 5390 2098 5433 se

544 5480 618 5531 ac
643 5463 868 5531 directe
898 5464 964 5524 in
1007 5464 1165 5529 solos
1191 5466 1420 5545 fideles,
1455 5470 1526 5528 ut
1555 5467 1795 5529 notavit
1827 5468 1895 5529 D.
1935 5465 2101 5526 Tho-

1036 324 1274 377 DISPUT.
1309 322 1480 375 xvln.
1517 322 1596 375 DE
1629 320 1836 374 Manus
1868 320 2089 383 Quinus
2122 320 2225 373 UTI
2260 322 2437 373 LlGET
2470 323 2553 373 An
2586 320 3087 382 coxvssa'rssnnoa
3124 322 3257 376 ETc.

2189 442 2322 485 mas
2346 426 2403 485 ⁹2.
2439 426 2501 498 2,
2534 430 2749 503 quaest.
2785 426 2883 499 10,
2906 430 3021 485 art.
3054 428 3125 499 93
3155 427 3303 506 qnia
3330 426 3419 489 illi
3441 439 3567 491 sunt
3588 452 3695 513 pro·
3780 424 3782 505 ἶ

2187 518 2309 597 prii
2356 518 2588 579 subditi
2652 518 2956 580 Ecclesiae.
3024 519 3395 581 Addendnm
3448 542 3578 587 vero
3629 536 3699 590 est
3780 506 3782 569 ἶ

2188 613 2378 672 etiarn
2408 630 2581 692 posse
2606 612 2769 673 hanc
2793 612 2991 690 legem
3019 614 3258 692 imponi
3286 614 3503 678 directe
3521 620 3701 683 infide·
3781 598 3782 645 ³

2189 706 2353 767 libus
2387 706 2669 781 subditis,
2706 704 2805 767 vel
2833 706 2899 767 in
2928 722 3177 787 poenam
3221 708 3475 789 alicujus
3510 710 3702 792 delicti,

2190 808 2261 860 ut
2304 800 2375 861 fit
2416 802 2485 861 in
2526 798 2739 861 multis
2783 800 3025 878 juribus
3076 803 3285 860 statim
3316 802 3580 879 citandiS,
3626 808 3704 867 vel

2190 894 2337 975 quia
2365 894 2454 955 ita
2482 894 2730 975 expedit
2758 893 2836 954 ad
2860 894 3095 954 bonum
3115 895 3397 973 regimen
3424 904 3703 962 externum

2188 989 2333 1051 talis
2378 988 2754 1069 reipublicae,
2807 988 2906 1048 vel
2950 988 3135 1048 etiam
3166 994 3415 1067 propter
3460 992 3704 1052 securita-
3781 1046 3782 1055 ,

2189 1087 2317 1143 tem
2346 1081 2620 1143 fidelium
2639 1104 2655 1157 3
2689 1088 2751 1142 et
2793 1081 2939 1141 hine
2986 1079 3325 1161 aliqnando
3358 1088 3543 1161 potest
3566 1084 3703 1163 prin·
3781 1102 3782 1105 ¹

2189 1193 2332 1254 ceps
2364 1174 2755 1251 christianus,
2787 1176 2974 1237 etiam
3006 1176 3302 1249 externiS,
3334 1182 3396 1235 et
3430 1194 3547 1237 non
3590 1179 3703 1237 sub-

2189 1268 2332 1329 di·is
2380 1268 2735 1330 infidelibus
2760 1314 2777 1345 ,
2828 1266 3153 1348 prohibere
3196 1268 3617 1330 commercium
3652 1271 3702 1332 in

2190 1379 2384 1440 regno
2412 1380 2522 1422 suo
2544 1368 2796 1441 propter
2820 1360 3053 1421 bonum
3086 1358 3426 1438 religionis,

2268 1456 2327 1517 6.
2376 1457 2511 1518 Imo
2536 1455 2849 1538 prohibita
2871 1455 2939 1517 do
2978 1458 3147 1529 facto
3186 1452 3575 1532 familiaritas
3600 1474 3702 1517 cum

2186 1551 2241 1613 J
2240 1547 2765 1623 udaia—Tertio,
2790 1546 3119 1609 dicendum
3148 1552 3241 1608 est
3272 1546 3349 1607 de
3371 1546 3521 1607 facto
3542 1550 3701 1609 multa
3781 1578 3782 1591 κ

2188 1662 2319 1705 esse
2346 1642 2659 1723 prohibita
2688 1643 2753 1703 in
2776 1642 2894 1703 hoc
2917 1658 3143 1720 genere
3170 1641 3703 1703 communicationis

2187 1737 2268 1798 ab
2300 1736 2593 1798 Ecclesia.
2634 1736 2712 1796 Et
2736 1736 2950 1815 'primo
2978 1734 3233 1815 quidem
3266 1734 3334 1793 in
3366 1750 3575 1812 genere
3598 1754 3701 1815 pro-

2186 1832 2385 1893 hibita
2428 1837 2519 1893 est
2554 1829 2943 1891 familiaritas
2986 1846 3126 1888 cum
3159 1827 3423 1901 Judaeis,
3470 1844 3589 1906 cap.
3632 1828 3703 1891 Aa

2186 1928 2331 2000 koec,
2371 1925 2447 1987 de
2472 1925 2742 2001 Judaeis;
2777 1924 2903 1983 imo
2934 1924 2999 1982 in
3030 1921 3301 1983 Concilio
3330 1920 3604 1982 Toletano
3624 1924 3695 1999 w,

2184 2040 2317 2101 cap.
2350 2018 2419 2080 61
2432 2065 2453 2096 ,
2474 2018 2720 2079 videtur
2742 2016 3052 2098 prohibita
3070 2018 3137 2076 in
3159 2013 3517 2075 universum
3541 2016 3699 2075 omnis
3781 2010 3782 2041 ³

2185 2113 2567 2176 conversatio
2598 2115 2660 2173 et
2715 2110 3199 2171 communicatio
3244 2126 3389 2168 cum
3436 2106 3566 2169 illis.
3612 2110 3697 2169 Sed

2184 2210 2272 2271 ibi
2290 2227 2415 2269 non
2446 2213 2539 2268 est
2560 2222 2761 2267 sermo
2788 2202 3223 2265 universaliter
3258 2202 3336 2263 de
3364 2200 3626 2263 omnibus
3648 2202 3703 2261 fi·
3781 2202 3782 2255 i

2187 2300 2444 2369 delibuS,
2478 2299 2583 2359 sed
2612 2298 2689 2358 de
2727 2298 2971 2358 noviter
3002 2296 3321 2357 conversis
3350 2294 3425 2356 ad
3454 2294 3618 2355 fidem
3642 2314 3699 2355 ex

2184 2396 2465 2476 ipsismet
2522 2393 2748 2453 Judaeis
2768 2439 2788 2468 ,
2838 2390 3061 2471 quibus
3101 2398 3360 2470 propter
3404 2388 3699 2468 periculum

2183 2486 2548 2570 prohibetur
2584 2486 2963 2546 conversatio
2994 2502 3136 2545 cum
3180 2484 3309 2544 suis
3348 2484 3413 2544 in
3436 2484 3695 2562 judaismo
3781 2544 3782 2567 ἒ

2185 2578 2741 2662 perseverantibus..
2766 2576 2943 2639 Unde
2971 2576 3125 2638 illud
3148 2576 3611 2655 intelligendum
3634 2582 3699 2635 est
3781 2596 3782 2643 ς

2181 2676 2257 2736 de
2284 2673 2745 2735 conversatione
2772 2671 3081 2751 frequenti
3110 2676 3221 2731 aut
3252 2670 3563 2743 diuturna,
3586 2686 3689 2746 quae

2179 2768 2522 2849 periculum
2552 2782 2759 2826 creare
2787 2764 2997 2845 possit.
3032 2764 3232 2843 Atque
3254 2763 3347 2823 ita
3374 2780 3448 2822 ex
3480 2764 3541 2822 1).
3566 2762 3693 2821 Tho·

2178 2880 2307 2936 ma,
2348 2859 2681 2939 Sylvestm,
2712 2863 2774 2918 et
2815 2856 2974 2933 aliis,
3015 2856 3179 2917 hanc
3207 2854 3553 2934 generalem
3584 2872 3691 2933 pro-

2178 2952 2549 3014 hibitionem
2583 2950 2811 3012 limitat
2856 2950 3149 3025 SanciuS,
3202 2948 3315 3011 lib.
3352 2952 3393 3010 2
3436 2949 3501 3008 1ιι
3547 2949 3691 3007 Deca-
3781 2978 3782 2981 =

2181 3049 2417 3126 logum,
2464 3064 2599 3125 cap.
2642 3048 2743 3120 31,
2778 3049 2849 3104 ut
2875 3044 3080 3105 locum
3114 3060 3245 3103 non
3292 3041 3513 3103 habeat
3536 3043 3591 3101 in
3618 3040 3690 3100 his

2183 3140 2490 3215 fidelibus,
2548 3140 2656 3218 qui
2709 3144 2853 3199 sunt
2898 3137 3065 3197 firmi
3096 3138 3163 3196 in
3220 3136 3368 3212 fide,
3410 3137 3471 3196 in
3512 3136 3691 3215 quibus
3781 3148 3782 3187 ς

2184 3233 2417 3295 morale
2444 3231 2789 3313 periculum
2822 3232 3031 3291 timeri
3054 3248 3183 3291 non
3226 3236 3444 3310 potest.
3476 3230 3689 3290 Verum·

2178 3335 2389 3389 tamen
2436 3329 2487 3387 si
2540 3326 2877 3405 prohibitio
2918 3323 3070 3402 legis
3106 3322 3417 3403 generalis
3456 3326 3559 3394 est,
3594 3336 3690 3379 non
3781 3334 3782 3403 f

2179 3428 2369 3483 cessat
2388 3423 2451 3480 in
2474 3418 2853 3499 particulari,
2870 3418 3111 3479 etiamsi
3126 3416 3273 3477 finis
3290 3416 3441 3495 legis
3454 3413 3693 3491 negative
3781 3416 3782 3469 ξ

2178 3521 2425 3577 tantum
2453 3514 2520 3573 in
2540 3512 2647 3573 tali
2670 3529 2933 3591 persona
2956 3515 3168 3583 cesset,
3194 3515 3266 3568 ut
3297 3526 3376 3568 ex
3394 3507 3623 3567 materia
3636 3504 3694 3563 de
3781 3572 3782 3581 2

2177 3608 2419 3687 legibus
2444 3624 2722 3686 suppono
2735 3622 2753 3682 ;
2780 3610 2843 3665 et
2862 3604 3003 3665 ideo
3024 3604 3314 3663 existimo
3335 3600 3551 3661 habere
3567 3597 3695 3657 limi·
3781 3606 3782 3681 ᾗ

2178 3702 2477 3762 tationem
2502 3700 2707 3760 locum
2736 3699 2803 3757 in
2832 3697 2929 3759 his
2960 3696 3263 3776 personia,
3284 3694 3504 3774 quibus
3525 3690 3689 3751 immi·
3781 3698 3782 3739 ἑ

2178 3799 2285 3853 net
2314 3810 2461 3853 cura
2490 3792 2907 3852 conversionis
2936 3789 3156 3850 talium
3185 3786 3555 3859 infidelium3
3577 3798 3693 3841 nam
3781 3798 3782 3873 J

2180 3893 2325 3947 tune
2365 3892 2561 3947 cessat
2597 3884 2739 3946 finis
2778 3884 2955 3963 legis,
2994 3900 3121 3943 non
3146 3887 3395 3941 tantum
3426 3875 3693 3956 negative,

2179 3978 2283 4039 sed
2330 3978 2519 4039 etiam
2560 3978 2888 4039 contrarie.

2258 4073 2321 4133 7.
2366 4072 2593 4133 Deinde
2619 4071 2931 4151 speciatim
2958 4068 3335 4133 cohabitatio.
3340 4066 3567 4127 -Item
3587 4077 3691 4122 cum

2180 4166 2391 4228 iisdem
2446 4163 2770 4229 convivari.
2802 4196 2885 4210 —-
2910 4162 3229 4235 Secundo,
3276 4162 3343 4220 in
3389 4148 3693 4237 particulari

2180 4258 2544 4339 prohibetur
2598 4256 2968 4319 cohabitatio
3012 4256 3077 4316 iu
3118 4253 3338 4315 eadem
3382 4250 3553 4311 domo
3578 4261 3691 4305 cum

2178 4351 2432 4426 Judaeis,
2460 4370 2596 4431 cap.
2636 4342 3558 4428 Nullus,18.quaest.1,capit
3600 4338 3694 4399 Ja-

2182 4445 2319 4520 doei,
2332 4449 2411 4520 2,
2442 4445 2519 4506 de
2541 4446 2574 4505 J
2582 4443 2795 4505 udaeis
2822 4443 3002 4506 Ratio
3030 4448 3241 4502 autem
3262 4446 3351 4501 est
3370 4444 3600 4518 propter
3620 4430 3693 4489 vi-

2179 4537 2441 4597 tandum
2494 4536 2857 4616 periculum.
2914 4533 3115 4614 Objici
3162 4550 3308 4594 vero
3343 4534 3547 4611 potest,
3576 4523 3693 4603 quia

2181 4631 2563 4692 Christianus
2588 4636 2786 4711 potest
2825 4629 3053 4691 habere
3095 4644 3341 4688 servum
3382 4619 3688 4687 infidelem

2180 4742 2350 4802 ergo,
2383 4730 2582 4803 potest
2609 4722 2963 4784 cohabitare
3004 4739 3147 4782 cum
3190 4720 3320 4779 illo.
3358 4710 3692 4778 Antecedens

2180 4816 2492 4877 habetur
2474 4836 2539 4878 ιιι
2572 4835 2702 4897 cap.
2731 4816 2883 4879 Etsi
2914 4815 3175 4887 Judoeie,
3206 4812 3283 4873 de
3308 4808 3546 4873 Judaeis.
3572 4804 3689 4864 Res-

2178 4910 2485 4989 pondetur
2520 4910 2619 4971 vel
2666 4908 2828 4969 hanc
2868 4926 2931 4969 es
2934 4928 2997 4970 se
3036 4905 3464 4969 limitationem
3506 4893 3691 4978 prioris

2177 5001 2633 5083 prohibitionis,
2669 5001 2763 5063 vel
2793 5008 2955 5063 certe
2978 5000 3299 5061 dominum
3335 4993 3561 5077 proprie
3588 5004 3687 5048 non

2180 5096 2301 5155 dici
2348 5096 2699 5155 cohabitare
2744 5112 2887 5154 cum
2934 5112 3134 5165 servo,
3180 5090 3285 5152 sed
3336 5108 3367 5150 e
3412 5096 3685 5147 converso,

2179 5187 2345 5247 unde
2370 5186 2547 5247 illum
2574 5188 2713 5248 talis
2740 5186 3077 5293 prohibitio
3096 5201 3221 5246 nou
3246 5171 3682 5271 comprehendit,

2180 5279 2278 5341 vel
2300 5278 2513 5340 saltem
2538 5279 2616 5339 ad
2637 5280 2948 5360 propriam
2972 5276 3473 5339 cohabitationem
3492 5261 3685 5345 requiri

2179 5372 2515 5453 quamdam
2547 5373 2960 5452 aequalitatem
2988 5371 3291 5433 societatis
3327 5373 3387 5429 et
3411 5354 3683 5425 familiari-

2180 5466 2345 5528 tatis
2378 5466 2555 5529 Unde
2592 5466 2753 5528 hanc
2790 5468 2978 5529 etiam
3024 5467 3219 5527 vitare
3246 5462 3420 5525 debet
3437 5454 3683 5518 dominus
