3900 6217
567 364 737 418 SEGT.
773 365 858 417 111.
891 364 975 417 AN
1009 364 1338 419 Episcopus
1365 367 1655 422 ROMANUS
1685 371 1836 425 sunt:
1871 370 2083 425 mvmo
2112 373 2197 426 Ex
2228 373 2469 427 CHRISTI
2502 374 2735 437 DoutNt,
2772 376 2905 429 Ere.

185 484 262 529 rcs
283 461 447 525 semel
475 461 540 523 in
577 460 860 525 Conciliis
901 460 1174 523 definitae
1217 464 1415 527 solent
1442 484 1686 547 expres-

185 562 284 619 sius
323 562 377 617 et
419 555 631 616 clarius
680 554 972 629 retineri,
1023 555 1161 617 ideo
1213 574 1372 637 saepe
1413 558 1688 638 allegant

185 649 391 714 Concilii
427 646 869 722 definitionem,
913 665 1039 708 non
1085 650 1537 728 instituentem,
1577 652 1684 714 sed

183 746 454 804 veritatem
504 740 960 817 declarantem3
1013 741 1098 801 sic
1145 742 1427 804 Nicolaus
1483 747 1681 824 Papa,

182 836 373 916 epistol.
391 833 464 894 ad
487 832 844 895 Michaelem
864 833 1300 913 imperatorem
1328 857 1341 895 ε
1367 837 1548 905 Hoec,
1571 839 1681 911 ait,

175 926 444 1013 privilegiis
487 946 526 989 α
572 925 810 990 Christo
853 928 1108 989 Domino
1156 935 1301 992 sunt
1345 930 1595 1006 donata,
1644 949 1684 994 a

182 1024 402 1103 Synodis
443 1022 734 1084 celebrata
769 1025 826 1083 ct
871 1022 1200 1092 honorata;
1233 1027 1296 1083 et
1332 1022 1557 1085 Joann.
1604 1025 1680 1099 ΙΙ,

175 1116 382 1197 epistola
423 1114 500 1175 ad
540 1114 794 1189 Justin„
827 1120 1152 1193 postquam
1199 1115 1440 1177 dixerat
1479 1117 1680 1177 Eccle-

173 1212 292 1271 siam
319 1210 647 1269 Romanam
685 1213 1046 1267 caeterarum
1079 1208 1362 1268 omnium
1393 1226 1520 1269 esse
1553 1229 1682 1273 ma-

171 1310 315 1376 trem,
340 1298 575 1360 subdit:
613 1298 799 1363 Siout
822 1298 1088 1364 Petrum
1113 1300 1342 1379 reyuloe
1374 1307 1432 1366 et
1453 1303 1681 1384 winci-

165 1414 280 1479 pum
308 1399 526 1456 statuta
554 1394 884 1456 declarant.

228 1490 274 1550 6.
313 1487 639 1569 Responsio
674 1488 896 1549 ultima
929 1503 1192 1550 erronea.
1225 1521 1307 1534 —
1328 1489 1500 1568 E'J‘us
1536 1492 1681 1568 fun-

169 1586 478 1647 clamentem.
509 1614 595 1627 —
616 1579 738 1640 Alii
781 1580 1049 1660 denique
1065 1626 1086 1655 ,
1134 1582 1414 1660 quamvis
1454 1583 1679 1644 admit-

167 1684 276 1739 tant
291 1674 664 1757 pontificiam
700 1674 1070 1753 dignitatem
1113 1692 1357 1755 semper
1395 1676 1582 1737 fuisse
1611 1678 1677 1737 in

169 1768 412 1843 Ecclesia,
443 1766 816 1849 nullumque
853 1768 1114 1829 omnino
1143 1767 1396 1830 initium
1421 1770 1680 1849 reperiri

164 1882 296 1945 posoe
335 1867 467 1942 post
504 1860 942 1941 Apostolorum
972 1868 1274 1941 tempora,
1323 1868 1556 1941 negant
1589 1869 1680 1923 ta-

163 1976 270 2018 men
306 1954 378 2016 ab
411 1954 544 2033 ipso
574 1953 817 2017 Christo
845 1972 1150 2030 manasse,
1183 1955 1286 2015 sed
1316 1974 1354 2015 a
1383 1955 1586 2031 Petro,
1617 1961 1680 2017 et

159 2050 362 2129 reliquis
411 2048 749 2128 Apostolis,
787 2048 1210 2127 judicantibus
1265 2049 1550 2128 expedire
1609 2055 1679 2109 ut

161 2141 466 2204 Hierarchia
504 2140 800 2202 Ecclesia}
839 2142 918 2203 ad
967 2159 1163 2201 unum
1210 2148 1392 2220 caput
1423 2158 1678 2203 revoca·-

159 2244 310 2300 retur.
339 2236 838 2297 Fundamentum
870 2236 1206 2297 desumunt
1246 2254 1322 2297 ex
1369 2253 1466 2311 eo,
1511 2236 1675 2315 quod

161 2334 424 2392 Romanus
467 2330 758 2391 Pontifex
800 2328 1156 2409 frequenter
1205 2334 1461 2390 vocatur
1513 2328 1678 2389 Petri

159 2423 409 2498 vicarius,
451 2428 524 2482 ut
561 2442 701 2503 cap.
745 2423 886 2501 Eyo
925 2422 1287 2496 ludovicus,
1337 2422 1399 2482 d.
1455 2424 1570 2497 53,
1613 2431 1676 2483 et

161 2536 281 2595 saepe
314 2516 479 2588 alias,
508 2517 697 2597 quasi
725 2534 888 2577 vlces
918 2515 1082 2576 illius
1112 2515 1414 2595 suppleat,
1445 2521 1507 2575 et
1535 2516 1676 2576 ideo

160 2610 218 2671 ah
237 2626 298 2671 eo
319 2610 394 2671 sit
421 2610 753 2671 institutus
768 2624 792 2689 3
822 2628 1092 2689 namque
1114 2608 1313 2670 Julius
1345 2608 1394 2683 1,
1419 2608 1670 2689 Epistol.

167 2708 208 2777 t,
229 2710 409 2783 aperte
443 2704 636 2764 docet
680 2702 999 2783 Apostolos
1039 2702 1302 2763 voluisse
1338 2700 1671 2764 Ecclesiam

165 2796 444 2857 Romanam
519 2792 762 2857 habere
839 2796 1234 2875 primatum3
1287 2795 1453 2869 imo,
1509 2796 1672 2875 quod

170 2888 409 2949 difficilius
442 2895 559 2963 est,
607 2888 940 2951 Anaeletus
981 2890 1166 2968 Papa,
1201 2887 1379 2967 epist.
1419 2890 1480 2964 2,
1511 2888 1674 2949 affir-

177 2988 260 3041 mat
273 2980 584 3062 Apostolos
615 2980 879 3043 voluisse
904 2981 1152 3043 Petrum
1181 2981 1406 3042 habere
1445 2982 1674 3061 prima-

181 3080 278 3134 tum.
301 3074 408 3135 Sed
433 3072 578 3135 haec
621 3074 930 3135 sententia
961 3075 1150 3135 etiam
1180 3091 1440 3136 erronea
1476 3078 1590 3150 est,
1615 3078 1677 3135 et

173 3166 516 3229 fundamento
546 3166 872 3229 destituta.

225 3264 269 3322 ¹1.
305 3262 516 3323 Prima
545 3264 813 3325 assertio
839 3262 906 3324 de
932 3258 1512 3339 fide.-Ostenditur
1538 3278 1677 3325 auc·

169 3354 376 3417 toritate.
395 3354 596 3417 —Ad
645 3355 892 3417 Iulium
931 3359 990 3417 et
1024 3352 1378 3417 Antidotum
1411 3355 1478 3417 in
1505 3373 1671 3417 num.

159 3448 477 3525 proecedenti.
497 3480 586 3493 —
604 3448 774 3510 Item
802 3448 1040 3519 ratione
1074 3446 1360 3510 ειιαᾱσιιιν
1395 3447 1675 3513 assertio.

161 3538 308 3602 —Ad
339 3542 808 3619 fundamentum
855 3542 924 3604 in
965 3558 1131 3603 num.
1191 3541 1552 3622 praecedenti
1595 3574 1678 3589 --

162 3633 269 3693 Dico
293 3652 430 3714 ergo
455 3637 672 3715 primo
721 3650 740 3694 t
779 3632 1048 3712 dignitas
1073 3632 1314 3695 Summi
1359 3633 1677 3713 pontifica-

161 3731 252 3797 tus,
287 3746 414 3807 quae
461 3729 780 3789 haetenus
823 3744 1065 3807 semper
1103 3725 1224 3787 fuit
1267 3726 1332 3786 in
1377 3727 1676 3806 Episcopo

163 3819 388 3882 Romano
402 3867 423 3898 ,
467 3840 602 3883 non
659 3820 742 3881 ab
797 3818 1156 3881 hominibus
1174 3865 1197 3896 ,
1256 3818 1363 3881 sed
1408 3818 1490 3879 ab
1541 3818 1676 3899 ipso

159 3911 350 3975 Christo
397 3914 765 3977 immediate
822 3920 1027 3976 creata
1073 3918 1200 3989 est,
1247 3919 1310 3973 et
1351 3930 1428 3974 ex
1479 3911 1674 3991 ipsius

159 4014 410 4087 precepto
435 4015 498 4071 et
533 4008 930 4070 institutione
962 4007 1354 4069 continenter
1390 4023 1676 4087 perseve-

157 4106 244 4159 rat.
281 4102 592 4165 Conclusio
637 4109 734 4164 est
779 4102 856 4163 de
897 4100 1020 4163 fide
1035 4146 1058 4177 ,
1107 4100 1184 4161 ad
1235 4118 1424 4181 quam
1451 4100 1673 4161 contir-

157 4194 400 4256 mandam
447 4214 580 4257 non
645 4202 894 4275 oportet
945 4192 1070 4255 alia
1117 4192 1415 4255 inducere
1481 4211 1672 4273 quam

158 4302 263 4363 quae
291 4288 443 4349 dicta
467 4296 618 4351 sunt
664 4289 732 4349 in
775 4286 1264 4369 praeeedeutibus
1300 4286 1673 4348 sectionibus

159 4378 352 4442 duabus
361 4398 382 4460 3
422 4382 664 4444 etenim
709 4381 778 4442 in
827 4380 1031 4461 prima
1058 4378 1440 4440 ostendimus
1468 4378 1671 4439 Chris·

159 4476 262 4531 tum
294 4474 622 4537 Dominum
652 4474 722 4535 in
753 4474 932 4536 Petro
962 4473 1138 4535 illam
1177 4472 1546 4549 dignitatem
1574 4470 1672 4531 in-

157 4565 404 4643 stituisse3
449 4571 519 4630 in
555 4568 853 4644 secunda,
886 4568 1168 4629 statuisse
1215 4567 1406 4627 etiam
1451 4570 1523 4625 ιιι
1562 4566 1670 4627 Pe-

159 4662 232 4715 ιιο
265 4662 701 4723 succederetur.
729 4662 886 4723 Hinc
903 4658 1181 4722 Gelasius
1206 4660 1393 4740 Papa,
1420 4658 1488 4718 in
1513 4658 1672 4719 Con-

159 4750 268 4811 cilio
299 4756 374 4816 70
414 4756 844 4835 episcoporum
871 4799 892 4829 ,
939 4754 1284 4815 Romanam
1339 4750 1673 4813 Ecclesiam

161 4846 334 4905 asserit
357 4864 396 4906 a
435 4848 680 4908 Christo
721 4846 980 4907 Domino
1017 4846 1248 4907 habere
1287 4846 1667 4925 primatum;

163 4941 210 4995 et
244 4940 574 5018 Anacletus„
630 4942 808 5020 epist.
871 4943 946 5017 3,
999 4952 1188 5019 negat
1241 4956 1524 5019 expresse
1592 4937 1673 4998 ab

165 5028 420 5106 Apostolis
461 5034 780 5095 habuisse.
837 5032 1014 5095 Unde
1062 5050 1204 5093 cum
1252 5031 1373 5092 alio
1421 5033 1486 5091 in
1534 5029 1672 5091 loco

165 5119 280 5182 dicit
321 5126 634 5205 Apostolos
674 5130 762 5188 ita
799 5126 1064 5189 voluisse
1082 5172 1102 5202 ,
1148 5125 1425 5205 loquitur
1464 5141 1674 5185 neces-

167 5214 294 5274 sario
313 5216 379 5278 de
421 5218 740 5281 voluntate
771 5220 1194 5281 consentiente
1225 5219 1291 5278 in
1332 5218 1671 5297 primatum

171 5302 312 5383 Petri,
345 5328 462 5372 non
505 5313 582 5375 de
622 5313 1063 5389 constituente3
1105 5312 1446 5390 eodemque
1489 5310 1673 5370 modo

173 5408 328 5473 potest
362 5408 581 5483 exponi
628 5406 862 5482 Julius,
915 5406 1201 5487 quamvis
1243 5406 1433 5467 etiam
1487 5404 1674 5466 aliam

173 5488 408 5555 admittat
445 5500 913 5578 expositionem.
955 5500 1132 5561 Ratio
1161 5516 1309 5559 vero
1339 5498 1672 5559 conclusio·

445 5619 550 5664 111.

3206 378 3324 440 303

1767 468 1864 528 nis
1892 469 2037 529 data
2074 477 2166 531 est
2202 488 2239 531 a
2275 472 2478 539 nobis.
2505 477 2649 534 sect.
2692 474 2731 533 Ξ
2772 473 3063 555 disputat.
3096 496 3324 559 praece-

1767 561 2004 638 dentis,
2052 563 2160 624 nbi
2210 564 2593 625 ostendimus
2633 565 2939 628 Christum
2990 568 3323 634 Dominum

1765 653 2029 716 voluisse
2066 660 2129 717 et
2158 656 2490 719 instituisse
2521 658 2799 739 regimen
2832 662 3321 743 monarchicum,

1765 748 1928 825 quod
1961 754 2119 809 esset
2147 752 2414 811 maxime
2442 752 2818 813 conveniens
2845 752 2963 833 ipsi
2987 755 3269 817 Ecclesiae
3302 774 3320 819 ε

1765 858 1955 919 quare
1996 844 2224 903 mirum
2254 849 2347 904 est
2368 845 2563 905 dictos
2586 851 2863 907 auctores
2892 846 3070 909 fateri
3096 867 3173 911 ex
3200 859 3325 911 tra·

1765 933 2001 993 ditione
2030 936 2217 997 etiam
2259 938 2587 1016 apostolica
2610 939 2944 1017 primatum
2984 940 3149 1003 hunc
3194 962 3322 1005 ma-

1765 1028 1930 1086 xime
1961 1030 2431 1091 convenientem
2475 1048 2603 1091 esse
2630 1029 2939 1109 Ecclesiae,
2981 1038 3043 1093 et
3083 1051 3209 1095 non
3240 1036 3321 1097 ad

1762 1117 2100 1195 Christum,
2145 1122 2249 1181 sed
2291 1122 2367 1183 ad
2409 1123 2725 1202 Apostolos
2772 1124 2939 1185 illius
2984 1127 3320 1189 institutio·

1762 1228 1905 1272 nem
1934 1212 2093 1274 velle
2126 1233 2447 1287 revocare;
2490 1234 2630 1275 cum
2671 1217 2982 1296 praecipue
3010 1219 3086 1279 ad
3116 1220 3321 1280 Eccle-

1761 1304 1866 1365 siae
1903 1304 2331 1368 fundationem
2363 1308 2688 1388 pertineat,
2722 1327 2919 1389 neque
2963 1311 3150 1389 possit
3180 1312 3320 1373 talis

1761 1397 2069 1475 primatus
2108 1401 2439 1462 consistere
2466 1401 2715 1480 ‘absque
2767 1403 3015 1481 speciali
3055 1404 3319 1483 Spiritus

1760 1490 1971 1551 Sancti
2032 1494 2415 1570 assistentia,
2491 1513 2631 1575 quae
2702 1495 2950 1556 nonnisi
3000 1514 3075 1558 ex
3132 1497 3320 1577 ipsius

1761 1582 1985 1644 Christi
2011 1587 2414 1665 promissione
2446 1594 2509 1648 et
2534 1588 2921 1649 institutione
2961 1587 3174 1650 haberi
3200 1610 3311 1671 po-

1758 1682 1899 1736 test.
1945 1678 2183 1739 Dicitur
2214 1686 2421 1740 autem
2455 1681 2561 1757 (ut
2588 1680 2876 1741 omnibus
2915 1700 3053 1761 quoe
3098 1684 3320 1747 ultima

1760 1772 2068 1832 sententia
2123 1771 2424 1833 aflei-ebat
2484 1774 2929 1835 satisfaciamus
2959 1776 2980 1853 >
3036 1776 3317 1839 Pontifex

1759 1861 2071 1924 Romanus
2105 1866 2385 1926 Vicarins
2431 1866 2615 1941 Petri,
2662 1885 2789 1927 non
2835 1868 3081 1947 proprie
3099 1886 3118 1946 3
3169 1890 3317 1932 nam

1758 1956 1967 2017 verius
2043 1976 2112 2019 ac
2184 1959 2383 2038 magis
2443 1960 2686 2039 proprie
2758 1959 2984 2021 dicitur
3042 1963 3319 2027 Vicarius

1759 2048 2007 2125 Christi,
2055 2057 2125 2112 ut
2172 2051 2446 2131 loquitur
2500 2052 2843 2115 Concilium
2902 2052 3317 2134 Lugdunense

1759 2140 1876 2201 sub
1904 2144 2106 2205 Leone
2130 2145 2207 2219 X,
2238 2151 2301 2206 et
2327 2144 2591 2206 habetur
2634 2165 2770 2226 cap.
2814 2146 2929 2209 Ubi
2952 2148 3314 2228 periculum,

1757 2233 1834 2294 de
1857 2236 2189 2313 Electione,
2218 2238 2285 2297 in
2314 2239 2388 2314 63
2424 2245 2486 2299 et
2509 2239 2829 2316 Beruard.,
2858 2238 2963 2301 lib.
3003 2242 3041 2301 2
3064 2241 3139 2302 de
3162 2242 3316 2304 Con·

1758 2328 2130 2391 sideratione
2169 2330 2247 2391 ad
2291 2332 2679 2411 Eugenium3
2715 2330 2917 2393 solum
2945 2352 3093 2414 ergo
3130 2334 3316 2397 habet

1757 2439 1978 2483 vetum
1999 2422 2105 2483 ille
2128 2423 2370 2485 dicendi
2402 2426 2645 2500 moduS,
2671 2432 2978 2505 quatenus
3003 2428 3316 2491 Romanus

1759 2514 2039 2576 Pontifex
2077 2516 2247 2577 sedet
2289 2518 2355 2579 in
2394 2518 2682 2580 cathedra
2724 2524 2785 2579 et
2832 2520 2974 2581 sede
3019 2521 3214 2598 Petri,
3255 2530 3317 2584 et

1755 2606 1954 2669 veluti
1992 2627 2317 2689 personam
2358 2612 2489 2689 ejus
2533 2612 2814 2689 sustinet,
2862 2631 2988 2673 non
3026 2614 3175 2695 quia
3234 2615 3315 2677 ab

1755 2700 1891 2779 ipso
1923 2702 2005 2761 sit
2032 2702 2367 2765 institutus.

1835 2793 1896 2853 8.
1947 2792 2231 2857 Secunda
2267 2797 2523 2859 assertio
2565 2802 2623 2859 et
2662 2785 2893 2862 notatio
2920 2816 3041 2880 pro
3076 2818 3147 2863 ea
3170 2818 3316 2883 pro·

1755 2885 1972 2949 banda.
2022 2921 2104 2934 —
2156 2889 2299 2950 Dico
2364 2889 2687 2952 secundo:
2740 2890 3009 2970 dignitas
3072 2896 3314 2957 Summi

1753 2978 2171 3059 pontificatus,
2205 3000 2244 3042 a
2272 2982 2509 3043 Christo
2548 2984 2806 3045 Domino
2837 2985 3141 3063 instituta,
3173 3008 3315 3051 cnm

1757 3070 2109 3153 episcopatu
2154 3074 2435 3137 Romano
2487 3076 2814 3156 conjuncta
2859 3078 2980 3139 fuit
3030 3098 3104 3141 ex
3148 3083 3313 3145 Petri

1756 3164 1974 3226 saltem
1996 3166 2171 3244 jussu
2196 3213 2218 3244 ,
2273 3175 2457 3249 atque
2487 3169 2626 3231 ideo
2659 3188 2736 3230 ex
2763 3171 2897 3249 ejus
2924 3170 3315 3237 institutione

1759 3260 2057 3321 manavit.
2104 3260 2183 3321 Ut
2210 3261 2502 3339 probetur
2528 3262 2806 3337 asserti0‚
2836 3265 3209 3341 notandum,
3238 3266 3312 3328 li·

1758 3357 1854 3411 cet
1880 3351 2152 3413 Christus
2178 3354 2477 3415 Dominus
2503 3354 2883 3434 pontificiam
2916 3356 3079 3419 hanc
3110 3359 3313 3439 digni·

1757 3450 1948 3505 tatem
1994 3445 2354 3522 instituerit,
2403 3454 2738 3528 antequam
2786 3447 2853 3510 iu
2898 3450 3123 3513 coelum
3170 3471 3316 3515 con-

1757 3537 2075 3598 scenderet
2089 3584 2111 3615 ,
2138 3545 2413 3601 attamen
2436 3559 2560 3601 uon
2582 3547 2859 3603 constare
2878 3544 3315 3625 praeciperetne

1757 3636 1906 3689 tunc
1933 3636 2004 3689 ut
2033 3632 2139 3709 qui
2169 3639 2326 3693 esset
2352 3632 2657 3709 Pontifex,
2688 3634 2897 3695 sedem
2924 3654 3102 3697 suam
3128 3636 3314 3701 habe-

1754 3727 1853 3782 ret
1879 3723 2119 3799 Romae,
2150 3725 2250 3785 vel
2280 3724 2416 3785 loco
2446 3724 2605 3803 alio,
2637 3726 2765 3787 imo
2790 3745 2904 3789 nee
2930 3736 3211 3793 constare
3244 3739 3316 3794 ut

1755 3820 1914 3875 esset
1934 3816 2251 3898 episcopus
2266 3818 2617 3880 ordinarius
2630 3818 2895 3897 alicujus
2906 3821 3129 3901 privati
3156 3839 3190 3882 e
3194 3824 3316 3904 pis-

1755 3914 2047 3987 copatus3
2095 3910 2183 3971 sic
2232 3910 2414 3990 plane
2462 3914 2878 3992 perseveravit
2924 3914 3139 3977 Petrus
3184 3924 3314 3979 toto

1752 4004 2055 4081 tempore,
2085 4008 2419 4082 antequam
2449 4004 2791 4066 Antiochiae
2822 4004 3080 4083 sederet;
3102 4016 3314 4087 postea

1755 4112 1902 4155 vero
1939 4096 2306 4174 dignitatem
2350 4097 2732 4177 pontificiam
2768 4099 3163 4178 conjunctam
3199 4103 3313 4165 ha-

1752 4186 1888 4249 buit
1913 4206 2057 4250 cum
2080 4207 2155 4251 eo
2181 4190 2557 4271 episcopatu,
2587 4208 2775 4271 quem
2806 4192 3029 4254 deinde
3049 4196 3315 4257 mutavit

1754 4288 1816 4342 et
1842 4284 2144 4343 annexuit
2168 4300 2312 4344 cum
2342 4284 2622 4345 Romano
2638 4332 2659 4361 ,
2712 4276 2837 4365 quo
2878 4284 3059 4347 illum
3085 4285 3312 4349 divinis

1752 4374 2373 4455 praeordinationibus
2417 4378 2510 4453 (ut
2550 4378 2638 4438 ait
2675 4378 2819 4452 Leo)
2864 4377 3207 4456 anteibant,
3252 4387 3315 4442 et

1751 4466 1952 4528 honor
1990 4468 2306 4547 potestatis
2351 4475 2413 4531 et
2447 4468 2647 4549 gloria
2692 4470 3015 4550 passionis.
3063 4470 3312 4534 Constat

1752 4578 1901 4639 ergo
1927 4560 2039 4621 has
2075 4579 2205 4623 esse
2246 4561 2398 4623 duas
2443 4562 2775 4643 dignitates
2820 4564 3091 4625 diversas
3127 4568 3191 4625 et
3221 4580 3313 4625 se-

1751 4653 2055 4733 parabiles
2083 4655 2158 4716 de
2184 4675 2271 4731 se,
2304 4656 2671 4719 universalis
2703 4658 3108 4738 episcopante,
3140 4658 3314 4721 vide·

1751 4746 1916 4824 licet,
1956 4755 2020 4809 et
2044 4750 2344 4829 privatus,
2393 4768 2499 4811 seu
2526 4751 2875 4812 ordinarius
2918 4750 3130 4828 urbis3
3164 4768 3310 4812 cum

1753 4858 1902 4920 ergo
1927 4841 2023 4903 hae
2045 4842 2183 4903 duae
2208 4860 2449 4922 semper
2474 4844 2817 4922 conjunctae
2835 4843 3098 4921 fuerint,
3124 4851 3186 4905 et
3203 4849 3311 4926 qui

1752 4934 1819 4994 in
1843 4954 1969 4995 una
1992 4935 2265 4996 succedit
2295 4936 2476 4997 Petro
2501 4954 2742 5017 semper
2771 4937 2836 4997 in
2858 4936 2981 4999 alia
3005 4938 3309 5013 succedat,

1754 5046 1998 5089 necesse
2028 5034 2119 5097 est
2159 5028 2297 5090 illas
2328 5029 2485 5089 duas
2523 5028 2856 5107 dignitates
2888 5048 2968 5091 ex
2999 5030 3314 5092 voluntate

1753 5124 1815 5182 et
1842 5121 2127 5182 instituto
2155 5122 2415 5200 alicuius
2448 5121 2733 5183 habentis
2768 5129 3132 5203 potestatem
3172 5124 3314 5186 hac-

1751 5220 1934 5277 tenus
1956 5232 2199 5293 semper
2224 5231 2475 5275 manere
2496 5215 2893 5294 conjunctas3
2925 5234 3073 5295 ergo
3094 5215 3313 5277 saltem

1756 5325 1834 5368 ex
1864 5309 1999 5387 ipsa
2038 5307 2237 5382 Petri,
2286 5308 2341 5368 si
2368 5306 2445 5367 de
2474 5307 2697 5368 Christi
2743 5308 3061 5369 voluntate
3106 5309 3315 5369 minus

1757 5405 2022 5476 constat,
2055 5401 2132 5460 de
2178 5418 2302 5479 qua
2346 5400 2555 5460 statim
2598 5400 2716 5460 erit
2760 5400 3113 5460 dicendum.
3162 5402 3314 5461 Nam

1756 5494 1879 5553 illae
1919 5492 2061 5553 duae
2092 5498 2337 5573 tantum
2386 5498 2831 5573 praecesserunt
2864 5492 3232 5569 voluntates,
3280 5512 3317 5555 a

2912 5606 2994 5669 20
