3900 6217
475 360 595 424 678

476 486 557 529 na
564 510 582 541 ,
601 473 663 527 et
686 465 949 527 refertur
970 466 1069 535 86,
1093 480 1227 542 cap.
1248 462 1567 538 Fratrum,
1588 484 1712 525 non
1735 482 1862 525 esse
1886 462 2040 524 elar-

479 561 767 639 giendam
821 558 1278 635 eleemosynam
1324 558 1767 635 peccatoribus,
1814 557 2040 617 intelli-

478 653 751 731 gendum
780 656 872 710 est
901 649 1267 725 formaliter,
1304 650 1422 709 hoc
1462 656 1577 724 est,
1612 650 1676 709 in
1706 650 1921 710 ordine
1961 648 2041 709 ad

476 746 741 807 fovenda
770 743 1017 803 illorum
1058 749 1320 821 peccata.
1357 743 1531 803 Unde
1561 742 1939 817 Ambrosius,
1971 742 2041 802 li-

478 838 592 900 bro
618 840 815 917 primo
845 837 1042 911 Offic.,
1068 854 1198 915 cap.
1236 838 1350 896 30:
1384 835 1465 898 Si
1492 837 1805 899 luam-soso
1843 838 1923 899 ad
1946 837 2044 897 lu·

476 935 745 1005 scuriam,
792 932 1062 995 adultero
1110 932 1190 991 ad
1240 931 1607 993 adulterium
1658 932 2041 1009 laryieadam

472 1032 673 1109 putes,
723 1042 842 1087 non
881 1030 971 1088 est
1010 1024 1384 1102 beneficentia
1420 1026 1567 1099 ista,
1605 1024 1709 1087 abi
1746 1023 1919 1086 nulla
1950 1029 2042 1087 est

480 1120 893 1183 benevolentia.

554 1214 614 1272 6.
666 1210 899 1285 Quarta
940 1212 1259 1275 conclusio.
1298 1246 1379 1259 —-
1420 1212 1565 1273 Dico
1602 1216 1825 1291 quarto
1856 1229 1873 1273 t
1911 1230 2041 1273 non

476 1309 723 1366 tenetur
770 1304 957 1365 homo
1006 1322 1279 1383 quaerere
1324 1304 1547 1385 quibus
1588 1305 2040 1384 eleemosynam

476 1398 685 1471 faciat,
727 1398 833 1458 sed
860 1398 1006 1458 satis
1034 1403 1126 1457 est
1158 1398 1208 1457 si
1238 1398 1663 1477 proesentibus,
1702 1399 1803 1459 vel
1830 1399 1905 1458 iis
1934 1399 2043 1477 qui

478 1490 557 1550 ad
596 1492 728 1570 ejus
756 1491 1040 1550 notitiam
1070 1492 1507 1568 pervenerint,
1548 1491 1894 1556 subveniat.
1948 1490 2044 1553 Ita

478 1583 659 1643 divus
686 1584 986 1659 ThomaS,
1018 1583 1384 1656 Quodlibeto
1414 1588 1475 1659 8,
1518 1583 1777 1645 articulo
1805 1584 2039 1645 duode—

479 1678 641 1738 cimo
674 1680 719 1751 ¹,
752 1676 955 1739 etalii.
991 1677 1171 1739 Ratio
1196 1684 1307 1752 est,
1349 1679 1495 1757 quia
1523 1698 1649 1739 non
1682 1684 1774 1739 est
1796 1696 2042 1757 expres-

479 1788 618 1830 sum
665 1776 1041 1849 praereptum
1072 1770 1149 1829 de
1182 1770 1298 1831 hac
1340 1790 1429 1845 re,
1476 1788 1675 1851 neque
1713 1771 1843 1831 ulla
1870 1770 2042 1831 suffi-

481 1864 651 1925 ciens
672 1864 829 1923 ratio
858 1881 968 1923 cur
994 1862 1071 1923 ad
1098 1862 1216 1923 hoc
1240 1863 1617 1942 obligemur,
1652 1882 1793 1925 cum
1827 1874 2039 1926 tamen

480 1976 638 2017 onus
662 1956 739 2017 sit
769 1956 1227 2034 gravissimum.
1272 1959 1423 2018 Item
1451 1958 1599 2037 quia
1635 1958 1711 2019 ad
1744 1946 2042 2037 pauperes

479 2056 711 2128 spectat
775 2050 1197 2110 necessitatem
1272 2052 1591 2112 ostendere
1670 2057 1732 2112 et
1803 2058 2036 2131 petere.

480 2144 733 2222 Oportet
771 2148 981 2203 tamen
1012 2148 1083 2201 ut
1114 2142 1277 2203 bona
1314 2142 1435 2203 fide
1474 2144 1696 2223 aliquis
1731 2144 2038 2222 procedat,

480 2252 682 2313 neque
717 2236 1061 2295 occasiones
1100 2234 1300 2312 fugiat
1342 2236 1749 2297 subveniendi
1782 2237 2042 2297 necessi-

480 2328 713 2389 tatibus
742 2329 1190 2407 proximorum.
1226 2328 1593 2407 Intelligi‘tur
1621 2347 1766 2389 vero
1796 2328 2043 2389 conclu-

481 2422 573 2483 sio
598 2422 675 2483 de
708 2422 985 2501 personis
1013 2421 1269 2482 omnino
1299 2422 1574 2501 privatis.
1620 2424 1770 2483 Nam
1802 2424 1905 2501 qui
1936 2440 2045 2500 ge-

480 2520 629 2576 runt
654 2513 1007 2593 reipublicae
1030 2532 1265 2589 curam,
1295 2514 1609 2576 interdum
1636 2515 2040 2591 tenebuntur,

484 2625 613 2669 non
643 2613 769 2668 tam
800 2607 919 2667 hoc
945 2613 1275 2685 praeceptO,
1311 2625 1494 2685 quam
1534 2609 1787 2687 justitiae
1816 2614 1879 2668 et
1910 2608 2043 2669 offi-

484 2700 587 2776 cii,
628 2700 776 2777 quia
808 2698 960 2759 illud
992 2700 1401 2761 necessarium
1433 2706 1523 2760 est
1559 2701 1635 2761 ad
1676 2702 2045 2761 convenien-

482 2803 609 2853 tem
638 2792 988 2871 reipublicae
1016 2792 1552 2871 gubernationem,
1584 2793 1649 2852 iu
1681 2812 1803 2871 qua
1832 2794 2046 2855 multoe

482 2884 845 2961 indigentias
878 2891 1231 2961 occurrunt,
1262 2884 1490 2963 quibus
1524 2886 1705 2947 aliter
1734 2886 2046 2965 provideri

486 2996 609 3037 non
640 2983 859 3056 potest.

568 3075 628 3132 7.
678 3070 964 3145 Qua-nam
996 3071 1369 3135 necessitatis
1402 3072 1691 3135 certitudo
1722 3072 1935 3154 obliyet
1967 3074 2050 3136 ad

486 3168 935 3245 eleemosynam.
972 3196 1055 3211 -
1098 3163 1199 3227 An
1236 3171 1511 3229 teneatur
1558 3167 1695 3248 quis
1742 3168 2048 3229 subvenire

486 3260 851 3323 voluntarios
901 3258 1159 3321 alterius
1210 3258 1588 3339 indigentias.
1642 3290 1723 3305 —
1776 3259 2048 3323 Adriani

486 3354 810 3432 responsio.
850 3383 930 3397 —
976 3352 1391 3430 Temperatur.
1430 3384 1514 3399 —
1547 3353 1789 3425 Quaeres
1812 3354 2045 3433 quanta

483 3443 849 3505 certitudine
900 3450 1179 3505 constare
1234 3444 1455 3505 debeat
1503 3446 1635 3505 haec
1689 3447 2041 3506 necessitas

488 3537 950 3617 Respondetur,
998 3537 1050 3596 si
1102 3543 1347 3597 tantum
1394 3537 1698 3599 habeatur
1744 3556 1819 3599 ex
1867 3539 2048 3599 dictis

486 3632 771 3703 aliorum,
794 3630 1068 3690 sufficere
1088 3648 1223 3691 eam
1252 3632 1676 3692 auctoritatem
1700 3650 1837 3710 quae
1859 3632 2047 3691 faciat

486 3723 867 3803 probabilem
895 3722 1103 3782 fidem.
1146 3724 1210 3783 Si
1242 3740 1387 3783 vero
1423 3724 1615 3784 oculis
1640 3725 1943 3798 videatur,
1974 3724 2046 3784 li-

487 3822 583 3877 cet
618 3834 779 3894 saepe
817 3816 1009 3876 soleat
1052 3815 1227 3893 fingi,
1278 3823 1486 3877 tamen
1522 3816 1767 3895 quando
1810 3817 1872 3876 id
1918 3835 2046 3879 non

484 3916 742 3984 constat,
786 3900 1285 3989 praesumendum
1322 3916 1415 3971 est
1442 3928 1571 3971 esse
1602 3926 1811 3970 veram
1840 3928 2044 3971 neces·

486 4004 756 4077 sitatem,
803 4002 945 4080 quia
988 4009 1051 4061 ct
1091 4002 1363 4063 securius
1400 4010 1513 4075 est,
1560 4008 1623 4063 et
1660 4003 1727 4063 in
1768 4003 2043 4063 favorem

484 4096 908 4175 proximorum
966 4096 1167 4173 potius
1214 4102 1304 4156 est
1360 4096 1811 4156 declinandum.
1868 4096 2044 4157 Unde

486 4202 649 4249 recte
684 4189 1079 4265 AugustinuS,
1112 4188 1368 4267 epistola
1399 4189 1517 4249 149
1548 4210 1562 4248 ε
1598 4189 1678 4251 In
1708 4191 2044 4267 suscipien-

486 4282 585 4343 dis
612 4280 966 4360 hospitibus,
1002 4280 1218 4343 melius
1244 4287 1335 4343 est
1360 4282 1662 4344 interdum
1692 4282 1883 4343 malos
1910 4283 2044 4343 Itos-

485 4378 571 4436 tes
593 4376 849 4455 perpeti,
890 4392 1065 4453 quam
1090 4379 1347 4450 fortasse
1363 4392 1475 4453 per
1502 4375 1913 4456 iynorantiam
1942 4376 2044 4437 bo-

484 4485 593 4529 nos
616 4468 945 4530 excludere.
980 4468 1097 4528 Sed
1122 4486 1201 4546 qu
1212 4467 1269 4527 id
1298 4468 1349 4526 si
1376 4475 1668 4547 appareat
1692 4470 2040 4542 necessitas„

486 4578 610 4623 non
664 4566 873 4619 tamen
916 4578 993 4621 cx
1041 4561 1403 4639 indigentia,
1458 4560 1561 4621 sed
1608 4578 1681 4621 ex
1725 4562 2046 4622 voluntate

487 4652 809 4732 profecta?
841 4655 1197 4714 Communis
1236 4672 1407 4713 casus
1442 4671 1573 4713 esse
1606 4654 1782 4726 solet,
1824 4654 1875 4713 si
1904 4672 2049 4713 ava-

484 4764 589 4806 rus
618 4746 819 4825 potius
842 4764 905 4806 se
932 4747 1089 4806 mori
1114 4748 1448 4825 permittat,
1484 4766 1669 4825 quam
1702 4748 2048 4826 expendere

490 4838 640 4899 velit
682 4837 746 4898 in
792 4840 1079 4911 medieOS,
1129 4840 1225 4899 vel
1272 4840 1337 4899 in
1393 4858 1490 4899 res
1526 4840 1891 4902 necessarias
1938 4858 2050 4900 sua

486 4932 671 5004 bona,
714 4950 796 4992 an
843 4938 1124 4993 teneatur
1168 4933 1307 5010 quis
1347 4934 1436 4993 illi
1473 4934 1815 5013 providere.
1869 4933 2051 4995 Ratio

488 5024 657 5085 dubii
705 5032 817 5098 est,
866 5025 1013 5103 quia
1054 5031 1202 5085 tunc
1241 5043 1367 5085 non
1410 5034 1502 5086 est
1547 5030 1899 5104 necessitaS,
1945 5028 2051 5089 sed

488 5135 682 5198 prava
710 5117 1013 5178 voluntas,
1040 5117 1370 5193 Adrianus,
1411 5119 1477 5178 in
1502 5122 1562 5193 4,
1592 5120 1656 5179 in
1688 5122 1947 5181 materia
1974 5121 2052 5182 de

488 5213 753 5272 Correct.
784 5210 1078 5285 fraterna,
1092 5209 1359 5271 affirmat
1386 5228 1527 5271 cum
1558 5212 1867 5287 Glossa,in
1896 5230 1948 5275 c.
1988 5218 2046 5291 1,

578 5407 595 5442 ¹
642 5402 711 5462 D.
739 5400 1008 5461 Thomas
1027 5399 1226 5461 videri
1249 5399 1433 5460 etiam
1456 5404 1656 5479 potest
1678 5404 1738 5463 2.
1764 5402 1826 5477 2,
1852 5418 1912 5481 q.
1946 5402 2050 5477 33,

488 5501 606 5557 art.
646 5500 704 5569 1,
734 5494 807 5555 ad
840 5496 901 5554 t.

1417 364 1653 417 mSPUT.
1692 366 1793 415 vll.
1831 364 1910 415 DE
1945 361 2280 415 rRAECErTo
2315 362 2755 415 ELEEMOSYNAE.

2119 463 2385 524 distinct.
2425 465 2535 537 433
2583 462 2756 525 addit
2781 469 2993 523 tamen
3021 480 3195 542 posse
3241 478 3409 537 cum,
3445 460 3552 539 qui
3597 464 3694 519 ta·

2120 557 2241 617 lem
2282 556 2736 636 eleemosynam
2778 556 2953 629 iacit,
2998 573 3356 633 recuperare
3405 572 3542 632 quae
3581 552 3693 613 de-

2121 651 2257 724 dit,
2301 651 2355 711 si
2389 651 2576 733 possit
2605 651 2738 711 sine
2765 648 3099 723 scanda103
3145 648 3249 708 sed
3295 647 3694 717 distinguen-

2121 744 2273 805 dum
2329 753 2421 805 est
2446 795 2459 819 ,
2509 762 2656 806 nam
2713 743 2964 823 quando
3025 742 3380 820 hujusmodi
3431 740 3691 800 affectus

2121 838 2346 899 accidit
2418 858 2492 899 ex
2560 836 2913 899 vehementi
2987 835 3256 915 quadam
3333 834 3616 913 passione
3663 874 3687 905 ,

2121 953 2260 1015 quae
2299 935 2429 995 fere
2473 932 2801 994 dementias
2841 929 3188 1009 comparari
3233 933 3434 1009 potest
3460 974 3480 1003 ,
3533 940 3692 987 tunc

2119 1027 2395 1108 procedit
2441 1026 2574 1088 hoec
2615 1023 2924 1086 sententia
2945 1070 2963 1097 ,
3019 1022 3178 1082 sicut
3235 1022 3426 1082 etiam
3470 1026 3695 1081 teneor

2120 1122 2452 1183 subvenire
2497 1120 2557 1183 ei
2601 1119 2709 1199 qui
2751 1134 2832 1179 ex
2862 1116 3105 1195 ingenti
3152 1115 3407 1176 tristitia
3445 1130 3510 1173 se
3551 1112 3696 1173 vult

2120 1214 2485 1275 interficere.
2540 1212 2720 1275 Ratio
2775 1216 2866 1273 est
2890 1256 2910 1286 ,
2965 1211 3116 1291 quia
3160 1210 3304 1270 licet
3351 1208 3696 1269 admiscea-

2121 1314 2226 1367 tur
2253 1324 2442 1386 prava
2467 1305 2755 1366 voluntas
2772 1350 2791 1379 ,
2841 1310 3050 1364 tamen
3077 1304 3356 1363 humano
3383 1300 3568 1361 modo
3595 1305 3695 1360 est

2120 1418 2269 1460 vera
2317 1398 2661 1461 necessitas.
2722 1398 2908 1459 Secus
2953 1412 3102 1457 vero
3141 1401 3302 1456 esset
3336 1396 3387 1455 si
3425 1395 3568 1473 quis
3613 1410 3696 1454 ex

2121 1512 2281 1572 pura
2326 1494 2564 1554 malitia
2599 1490 2665 1552 id
2711 1492 2958 1565 faceret,
3008 1496 3079 1550 ut
3117 1490 3286 1549 intra
3325 1488 3570 1567 agendo
3615 1486 3694 1549 dc

2121 1588 2337 1647 ordine
2361 1587 2769 1665 eleemosynoe
2798 1584 3124 1645 constabit.

2203 1685 2260 1741 8.
2315 1678 2540 1753 Quinta
2565 1678 2884 1751 conclusio.
2905 1710 2980 1721 -
3013 1677 3157 1748 Dico,
3184 1676 3448 1755 quinto:
3479 1693 3692 1736 oct-ur-

2119 1780 2295 1837 rentc
2319 1773 2701 1846 necessitate,
2737 1788 2862 1831 non
2895 1776 3109 1831 teneor
3132 1770 3386 1831 omnino
3407 1770 3610 1831 facere
3628 1787 3695 1831 e-

2119 1870 2564 1948 leemosynam,
2588 1865 2704 1926 nisi
2727 1866 2806 1925 sit
2821 1870 3120 1926 extrema.
3141 1863 3282 1925 Haec
3301 1864 3526 1924 ultima
3548 1880 3695 1943 pars

2121 1982 2231 2043 per
2262 1981 2326 2024 se
2361 1966 2640 2035 constat3
2683 1977 2830 2020 nam
2869 1958 2978 2019 illa
3021 1960 3349 2018 necessitas
3381 1963 3518 2032 est,
3549 1974 3694 2035 quae

2121 2057 2392 2119 maxime
2419 2060 2614 2131 potest
2639 2070 2880 2131 urgere.
2913 2050 3286 2128 intelligitur
3307 2065 3542 2121 tamen,
3571 2050 3696 2109 nisi

2123 2154 2444 2211 occurrant
2488 2146 2701 2207 multae
2751 2144 2978 2205 similes
3017 2145 3428 2217 necessitateS,
3473 2150 3538 2203 et
3563 2160 3695 2202 non

2122 2242 2351 2323 possim
2379 2239 2666 2300 omnibus
2697 2238 3066 2313 subvenire3
3118 2244 3268 2298 tunc
3293 2237 3463 2296 enim
3505 2236 3694 2297 datur

2123 2336 2292 2415 optio
2318 2380 2333 2407 ‚
2385 2339 2628 2393 servato
2674 2332 2892 2393 ordine
2933 2330 3272 2391 charitatis
3320 2327 3696 2389 Addendum

2123 2430 2335 2504 etiam,
2375 2427 2496 2488 nisi
2537 2426 2853 2488 evidenter
2887 2425 3080 2485 sciam
3119 2423 3314 2483 alium
3355 2421 3697 2483 subventu-

2123 2540 2286 2597 rum,
2331 2522 2500 2600 prius
2540 2537 2726 2600 quam
2767 2518 3088 2597 proximus
3124 2514 3460 2595 periculum
3497 2515 3696 2593 patia-

2123 2622 2264 2689 tur3
2309 2633 2454 2674 nam
2489 2620 2640 2674 tunc
2681 2630 2808 2672 non
2855 2616 2989 2671 erat
3035 2616 3310 2671 extrema
3361 2608 3694 2668 necessitas

2124 2707 2488 2788 simpliciter
2526 2711 2807 2785 respectu
2845 2722 2998 2764 meae
3033 2702 3462 2780 eleemosynae.
3515 2702 3695 2761 Prior

2123 2798 2610 2883 pars-probatur,
2640 2799 2786 2877 quia
2812 2796 3062 2876 quando
3084 2796 3414 2856 necessitas
3441 2812 3570 2853 non
3596 2798 3690 2853 est

2125 2902 2433 2963 extrema,
2471 2910 2598 2953 non
2629 2892 2715 2951 ita
2747 2896 2924 2968 urget
2949 2890 3101 2969 quin
3125 2889 3315 2969 possit
3341 2889 3480 2967 quis
3511 2902 3691 2947 suam

2125 2986 2582 3065 eleemosynam
2605 2985 2744 3045 aliis
2773 3002 3038 3056 servare,
3057 2980 3224 3061 quod
3249 2983 3314 3041 in
3341 2982 3692 3042 communi·-

2131 3082 2239 3139 bus
2297 3077 2756 3139 necessitatibus
2799 3076 2978 3136 facile
3030 3082 3122 3135 est
3182 3073 3572 3152 intelligere3
3625 3075 3692 3135 in

2127 3172 2418 3252 gravibus
2443 3189 2590 3231 vero
2614 3175 2853 3249 oportet
2881 3168 3207 3247 prudentia
3234 3168 3325 3228 uti
3345 3216 3360 3240 ,
3403 3167 3522 3227 nisi
3549 3186 3694 3246 pro-

2125 3268 2333 3327 ximus
2357 3265 2610 3324 interim
2637 3262 2899 3324 nimium
2922 3261 3232 3341 patiatur-3
3278 3262 3426 3320 item
3451 3278 3532 3319 ne
3557 3276 3696 3336 gra-

2129 3361 2264 3419 vior
2292 3358 2616 3417 necessitas
2649 3362 2896 3435 propter
2921 3354 3130 3415 minus
3151 3370 3404 3432 gravem
3427 3354 3688 3413 omitta-

2127 3458 2280 3525 tur3
2326 3449 2393 3509 in
2439 3448 2664 3528 quibus
2713 3448 3000 3508 omnihus
3051 3446 3201 3507 ordo
3239 3446 3588 3525 prudentiae
3627 3456 3694 3506 et

2129 3544 2444 3605 charitatis
2471 3542 2808 3603 servandus
2837 3546 2954 3602 est.

2207 3641 2268 3699 9.
2313 3636 2410 3700 Aa
2441 3640 2808 3719 proeceptum
2841 3635 3220 3713 elemosyna*
3255 3633 3472 3714 obliyet
3507 3634 3696 3695 esiam

2124 3747 2592 3811 uawmqaemqae
2615 3727 2776 3790 circa
2799 3724 3329 3800 sc.-Difficultas
3349 3726 3690 3805 comeditur.

2121 3854 2206 3869 —
2231 3823 2480 3896 Quaeres
2516 3838 2594 3880 an
2635 3820 2749 3880 hoc
2781 3825 3156 3898 praeceptum
3185 3817 3416 3895 obliget
3441 3822 3694 3877 tantum

2125 3917 2286 3976 circa
2320 3914 2552 3974 alienas
2593 3912 3005 3986 necessitates,
3040 3926 3120 3971 an
3145 3910 3334 3971 etiam
3363 3910 3522 3969 cirea
3549 3928 3695 3988 pro-

2125 4010 2311 4089 prias,
2366 4006 2792 4085 Respondemr
2831 4004 3101 4065 maxime
3140 4004 3219 4063 ad
3249 4002 3362 4063 has
3385 4000 3689 4080 obligare,

2125 4102 2274 4181 quia
2291 4146 2309 4175 ,
2343 4107 2414 4161 ut
2437 4116 2624 4178 supra
2651 4098 2958 4169 diximus,
2992 4098 3182 4157 etiam
3211 4096 3473 4174 ipsemet
3501 4095 3692 4155 homo

2123 4194 2474 4255 continetur
2491 4194 2556 4251 in
2577 4192 2820 4269 objecto
2839 4190 3155 4250 charitatis
3169 4195 3233 4248 et
3251 4188 3686 4266 eleemosynae,

2123 4290 2269 4369 quia
2298 4288 2415 4348 sibi
2441 4292 2535 4347 est
2557 4286 2827 4346 maxime
2855 4284 3242 4362 conjunctus.
3279 4283 3482 4355 Quare
3521 4290 3687 4341 recte

2124 4381 2527 4459 Augustinus,
2557 4381 2622 4438 iu
2656 4376 3027 4451 EuchiridiO,
3061 4394 3194 4455 cap.
3229 4377 3310 4437 '16
3341 4392 3356 4435 z
3408 4374 3526 4447 Qui
3557 4374 3692 4435 vult

2127 4474 2369 4553 (inquit)
2389 4474 2809 4549 eleemosynam
2831 4471 3108 4533 ordinate
3133 4472 3300 4543 dare,
3317 4486 3358 4531 a
3378 4469 3574 4547 seipso
3597 4469 3696 4529 de-

2127 4568 2220 4629 bet
2267 4566 2531 4646 iaciprre
2553 4610 2572 4639 ,
2616 4569 2670 4626 et
2710 4580 2838 4625 eam
2888 4564 3006 4625 sibi
3053 4563 3248 4643 primo
3299 4562 3461 4623 dare.
3513 4558 3693 4619 Unde

2127 4659 2328 4719 obiter
2355 4658 2611 4718 solvitur
2631 4657 2891 4717 dubium
2915 4654 3110 4727 aliud,
3137 4672 3218 4714 an
3241 4653 3290 4714 si
3315 4652 3503 4713 alicui
3523 4668 3694 4711 com·

2128 4752 2455 4811 mittantur
2495 4751 2771 4829 pecuniae
2806 4748 2885 4809 ad
2913 4748 3332 4825 eleemosynas
3351 4790 3370 4821 ,
3391 4744 3587 4831 possit
3615 4760 3692 4804 ex

2126 4844 2249 4905 iliis
2269 4863 2398 4905 suae
2421 4862 2582 4904 verer
2611 4842 2955 4903 necessitati
2987 4840 3314 4900 subvenire
3339 4858 3354 4911 ;
3383 4838 3694 4916 Sylvester

2131 4936 2324 5009 enim,
2365 4950 2428 4997 et
2455 4936 2752 5013 Angelus,
2783 4934 2974 4995 verbo
3013 4932 3436 5011 Eleemosyna,
3477 4932 3698 4991 dicunt

2129 5046 2258 5089 non
2297 5048 2472 5108 posse
2515 5074 2535 5104 ,
2583 5034 2954 5106 argumento
3003 5026 3328 5104 cujusdam
3377 5024 3552 5100 legis,
3613 5023 3696 5087 Si

2130 5124 2509 5197 mandavero,
2547 5122 2584 5201 ἓ
2611 5122 2692 5186 Si
2717 5122 2826 5183 tibi
2854 5127 3109 5195 centum,
3140 5118 3209 5179 ff.
3243 5116 3533 5178 Mandati.
3573 5116 3696 5177 Sed

2132 5223 2368 5277 certum
2399 5215 2552 5275 mihi
2576 5220 2668 5275 est
2692 5232 2862 5293 posse
2888 5212 3109 5286 iacere,
3139 5210 3302 5290 quod
3329 5215 3499 5270 tenet
3525 5208 3698 5287 Caje-

2131 5316 2312 5370 tanus
2331 5310 2392 5369 2.
2419 5310 2482 5383 2,
2511 5314 2731 5387 quaest.
2755 5310 2856 5379 32,
2887 5312 3002 5367 art.
3035 5306 3099 5379 9,
3129 5322 3274 5365 nam
3303 5302 3410 5363 illa
3433 5310 3527 5363 est
3547 5318 3697 5362 vera

2133 5401 2546 5480 eleemosyna.
2593 5403 2745 5461 Item
2787 5400 2908 5479 ipsi
2941 5399 3288 5459 concedunt
3331 5414 3506 5475 posse
3548 5394 3699 5455 dare

2135 5493 2404 5561 maxime
2443 5492 2837 5576 propinquis,
2885 5489 3362 5573 consanguineis
3407 5493 3472 5549 et
3501 5486 3697 5565 filiis;
