3900 6217
584 473 752 526 SECT.
792 475 829 524 1.
868 475 949 526 AN
982 475 1079 526 su·
1111 476 1191 526 ET
1224 475 1372 538 Qun
1406 475 1503 528 81²1·
1537 475 1833 528 ECCLESIA
1868 477 1947 528 ΕΤ
1981 479 2064 528 Ex
2097 477 2319 540 vatts
2355 478 2656 529 mumius
2687 478 2980 532 CONSTET.

166 583 218 630 ct
242 571 555 634 civitatis:
590 574 729 634 talis
781 581 991 635 autem
1038 576 1242 636 unitas
1282 577 1552 655 intelligi
1591 595 1721 638 non

166 671 355 746 potest
374 668 515 729 sine
541 668 981 747 conjunctione
1006 669 1422 730 membrorum
1444 671 1609 730 inter
1628 687 1716 744 se,

165 765 217 819 et
254 778 401 820 cum
451 763 650 841 capite
690 763 819 823 sive
859 764 1159 844 principe,
1208 765 1387 843 juxta
1441 763 1597 825 illud
1639 763 1719 824 ad

166 853 466 914 Romanos
501 857 623 916 12:
664 855 865 918 Unam
884 873 1099 938 corpus
1120 875 1351 929 sumus,
1378 857 1539 922 alter
1563 858 1716 921 alte-

164 947 289 1008 rnes
322 949 612 1016 membra.
650 949 849 1025 Unde,
899 950 1113 1012 Matth.
1148 953 1250 1028 18,
1291 952 1717 1013 excommuni-

165 1041 269 1100 cati
304 1039 623 1103 hahentur
650 1049 947 1121 tanquam
989 1043 1221 1105 ethnici
1264 1051 1326 1106 et
1372 1045 1712 1125 publicani,

164 1139 227 1192 nt
246 1133 333 1193 ibi
370 1135 675 1196 adnotant
698 1135 1189 1216 chrysostomuS,
1220 1138 1715 1218 Theophylactus

166 1233 219 1287 et
244 1226 557 1303 Hilarius;
588 1235 650 1289 et
692 1233 720 1289 1
765 1230 844 1290 ad
876 1229 1151 1290 Corinth.
1186 1233 1247 1306 5,
1278 1231 1541 1310 legimus
1574 1253 1588 1291 τ
1638 1233 1721 1296 Ut

166 1320 414 1382 tollatur
452 1323 521 1384 de
546 1323 735 1384 medio
762 1328 1025 1386 vestrum
1066 1325 1171 1404 qui
1208 1326 1315 1387 hoc
1348 1341 1495 1407 opus
1521 1327 1673 1400 fecit
1694 1351 1719 1386 .-

166 1414 264 1472 ubi
288 1415 477 1474 etiam
504 1413 663 1475 bene
691 1416 1038 1478 AnselmuS.
1073 1417 1450 1496 Frequenter
1472 1435 1719 1498 quoque

168 1507 387 1583 Patres,
426 1507 507 1568 de
538 1509 939 1570 schismaticis
972 1508 1315 1590 loquentes,
1350 1511 1569 1571 dicunt
1616 1529 1721 1572 eos

170 1599 431 1662 scindere
481 1601 839 1672 Ecclesiam,
898 1609 1083 1680 atque
1130 1603 1287 1664 adeo
1334 1611 1573 1684 partem
1607 1603 1719 1664 ali-

170 1713 371 1773 quam,
402 1694 636 1756 scilicet
662 1696 914 1774 seipsos,
945 1696 1023 1756 ab
1068 1696 1177 1757 illa
1211 1715 1519 1776 separare,
1550 1697 1719 1777 quod

174 1789 559 1867 Augustinus,
591 1794 771 1850 tract.
816 1791 935 1851 122
964 1791 1031 1850 in
1069 1792 1325 1867 Joann.,
1362 1798 1425 1853 et
1452 1811 1641 1854 serm.
1676 1797 1715 1854 4

172 1883 238 1942 dc
293 1883 629 1963 Tempore,
680 1884 1103 1963 significatum
1162 1905 1293 1946 esse
1340 1886 1473 1947 vult
1498 1932 1517 1963 ,
1573 1906 1715 1948 cum

170 1977 543 2058 rumpebatur
574 1983 720 2052 rete,
753 1983 895 2052 etc,
914 1978 1061 2038 Luc.
1088 1981 1159 2039 5:
1189 1984 1376 2058 atque
1405 1980 1589 2040 etiam
1621 1981 1719 2042 in-

169 2071 319 2131 dicat
340 2071 835 2149 Chrysestom11S‚
858 2070 1076 2134 homil.
1108 2074 1146 2132 3
1169 2072 1236 2132 in
1254 2076 1283 2134 1
1308 2075 1385 2132 ad
1408 2073 1684 2136 Corinth.
1698 2121 1713 2146 ‚

166 2171 221 2224 et
261 2167 317 2223 11
352 2164 431 2223 ad
470 2164 722 2242 Ephes.;
765 2165 1205 2245 Hieronymus.
1240 2167 1425 2226 Amos
1455 2170 1514 2242 1,
1548 2174 1610 2226 ct
1636 2168 1715 2228 ad

162 2259 357 2318 Titum
406 2260 487 2332 23
545 2259 837 2332 IrenoeuS,
874 2259 918 2319 l.
968 2260 1030 2334 4,
1084 2277 1220 2338 cap.
1268 2261 1346 2320 62
1373 2277 1393 2336 ;
1432 2261 1710 2340 Optatus,

158 2353 197 2412 l.
228 2357 251 2412 1
288 2355 403 2412 et2
426 2359 645 2413 contra
664 2354 1087 2428 Parmenian.;
1112 2354 1465 2432 Gregorius,
1492 2354 1706 2418 homil.

154 2448 229 2506 24
262 2447 323 2504 in
354 2447 597 2524 Evang.
632 2446 931 2508 Similiter
959 2447 1364 2527 pronuntiant
1394 2447 1709 2508 interdum

148 2545 497 2617 peccatores
544 2557 655 2618 per
688 2541 1391 2600 excommunicationem
1441 2540 1714 2619 separari

148 2633 223 2692 ah
248 2631 543 2708 Ecclesia,
574 2641 649 2692 ut
688 2632 765 2692 dc
802 2633 1135 2705 Marcione,
1166 2632 1353 2693 etiam
1383 2641 1713 2712 antequam

146 2725 471 2786 hereticus
538 2726 737 2800 fieret,
796 2726 1071 2805 loquitur
1122 2726 1534 2804 Epiphanius,
1590 2726 1717 2786 hae-

148 2821 265 2880 resi
290 2821 397 2894 92,
428 2825 495 2879 et
532 2820 973 2895 Tertullianus,
1003 2819 1164 2879 libro
1192 2817 1269 2879 de
1298 2820 1713 2898 Praescriptio·

152 2912 329 2972 nibus
348 2913 733 2986 haereticor.;
779 2913 869 2973 ita
900 2912 1169 2991 denique
1196 2918 1455 2992 usurpat
1472 2913 1541 2972 in
1569 2931 1715 2973 casu

164 3005 279 3064 alio
301 3007 482 3080 hen„
516 3006 683 3084 apud
716 3005 965 3080 Euseh.‚
999 3004 1040 3066 1.
1074 3010 1113 3066 5
1144 3005 1401 3078 Hister„
1429 3024 1563 3085 cap.
1610 3009 1713 3067 et.

248 3101 327 3158 u.
366 3101 775 3177 Improbatm·
801 3098 1002 3178 primo
1048 3100 1246 3179 quoad
1264 3097 1708 3161 schismaticos.

150 3221 231 3234 —
258 3192 415 3253 item
448 3192 659 3272 quoad
676 3190 1231 3254 excommunicatos.
1267 3223 1345 3238 -
1370 3192 1465 3253 Et
1495 3193 1715 3276 confir-

144 3289 345 3344 matur
393 3287 624 3365 primo,
656 3315 739 3330 —
772 3283 1179 3347 Conco-matur
1215 3286 1489 3347 secunda.
1522 3317 1603 3330 -—
1634 3285 1715 3346 At

144 3377 303 3434 enim
356 3377 589 3437 modus
635 3375 740 3436 hic
781 3377 1095 3456 loquendi,
1146 3377 1224 3437 de
1266 3395 1391 3456 quo
1436 3377 1591 3438 forte
1620 3385 1713 3439 cst

145 3474 267 3528 tota
286 3471 557 3549 quaestio
576 3470 779 3548 magis
800 3487 987 3548 quam
1014 3470 1091 3529 de
1114 3488 1201 3544 re,
1236 3469 1390 3530 mihi
1412 3488 1537 3531 non
1565 3471 1713 3531 satis

144 3561 469 3639 probatum
500 3568 691 3641 atque
716 3569 999 3622 auctores
1020 3579 1207 3641 supra
1232 3563 1401 3623 citati
1432 3580 1713 3622 commu-

144 3655 302 3715 niter
338 3655 656 3734 ejusmodi
707 3655 993 3716 homines
1054 3673 1180 3716 non
1250 3654 1588 3716 excludunt
1632 3657 1711 3717 ab

140 3749 429 3812 Ecclesia.
478 3749 715 3823 Prima,
752 3749 897 3827 qnia
928 3749 1030 3826 qui
1084 3765 1293 3809 veram
1340 3749 1527 3810 fidem
1568 3750 1710 3811 reti-

142 3847 313 3918 nent,
344 3849 503 3902 sunt
552 3839 833 3902 membra
866 3841 1114 3916 Christi,
1147 3859 1293 3902 nam
1324 3842 1405 3901 ab
1430 3842 1534 3904 illo
1560 3845 1713 3903 rcci-

137 3934 315 4012 piunt
364 3935 687 3995 influxum
748 3942 812 3995 et
866 3940 1069 3995 actum
1131 3934 1470 4013 spiritualis
1528 3936 1708 4013 vitae3

136 4043 281 4104 ergo
308 4033 375 4089 et
406 4027 713 4088 Ecclesiae.
748 4029 904 4088 Nam
932 4029 1090 4088 sicut
1116 4027 1342 4090 Christi
1370 4033 1555 4107 caput
1582 4047 1709 4090 non

136 4119 323 4180 hahet
358 4119 541 4180 alind
588 4120 921 4200 mysticum
968 4137 1191 4200 corpus
1238 4127 1459 4200 practer
1510 4121 1711 4182 Eccle-

136 4214 309 4288 siam,
340 4215 437 4273 ita
480 4231 605 4273 nec
634 4213 915 4274 membra
946 4213 1091 4288 alia,
1124 4213 1247 4276 nisi
1288 4231 1361 4275 ea
1396 4231 1537 4294 quas
1564 4221 1710 4275 sunt

141 4307 421 4367 membra
461 4306 769 4368 Ecclesiae.
816 4305 1121 4382 Secunde,
1166 4307 1315 4385 quia
1346 4325 1563 4368 revera
1601 4307 1709 4368 ha·

138 4398 280 4459 hent
304 4398 705 4460 essentialem
737 4399 1239 4478 conjunctionem
1287 4417 1432 4460 cum
1471 4400 1705 4460 crateris

142 4491 437 4552 membris
464 4509 487 4568 ;
532 4491 661 4552 hoec.
686 4493 858 4552 enim
890 4509 1001 4570 per
1040 4490 1225 4551 fidem
1254 4491 1345 4563 fit,
1379 4499 1449 4552 nt
1502 4511 1579 4552 ex
1607 4494 1707 4553 In-

138 4585 429 4644 nos—ontio
450 4591 515 4644 et
540 4584 789 4644 Nicolao
817 4584 842 4643 1
870 4603 1057 4664 supra
1084 4585 1478 4646 adduximus.
1525 4587 1597 4646 Et
1624 4587 1703 4648 ad

136 4678 431 4738 «rumdam
460 4678 717 4737 modum
737 4686 885 4737 sunt
916 4678 1075 4737 uniti
1096 4697 1237 4739 cum
1258 4679 1457 4758 capite
1482 4679 1702 4741 Christi

140 4772 410 4846 vtem-io,
454 4787 600 4830 nam
630 4770 1053 4830 schismaticus
1096 4771 1173 4831 dc
1213 4790 1337 4850 quo
1364 4772 1701 4850 loquimur,

138 4883 187 4923 e·
230 4865 307 4924 de
332 4881 461 4944 quo
492 4865 717 4924 iterum
748 4865 815 4923 in
844 4871 1111 4924 tractatu
1138 4865 1217 4926 de
1244 4865 1503 4936 charit„
1542 4867 1701 4944 disp.

147 4958 243 5028 1³2,
282 4975 409 5016 non
450 4962 642 5035 negat
682 4957 749 5016 in
778 4956 1043 5017 Ecclesia
1096 4975 1295 5017 unum
1342 4975 1703 5036 supremum

142 5056 323 5126 caput
358 5067 491 5110 esse
536 5049 778 5122 debere,
811 5050 920 5110 sed
950 5057 1139 5127 negat
1173 5049 1343 5110 hunc
1384 5050 1706 5111 hominem

150 5141 215 5200 in
242 5141 565 5202 individuo
588 5161 717 5204 esse
742 5142 1108 5220 hujusmodi
1136 5149 1323 5223 caput
1340 5165 1357 5218 3
1377 5144 1541 5223 quod
1572 5146 1725 5204 sine-

148 5233 353 5295 haeresi
412 5241 613 5315 potest
667 5235 988 5296 interdum
1044 5237 1284 5315 negari,
1332 5243 1515 5316 atque
1556 5237 1715 5298 adeo

150 5337 377 5389 servata
418 5327 543 5389 fide
592 5334 657 5390 et
713 5329 955 5390 unitate
1016 5328 1339 5405 Ecclesiae3
1394 5329 1491 5390 vel
1546 5343 1709 5414 certe

152 5423 417 5500 quamvis
458 5421 835 5483 confiteatur
884 5420 1055 5482 hunc
1098 5441 1227 5482 esse
1276 5422 1503 5483 Christi
1536 5423 1709 5483 Vica-

152 5514 323 5589 rium‚
354 5523 414 5576 et
442 5535 551 5595 per
576 5515 769 5576 fidem
801 5514 895 5575 illi
934 5515 1376 5595 conjungatur,
1414 5516 1470 5576 ei
1498 5522 1708 5578 tamen

154 5608 542 5670 obedientiam
584 5609 905 5687 denegat3
964 5609 1131 5687 quod
1164 5627 1291 5669 non
1335 5615 1428 5671 est
1464 5609 1613 5670 satis
1640 5616 1710 5670 ut

3247 475 3367 537 249

1802 583 1979 638 extra
2025 578 2362 639 Ecclesiam
2395 577 2804 640 constituatur
2819 595 2840 656 ;
2895 599 3039 642 narn
3083 588 3366 660 peccator

1801 674 1942 735 licet
1961 673 2193 734 directe
2218 673 2372 734 nolit
2399 673 2638 736 Christo
2667 673 2941 752 obedire,
2974 675 3123 752 imo,
3148 695 3364 757 quam·

1801 769 1892 829 vis
1929 767 2108 828 illum
2153 767 2296 828 odio
2335 774 2762 848 prosequatur,
2821 769 2872 828 si
2903 775 3130 831 ‘tamen
3175 769 3362 830 fidem

1800 860 1935 939 ejus
1983 861 2245 922 retineat
2271 910 2282 932 ,
2329 860 2678 922 membrum
2730 863 2865 942 ejus
2927 870 3050 938 est,
3103 869 3166 924 et
3218 881 3363 924 vere

1796 953 2203 1014 Christianus,
2247 955 2402 1015 Item
2449 955 2554 1034 qui
2588 955 2656 1015 in
2683 955 3001 1036 republica
3044 955 3213 1018 civili
3256 957 3362 1016 dc-

1794 1051 2019 1108 trcctat
2061 1047 2314 1108 obedire
2365 1048 2521 1128 regi,
2556 1055 2666 1110 aut
2713 1047 3044 1110 seditiones
3085 1047 3150 1108 in
3181 1066 3362 1127 repu-

1794 1140 1955 1201 blica
1985 1147 2215 1216 movet,
2234 1159 2358 1202 non
2380 1141 2586 1202 statim
2606 1159 2736 1202 esse
2756 1140 2983 1201 desinit
3006 1139 3359 1220 reipublicae

1800 1233 2153 1294 membrum
2166 1250 2187 1312 3
2206 1253 2354 1313 ergo
2369 1233 2653 1295 similiter
2667 1235 2734 1294 in
2751 1233 3166 1295 Ecclesiastica
3183 1251 3361 1313 repu-

1798 1327 1976 1388 blica.
2007 1329 2332 1404 Praeterea‚
2363 1328 2508 1406 quia
2528 1327 2678 1388 alias
2697 1329 2763 1389 in
2785 1327 3136 1408 particulari
3157 1327 3362 1406 aliqua

1800 1422 2088 1494 Ecclesia,
2134 1423 2241 1502 qui
2284 1421 2477 1484 nollet
2517 1441 2629 1484 suo
2663 1423 2958 1502 Episcopo
3004 1421 3252 1482 obedire
3289 1439 3362 1481 ac

1800 1514 2070 1576 schisma
2127 1515 2442 1591 excitaret,
2494 1516 2842 1576 membrum
2889 1516 3030 1576 talis
3081 1515 3360 1578 Ecclesiai

1799 1627 1923 1668 non
1975 1613 2154 1684 esset,
2211 1608 2357 1688 quia
2389 1625 2532 1669 vere
2579 1615 2667 1669 est
2717 1609 3174 1687 schismaticus3
3207 1609 3360 1669 illud

1800 1707 2008 1762 autem
2033 1719 2159 1763 non
2209 1701 2457 1763 videtur
2485 1701 2855 1772 verisimile;
2889 1703 3055 1763 unde
3090 1701 3359 1782 Epipha-

1800 1795 1962 1872 nius„
1988 1797 2145 1857 libro
2172 1799 2212 1856 2
2237 1796 2299 1856 in
2330 1799 2491 1856 secta
2511 1795 2787 1870 Mellesii,
2815 1813 2952 1874 quae
2983 1801 3072 1856 est
3101 1813 3361 1856 numero

1798 1891 1899 1966 68,
1922 1908 2049 1951 non
2075 1895 2282 1951 censet
2307 1889 2650 1950 Mellesium
2675 1889 2839 1949 illius
2867 1888 3135 1950 ecclesiae
3167 1908 3363 1949 mem-

1797 1983 1978 2044 brum
2000 2003 2130 2046 esse
2147 1983 2418 2059 desiisse,
2449 1983 2732 2064 quamvis
2752 1983 3040 2062 peculiari
3069 1983 3360 2064 opinione

1796 2095 1835 2136 a
1877 2077 2315 2138 communione
2360 2077 2454 2137 sui
2493 2077 2771 2156 Episcopi
2829 2093 2892 2136 se
2945 2077 3357 2157 separaverit3

1795 2171 1944 2251 qnia
1990 2170 2314 2231 haereticus
2359 2171 2427 2230 in
2473 2189 2545 2230 ca
2597 2171 2978 2251 separatione
3023 2170 3160 2231 'non
3211 2170 3356 2230 fuit.

1795 2263 2068 2324 Tandem
2109 2263 2244 2324 haec
2273 2263 2484 2323 omnia
2527 2263 2744 2324 fortius
2774 2263 3110 2345 procedunt
3147 2263 3224 2324 de
3253 2281 3362 2324 ex-

1794 2357 2266 2417 communicatis
2307 2375 2434 2417 non
2468 2357 2868 2418 schismaticis
2886 2373 2906 2435 3
2943 2357 3010 2416 in
3039 2355 3160 2417 illis
3191 2357 3360 2418 enim

1795 2465 1919 2508 non
1938 2449 2134 2509 solum
2155 2448 2308 2510 fides
2335 2457 2398 2509 et
2423 2449 2715 2529 professio
2735 2451 2868 2529 ejus
2881 2457 3227 2532 permanet,
3252 2450 3357 2511 sed

1795 2541 1984 2601 etiam
2014 2541 2163 2601 unio
2189 2559 2328 2602 cum
2355 2544 2574 2621 capite,
2607 2561 2676 2604 ac
2693 2549 2890 2623 potest
2914 2542 3224 2604 interdum
3254 2561 3360 2603 ex-

1796 2635 2275 2695 communicatio
2307 2653 2430 2696 non
2455 2653 2584 2696 esse
2609 2635 2812 2715 justa:
2842 2635 3041 2695 solum
3065 2654 3212 2715 ergo
3235 2635 3361 2716 pri-

1796 2733 2028 2788 vantur
2053 2728 2255 2807 qnoad
2289 2729 2788 2789 communionem
2830 2747 2970 2789 cum
3001 2729 3138 2790 aliis
3167 2746 3364 2790 mem-

1762 2837 1767 2842 ’
1796 2819 1946 2896 bria,
1977 2839 2102 2880 non
2125 2821 2324 2900 quoad
2357 2823 2564 2901 ipsum
2597 2841 2726 2883 esse
2753 2821 3053 2899 membri3
3091 2821 3281 2882 veluti
3308 2820 3362 2882 si

1798 2913 1940 2992 quis
1984 2919 2186 2992 posset
2228 2913 2518 2974 fraudare
2554 2932 2810 2975 manum
2853 2914 2952 2974 vel
2999 2915 3216 2994 pedem
3247 2913 3361 2976 ali-

1800 3013 2033 3082 ment0,
2079 3011 2142 3066 et
2171 3006 2411 3067 influxu
2449 3007 2713 3068 aliorum
2757 3007 3200 3083 membrorum,
3233 3025 3362 3068 non

1798 3099 1877 3160 ob
1907 3099 1968 3160 id
2027 3117 2166 3178 pars
2216 3119 2288 3160 ea
2320 3100 2667 3161 membrum
2723 3119 2847 3162 non
2901 3107 3075 3161 esset.
3130 3101 3360 3162 Deinde

1794 3193 1942 3270 quia
1987 3191 2138 3253 alias
2195 3193 2372 3253 facile
2420 3198 2481 3253 ct
2531 3199 2976 3274 consequenter
3019 3195 3361 3255 diceremus

1794 3285 2162 3366 Episcopum
2207 3287 2814 3347 excommunicatum
2859 3305 2984 3348 non
3028 3305 3158 3348 esse
3188 3287 3360 3366 Epis-

1794 3397 2039 3458 copum,
2074 3397 2146 3440 eo
2183 3380 2348 3459 qnod
2375 3379 2508 3458 jam
2545 3380 2898 3440 membrum
2931 3380 3207 3440 Ecclesiae
3234 3398 3360 3440 non

1793 3479 1976 3550 esset,
2019 3475 2186 3553 quod
2229 3480 2321 3534 est
2372 3475 2737 3536 absurdum.
2782 3475 3196 3536 confirmatur
3223 3482 3362 3536 tan·

1793 3566 1934 3627 dem
1987 3585 2065 3627 ex
2116 3567 2484 3646 Augustino,
2531 3567 2692 3628 libro
2728 3575 2942 3630 contra
2992 3570 3356 3644 Donatistas,

1792 3669 1927 3741 post
1950 3658 2367 3736 collationem,
2391 3679 2523 3739 cap.
2546 3663 2655 3722 90:
2673 3661 2752 3726 N
2747 3679 2822 3721 on
2841 3679 3190 3744 separamus
3211 3681 3249 3724 a
3257 3678 3359 3741 po-

1784 3753 1933 3835 palo
1956 3755 2093 3829 Dei,
2121 3772 2266 3836 quos
2287 3756 2665 3835 degradando
2687 3756 2781 3816 rel
2801 3755 3357 3819 excommwnIcando

1785 3849 2095 3927 punimus.

1879 3941 1977 4001 ⁴5.
2019 3938 2123 4002 Aa
2139 3939 2524 4021 probationes
2546 3941 2616 4003 in
2642 3959 2706 4000 a.
2735 3941 2812 4001 13
2841 3941 3038 4022 quoad
3065 3941 3358 4004 schisma-

1792 4032 1966 4095 tv'oos.
2011 4065 2096 4078 —-
2123 4035 2332 4114 Neque
2365 4051 2512 4094 vero
2537 4033 2712 4128 pitati
2741 4035 2952 4094 Patres
2993 4041 3209 4095 contra
3245 4051 3358 4094 nos

1790 4125 2090 4186 sentiunt.
2127 4127 2430 4199 Primum,
2464 4125 2610 4205 quia
2638 4143 2798 4206 saepe
2819 4144 2944 4187 non
2966 4127 3359 4206 distinguunt

1789 4218 2144 4280 haereticum
2180 4237 2217 4281 a
2255 4219 2680 4280 schismatico:
2721 4220 2888 4280 unde
2919 4220 3354 4298 Hieronymus,

1788 4310 1853 4372 in
1878 4313 2054 4390 epist.
2096 4313 2172 4372 ad
2200 4314 2408 4373 Titum
2440 4313 2500 4386 3,
2533 4313 2622 4373 ita
2651 4313 2884 4391 inquit:
2913 4312 3202 4377 Schisma
3225 4332 3358 4376 cre-

1784 4406 1958 4468 ditur
1998 4423 2281 4487 separare
2319 4406 2391 4468 ab
2429 4405 2708 4469 Ecclesia
2732 4411 2986 4488 propter
3017 4407 3359 4489 Episcopa-

1782 4498 1897 4559 lem
1932 4500 2381 4571 dissensionem,
2413 4500 2570 4579 qaod
2595 4499 2662 4560 in
2693 4501 3002 4582 principio
3039 4501 3249 4581 aliqua
3285 4519 3358 4562 ea·

1775 4597 1958 4673 parte
1977 4592 2241 4674 iv-telliqz’
2251 4597 2470 4674 potest,
2492 4593 2795 4654 diversum
2820 4593 2891 4655 ab
2913 4595 3147 4656 koeresi.
3171 4594 3356 4656 θανέε-

1784 4703 1923 4746 ram
1946 4685 2184 4746 nullum
2202 4686 2464 4748 schisma
2485 4703 2604 4746 noa
2625 4684 2746 4746 sibi
2771 4683 3032 4766 aliquam
3064 4687 3356 4770 confingit

1788 4778 2088 4852 laceo-esim,
2125 4782 2197 4839 ut
2224 4781 2380 4840 recte
2423 4778 2494 4840 ab
2539 4776 2824 4840 Ecclesia
2863 4777 3204 4840 discessisse
3253 4779 3353 4842 vi-

1786 4871 2023 4932 deatur.
2057 4869 2360 4944 SecundO,
2395 4870 2687 4930 dicuntur
2717 4869 3033 4930 interdum
3059 4871 3355 4933 schisma-

1786 4963 1916 5036 tici,
1950 4962 2041 5023 illi
2069 4962 2176 5041 qui
2206 4963 2437 5022 directe
2465 4967 2677 5023 errant
2699 4963 2858 5023 iniis
2879 4981 3014 5042 quae
3039 4963 3118 5026 ad
3149 4964 3357 5025 unita·

1787 5061 1911 5116 tem
1946 5055 2227 5115 Ecclesiae
2257 5073 2370 5134 per
2391 5071 2456 5115 se
2497 5060 2812 5134 spectant3
2872 5063 2943 5116 ut
2969 5057 3162 5118 Graeci
3215 5073 3354 5135 pro·

1788 5148 1919 5227 prie
1941 5147 2234 5207 dicuntur
2261 5147 2657 5224 schismatici,
2709 5147 2996 5227 quamvis
3041 5165 3253 5209 revera
3286 5148 3353 5209 in

1788 5259 1859 5303 eo
1886 5241 2019 5320 ipso
2059 5241 2182 5300 sint
2229 5241 2530 5316 haeretici,
2575 5247 2871 5320 negantes
2913 5241 3214 5302 unitatem
3251 5259 3354 5300 ra-

1788 5333 1954 5412 pitis.
1997 5333 2272 5394 Tandem
2291 5333 2776 5413 ,chrysostomus
2805 5339 2867 5393 et
2894 5332 3004 5393 alii
3031 5335 3233 5394 Patres
3261 5333 3354 5392 lo-

1789 5432 2070 5504 quuntur
2123 5426 2329 5505 potius
2355 5427 2434 5486 dc
2464 5426 2682 5505 quavis
2719 5425 3112 5487 contentione
3139 5431 3203 5485 et
3229 5425 3350 5486 dis·

1788 5518 2074 5578 sensione
2124 5517 2406 5579 Ecclesiae
2433 5527 2496 5578 et
2544 5519 2993 5599 episcoporum,
3025 5517 3124 5578 vel
3151 5517 3351 5578 Chris-

1789 5609 2106 5672 tianorum
2137 5610 2298 5672 inter
2322 5629 2410 5687 sc,
2441 5628 2628 5692 quam
2651 5611 2728 5672 de
2756 5610 3004 5691 proprio
3025 5609 3354 5672 schismate
