3900 6217
1561 419 1750 475 tubex
1783 419 2013 473 RERUM.

843 535 1085 575 Punucmt
1094 561 1103 571 .

203 639 253 685 1.
289 631 584 692 publicum,
608 630 696 684 vel
726 630 994 686 occultum
1023 630 1399 696 quotupliciter
1435 630 1644 684 dicatur
1665 629 1763 682 de-

261 709 468 768 lictum,
493 713 640 760 tract.
677 711 722 764 3.
755 705 896 774 disp.
925 712 975 766 8,
999 713 1128 760 sect.
1155 713 1200 768 5,
1224 721 1277 759 ιι.
1307 712 1352 758 1.

191 788 244 836 2.
269 783 544 838 publicum
575 782 846 846 delictum,
865 782 986 837 vide
1014 797 1284 836 conare-rto
1304 795 1574 842 ramum,
1597 795 1648 834 n.
1677 783 1757 832 84.

927 938 1014 1012 Β.

892 1119 1038 1157 {tuto
1045 1145 1055 1156 .

208 1213 258 1261 1.
291 1208 568 1261 Rationem
601 1207 896 1260 naturalem
921 1219 1039 1259 esse
1077 1205 1484 1259 fundamentum
1516 1204 1636 1257 fidei
1672 1203 1759 1258 di-

263 1285 418 1344 vinae,
450 1297 602 1337 error
626 1283 1014 1346 haereticorum,
1041 1289 1188 1335 tract.
1218 1287 1266 1344 1,
1297 1282 1434 1347 disp.
1475 1287 1522 1342 3,
1555 1286 1686 1334 secl.
1708 1284 1756 1342 1,

267 1373 321 1412 n.
356 1366 412 1420 1;
447 1359 721 1420 refellitur,
754 1357 901 1420 ibid„
923 1370 955 1408 a
978 1371 1030 1410 n.
1059 1363 1089 1409 3

193 1439 250 1486 2.
273 1434 548 1486 Rationem
579 1434 654 1486 rei
681 1433 896 1487 creditae
918 1434 1115 1498 requiri
1137 1433 1203 1485 ad
1237 1433 1416 1496 fldem,
1441 1431 1755 1500 quadrupli-

266 1509 397 1562 citer
415 1509 636 1578 intelligi
659 1515 849 1576 potest,
887 1503 1037 1572 ibid..
1075 1525 1126 1563 n.
1155 1516 1204 1562 9.

792 1629 981 1667 itt-:euml
1010 1629 1159 1666 FIDE!-

202 1713 253 1762 1.
294 1708 492 1776 Regula
527 1707 705 1776 aliqua
731 1709 1022 1763 infallibilis
1045 1710 1166 1762 fidei
1201 1710 1254 1762 in
1281 1711 1514 1763 Ecclesia
1532 1707 1757 1762 omnino

265 1786 566 1838 necessaria
599 1792 697 1844 est,
729 1792 878 1838 tract.
913 1791 963 1845 1,
995 1787 1134 1850 disp.
1167 1791 1212 1848 5,
1241 1793 1370 1838 sect.
1402 1791 1450 1846 8,
1481 1797 1585 1837 an.
1611 1790 1658 1836 2.

193 1865 248 1912 2.
285 1861 496 1928 Regulae
522 1861 643 1913 tidei
681 1861 732 1912 in
763 1875 872 1927 quo
905 1860 1154 1914 differant
1175 1876 1206 1914 a
1241 1862 1372 1914 locis
1395 1861 1753 1928 Theologicis,

262 1936 412 1999 ibid,
441 1949 474 1988 a
499 1951 550 1988 n.
579 1944 624 1989 5.

263 2015 576 2066 consensus
601 2015 812 2066 l‘atrum
849 2020 902 2065 et
925 2015 1226 2072 Doctorum,
1251 2024 1346 2078 per
1373 2025 1432 2065 se
1465 2011 1750 2078 loquendo,

261 2101 372 2141 non
398 2095 478 2141 est
512 2089 694 2154 regula
712 2087 852 2148 fidei,
881 2089 1035 2151 ibid„
1062 2097 1115 2141 et
1143 2098 1269 2141 sect.
1301 2094 1349 2149 3,
1387 2101 1439 2140 ιι.
1467 2091 1543 2139 13.

194 2169 246 2214 2.
284 2164 602 2230 Regularum
645 2163 766 2215 fidei
819 2177 1072 2217 numerus
1101 2162 1231 2229 quid
1268 2163 1336 2216 sit
1383 2171 1435 2215 et
1481 2163 1753 2228 quomodo

265 2240 561 2306 colligatur,
585 2241 770 2292 cadem
795 2249 926 2298 sert,
959 2247 1008 2302 2,
1033 2253 1086 2291 n.
1112 2245 1156 2290 5.

201 2321 248 2367 4.
287 2317 556 2381 Scriptura
597 2330 665 2368 an
707 2321 760 2370 et
801 2318 1075 2383 quomodo
1111 2317 1181 2368 sit
1217 2316 1398 2384 regula
1435 2316 1590 2378 fidei,
1635 2315 1756 2369 vide

267 2406 552 2446 scatet-uu.

262 2473 338 2520 Αιι
371 2470 530 2521 etiam
557 2469 790 2531 traditi0,
817 2469 938 2522 vide
963 2483 1207 2530 nmmo,

195 2553 242 2598 5.
277 2548 332 2597 lu
371 2547 604 2599 Ecclesia
634 2559 751 2598 esse
785 2547 1091 2597 sensibilem
1123 2554 1172 2597 et
1207 2545 1493 2597 animatam
1518 2545 1756 2612 regulam

261 2634 382 2688 quae
405 2634 490 2673 res
520 2621 640 2673 tidei
670 2622 1018 2674 infallibiliter
1049 2629 1331 2686 proponat,
1359 2623 1474 2686 ipsa
1506 2621 1638 2674 fides
1667 2621 1760 2672 do-

259 2705 360 2758 cet,
387 2703 535 2750 tract.
561 2701 608 2757 1,
645 2697 784 2762 disp.
815 2703 862 2750 5.
899 2705 1027 2750 sect.
1067 2704 1112 2758 5,
1138 2709 1190 2748 ιι.
1221 2702 1251 2747 8
1275 2713 1287 2749 ;
1315 2698 1570 2762 probatur
1600 2697 1761 2748 etiam

263 2775 489 2834 ratione,
516 2788 548 2826 a
573 2786 626 2825 n.
663 2779 709 2824 3.

195 2857 244 2902 6.
285 2851 416 2902 Tota
437 2851 676 2902 Ecclesia
707 2849 866 2902 simul
885 2857 1099 2915 sumpta
1127 2857 1204 2902 est
1239 2847 1530 2901 infallibilis
1561 2849 1613 2900 in
1641 2861 1760 2900 crc-

263 2925 459 2986 dendo,
487 2938 595 2977 non
619 2931 794 2979 autem
819 2925 1089 2978 sufficiens
1113 2924 1232 2978 fldei
1259 2924 1440 2990 regula
1474 2923 1526 2976 iu
1557 2924 1762 2976 docen-

261 3001 351 3062 do,
376 3000 514 3066 disp.
542 3007 587 3064 5,
619 3009 748 3052 sect.
779 3006 828 3056 6.
853 3012 907 3053 n.
933 3006 982 3052 9.

201 3081 248 3126 7.
287 3077 577 3130 Concilium
608 3079 857 3144 generale
877 3089 946 3129 an
973 3084 1024 3129 et
1051 3075 1324 3141 quomodo
1365 3075 1432 3128 sit
1465 3075 1758 3129 infallibilis

262 3153 443 3219 regula
473 3152 613 3222 ῇάεἱ,
648 3153 772 3205 vide
791 3167 1078 3212 concinuit,
1103 3165 1136 3204 a
1171 3166 1222 3202 n.
1249 3156 1328 3203 19.

263 3232 342 3279 An
371 3228 622 3280 Summus
649 3229 900 3288 Pontifex,
924 3227 1046 3280 vide
1077 3242 1216 3291 ram,
1241 3241 1293 3278 n.
1316 3233 1393 3280 38.

849 3345 1104 3383 nemesus.

198 3431 243 3476 1.
282 3425 490 3493 Relapsi
519 3428 770 3488 baeretici,
798 3427 1002 3482 etiamsi
1026 3441 1152 3482 vere
1178 3427 1496 3494 poenitentes
1519 3440 1640 3481 sese
1661 3441 1756 3480 os-

263 3502 498 3565 tendant,
527 3517 686 3568 poena
715 3506 902 3557 mortis
935 3504 1218 3565 afficiendi,
1245 3511 1392 3557 tract.
1420 3508 1468 3555 1.
1511 3503 1648 3570 disp.
1672 3508 1753 3566 23,

263 3585 392 3630 sect.
411 3583 460 3640 Ξ,
479 3593 534 3631 ιι.
562 3583 589 3629 7
611 3595 626 3642 ;
653 3593 722 3632 an
743 3580 846 3632 vivi
878 3580 1248 3644 comburendi,
1276 3579 1402 3632 ibid.

197 3657 245 3705 3.
284 3654 541 3718 Relapsus
571 3668 638 3707 an
676 3655 720 3706 is
753 3655 822 3707 sit
856 3655 944 3720 qui
981 3669 1174 3709 novant
1205 3656 1454 3708 haeresim
1477 3653 1563 3715 ab,
1602 3654 1758 3720 abju-

262 3736 376 3782 rata
397 3729 686 3791 commisit,
723 3729 872 3788 ibid..
908 3745 958 3782 n.
985 3737 1034 3782 8.

195 3810 244 3856 3.
281 3805 520 3870 Relapsis
549 3819 672 3859 vere
696 3806 1078 3873 poenitentibus
1101 3817 1210 3858 uon
1233 3803 1550 3871 deneganda
1578 3819 1761 3860 sacra-

261 3887 441 3934 menta
469 3881 794 3934 Poenitentiae
827 3890 878 3934 et
903 3881 1260 3942 Eucharistiae,
1298 3895 1351 3932 n.
1383 3885 1460 3934 12.

199 3961 246 4008 4.
283 3956 359 4008 Ad
384 3955 650 4020 relapsum
676 3970 784 4011 non
815 3957 1008 4010 sufficit
1031 3957 1338 4022 praecesisse
1373 3955 1759 4021 abjurationem

261 4033 329 4085 de
349 4033 691 4085 veliementer
731 4042 979 4099 suspecto
1013 4041 1066 4086 ct
1105 4032 1260 4086 aliam
1292 4032 1522 4086 similem
1567 4032 1764 4084 subse-

263 4107 352 4170 qui
387 4107 767 4173 suspicionem,
793 4116 944 4161 tract.
980 4114 1027 4166 1.
1059 4108 1198 4173 disp.
1233 4109 1311 4166 24,
1339 4115 1468 4160 sect.
1490 4112 1538 4170 2,
1566 4121 1619 4160 n.
1648 4112 1693 4160 7.

194 4189 242 4234 5.
271 4182 528 4247 Relapsus
556 4195 661 4236 uon
698 4191 948 4236 censetur
983 4184 1072 4249 qui
1105 4192 1227 4249 post
1256 4184 1554 4248 abjuratam
1587 4183 1760 4236 baere-

259 4259 358 4310 sim
379 4259 516 4312 favet
537 4259 687 4312 alteri
708 4260 980 4320 damnato,
995 4259 1342 4313 vehementer
1356 4265 1620 4324 suspect0,
1636 4259 1754 4312 eod.

259 4347 312 4386 n.
346 4338 391 4385 7.

261 4412 341 4461 Αιι
371 4410 556 4463 saltem
581 4412 670 4476 qui
700 4415 818 4476 post
856 4408 1149 4474 abjuratam
1185 4411 1448 4474 baeresim,
1479 4410 1754 4464 sufficien-

259 4491 342 4537 ter
371 4486 667 4551 probatam.
687 4486 868 4540 denuo
889 4489 958 4538 sit
977 4485 1323 4540 vehementer
1356 4494 1653 4553 suspectus,
1679 4485 1750 4538 ib.

705 4576 922 4648 tiammo,
945 4603 1243 4640 asarotosus.

195 4687 240 4735 1.
278 4685 334 4735 ln
380 4685 695 4750 religionum
755 4685 1142 4752 approbatione
1193 4699 1262 4738 an
1309 4687 1476 4751 possit
1523 4685 1758 4740 Pontifex

253 4773 455 4817 errare.
488 4769 635 4814 tract.
670 4767 716 4814 1.
741 4763 879 4827 disp.
914 4771 960 4820 5,
992 4769 1120 4814 sect.
1146 4767 1192 4824 8,
1231 4777 1282 4813 n.
1305 4767 1352 4813 9.

191 4839 240 4885 8.
277 4835 527 4900 Religiosi
564 4848 630 4888 an
673 4843 725 4888 et
771 4838 1044 4902 quomodo
1081 4837 1289 4902 possint
1317 4839 1492 4890 facere
1521 4837 1758 4890 eleemo-

255 4923 439 4975 synas,
469 4919 616 4964 tract.
653 4915 702 4972 3,
725 4911 860 4977 disp.
894 4918 939 4973 7,
969 4918 1098 4964 sect.
1131 4917 1179 4970 2.
1209 4925 1262 4963 n.
1300 4917 1346 4964 3.

189 4990 236 5036 3.
275 4987 466 5038 Contra
505 4987 810 5054 religiosum
861 4987 1166 5040 haereticum
1218 4994 1391 5053 potest
1447 4987 1754 5040 immediate

255 5063 545 5126 procedere
573 5064 886 5128 lnquisitor,
927 5069 1075 5116 tract.
1120 5067 1178 5125 1,
1223 5062 1363 5128 disp.
1405 5067 1493 5124 31,
1530 5069 1658 5114 sect.
1691 5067 1749 5124 8,

254 5149 307 5188 ιι.
331 5141 412 5189 27.

827 5215 1112 5254 amomi-to.

187 5287 458 5341 Resolutio
489 5287 631 5350 fidei,
658 5289 780 5343 vide
797 5305 926 5342 riom
951 5301 1192 5342 omasi-mn
1213 5303 1456 5350 maulim,
1494 5293 1548 5342 et
1583 5287 1750 5343 verbo

257 5377 516 5426 metzam,
544 5378 596 5416 ιι.
622 5368 701 5416 att.

831 5441 1119 5480 navam-rto.

187 5521 234 5566 1.
271 5515 539 5568 Revelatio
571 5515 788 5584 propria
830 5516 978 5586 quid,
1013 5521 1164 5572 tract.
1197 5518 1244 5577 1,
1275 5514 1412 5586 disp.
1445 5520 1496 5577 3,
1533 5521 1665 5574 secl,
1700 5522 1746 5577 3,

251 5606 304 5649 n.
330 5595 375 5649 7,

3284 409 3402 476 795

1911 520 1993 572 Ab
2017 518 2270 572 instinctu
2292 517 2476 572 divino
2500 515 2694 574 differt.
2715 517 2932 570 ibidem.

1843 599 1894 646 2.
1931 595 2324 648 Revelationem
2356 605 2475 646 esse
2500 593 2773 659 quidpiam
2796 595 2903 646 Deo
2928 590 3185 644 revelanti
3212 592 3406 646 intrin-

1907 685 2091 726 secum
2124 685 2403 738 perperam
2438 671 2683 725 nonnulli
2714 671 3028 732 docuerunt,
3050 670 3237 724 eadem
3262 671 3403 737 disp.

1907 751 1958 810 3,
1988 754 2117 800 sect.
2144 751 2190 810 2,
2216 761 2270 800 ιι.
2293 755 2337 800 5.

1844 831 1890 878 3.
1929 823 2069 876 Deus
2106 830 2163 876 ut
2197 823 2439 876 revelans
2463 829 2544 876 cst
2575 822 2841 890 objectum
2872 822 3095 876 formale
3124 821 3275 886 fidei,
3309 820 3401 886 ib.,

1903 915 1956 954 n.
1982 907 2029 952 3.

1841 979 1887 1029 4.
1926 975 2197 1030 Revelatio
2231 977 2439 1041 privata
2479 973 2804 1028 sufficienter
2836 974 3139 1040 proposita,
3170 974 3227 1026 in
3267 985 3404 1038 qna-

1903 1065 2135 1118 cumque
2181 1052 2403 1106 materia
2446 1059 2723 1114 versetur,
2766 1051 2959 1105 sufficit
3012 1051 3079 1102 ad
3122 1063 3403 1103 assensum

1903 1130 2143 1196 ejusdem
2168 1128 2361 1194 speciei
2388 1135 2439 1180 et
2463 1128 2695 1189 habitus,
2730 1140 2853 1182 cum
2888 1127 3008 1179 aliis
3028 1126 3147 1180 fidei
3171 1127 3405 1180 assensi—

1903 1205 2023 1268 bus,
2054 1211 2201 1260 tract.
2234 1210 2283 1264 1,
2308 1205 2445 1270 disp.
2470 1211 2517 1269 3,
2554 1209 2787 1265 sect.10,
2816 1217 2870 1256 ιι.
2901 1209 2950 1257 5.

1899 1283 2015 1334 Non
2045 1288 2221 1334 tamen
2240 1281 2342 1334 erit
2372 1281 2457 1333 ille
2487 1293 2741 1333 assensus
2770 1279 2979 1334 elicitus
3020 1292 3051 1332 a
3082 1277 3206 1342 ilde,
3244 1283 3405 1346 prout

1903 1355 2197 1409 formaliter
2224 1356 2485 1409 catholica
2514 1363 2612 1416 est,
2640 1368 2696 1407 n.
2718 1359 2767 1407 ⁶.

1840 1438 1887 1484 5.
1925 1431 2321 1485 Revelationem
2354 1432 2610 1496 privatam
2642 1431 2923 1498 recipiens,
2948 1435 3158 1484 tenetur
3184 1429 3403 1484 credere

1900 1521 2021 1576 quae
2051 1508 2369 1568 revelantur,
2393 1509 2484 1570 ib..
2514 1522 2568 1560 ιι.
2590 1512 2635 1560 7.

1901 1585 2015 1639 Non
2036 1585 2115 1637 sic
2142 1585 2229 1637 alii
2265 1584 2536 1638 ordinarie
2559 1585 2847 1651 loquendo,
2874 1584 2945 1636 ib.

1901 1661 2131 1713 Possunt
2158 1667 2337 1712 tamen
2363 1660 2451 1711 alii
2488 1659 2781 1726 aliquando
2807 1659 3053 1725 obligari,
3078 1656 3123 1710 si
3148 1658 3403 1713 revelatio

1901 1738 2109 1805 privata
2126 1739 2204 1790 cis
2224 1737 2551 1790 sufficienter
2580 1743 2927 1802 proponatur,
2952 1737 3023 1788 ib.
3164 1791 3169 1796 ,

1837 1819 1884 1866 e.
1921 1811 2287 1867 Revelationes
2319 1813 2536 1876 privatae
2560 1812 2833 1877 quomodo
2864 1809 3155 1876 probandae
3188 1818 3241 1864 et
3276 1821 3405 1862 exa-

1899 1891 2187 1948 minandae.
2213 1891 2401 1944 eodem
2428 1904 2479 1943 n.
2508 1896 2551 1944 7.

1837 1971 1883 2018 7.
1920 1967 2189 2019 Revelatio
2235 1967 2475 2020 virtualis
2512 1966 2661 2032 quid,
2709 1974 2761 2018 et
2809 1966 3079 2031 quomodo
3122 1963 3333 2018 differat
3371 1978 3404 2018 a

1900 2041 2141 2095 confusa.
2170 2049 2301 2094 tract
2346 2046 2391 2094 1.
2418 2041 2554 2109 disp.
2588 2047 2782 2104 8‚sect.
2811 2045 2891 2102 11,
2914 2055 2967 2094 ιι.
3002 2047 3047 2094 5.

1839 2121 1885 2168 8.
1921 2117 2189 2170 Revelatio
2220 2116 2458 2170 formalis
2502 2115 2723 2170 confuse
2765 2117 3047 2170 continens
3080 2117 3275 2169 multas
3308 2129 3406 2170 ve-

1900 2195 2117 2256 ritates,
2164 2193 2436 2258 quomodo
2483 2193 2711 2245 sufficiat
2758 2192 2827 2244 ad
2870 2193 3135 2258 objectum
3180 2193 3404 2245 formale

1899 2268 2019 2320 fidei
2041 2275 2093 2320 et
2113 2269 2179 2320 ad
2200 2269 2599 2322 assentiendum
2624 2269 2690 2321 de
2710 2269 2815 2322 fide
2833 2267 3239 2334 particularibus
3264 2269 3320 2320 in
3340 2281 3405 2321 ea

1899 2345 2184 2405 contentis,
2210 2345 2304 2404 ib..
2335 2360 2390 2397 n.
2412 2351 2460 2398 6.

1837 2426 1884 2473 9.
1921 2421 2210 2476 Revelatiot
2228 2427 2413 2474 autum
2440 2421 2679 2474 virtualis
2708 2434 2804 2474 seu
2824 2421 3056 2474 mediata
3078 2434 3187 2474 non
3208 2421 3406 2476 sufficit

1902 2495 1970 2548 ad
1996 2497 2264 2560 objectum
2288 2497 2513 2550 formale
2536 2495 2677 2552 fidei.
2707 2509 2739 2548 a
2758 2511 2809 2549 n.
2838 2501 2885 2548 9.

1902 2572 2007 2623 Nec
2050 2584 2303 2624 assensus
2338 2572 2391 2623 in
2427 2572 2513 2624 illa
2560 2571 2810 2624 fundatus
2844 2585 2965 2623 cum
2998 2572 3271 2637 juvamine
3302 2573 3404 2624 ali-

1903 2648 2056 2712 cujus
2086 2647 2339 2714 principii
2370 2647 2680 2700 naturaliter
2709 2647 2988 2705 evidentis,
3016 2654 3095 2699 est
3120 2648 3407 2713 perfectior

1904 2736 2063 2788 quam
2096 2723 2443 2788 theologicuS,
2476 2723 2663 2776 eodem
2690 2737 2744 2774 n.
2778 2728 2804 2771 7
2834 2731 2883 2775 et
2912 2723 3276 2788 sequentibus.

1843 2802 1922 2850 1ο.
1955 2799 2233 2851 Revelasse
2271 2800 2435 2850 Deum
2465 2800 2715 2866 mysteria
2749 2797 2869 2851 fidei
2916 2799 3033 2863 ipsa
3072 2799 3177 2850 fide
3216 2799 3402 2852 divina

1905 2874 2154 2938 creditur,
2187 2879 2335 2926 tract.
2363 2878 2409 2932 1,
2435 2874 2571 2939 disp.
2602 2880 2648 2935 3,
2678 2882 2805 2928 sect.
2838 2879 2916 2934 18,
2959 2888 3010 2926 ιι.
3039 2878 3086 2924 8.

1903 2951 2020 3004 lmo
2044 2951 2161 3004 liaec
2194 2950 2446 3003 revelatio
2472 2952 2526 3003 in
2549 2963 2889 3016 quocumque
2914 2956 3032 3002 actu
3056 2949 3180 3003 fidei
3206 2949 3403 3002 intrin-

1903 3039 2026 3080 sece
2057 3033 2109 3079 et
2134 3038 2229 3091 per
2249 3039 2309 3078 se
2334 3026 2509 3092 primo
2533 3026 2783 3086 creditur,
2808 3025 2901 3084 ib..
2930 3039 2982 3077 ιι.
3010 3031 3057 3077 9.

1842 3104 1920 3152 11.
1958 3100 2222 3154 Revelatio
2248 3101 2427 3153 divina
2448 3107 2530 3153 est
2551 3101 2815 3164 obiectum
2845 3101 3068 3154 formale
3088 3101 3229 3165 fidei,
3249 3107 3407 3168 prout

1905 3177 2125 3234 credita.
2159 3176 2264 3229 fide
2292 3179 2465 3230 solum
2503 3177 2692 3232 infusa.
2724 3176 2998 3238 tb.,n.1o.

1841 3257 1920 3305 19.
1958 3253 2225 3305 Rev-elatio
2249 3253 2302 3304 in
2334 3265 2390 3306 re
2425 3252 2573 3313 falsa,
2596 3253 2891 3305 existimata
2922 3257 3097 3306 lamen
3119 3263 3264 3310 vera.
3292 3265 3400 3306 non

1903 3328 2099 3383 suflicit
2133 3328 2196 3381 ad
2228 3329 2387 3382 tidem
2418 3327 2671 3394 divinam,
2700 3335 2847 3382 tract.
2867 3329 3069 3394 1,disp.
3097 3333 3143 3390 8,
3166 3337 3293 3380 sect.
3322 3333 3401 3390 13,

1899 3417 1956 3456 n.
1982 3410 2027 3457 3.

1837 3485 1913 3533 13.
1949 3479 2201 3534 Revelare
2214 3480 2445 3545 cuipiam
2456 3480 2701 3534 absolute
2716 3479 3245 3547 2suireprobationem
3267 3481 3405 3534 Deus

1901 3568 2007 3608 non
2042 3561 2231 3622 potest.
2258 3563 2406 3609 tract.
2436 3561 2483 3616 9,
2512 3556 2649 3621 disp.
2674 3562 2721 3615 8,
2751 3565 2879 3609 sect.
2903 3562 2951 3612 8.
2978 3569 3031 3608 ιι.
3056 3562 3103 3607 6.

1902 3632 2079 3684 Potest
2115 3638 2291 3684 tamen
2320 3631 2386 3685 de
2418 3632 2653 3697 potentia
2682 3632 2943 3689 absoluta.
2982 3633 3052 3684 ib.

1841 3709 1918 3757 14.
1952 3706 2196 3759 Revelata
2218 3706 2593 3771 reprobatione
2619 3719 2725 3759 non
2753 3715 3023 3760 teneretur
3046 3709 3166 3774 quis
3185 3721 3405 3775 sperare

1903 3780 2303 3843 beatitudinem,
2334 3783 2442 3834 imo
2467 3795 2565 3834 nec
2596 3789 2793 3846 posset,
2822 3783 2917 3842 ib..
2948 3797 3001 3834 n.
3028 3788 3054 3831 7
3085 3791 3137 3834 et
3166 3789 3211 3836 3.

1905 3859 2086 3910 Posset
2110 3867 2284 3910 tamen
2314 3871 2534 3922 sperare
2563 3857 2756 3910 auxilia
2791 3855 3091 3911 n’ecessaria
3127 3859 3193 3911 ad
3228 3859 3407 3924 aliqua

1903 3933 2047 3988 bona
2068 3945 2249 3999 opera.
2282 3942 2334 3987 et
2353 3935 2417 3986 ad
2442 3935 2659 3987 vitanda
2690 3935 2901 4000 singula
2924 3943 3153 4000 peccata,
3178 3950 3231 3988 n.
3262 3941 3306 3987 8.

1903 4011 2018 4061 Non
2049 4015 2223 4061 autem
2258 4011 2481 4074 positive
2504 4018 2558 4064 et
2592 4010 2807 4075 proprie
2832 4009 3119 4076 desperare
3148 4011 3217 4065 de
3239 4013 3404 4064 mise-

1904 4085 2089 4139 cordia
2116 4086 2223 4147 Dei,
2248 4085 2320 4136 ib.

1842 4167 1918 4214 15,
1957 4161 2323 4214 Revelationes
2350 4159 2499 4213 factae
2522 4159 2816 4226 prophetis,
2842 4161 3027 4226 quales
3050 4161 3261 4226 fuerint,
3280 4163 3407 4216 vide

1904 4251 2192 4290 νιιοινιιιιτιᾼ.

2341 4313 2453 4356 anx.
2490 4297 2613 4351 vide
2650 4311 2903 4351 euinctus.

2546 4388 2701 4426 turus.

1837 4469 1882 4516 1.
1921 4463 2067 4515 Ritus
2084 4461 2377 4514 infidelium
2400 4461 2591 4516 rationi
2614 4461 2837 4514 naturali
2856 4463 3129 4523 contrarii,
3150 4476 3261 4517 non
3278 4469 3409 4518 sunt

1897 4537 2256 4604 permittendi,
2279 4543 2429 4591 tract.
2457 4543 2502 4598 1,
2528 4538 2666 4602 disp.
2702 4541 2779 4600 18,
2802 4544 2931 4591 sect.
2970 4543 3015 4600 4,
3044 4552 3096 4590 ιι.
3121 4545 3173 4592 9.

1895 4615 2028 4675 Quid
2054 4613 2121 4666 de
2136 4613 2323 4665 ritibus
2346 4613 2443 4665 soli
2468 4611 2592 4664 fidei
2620 4613 2923 4674 contrariis,
2942 4625 2997 4664 n.
3020 4618 3100 4666 1ο.

1840 4695 1887 4742 9.
1924 4691 2071 4743 Ritus
2092 4688 2314 4750 Judaici,
2348 4701 2444 4741 cur
2472 4689 2539 4740 ab
2568 4689 2801 4742 Ecclesia
2826 4695 2878 4742 et
2906 4689 3103 4754 quibus
3126 4689 3403 4743 limitatio-

1902 4766 2062 4818 nibus
2093 4765 2425 4830 permittatur
2464 4763 2695 4817 exerceri
2728 4764 2780 4815 in
2816 4771 2971 4817 terris
3016 4765 3276 4828 fidelium,
3300 4767 3356 4818 ib
3388 4805 3401 4826 ,

1903 4855 1958 4893 n.
1981 4846 2041 4893 10
2068 4849 2118 4892 et
2148 4845 2227 4891 11.

1838 4923 1883 4971 3.
1921 4918 2087 4978 Ritus,
2109 4916 2233 4970 vide
2250 4929 2433 4967 vus-ras

2212 5032 2436 5070 nonnus
2470 5031 2720 5082 rottrtrax,
2753 5018 2873 5072 vide
2894 5033 3031 5072 rau.

2598 5172 2649 5246 S

2486 5348 2747 5388 SAGBBDOS.

1831 5443 1878 5492 1.
1917 5437 2233 5490 Sacerdotes
2258 5436 2532 5502 simplices
2570 5445 2623 5490 et
2644 5437 2861 5503 parochi
2892 5435 2960 5490 ad
2982 5445 3235 5503 quantam
3270 5437 3392 5490 tidei

1895 5513 2138 5565 notitiam
2177 5517 2455 5568 teneantur
2487 5525 2549 5572 ex
2576 5521 2858 5588 praecepto,
2890 5520 3039 5572 tract.
3064 5517 3112 5572 1.
3148 5515 3287 5587 disp.
3314 5517 3393 5582 13,

1893 5597 2008 5648 sect
2042 5593 2090 5652 4,
2114 5599 2168 5641 n.
2194 5592 2242 5638 5.
