3900 6217
709 424 890 492 SECT.
927 427 1010 478 lv,
1047 427 1128 480 DE
1159 425 1628 481 unsmvulonss
1659 423 1852 478 umus
1883 425 2197 488 CENSURAE,
2232 426 2437 490 DEQUE
2468 426 2913 480 Ansotuuont..

213 530 374 602 tum,
414 523 576 604 quod
610 523 810 586 solum
857 543 972 604 pro
1019 526 1404 588 absolutione
1451 545 1488 588 a
1516 525 1779 606 peccatis

211 619 627 680 necessarium
649 623 764 680 est.
787 619 916 680 Imo
933 638 1050 682 nec
1063 620 1474 682 sacerdotium
1497 620 1574 680 ad
1595 635 1778 679 usum

209 710 378 772 illius
406 711 714 774 facultatis
759 713 1176 776 necessarium
1203 719 1296 774 est
1306 729 1328 790 3
1373 730 1520 774 nam
1545 713 1778 792 episco-

207 822 330 883 pus
369 803 684 880 diaconus,
728 804 901 866 verbi
947 806 1170 884 gratia,
1199 814 1264 866 et
1299 805 1580 868 nondum
1615 804 1778 864 ordi-

207 903 396 958 natus
446 896 748 974 sacerdos,
793 904 998 976 posset
1049 899 1364 962 absolvere
1389 899 1470 960 ab
1493 899 1610 960 hac
1635 915 1776 960 cen-

207 1006 378 1064 sura,
409 995 473 1051 et
497 990 810 1052 remittere
837 991 1154 1054 subditum
1199 992 1280 1054 ad
1318 991 1660 1072 quemlibet
1681 1009 1777 1052 sa-

206 1083 523 1146 cerdotem
553 1084 878 1164 proprium
901 1103 1014 1163 pro
1057 1085 1440 1148 absolutione
1485 1103 1526 1146 a
1569 1083 1774 1164 culpa,

205 1193 350 1254 quae
370 1176 504 1253 jam
531 1182 684 1238 tunc
709 1183 1022 1238 reservata
1049 1196 1176 1240 non
1209 1184 1392 1253 esset,
1413 1176 1622 1240 ablata
1639 1195 1782 1240 cen-

207 1285 382 1346 sura,
401 1269 583 1356 juxta
613 1269 776 1332 dicta
801 1271 868 1331 in
897 1271 1222 1351 principio.
1245 1273 1324 1334 Et
1347 1272 1482 1334 haec
1499 1277 1592 1332 est
1613 1288 1780 1334 com-

207 1364 424 1423 munis
467 1365 794 1438 sententia,
829 1370 902 1424 ut
949 1365 1014 1424 in
1067 1366 1272 1426 citatis
1311 1365 1459 1426 locis
1511 1365 1664 1440 dixi,
1718 1371 1782 1426 et

207 1455 387 1518 docet
416 1457 665 1532 Nam„
694 1475 864 1523 cons.
899 1462 972 1522 11
1001 1459 1080 1520 de
1111 1458 1349 1535 PriviL,
1369 1465 1581 1538 quoest.
1616 1461 1656 1520 2
1667 1473 1688 1534 3
1719 1464 1782 1520 et

205 1549 424 1624 Sanc„
455 1549 500 1610 1.
529 1550 570 1609 8
597 1550 676 1612 de
703 1552 882 1615 Matr.
893 1596 912 1626 ,
944 1551 1104 1630 disp.
1133 1553 1236 1626 34,
1269 1571 1335 1614 n.
1367 1553 1470 1625 29,
1502 1552 1782 1612 tandem·

206 1658 332 1719 que
363 1641 594 1704 fatetur
643 1643 886 1720 Garoia,
935 1643 1014 1706 de
1039 1645 1282 1720 Renes„
1325 1665 1389 1724 p.
1435 1649 1538 1720 11,
1583 1662 1638 1706 c.
1676 1645 1778 1720 10,

205 1753 387 1800 num.
423 1737 567 1812 138,
596 1737 740 1799 licet
757 1738 888 1816 ipae
915 1739 1299 1802 contrarium
1337 1744 1654 1819 sequatur.

289 1831 357 1890 6.
412 1830 546 1898 Sea
587 1837 852 1906 tantum,
903 1839 977 1895 ut
1003 1833 1228 1898 ablatio
1277 1834 1620 1898 modoet
1661 1849 1780 1914 pro

202 1926 340 2000 foro
367 1929 628 1989 mano.
643 1957 728 1972 -
754 1926 868 1986 Per
906 1925 1014 1986 illa
1060 1943 1208 2004 ergo
1234 1926 1421 1988 verba
1457 1925 1780 2004 restringi-

206 2019 316 2074 tur
346 2013 486 2076 hoec
515 2016 774 2078 tacultas
803 2017 1011 2097 quoad
1039 2017 1370 2094 effectum3
1401 2036 1547 2082 nam
1577 2018 1776 2080 solum

207 2105 436 2169 liberat
447 2112 856 2188 poenitentem
877 2127 1190 2175 00000010
1215 2111 1284 2172 in
1303 2111 1438 2174 foro
1467 2111 1780 2174 conscien-

207 2198 342 2273 tiae,
369 2199 740 2264 0101101111οι-
785 2221 824 2264 a
873 2220 1056 2282 poena
1079 2204 1144 2264 in
1195 2204 1332 2266 foro
1360 2204 1492 2278 Dei,
1536 2223 1666 2268 non
1693 2210 1784 2265 ta-

207 2309 362 2352 men
393 2292 462 2352 in
489 2293 623 2354 foro
645 2295 928 2374 judiciali
951 2302 1015 2358 et
1042 2297 1350 2360 Ecclesiae.
1395 2300 1550 2360 Nam
1583 2299 1638 2359 01
1673 2318 1783 2378 po—

206 2389 344 2446 stea
373 2385 529 2447 iuud
565 2387 859 2452 delictum
901 2390 978 2450 ad
999 2390 1310 2468 judicium
1337 2392 1780 2471 Inquisitorum

208 2477 450 2554 veniat,
502 2489 565 2540 et
597 2480 974 2546 sufficienter
1012 2483 1332 2562 probetur,
1366 2487 1592 2564 poterit
1639 2504 1781 2547 reus

205 2571 618 2637 condemnari
646 2577 844 2653 poenis
867 2576 1325 2654 haereticorum,
1373 2581 1566 2659 priori
1597 2579 1782 2641 abso·

207 2661 454 2726 lutione
483 2683 614 2728 non
660 2667 966 2732 obstante.
1009 2671 1188 2736 Unde
1235 2672 1436 2734 obiter
1481 2671 1782 2734 deciditur

209 2757 502 2835 quaestio,
533 2778 722 2839 quam
763 2762 1096 2826 scribentes
1127 2766 1204 2826 de
1237 2766 1435 2844 poenis
1471 2765 1786 2826 111010ιί00-

209 2867 360 2910 rum
391 2857 680 2928 tractant,
711 2872 794 2916 an
847 2874 1034 2936 poena
1081 2859 1366 2936 imposita
1391 2857 1460 2918 ‚in
1488 2857 1624 2918 foro
1657 2875 1785 2938 poe·

213 2943 500 3006 nitentiae
541 2943 831 3010 haeretieo
857 2949 1117 3026 occulto,
1167 2949 1248 3011 ab
1279 2969 1354 3014 eo
1387 2952 1496 3030 qui
1526 2950 1786 3012 faculta-

215 3041 346 3095 tem
371 3036 598 3100 hahuit
631 3037 988 3102 absolvendi
1009 3042 1186 3105 illum
1213 3043 1284 3104 in
1311 3044 1416 3104 illo
1452 3044 1610 3120 foro,
1634 3043 1786 3106 libe·

209 3133 310 3188 ret
335 3146 521 3192 reum
559 3149 596 3192 a
631 3149 814 3210 poena
855 3133 1249 3196 ecclesiastici
1293 3136 1512 3215 judicii
1539 3138 1606 3198 in
1649 3136 1786 3200 {oro

210 3225 500 3297 externe,
536 3222 590 3284 01
617 3229 828 3301 postea
867 3233 1188 3304 peccatum
1225 3230 1358 3308 ejus
1393 3229 1462 3289 in
1511 3229 1786 3304 illoeforo

209 3313 624 3378 denuntietur
667 3323 729 3378 et
767 3319 1080 3398 probetur.
1123 3322 1384 3395 Quidam
1423 3325 1592 3384 enim
1615 3324 1786 3384 dixe·-

209 3414 369 3466 runt
401 3406 762 3488 hujusmodi
785 3413 1142 3476 hmreticum
1169 3431 1298 3476 non
1339 3433 1514 3495 posse
1562 3416 1788 3478 iterum

211 3499 460 3577 puniri,
511 3502 660 3581 quia
702 3522 830 3566 non
877 3512 974 3568 est
1021 3507 1250 3586 duplex
1305 3525 1491 3588 poena
1539 3516 1790 3590 propter

214 3595 510 3660 eamdem
557 3596 802 3677 eulpam
853 3601 1240 3678 sustinenda,
1305 3621 1421 3665 nec
1457 3604 1788 3684 quisquam

213 3693 314 3748 est
367 3687 468 3748 bis
507 3689 586 3751 de
633 3692 848 3754 eodem
903 3694 1164 3758 crimine
1209 3697 1606 3774 judicandus.
1665 3698 1786 3760 Sed

215 3783 608 3846 contrarium
633 3793 870 3849 certum
895 3795 1010 3862 est,
1033 3795 1096 3849 et
1121 3792 1536 3854 communiter
1555 3809 1788 3871 appro-

215 3873 446 3936 batum
491 3895 634 3940 cum
679 3878 922 3956 61000οζ,
965 3881 1034 3942 111
1093 3899 1230 3962 cap.
1293 3882 1654 3960 mmm,
1711 3884 1790 3948 de

217 3967 488 4044 Divort„
518 3970 690 4032 verb.
717 3971 994 4046 Pom-it,-
1013 3982 1076 4036 et
1097 3975 1418 4038 referendo
1447 3977 1650 4056 plures
1665 3984 1790 4040 tra-

219 4060 390 4125 dunt
436 4063 666 4124 Anton.
722 4065 926 4143 Gom„
977 4067 1090 4130 lib.
1151 4070 1192 4130 3
1236 4071 1503 4146 variar„
1543 4089 1676 4151 cap.
1729 4077 1790 4148 1,

221 4171 408 4216 110111.
447 4157 566 4236 403
601 4163 663 4220 et
682 4159 912 4222 Penha.
941 4161 1010 4222 in
1034 4162 1288 4239 Direct„
1317 4165 1358 4224 2
1400 4169 1560 4243 part.
1568 4208 1589 4239 ‚
1629 4183 1794 4227 com·

223 4255 424 4310 ment.
471 4251 572 4328 25,
599 4251 638 4330 ἓ
677 4251 925 4318 Rursus
943 4254 1142 4320 altera
1167 4256 1456 4337 quoeeu‘oe
1487 4262 1552 4318 et
1581 4258 1788 4333 Sanc„

223 4341 380 4401 diet.
409 4342 550 4418 lib„
583 4363 634 4407 0.
687 4349 788 4422 12,
811 4365 988 4408 num.
1026 4349 1125 4410 27.
1156 4349 1236 4410 Et
1261 4348 1560 4428 probatur
1593 4351 1794 4429 primo

221 4452 308 4496 ex
325 4435 496 4498 dieta
513 4439 840 4517 particula,
863 4441 932 4504 in
953 4445 1087 4517 soro
1111 4443 1492 4508 oomeimioe
1517 4448 1756 4507 tantum
1765 4469 1793 4517 ;

221 4527 402 4608 quia,
436 4537 508 4592 ut
547 4532 702 4608 dixi,
731 4534 976 4596 nullum
999 4533 1196 4596 alium
1223 4553 1474 4598 sensum
1521 4536 1622 4597 vel
1647 4535 1795 4598 effe·

223 4629 400 4686 ctum
431 4627 748 4705 proprium
784 4626 1014 4692 habere
1059 4634 1282 4708 potest.
1313 4629 1618 4706 Secundo,
1651 4630 1798 4709 quia

229 4716 438 4780 forum
461 4719 782 4782 internum
809 4727 872 4783 et
897 4728 1228 4785 externum
1247 4729 1396 4784 cunt
1419 4724 1676 4786 diversae
1697 4741 1796 4785 ra·

231 4811 448 4888 tionis,
477 4821 540 4874 et
558 4814 1018 4891 jurisdictiones
1045 4816 1116 4878 in
1147 4816 1272 4878 illis
1307 4817 1497 4878 etiam
1537 4823 1684 4878 sunt
1703 4817 1796 4878 di-

229 4904 478 4966 stinctae
492 4919 514 4980 3
543 4924 692 4986 ergo
709 4915 882 4970 actua
903 4911 1092 4972 unius
1117 4927 1250 4972 non
1283 4910 1544 4990 impedit
1584 4917 1796 4972 actum

230 4995 510 5058 alterius.
544 4995 770 5074 Tertio,
799 5003 948 5082 quia
970 5021 1168 5082 poenoe
1203 5002 1522 5084 utriusque
1561 5003 1682 5064 fori
1717 5003 1796 5064 ad

229 5088 506 5150 diversos
564 5090 720 5156 flues
773 5095 1174 5174 ordinantur-3
1222 5113 1372 5158 nam
1433 5096 1800 5174 poenitentia

228 5181 358 5247 tori
409 5184 642 5248 interni
682 5187 762 5248 ad
803 5189 910 5250 Dei
959 5189 1444 5252 satisfactionem
1491 5195 1554 5250 et
1596 5190 1800 5268 priva-

231 5284 370 5340 tam
387 5279 834 5343 correctionem
855 5284 1212 5362 paenitentis
1230 5284 1344 5363 im1
1363 5284 1598 5359 onitur3
1618 5301 1802 5363 poena

236 5390 388 5436 vero
427 5374 650 5452 judicii
691 5377 932 5438 externi
967 5379 1047 5438 ad
1079 5377 1392 5457 publicem
1441 5377 1802 5439 satisfactio-

239 5485 386 5528 nem
414 5466 724 5544 Ecclesia,
759 5475 820 5530 et
846 5470 926 5531 ad
955 5469 1222 5532 aliorum
1253 5471 1702 5533 correctionem
1739 5475 1804 5532 et

241 5563 786 5641 praeoervationem
827 5563 1154 5626 ordinatur
1161 5581 1182 5643 3
1205 5573 1270 5628 el.
1311 5565 1476 5642 ideo,
1523 5583 1652 5626 non
1695 5563 1805 5625 ob-

1857 531 2059 586 stante
2085 526 2300 606 priori,
2333 526 2633 605 posterior
2682 526 2891 588 locum
2918 527 3126 604 habet,
3150 533 3225 588 ut
3252 533 3419 590 recte

1857 617 2175 680 declarant
2222 619 2555 698 Zanquin.‚
2603 621 2671 680 in
2714 627 2957 682 tractat.
3021 621 3099 682 de
3160 621 3415 697 Haeret.‚

1855 729 1910 772 0.
1938 713 2050 787 243
2099 719 2163 774 et
2200 713 2289 773 ibi
2328 713 2645 792 Campeg„
2701 715 2767 775 in
2812 714 3020 776 Addit.
3076 717 3152 776 Et
3204 715 3295 776 ita
3321 733 3419 777 re·

1856 821 2149 884 sponsum
2174 812 2263 868 est
2282 807 2513 866 motivo
2544 807 2869 868 contrariae
2886 809 3207 870 sententiae
3234 827 3249 884 ;
3280 827 3419 888 pro·

1855 897 2019 960 cedit
2042 900 2208 960 onim
2258 900 2327 960 in
2366 900 2617 978 judiciis
2660 907 2723 961 et
2777 902 2973 980 poenis
3014 903 3295 983 ejusdem
3324 921 3418 964 or-

1857 990 2041 1054 dinis.

1937 1088 1999 1148 7.
2042 1085 2233 1149 Posce
2272 1087 2615 1169 Epis-oopus
2666 1089 2821 1152 hanc
2870 1089 3231 1164 facultatem
3270 1091 3419 1153 aliis

1860 1181 2244 1256 committere,
2295 1182 2543 1260 quidam
2584 1181 2815 1244 volunt.
2828 1183 3161 1244 -Em-um
3198 1183 3421 1261 funda-

1857 1277 2144 1336 mutum.
2198 1307 2271 1320 --
2349 1274 2633 1340 Vicarius
2682 1274 3107 1354 multipliciter
3170 1277 3422 1341 institui

1859 1364 2040 1430 valet.
2066 1367 2448 1428 -Secunda
2506 1368 2805 1448 particula
2854 1367 2921 1428 in
2968 1367 3086 1428 hac
3131 1369 3421 1430 facultate

1862 1457 2225 1536 explicanda
2256 1463 2397 1524 est:
2440 1459 2563 1522 Eis
2607 1465 2869 1534 metum,
2912 1466 2971 1524 et
3016 1478 3137 1522 nou
3175 1463 3423 1524 illorum

1859 1551 2137 1614 vicariis.
2188 1553 2363 1612 Circa
2414 1569 2555 1630 quae
2581 1550 2761 1614 valde
2806 1553 3158 1616 dubitatum
3206 1567 3298 1615 est
3340 1572 3419 1617 an

1858 1644 2048 1721 possit
2093 1645 2423 1725 Episcopus
2456 1643 2619 1706 hanc
2658 1643 3015 1708 facultatem
3044 1646 3225 1707 alteri
3252 1663 3422 1708 eom-

1861 1737 2131 1812 mittere,
2184 1753 2293 1798 seu
2349 1737 2655 1815 delegare.
2707 1740 2777 1799 In
2819 1756 2947 1818 quo
2990 1738 3180 1801 dubio
3238 1739 3423 1801 multi

1859 1846 2079 1906 graves
2098 1835 2375 1892 auctores
2424 1830 2737 1892 affirmant
2776 1848 2918 1892 cum
2966 1832 3187 1895 Navar.
3201 1877 3217 1906 ,
3250 1850 3418 1894 cons,

1861 1926 1928 1984 11
1966 1920 2045 1984 de
2079 1922 2313 1997 privil„
2365 1930 2427 1984 et
2474 1942 2643 1986 00110.
2693 1928 2724 1986 1
2760 1925 2837 1986 de
2866 1927 3151 2000 Constit„
3203 1934 3417 2004 quaest.

1857 2013 2002 2090 ult„
2048 2033 2115 2075 11.
2164 2015 2205 2076 8
2244 2022 2309 2078 et
2356 2019 2396 2080 9
2418 2039 2435 2091 3
2466 2024 2531 2078 et
2576 2019 2853 2096 sequitur
2883 2018 3087 2094 Cor-d„
3120 2019 3187 2079 in
3216 2021 3419 2095 Sum„

1861 2112 2078 2188 quaest.
2110 2111 2181 2184 83
2236 2114 2300 2170 et
2322 2110 2575 2171 Saucius
2620 2110 2893 2172 referens
2920 2111 3147 2191 pluma,
3188 2113 3249 2172 d.
3285 2113 3329 2172 1.
3354 2114 3420 2187 2,

1865 2219 1920 2262 0.
1950 2201 2063 2277 115
2082 2220 2148 2262 n.
2180 2203 2282 2262 22.
2326 2201 2825 2264 Fundamentum
2874 2211 2986 2279 est,
3026 2205 3172 2283 quia
3198 2204 3305 2266 illa
3332 2205 3427 2266 fa·-

1863 2297 2061 2359 cultaa
2106 2299 2249 2377 jure
2288 2297 2605 2358 communi
2637 2295 2997 2375 delegabilis
3028 2303 3142 2372 eat,
3198 2304 3263 2358 et
3315 2315 3426 2378 per

1863 2390 2035 2452 illam
2064 2390 2431 2470 particulam
2460 2407 2585 2450 non
2612 2389 2949 2469 impeditur
2968 2390 3087 2451 hoc
3112 2391 3216 2470 jus
3261 2408 3426 2452 com-

1860 2501 2087 2558 mune3
2142 2501 2289 2562 ergo
2331 2499 2531 2560 neque
2576 2483 2663 2544 ita
2708 2483 3103 2563 restringitur
3146 2483 3225 2544 ad
3282 2501 3427 2562 per-

1859 2593 2075 2638 sonam
2144 2575 2447 2655 Episcopi,
2503 2580 2573 2636 ut
2638 2593 2763 2636 non
2814 2577 3005 2655 possit
3064 2594 3175 2655 per
3228 2576 3425 2636 alium

1861 2686 2145 2732 exercere
2160 2687 2323 2730 eam.
2344 2668 2539 2747 Major
2566 2667 2881 2746 probatur,
2913 2668 3082 2746 quia,
3100 2669 3241 2747 jure
3262 2685 3427 2729 com-

1866 2762 2067 2837 muni,
2092 2760 2235 2824 licet
2270 2760 2529 2824 facultas
2558 2759 2940 2836 absolvendi,
2970 2760 3119 2822 data
3150 2779 3427 2840 personae

1865 2861 2137 2932 tantum,
2161 2873 2289 2916 non
2314 2855 2507 2934 poscit
2526 2852 2607 2914 ab
2626 2871 2698 2914 ea
2716 2853 3011 2933 delegari,
3038 2856 3215 2933 juxta
3244 2859 3426 2933 caput

1867 2949 2158 3011 ultimum
2202 2948 2279 3010 de
2300 2946 2531 3008 Officiis
2570 2944 2863 3024 delegati,
2891 2946 3297 3008 nihilominus
3334 2945 3427 3007 Ia-

1866 3042 2060 3102 cultas
2112 3042 2261 3104 data
2308 3039 2623 3118 dignitati,
2674 3045 2745 3098 ut
2790 3045 3091 3120 perpetuo
3134 3057 3279 3100 cum
3320 3037 3429 3100 illa

1865 3135 2071 3210 duret,
2093 3141 2393 3214 tanquam
2408 3132 2723 3194 ordinaria
2749 3140 3053 3208 censetur,
3075 3151 3145 3194 ac
3168 3133 3427 3212 proinde

1865 3228 2249 3308 delegabilis,
2283 3229 2461 3306 juxta
2510 3240 2645 3305 cap.
2696 3225 2809 3288 ult.
2856 3226 2933 3288 de
2982 3226 3153 3288 Offic.
3190 3227 3392 3288 ordin.
3401 3271 3422 3303 ,

1863 3324 2082 3401 juncta
2110 3320 2347 3395 Glossa,
2382 3337 2523 3380 cum
2569 3319 2885 3380 communi
2934 3319 3263 3380 Doctorum
3288 3337 3427 3381 sen-

1867 3415 2101 3490 tentia3
2138 3413 2269 3474 hoec
2288 3419 2498 3476 autem
2520 3411 2781 3472 facultas
2802 3411 2947 3472 data
2973 3417 3065 3472 est
3091 3429 3128 3472 a
3155 3411 3427 3472 Concilio

1867 3507 2199 3589 episcopali
2221 3506 2513 3584 dignitati
2526 3520 2547 3582 3
2594 3521 2745 3582 ergo
2782 3509 2875 3565 est
2904 3502 3283 3580 delegabilis.
3316 3503 3427 3564 Mi·

1869 3619 1987 3662 nor
2010 3607 2217 3662 autem
2242 3599 2561 3679 probatur,
2586 3599 2733 3677 quia
2769 3596 2877 3657 illa
2903 3595 3203 3675 particula
3226 3600 3431 3675 potest

1869 3693 2101 3756 habere
2138 3693 2425 3754 effectum
2464 3690 2870 3752 sufficientem
2900 3690 3033 3750 01110
3083 3695 3257 3750 tanta
3305 3705 3429 3749 res-

1867 3787 2171 3850 trictione.
2203 3787 2358 3847 Nam
2406 3784 2675 3846 vicarius
2698 3786 2897 3862 potest
2924 3798 3052 3842 0000
3082 3781 3271 3842 variis
3296 3799 3433 3842 mo-

1867 3882 1995 3943 dis:
2028 3880 2285 3961 quidam
2304 3884 2401 3940 est
2424 3875 2753 3956 generalis,
2774 3887 2839 3936 et
2854 3875 3029 3954 quasi
3054 3875 3427 3950 ordinarius„

1871 3982 1944 4036 ut
1978 3972 2393 4036 communiter
2442 3976 2537 4032 est
2593 3969 2857 4032 vicarius
2900 3968 3227 4048 Episcopi3
3270 3967 3430 4028 alius

1872 4073 2073 4149 potest
2098 4083 2227 4128 esse
2256 4062 2537 4144 specialia
2564 4067 2845 4141 respectu
2873 4061 3113 4140 prioris,
3170 4077 3431 4138 genera·

1872 4163 1947 4224 lis
1974 4169 2184 4224 tamen
2212 4159 2291 4221 ad
2334 4174 2548 4219 omnes
2584 4173 2763 4218 casus
2798 4154 3073 4216 occultos
3118 4154 3205 4216 ibi
3260 4154 3433 4234 Epis·

1873 4273 2027 4335 copo
2052 4252 2430 4316 commissos.
2482 4248 2711 4318 Deinde
2738 4248 2895 4310 alius
2920 4253 3119 4327 potest
3144 4263 3273 4309 0000
3300 4265 3433 4308 ma·

1874 4349 1973 4428 gis
2021 4345 2303 4426 specialia
2344 4347 2625 4422 respectu
2680 4341 3098 4422 praecedentis,
3152 4348 3224 4402 ut
3266 4341 3322 4400 01
3373 4341 3433 4401 01

1879 4445 2123 4502 tantum
2188 4438 2426 4498 crimen
2480 4435 2731 4496 haeresis
2790 4433 3251 4510 committatur-3
3314 4433 3433 4494 erit

1877 4539 2087 4596 tamen
2121 4531 2243 4594 alia
2268 4529 2507 4592 ratione
2536 4527 2865 4608 generalia,
2893 4529 2947 4588 si
2996 4527 3271 4588 absolute
3298 4544 3432 4588 om·

1879 4646 1987 4688 nes
2013 4626 2281 4688 hoereses
2308 4623 2563 4685 occultae
2594 4622 2685 4683 illi
2710 4622 3203 4683 committantur.
3254 4621 3435 4682 Deni-

1875 4740 1999 4803 que
2043 4716 2518 4799 specialissimuc
2541 4716 2683 4790 erit,
2726 4715 2801 4790 si,
2852 4720 3207 4776 occurrente
3248 4713 3437 4793 parti·

1876 4813 2073 4876 culari
2126 4811 2347 4874 haeresi
2398 4809 2661 4886 occulta,
2712 4815 2961 4888 petatur
3008 4807 3087 4868 ab
3139 4807 3435 4886 Epi-scopo

1877 4907 2207 4982 absolutio,
2258 4911 2322 4964 et
2362 4903 2535 4966 illam
2570 4902 2682 4963 tali
2732 4917 3011 4982 personoe
3062 4901 3461 4962 committat·

1877 5000 2033 5060 Cum
2060 5016 2209 5078 ergo
2236 4996 2575 5058 Concilium
2600 4995 2789 5056 dicit:
2829 4996 2907 5056 Et
2953 5012 3083 5055 11011
3128 5011 3237 5072 per
3275 4994 3437 5056 vica-

1876 5095 2067 5168 rium,
2124 5090 2394 5152 excludit
2452 5088 2807 5168 generalem
2862 5088 3203 5162 vicarium,
3250 5093 3439 5166 atque

1878 5188 2071 5248 etiam
2108 5183 2437 5265 specialem
2476 5188 2723 5257 tantum
2766 5183 3126 5261 respective,
3160 5180 3270 5261 qui
3322 5179 3437 5240 001)

1879 5279 2003 5340 alio
2026 5283 2309 5358 respectu
2330 5276 2637 5356 generalis
2656 5279 2738 5336 sit
2758 5290 2779 5352 3
2808 5281 2998 5354 atque
3024 5274 3111 5336 ita
3128 5272 3437 5334 sufficien-

1878 5379 2009 5436 tem
2032 5373 2317 5435 effectum
2340 5371 2527 5432 habet
2547 5370 2654 5430 illa
2678 5368 3009 5450 ραι-1100103
3034 5385 3161 5428 non
3180 5372 3271 5428 est
3285 5383 3439 5446 ergo

1881 5485 2127 5530 11000000
2194 5472 2267 5527 ut
2332 5466 2520 5527 etiam
2566 5463 3075 5544 specialissimum
3136 5461 3439 5522 vicarium

1883 5561 2189 5637 excludat,
2244 5566 2381 5622 tum
2430 5558 2603 5638 quia,
2656 5575 2800 5620 00111
2856 5555 2963 5616 illa
3016 5554 3315 5634 particula
3359 5553 3440 5615 sit
