3900 6217
576 351 657 414 80

574 458 780 525 reddit
808 460 1175 539 incapacem
1212 459 1624 535 intellectum,
1662 466 1734 521 ut
1760 460 1960 541 possit
2007 476 2144 519 mo-

574 555 705 617 veri
760 554 841 615 ab
892 553 1242 616 extrinseco
1296 554 1689 625 testimonio;
1740 555 1907 616 unde
1959 552 2030 614 fit
2073 557 2146 613 ut

577 647 848 711 conditio
875 665 995 709 non
1033 644 1177 721 visi,
1210 646 1288 708 sit
1325 647 1681 709 necessaria
1724 666 1802 709 ex
1825 652 2001 727 parte
2033 645 2147 707 ob-

568 740 719 820 jecti
742 738 913 810 fidei,
940 742 1009 800 ut
1038 740 1231 819 possit
1261 740 1582 802 materiale
1614 740 1929 821 objectum
1964 739 2142 818 quasi

574 832 895 896 informari
926 854 963 894 a
991 833 1261 909 formali,
1296 840 1361 896 ut
1406 835 1485 897 sit
1537 839 1755 915 aptum
1782 834 1864 897 ad
1890 851 2144 894 moven-

576 926 729 989 dum
778 926 1182 989 intellectum.
1236 928 1312 989 Et
1356 927 1481 989 huc
1519 927 1826 990 accedunt
1867 926 2144 987 rationes

576 1040 769 1103 supra
802 1027 1005 1097 tactae,
1038 1022 1208 1101 quod
1250 1023 1490 1086 evidens
1535 1027 1595 1085 et
1633 1021 1936 1085 inevidem
1985 1020 2148 1081 inter

576 1135 645 1179 se
674 1119 1052 1195 repugnant,
1098 1120 1160 1176 et
1198 1114 1390 1175 motio
1438 1115 1639 1177 libera
1695 1120 1757 1176 et
1787 1112 2144 1176 necessaria

576 1217 863 1290 respectu
902 1208 1185 1289 ejusdem
1236 1209 1501 1290 objecti;
1551 1228 1622 1271 ac
1659 1207 1929 1289 denique
1976 1206 2146 1287 quod

576 1305 696 1365 hac
762 1303 1005 1364 ratione
1058 1302 1333 1363 sentiunt
1387 1303 1738 1383 philosophi
1783 1302 2144 1381 opinionem

577 1400 641 1457 et
692 1395 1018 1457 scientiam
1072 1394 1150 1457 de
1207 1394 1431 1458 eadem
1483 1414 1553 1459 re
1610 1414 1735 1457 non
1784 1413 1970 1475 posse
2006 1412 2142 1456 esse

580 1490 787 1551 simul.

656 1586 715 1645 3.
760 1581 1119 1647 Notationes
1148 1600 1262 1663 pro
1296 1580 1657 1645 resolutione
1682 1580 2144 1663 metionis.—

574 1676 645 1737 In
680 1678 799 1737 hac
828 1693 977 1737 vero
1007 1674 1302 1755 opinione
1341 1680 1401 1736 et
1441 1674 1783 1754 quaestione
1816 1673 2144 1736 continen-

574 1776 677 1831 tur
698 1769 919 1841 multa,
947 1787 1085 1848 quae
1113 1774 1354 1848 oportet
1380 1768 1791 1847 distinguere,
1826 1773 1887 1828 et
1916 1766 2142 1846 sigilla·

572 1862 685 1924 tim
712 1860 996 1924 definire.
1031 1861 1371 1923 Possumus
1403 1861 1571 1923 enim
1600 1860 1773 1941 loqui
1802 1865 1911 1921 aut
1938 1858 2020 1920 de
2051 1858 2144 1919 vi-

574 1954 749 2017 sione
808 1955 1108 2029 intuitiva,
1162 1961 1272 2016 aut
1326 1954 1404 2016 de
1452 1953 1738 2016 evidente
1785 1953 2140 2033 cognitione

574 2048 971 2122 abstractiva,
1025 2054 1087 2110 et
1136 2049 1272 2109 haec
1321 2048 1539 2109 haberi
1586 2052 1825 2127 potest,
1883 2045 1983 2107 vel
2028 2064 2142 2126 per

574 2144 900 2207 seientiam
926 2142 1195 2204 infusam
1226 2146 1289 2204 et
1313 2142 1879 2221 supernaturalem,
1906 2140 2006 2200 vel
2027 2158 2142 2219 per

574 2238 925 2299 naturalem
969 2236 1313 2309 scientiam,
1355 2239 1416 2299 et
1458 2235 1539 2297 ab
1596 2237 1713 2297 hac
1754 2233 1972 2296 ultima
2003 2238 2142 2294 tan-

575 2350 765 2411 quam
796 2350 833 2391 a
876 2330 1106 2391 notiori
1150 2335 1212 2389 et
1245 2329 1447 2408 magis
1484 2327 1841 2391 necessaria
1885 2327 2142 2406 incipia-

573 2443 736 2487 mus.
770 2423 1008 2485 Deinde
1066 2424 1127 2483 in
1178 2424 1297 2485 hac
1336 2423 1471 2502 ipsa
1500 2440 1836 2503 possumus
1863 2420 2145 2482 conside-

574 2537 745 2593 rare,
775 2523 881 2579 aut
919 2516 1224 2590 habitum,
1258 2523 1367 2578 aut
1399 2522 1627 2592 actum,
1667 2522 1729 2577 et
1762 2515 1847 2575 ita
1889 2532 2145 2594 compa-

574 2631 719 2673 rare
751 2630 1088 2691 possumus
1128 2609 1228 2673 vel
1267 2610 1518 2673 habitus
1548 2610 1717 2683 fidei,
1764 2612 1825 2669 et
1871 2608 2142 2671 scientiae

578 2707 739 2768 inter
769 2724 835 2767 se
870 2709 1159 2785 respectu
1192 2705 1475 2785 ejusdem
1507 2702 1803 2778 veritatiS,
1836 2702 1935 2763 vel
1965 2708 2140 2763 actus

583 2801 745 2862 inter
774 2818 866 2873 se,
891 2799 993 2860 vel
1022 2804 1230 2860 actum
1256 2818 1399 2861 cum
1428 2798 1667 2861 habitu.

574 2998 929 3063 Resolvitur
954 2997 1207 3079 quaestio
1245 2998 1481 3079 quando
1520 3016 1595 3062 eze
1620 2997 1819 3061 altera
1838 3002 2022 3079 parte
2050 2996 2140 3059 rel

668 3097 927 3173 utraque
958 3091 1119 3155 venit
1148 3090 1389 3155 habitus
1418 3090 1486 3154 in
1514 3093 2038 3172 comparationem.

656 3266 717 3325 4.
763 3261 1060 3327 Assertio.
1078 3293 1159 3310 --
1180 3262 1503 3344 Capreolus
1533 3261 1905 3329 contrarium
1928 3265 2136 3338 sentit,

576 3362 637 3423 et
685 3358 900 3420 tribuit
938 3357 1018 3419 D.
1070 3356 1351 3431 Thomoe;
1398 3356 1646 3435 fallitur
1684 3360 1904 3421 tamen.
1928 3388 2012 3403 --
2033 3356 2146 3419 Em

572 3468 733 3514 nune
761 3450 942 3513 dietis
972 3455 1185 3515 contra
1216 3448 1566 3531 Capreolum
1606 3450 1907 3532 probatus·
1944 3466 2144 3512 asscr-

576 3540 1019 3607 tio.—Aeeedit
1043 3540 1206 3606 ratio
1242 3544 1464 3607 directe
1480 3541 2008 3625 probam—Dico
2045 3559 2143 3601 er-

573 3656 655 3718 go
706 3636 949 3717 primo:
994 3636 1245 3698 habitus
1308 3636 1457 3697 tidei
1513 3636 1699 3696 simul
1754 3654 1893 3699 esse
1936 3638 2158 3715 potest·

572 3748 717 3791 cum
746 3734 890 3791 actu
915 3728 1189 3791 scientiae
1210 3732 1501 3810 respectu
1532 3727 1811 3808 ejusdem
1841 3728 2135 3791 veritatis.

570 3822 643 3885 In
680 3822 800 3883 hac
837 3822 1181 3885 assertione
1240 3822 1619 3883 conveniunt
1661 3839 1881 3882 omnes
1919 3822 2140 3883 Docto·

567 3933 674 3979 res
698 3915 907 3977 statim
956 3914 1211 3989 citandi,
1260 3918 1322 3977 et
1366 3914 1501 3977 sine
1530 3912 1723 3975 dubio
1755 3914 1935 3974 divus
1973 3914 2152 3977 Tho-.

569 4030 709 4074 mas
734 4028 864 4072 non
894 4009 1279 4084 contradicit,
1304 4008 1609 4087 quidquid
1632 4008 1971 4089 Capreolus
1999 4027 2138 4069 sen·

571 4106 744 4181 serit,
776 4104 885 4185 qui
912 4103 1065 4165 dixit
1111 4102 1363 4166 fidelem
1408 4101 1846 4176 Christianum,
1883 4120 1960 4165 eo
2002 4102 2136 4182 ipso

570 4198 744 4279 quod
774 4195 1038 4276 acquirit
1074 4195 1699 4270 demonstrationem,
1728 4201 1790 4257 et
1819 4195 2008 4257 habet
2038 4213 2137 4256 as-

572 4310 797 4353 sensus
854 4288 1225 4353 scientificos
1267 4291 1497 4351 harum
1539 4288 1872 4350 veritatum
1920 4307 1935 4349 ε
1969 4290 2137 4352 ,Deus

570 4392 682 4459 est,
724 4388 813 4449 est
853 4402 1033 4460 uum,
1067 4382 1338 4458 Creator,
1376 4388 1438 4445 et
1482 4382 1801 4455 similium,
1852 4382 2136 4444 amittere

569 4478 763 4540 fidem
792 4479 982 4540 etiam
1012 4476 1397 4539 habitualem
1426 4475 1592 4537 circa
1622 4475 1873 4539 easdem
1913 4476 2139 4537 verita-

568 4578 690 4634 tes.
722 4570 846 4634 Sed
893 4568 1105 4632 in'hoc
1146 4570 1281 4631 sine
1323 4568 1514 4631 dubio
1545 4569 1956 4631 vehementer
1983 4567 2136 4629 falli-

568 4671 707 4741 tur,
737 4664 963 4744 primo,
1017 4662 1163 4743 quia
1211 4660 1459 4724 videtur
1503 4662 1689 4742 plane
1737 4678 1874 4722 esse
1920 4666 2136 4721 contra

570 4759 770 4837 ipsam
810 4755 1283 4837 experientiam,
1337 4754 1482 4835 quia
1521 4754 1724 4816 fidelis
1764 4753 1969 4816 factus
1994 4753 2136 4816 doc·

568 4853 689 4913 tior
714 4850 878 4912 circa
906 4850 1023 4911 has
1050 4848 1345 4911 veritates
1365 4866 1482 4927 per
1498 4846 1845 4921 scientiam,
1868 4866 2000 4908 non
2023 4848 2136 4908 mi-

567 4963 689 5005 nus
720 4942 984 5005 firmiter
1010 4941 1147 5003 illas
1177 4941 1397 5015 credit,
1435 4958 1625 5020 quam
1658 4947 1866 5015 antea,
1892 4939 2006 5001 sed
2035 4958 2136 5001 eo-

566 5036 715 5098 dem
786 5034 973 5097 modo
1027 5033 1353 5115 profitetur
1400 5034 1771 5113 Symbolum
1805 5078 1821 5108 ,
1888 5034 1954 5095 in
2007 5052 2132 5114 quo

569 5130 759 5192 etiam
784 5130 903 5190 illae
949 5129 1366 5202 continentur,
1414 5134 1476 5191 et
1524 5127 1745 5190 eodem
1774 5127 2004 5189 affectu
2030 5128 2133 5189 fir-

566 5231 779 5286 mante
807 5221 1195 5285 intellectum
1222 5240 1349 5303 quo
1389 5227 1594 5283 antea.
1624 5220 1841 5301 Neque
1890 5226 1984 5283 est
2022 5238 2130 5282 ve-

1056 359 1295 413 msrur.
1328 359 1413 415 111.
1450 358 1531 413 DE
1564 356 1827 415 omscro
1860 356 2134 413 Pontum
2167 357 2352 419 rium,
2388 356 2468 409 ΕΤ
2499 356 2794 420 Quonono
2826 358 2912 411 An
2945 353 3144 417 tucn,
3173 354 3307 415 me.

2227 457 2494 519 aliorum
2537 458 3038 523 fundamentum.
3069 458 3355 521 Secundo
3390 458 3618 525 videtur
3649 466 3744 529 im-

2223 551 2538 633 possibilis
2566 552 2670 614 illa
2701 554 3034 625 sententia,
3067 554 3212 631 quia
3233 553 3408 633 juxta
3436 553 3743 623 doctrinam

2225 645 2298 705 D.
2323 646 2595 721 Thomae,
2641 652 2704 708 et
2739 664 2979 720 veram,
3015 646 3262 707 habitus
3290 645 3470 707 infusi
3507 666 3624 711 non
3667 671 3746 713 re-

2227 739 2724 815 mittuntur,‘nec
2755 740 3208 813 diminuuntur,
3235 740 3346 801 sed
3371 741 3466 801 vel
3493 744 3746 806 amittun-

2223 837 2326 893 tur
2353 832 2632 907 omnino,
2667 833 2768 896 vel
2795 834 3020 915 integri
3051 838 3514 907 conservantur,
3542 842 3640 897 aut
3659 856 3747 899 au-

2225 930 2475 1006 gentur,
2525 933 2596 988 ut
2636 925 2743 989 lib.
2781 931 2806 988 1
2862 924 2940 987 de
2966 926 3164 1001 Grat.,
3211 944 3347 1005 cap.
3393 927 3524 999 ult„
3569 936 3748 991 osten·

2227 1036 2366 1081 sum
2395 1022 2510 1080 est.
2542 1019 2667 1081 Sed
2698 1019 2818 1081 dici
2849 1037 2979 1081 non
3009 1024 3214 1099 potest
3255 1017 3500 1081 fidelem
3527 1020 3748 1085 doctum

2225 1112 2509 1174 amittere
2537 1112 2602 1173 in
2635 1131 2708 1173 eo
2755 1131 2904 1173 casu
2941 1117 3138 1174 totum
3180 1111 3458 1173 habitum
3505 1112 3668 1189 fidei,
3693 1124 3750 1177 ut

2227 1211 2322 1266 est
2347 1224 2461 1285 per
2479 1224 2546 1266 se
2576 1212 2826 1279 notum3
2860 1224 3009 1286 ergo
3041 1206 3268 1267 retinet
3291 1205 3463 1267 illum
3487 1210 3610 1267 tam
3631 1226 3748 1287 per-

2223 1298 2458 1361 fectum
2509 1299 2670 1361 sicut
2711 1308 2932 1373 antea;
2977 1318 3152 1380 erge,
3201 1300 3360 1361 sicut
3390 1300 3556 1379 prius
3593 1300 3662 1363 de
3693 1323 3747 1364 se

2225 1392 2565 1454 inclinabat
2621 1392 2702 1454 ad
2741 1410 3072 1455 assensum
3135 1392 3382 1456 illarum
3429 1394 3746 1473 veritatum,

2226 1486 2312 1548 ita
2339 1488 2526 1547 etiam
2557 1493 2774 1566 postea
2805 1486 3092 1561 inclinat3
3119 1504 3272 1568 ergo
3299 1486 3524 1549 retinet
3545 1487 3636 1549 ille
3660 1490 3748 1551 ho-

2224 1598 2330 1641 mo
2365 1580 2648 1641 habitum
2689 1578 2836 1643 fidei
2864 1580 3084 1643 talium
3129 1580 3483 1658 veritatum,
3515 1600 3632 1643 non
3663 1582 3750 1644 ob·

2225 1680 2428 1735 stante
2469 1680 2614 1735 actu
2659 1674 2934 1735 scientiae
2967 1675 3130 1736 circa
3161 1674 3323 1736 illas.
3369 1676 3458 1737 Ex
3485 1694 3601 1755 quo
3636 1695 3750 1737 ma·

2221 1772 2330 1853 net
2377 1768 2642 1847 probata
2677 1768 2995 1829 conclusio
3045 1786 3061 1828 :
3108 1786 3262 1829 nam
3291 1769 3358 1828 in
3393 1768 3495 1830 illo
3529 1769 3750 1830 homine

2223 1860 2406 1922 simul
2435 1866 2582 1922 sunt
2609 1861 2860 1922 habitus
2889 1860 3060 1934 fidei,
3081 1867 3146 1923 et
3169 1867 3349 1923 actus
3373 1862 3628 1923 scientiae
3653 1862 3750 1922 cir·

2223 1974 2296 2016 ca
2324 1954 2580 2015 easdem
2609 1954 3089 2034 propositiones.
3115 1955 3296 2016 Ratio
3321 1954 3584 2033 denique
3610 1955 3749 2014 clara

2224 2054 2340 2121 est,
2383 2047 2532 2128 quia
2563 2054 2736 2109 actus
2779 2067 2908 2108 non
2937 2047 3276 2127 opponitur
3300 2047 3631 2107 formaliter
3658 2048 3750 2107 ha-

2221 2140 2396 2215 hitui,
2449 2139 2559 2201 sed
2599 2140 2784 2202 actui.
2829 2142 2987 2203 Item
3033 2142 3180 2220 quia
3217 2140 3470 2202 habitus
3515 2140 3670 2212 fidei,
3708 2139 3749 2199 si

2223 2239 2367 2293 actu
2395 2252 2524 2294 non
2563 2240 2878 2313 operatur,
2909 2253 3038 2295 non
3073 2234 3312 2296 inducit:
3335 2233 3631 2295 actualem
3668 2234 3753 2295 ob·

2226 2327 2610 2403 scuritatem,
2654 2334 2724 2389 ut
2761 2328 2848 2389 sic
2878 2328 3106 2402 dicam,
3145 2328 3215 2391 in
3249 2328 3593 2401 intellectu;
3628 2346 3750 2409 ergo

2225 2439 2352 2481 non
2382 2424 2588 2499 potest
2625 2420 2932 2500 impedire
2965 2421 3317 2485 formaliter
3343 2427 3546 2483 actum
3583 2423 3752 2483 scien-

2223 2516 2348 2576 tjae.

2305 2610 2365 2671 5.
2417 2606 2704 2673 Secunda
2731 2607 3006 2673 assertio.
3030 2640 3113 2655 -
3129 2608 3446 2674 Probatur
3489 2625 3558 2671 ex
3587 2607 3750 2669 Hebr.

2223 2704 2322 2763 11.
2367 2734 2450 2749 --
2489 2700 2766 2783 Cajetaui
2829 2701 3121 2785 expositio
3166 2721 3516 2787 repuynans
3565 2701 3748 2763 textui.

2218 2795 2456 2860 —C'am‘
2481 2798 2662 2860 etiam
2677 2796 3405 2877 placitum—Rejieitur
3440 2802 3627 2859 tamen
3645 2800 3752 2857 tum

2219 2891 2418 2971 quoad
2448 2891 2649 2972 ipsam
2683 2890 3066 2953 sententiam.
3089 2922 3172 2937 -
3195 2890 3358 2954 Tum
3385 2890 3578 2972 quoad
3605 2906 3754 2967 expo-

2220 2980 2495 3047 sitionem
2524 2981 2642 3045 loci
2675 2982 2886 3045 Pauli.
2914 3014 2996 3029 —
3035 2982 3208 3064 1⁷09oe
3252 2982 3557 3066 responsio
3582 2980 3755 3060 rejici-

2220 3081 2344 3139 tur.
2368 3108 2449 3121 —
2463 3076 2772 3139 Probatur
2797 3075 3004 3139 deinde
3033 3076 3294 3141 assertio
3332 3075 3670 3141 rationibus.
3689 3104 3754 3119 -

2221 3168 2530 3242 Secundo,
2564 3167 2900 3230 dicendum
2943 3175 3040 3231 est
3067 3175 3280 3230 actum
3319 3169 3470 3231 fidei
3497 3186 3667 3247 posse
3691 3166 3754 3225 si·

2221 3260 2356 3322 mul
2379 3279 2518 3323 esse
2553 3278 2699 3323 cum
2737 3262 2956 3323 habitu
2989 3262 3293 3325 scientias.
3331 3264 3462 3323 Hoc
3498 3261 3576 3322 ad
3609 3259 3756 3321 mini-

2227 3372 2404 3415 mum
2457 3353 2687 3415 docent
2711 3372 2954 3429 omneS,
2986 3355 3096 3435 qui
3125 3356 3448 3417 affirmant
3487 3352 3666 3415 fidem
3707 3358 3757 3413 et

2223 3446 2575 3509 naturalem
2617 3446 2940 3509 scientiam
2969 3466 3154 3527 posse
3183 3467 3326 3510 esse
3361 3448 3575 3521 simul;
3613 3444 3758 3524 quod

2221 3545 2396 3603 tenet
2442 3539 2800 3602 Alexander
2849 3540 3096 3614 Alens.,
3152 3543 3190 3602 3
3236 3559 3304 3621 p.
3337 3586 3354 3615 ,
3415 3546 3623 3621 quaest.
3669 3540 3756 3613 68,

2221 3634 2456 3695 memb.
2493 3637 2554 3708 Ἰ,
2601 3640 2718 3695 art.
2758 3634 2798 3695 2
2839 3639 2901 3695 et
2931 3635 2992 3705 3.
3024 3634 3178 3696 alias
3211 3652 3276 3714 q.
3312 3636 3416 3713 79,
3449 3633 3666 3696 memb.
3695 3632 3756 3703 3;

2221 3726 2606 3801 Altisiodor.,
2653 3726 2764 3787 lib.
2805 3728 2843 3787 3
2881 3728 3181 3801 Summae,
3215 3732 3402 3789 tract.
3445 3728 3506 3800 3,
3555 3742 3680 3803 cap.
3711 3727 3758 3795 1,

2218 3825 2440 3899 quaest.
2470 3821 2542 3892 3;
2596 3818 2888 3881 Albertus
2931 3820 3236 3899 MagnuS‚
3278 3820 3350 3881 in
3395 3820 3458 3895 3,
3497 3818 3632 3879 dist.
3673 3816 3758 3889 24,

2217 3916 2333 3973 art.
2365 3914 2442 3986 93
2475 3912 2744 3989 Gabriel,
2776 3916 2894 3974 art.
2935 3915 2999 3987 Ξ,
3030 3912 3233 3975 concl.
3280 3914 3322 3973 3
3368 3919 3432 3975 et
3468 3914 3540 3979 22
3583 3912 3762 3972 Bona-

2217 4012 2503 4080 ventura,
2532 4011 2649 4068 art.
2686 4007 2748 4081 2,
2788 4013 3007 4087 quaest.
3043 4009 3082 4070 3
3113 4024 3135 4085 ;
3181 4007 3465 4081 Henric.,
3497 4004 3756 4078 Quodlib.

2217 4098 2278 4173 8,
2314 4117 2376 4178 q.
2411 4101 2512 4173 14,
2544 4099 2830 4171 Quodlib.
2877 4102 2976 4174 ¹2,
3023 4104 3245 4180 quaest.
3299 4102 3381 4175 2;
3427 4096 3760 4169 Durandus‚

2216 4211 2279 4272 q.
2315 4194 2342 4253 1
2382 4199 2444 4255 et
2479 4194 2519 4255 2
2559 4194 2842 4275 Prolog.;
2873 4196 3159 4275 Argent„
3190 4214 3253 4274 q.
3289 4197 3354 4270 3,
3387 4201 3503 4256 art.
3537 4197 3606 4267 23
3631 4197 3764 4254 Ara·

2219 4302 2396 4363 gon„
2424 4286 2549 4360 hic,
2578 4294 2694 4348 art.
2725 4290 2797 4361 ὃς
2843 4287 3148 4360 Valentia,
3189 4293 3346 4348 tom.
3382 4291 3443 4363 3,
3475 4293 3680 4368 quaest.
3705 4286 3758 4357 2,

2216 4385 2430 4461 punct.
2463 4383 2540 4455 ⁴3
2583 4382 2967 4456 Salmeron.,
3005 4381 3088 4442 ad
3128 4382 3349 4456 Helm,
3383 4383 3542 4461 disp.
3574 4384 3681 4453 21;
3709 4386 3764 4441 et

2216 4474 2518 4553 probatur
2547 4493 2624 4535 ex
2652 4475 2756 4537 illo
2783 4474 2979 4548 Pauli,
3007 4474 3092 4535 ad
3113 4475 3305 4536 Hebr.
3339 4480 3409 4540 11
3446 4494 3459 4537 :
3495 4474 3764 4539 Acceden-

2217 4572 2334 4629 tem
2363 4568 2447 4631 ad
2468 4568 2682 4643 Deum,
2714 4571 2942 4650 oportet
2967 4568 3201 4632 eredere
3220 4570 3371 4651 quia
3393 4575 3486 4633 est
3513 4596 3537 4630 .·
3563 4569 3762 4629 demus

2219 4678 2368 4741 ergo
2409 4661 2854 4742 Philosophum
2899 4662 3239 4725 habentem
3291 4663 3664 4725 evidentiam
3693 4660 3762 4720 de

2218 4754 2544 4821 existentia
2569 4756 2680 4817 Dei
2719 4755 3019 4818 accedere
3055 4755 3138 4816 ad
3163 4758 3371 4819 Deum
3397 4764 3469 4818 ut
3486 4754 3764 4837 justifice-

2214 4855 2356 4923 tur;
2401 4868 2552 4930 ergo
2599 4868 2862 4912 necesse
2917 4855 3012 4911 est
3059 4856 3128 4911 ut
3169 4850 3272 4911 ille
3327 4851 3519 4913 etiam
3569 4849 3765 4913 credat

2213 4943 2416 5004 Deum
2446 4960 2622 5017 esse;
2655 4942 2969 5006 credendo
2997 4948 3212 5005 autem
3253 4962 3386 5006 non
3415 4946 3636 5007 amittit
3663 4944 3766 5003 ha-

2213 5036 2412 5097 bitum
2441 5037 2734 5111 scientim,
2765 5040 2834 5098 ut
2860 5042 3064 5117 potest
3120 5054 3262 5100 esse
3304 5039 3564 5101 evidens
3591 5053 3766 5117 expe·

2214 5128 2439 5189 rientia
2477 5134 2540 5189 et
2573 5129 2837 5202 ratione,
2871 5128 3020 5208 quia
3041 5136 3218 5193 actus
3239 5132 3484 5194 infusus
3515 5150 3636 5193 non
3669 5132 3764 5189 ha-

2213 5222 2319 5283 bet
2367 5223 2822 5302 oppositionem
2875 5242 3020 5285 cum
3063 5224 3280 5287 habitu
3320 5227 3643 5307 acquisitO,
3673 5242 3764 5285 se·-

566 5316 821 5379 risimile
870 5315 1148 5390 fidelem,
1202 5320 1459 5397 propter
1507 5314 1878 5395 acquisitam
1924 5314 2130 5375 scien·
2210 5315 2382 5376 clusa
2411 5314 2652 5377 ratione
2687 5315 2909 5396 culpae,
2937 5334 3078 5397 quoe
3107 5325 3204 5380 est
3245 5322 3546 5400 oppositio
3576 5334 3764 5379 mora-

568 5412 741 5485 tium,
773 5410 1009 5471 factum
1051 5425 1190 5470 esse
1216 5409 1448 5490 pejoris
1487 5407 1857 5470 conditionis
1894 5406 1964 5468 in
2007 5406 2130 5487 spi·
2207 5406 2302 5468 lis.
2339 5408 2598 5486 Propter
2636 5410 2754 5471 hoc
2782 5410 3139 5489 Cajetanus,
3195 5413 3279 5473 ad
3327 5414 3539 5476 locum
3577 5410 3759 5482 Pauli,

566 5504 893 5576 ritualibus
920 5502 1123 5576 doniS‚
1166 5509 1229 5564 et
1269 5503 1537 5565 maxime
1578 5503 1638 5563 in
1684 5501 1832 5577 fide,
1864 5520 2004 5583 quae
2035 5504 2130 5562 est
2209 5501 2464 5581 exponit
2491 5501 2642 5563 illud
2671 5505 2926 5577 eredere,
2967 5505 3046 5566 de
3079 5524 3480 5587 quocumque
3509 5524 3762 5569 assensu
