3900 6217
565 386 686 453 2⁷2

568 492 668 557 dei
711 492 1030 571 fundatur,
1061 490 1240 574 juxta
1281 494 1720 574 Augustinum,
1763 497 1841 556 12
1873 496 1939 556 in
1979 496 2133 557 Con·

565 586 844 665 fession„
881 604 1018 669 cap.
1063 590 1143 650 25
1163 604 1184 667 ς
1217 589 1620 668 cyprianum,
1655 588 1697 650 l.
1735 591 1794 665 1,
1826 590 2005 669 epist.
2044 592 2127 667 33

567 692 702 745 tum
743 685 931 746 etiam
967 684 1114 764 quia
1157 690 1453 763 perpetua
1475 688 1542 745 ‚et
1576 684 1914 744 universali
1941 685 2131 745 tradi-

562 780 730 840 tione
769 784 1010 857 rccepta
1051 781 1166 852 est,
1205 777 1384 856 juxta
1441 776 1598 837 illud
1637 776 1794 840 Psal.
1847 781 2002 840 118:
2045 778 2128 841 Ia

561 878 1000 958 generationem
1030 879 1089 937 et
1118 874 1557 954 conco-ationem
1583 872 1810 936 veritas
1838 879 1984 943 tucn
2013 892 2127 935 un-

560 968 637 1029 de
665 967 948 1046 Cyrillus,
980 966 1282 1028 catechesi
1321 967 1563 1042 ultima,
1594 967 1950 1030 catholicam
1991 968 2127 1029 vult

564 1059 888 1121 Ecclesiam
909 1060 1055 1136 dici,
1085 1061 1232 1139 quia
1259 1059 1544 1124 catholice
1569 1062 1732 1124 docet
1743 1085 1770 1134 ,·
1800 1068 1936 1121 tum
1956 1061 2125 1123 deni-

560 1170 704 1231 que,
737 1159 809 1213 ut
853 1171 930 1214 ex
977 1153 1196 1213 eodem
1233 1150 1462 1231 Cyrillo
1489 1197 1504 1227 ‚
1535 1152 1688 1213 ibid.
1707 1198 1726 1228 ‚
1777 1153 2121 1231 colligitur,

559 1246 838 1307 doctrina
865 1246 1148 1308 Ecclesiae
1191 1245 1491 1307 catholica
1518 1252 1633 1322 est,
1663 1247 1812 1326 quia
1853 1247 2038 1327 plane
2064 1252 2127 1309 et

561 1340 828 1421 perfecte
873 1342 1084 1401 omnia
1127 1340 1442 1419 dogmata,
1476 1330 1614 1421 quae
1651 1341 1718 1401 in
1751 1343 1975 1403 notitia
2020 1342 2127 1404 ho-

565 1434 806 1494 minum
838 1435 1163 1513 pervenire
1195 1434 1444 1507 dehent,
1481 1435 1556 1496 de
1583 1434 1924 1497 visibilibus
1949 1442 2011 1497 et
2034 1438 2127 1496 in-

557 1526 926 1604 visibilibus»,
966 1528 1042 1590 de
1071 1528 1421 1589 coelestibus
1454 1535 1638 1607 atque
1671 1529 1934 1591 terrenis
1963 1548 2125 1591 com·

557 1622 864 1702 plectitur.
900 1622 1052 1683 Item
1080 1624 1228 1702 quia
1255 1622 1322 1683 in
1350 1641 1425 1682 ea
1447 1640 1632 1684 omne
1656 1640 1853 1702 genus
1880 1624 2126 1685 virtutis

558 1716 933 1791 continetur,
979 1716 1308 1794 adversum
1336 1716 1486 1777 vitia
1514 1722 1576 1777 et
1616 1723 1829 1778 contra
1877 1726 2125 1797 peccata

555 1810 770 1871 omnia
795 1810 1140 1871 remedium
1160 1810 1498 1870 invenitur.
1527 1810 1680 1870 Vide
1703 1810 1987 1872 vincent.
2008 1812 2125 1891 Ly·

556 1904 815 1977 rinens.,
847 1908 910 1963 et
947 1903 1224 1979 Hosium,
1256 1902 1416 1963 libro
1440 1902 1516 1963 de
1547 1902 1692 1964 Fide
1709 1909 1772 1963 et
1800 1904 2118 1983 SymboIO,

553 2012 688 2076 cap.
732 1998 835 2057 22.
871 1996 1083 2058 Solum
1115 2002 1304 2057 restat
1345 1996 1411 2056 in
1439 1996 1558 2057 hac
1583 1998 1991 2076 praerogativa
2013 1998 2125 2057 ad-

554 2090 948 2167 vertendum,
981 2092 1226 2171 proprie
1266 2096 1328 2151 et
1369 2088 1642 2169 perfecte
1682 2090 2014 2151 convenire
2055 2090 2122 2152 in

556 2182 920 2261 Ecclesiam,
961 2192 1146 2264 prout
1185 2191 1278 2245 est
1315 2201 1352 2243 a
1383 2172 1621 2244 Christo
1647 2184 1909 2245 Domino
1947 2184 2123 2245 insti·

553 2284 753 2338 tutam
778 2299 795 2351 ;
821 2284 1005 2338 antea
1035 2296 1178 2339 enm
1208 2282 1340 2339 erat
1370 2276 1620 2355 quidem
1663 2276 1988 2353 catholica,
2014 2296 2123 2339 seu

557 2370 944 2447 universalis.
983 2372 1322 2433 secundum
1374 2370 1653 2450 aliquam
1695 2372 2000 2433 rationem
2048 2390 2124 2434 ex

553 2466 734 2527 dictis
761 2485 775 2542 3
807 2471 1049 2527 coeterae
1093 2471 1300 2527 autem
1339 2464 1696 2546 imperfecte
1736 2466 1881 2527 satis
1913 2466 1981 2528 in
2017 2466 2125 2528 illa

560 2559 1050 2640 reperiebantur.

637 2659 697 2717 6.
727 2654 965 2718 Assort.
1007 2656 1066 2730 3,
1101 2656 1169 2717 de
1206 2670 1326 2735 qua
1358 2652 1422 2715 in
1461 2654 1706 2734 Defens.
1747 2656 1888 2733 fid„
1919 2654 2026 2717 lib.
2062 2657 2121 2728 1,

553 2766 606 2813 c.
661 2752 736 2811 17
779 2750 1068 2813 et18.—-
1093 2748 1236 2809 Dico
1257 2750 1450 2837 ‚tertio
1490 2748 1820 2809 Ecclesiam
1869 2767 2014 2811 vere
2060 2754 2122 2810 et

549 2842 798 2923 proprie
835 2841 956 2904 dici
995 2848 1058 2903 et
1089 2860 1219 2903 esse
1246 2838 1676 2923 Apostolicam.
1722 2840 1829 2901 Est
1855 2842 1929 2902 de
1972 2840 2116 2919 fide,

552 2954 630 2998 ex
741 2938 852 2997 ctis
873 2934 1208 3017 Symbolis,
1246 2942 1305 2996 et
1349 2936 1594 3016 proprie
1626 2936 1914 2996 convenit
1942 2936 2123 2996 affec-

549 3032 639 3091 tio
713 3050 800 3091 aec
833 3030 1115 3091 Ecclesiae
1149 3037 1284 3110 post
1329 3029 1552 3090 Christi
1579 3030 2031 3091 institutionem
2058 3035 2119 3091 et

557 3124 920 3185 adventum.
963 3122 1202 3184 Dicitur
1233 3131 1444 3184 autem
1483 3118 1862 3201 Apo-nolim,
1887 3123 2113 3201 primo,

553 3218 702 3295 quia
729 3216 1160 3297 Apostolorum
1205 3215 1637 3295 praedicatione
1682 3214 1940 3276 fundata
1978 3223 2069 3276 est
2096 3238 2116 3292 ;

549 3310 817 3373 secundo
845 3357 865 3387 ,
914 3310 1060 3390 quia
1111 3326 1293 3388 super
1319 3309 1572 3369 Petrum
1607 3354 1627 3383 ,
1679 3308 2117 3387 Apostolorum

553 3406 925 3487 principem,
971 3412 1268 3485 tanquam
1299 3420 1483 3482 super
1525 3402 1774 3464 firmam
1831 3410 2065 3485 petram
2094 3450 2114 3480 ,

550 3517 662 3559 suo
693 3500 879 3560 etiam
927 3498 1111 3559 modo
1161 3503 1253 3557 est
1301 3494 1622 3557 zedim-ata.
1661 3496 1806 3570 Quae
1859 3498 1983 3559 duo
2040 3516 2116 3559 ex

557 3592 837 3671 sequenti
863 3590 1276 3671 disputatione
1303 3589 1501 3667 magis
1525 3590 1844 3669 patebunt.
1877 3592 2113 3667 Tertio,

547 3685 696 3765 quia
715 3684 996 3763 legitima
1015 3683 1395 3745 successione
1420 3687 1484 3743 et
1503 3680 1829 3745 traditione
1849 3682 2077 3745 deduct

546 3783 638 3839 est
667 3776 749 3839 ab
775 3777 1100 3857 Apostolis,
1133 3792 1328 3856 usque
1352 3775 1430 3836 ad
1461 3776 1784 3854 praesentia
1805 3783 2109 3859 tempora.

547 3870 731 3933 Recte
779 3870 1217 3946 Tei-tullianuS,
1262 3868 1372 3930 lib.
1413 3868 1490 3929 de
1546 3870 2112 3950 Praescriptionibus

544 3964 1015 4027 haereticorum:
1048 3962 1184 4027 Illa
1201 3980 1342 4025 vcra
1362 3960 1647 4025 Ecclesia
1667 3964 1946 4039 sentitwr,
1978 3982 2113 4045 quoe

545 4058 618 4121 ab
670 4054 982 4141 Apostoli-5
1035 4057 1310 4139 lepitima
1363 4056 1726 4119 successione
1768 4057 2104 4120 deducitur.

545 4151 717 4212 Idem
748 4150 970 4212 docent
995 4150 1290 4225 Irenaeus,
1315 4146 1424 4209 lib.
1451 4152 1508 4223 3,
1536 4165 1588 4209 c.
1609 4148 1796 4225 3,lib.
1831 4152 1888 4224 4,
1907 4168 1961 4211 c.
1992 4152 2070 4211 63
2086 4166 2107 4228 3

546 4244 910 4326 Cyprianus,
948 4243 1059 4304 lib.
1089 4246 1149 4321 1,
1179 4244 1466 4323 θΡίεῐ.,6;
1512 4242 1921 4321 AugustiuuS,
1952 4244 2113 4324 epis-

550 4338 673 4399 tola
706 4338 821 4401 165
840 4338 914 4400 ad
940 4336 1342 4412 Generosum,
1373 4342 1436 4397 et
1464 4334 1622 4397 libro
1648 4338 1688 4395 4
1716 4342 1927 4397 contra
1952 4338 2109 4417 epis-

550 4431 741 4493 tolam
764 4430 1204 4505 Fundamenti,
1234 4448 1368 4511 cap.
1394 4431 1459 4507 4,
1485 4435 1547 4491 et
1566 4429 1642 4491 de
1672 4428 1948 4490 Utilitate
1982 4447 2109 4491 cre·

546 4526 759 4603 dendi,
797 4542 853 4585 c.
898 4526 973 4585 17
1004 4530 1064 4585 et
1092 4524 1191 4587 46.
1225 4525 1473 4599 Quarto,
1508 4524 1626 4585 dici
1668 4526 1868 4603 potest
1914 4521 2111 4604 Apos-

542 4618 752 4695 tolica,
785 4618 931 4699 quia
959 4618 1124 4679 illius
1157 4618 1465 4692 Ecclesiae,
1494 4634 1632 4696 quae
1671 4615 1750 4675 ab
1789 4616 2105 4696 Apostolo-

539 4732 683 4774 rum
729 4718 1007 4793 tempore
1051 4710 1208 4788 fuit,
1245 4712 1536 4786 formam,
1578 4710 1880 4789 regimen,
1917 4716 2103 4791 atque

547 4806 704 4867 adeo
753 4805 1057 4866 unitatem
1088 4804 1358 4880 retinet,
1396 4810 1466 4865 ut
1509 4820 1692 4885 supra
1726 4808 1981 4881 agentes
2027 4806 2103 4865 de

543 4900 782 4960 unitate
823 4897 1106 4960 Ecclesiae
1133 4944 1152 4974 ‚
1199 4904 1347 4959 sect.
1383 4898 1445 4973 4,
1491 4897 1908 4979 exposuimus,
1947 4896 2102 4957 Vide

543 4994 1024 5068 'turrecremat.,
1050 4996 1079 5053 1
1115 4990 1253 5065 lib„
1273 5012 1327 5053 c.
1357 4994 1435 5053 44
1457 4997 1518 5054 et
1550 4988 1967 5073 sequentibuS,
1992 4990 2101 5051 ubi

537 5094 760 5149 tractat
801 5105 910 5148 cur
935 5084 1202 5149 Ecclesia
1243 5104 1370 5147 non
1411 5084 1655 5147 dicatur
1681 5086 1869 5145 etiam
1908 5082 2101 5145 chris-

540 5180 737 5257 tiana,
782 5178 1099 5261 pontificia
1149 5184 1212 5239 et
1239 5178 1620 5259 evangelica,
1671 5194 1808 5258 quae
1856 5194 2100 5239 nuncu-

535 5276 816 5355 pationes
869 5274 947 5335 ad
1003 5272 1298 5353 loquendi
1341 5271 1598 5335 modum
1651 5271 1854 5351 potius
1911 5286 2098 5349 quam

537 5368 616 5429 ad
645 5388 777 5430 rem
824 5374 1122 5448 spectant.

1756 388 1993 447 nispu'r.
2028 390 2111 448 lx.
2150 398 2233 450 DE
2260 390 2572 449 ECCLESIA.

2778 612 3019 699 ‘sceno
3055 647 3179 701 vm.

2314 830 2417 895 An
2464 851 2611 897 cera
2650 833 2937 897 Ecclesia
2974 831 3206 897 Christi
3231 833 3477 899 visibilis
3506 839 3617 902 sit?

2296 1062 2348 1119 1.
2397 1058 2844 1122 Hoereticomm
2882 1076 3075 1123 error.
3110 1062 3178 1123 de
3204 1079 3313 1141 quo
3352 1080 3545 1145 supra,
3580 1068 3704 1148 disp.

2208 1155 2267 1227 5,
2307 1156 2452 1216 sect.
2486 1154 2561 1225 6,
2610 1172 2775 1217 num.
2813 1156 2874 1227 7,
2906 1160 2965 1217 et
3004 1154 3073 1216 in
3110 1156 3346 1235 Deseris.
3376 1158 3503 1234 fid„
3531 1160 3623 1221 lib.
3660 1167 3706 1235 1,

2208 1265 2259 1311 c.
2294 1250 2329 1307 7
2388 1251 2446 1309 ct
2493 1246 2551 1309 8.
2598 1278 2679 1293 -
2715 1247 3025 1309 Punctum
3074 1251 3439 1329 quoeetionis.
3482 1284 3557 1297 --
3597 1252 3711 1314 Haec

2206 1339 2470 1421 quaestio
2507 1340 2693 1419 coepit
2716 1342 2971 1413 tractari
3001 1348 3249 1420 propter
3282 1342 3580 1404 haereticos
3622 1344 3712 1405 hu-

2199 1434 2305 1513 jus
2332 1434 2652 1513 temporis,
2680 1433 2788 1513 qui
2814 1433 3123 1513 duplicem
3170 1434 3587 1514 distinguentes
3627 1438 3712 1499 Ec-

2206 1526 2453 1587 clesiam
2466 1581 2482 1598 ‚
2493 1526 2751 1588 alteram
2774 1526 3105 1600 visibilem,
3122 1526 3481 1588 invisibilem
3498 1528 3713 1591 alteram

2206 1638 2337 1681 esse
2384 1622 2639 1696 dicunt3
2691 1626 2879 1701 atque
2918 1620 3076 1682 hanc
3112 1622 3501 1701 posteriorem
3540 1640 3712 1685 veram

2204 1714 2538 1776 Ecclesiam
2584 1714 2785 1775 solum
2841 1732 2989 1783 esse.
3042 1722 3106 1776 et
3160 1714 3381 1776 Christi
3430 1734 3710 1795 sponsam3

2204 1808 2465 1893 alteram
2521 1820 2668 1870 vero
2738 1808 3125 1871 solummodo
3171 1814 3593 1890 apparentem,
3657 1828 3713 1871 ac

2204 1901 2545 1963 secundum
2589 1902 2925 1981 quamdam
2974 1902 3316 1964 humanam
3360 1904 3713 1963 existimatio-

2204 2014 2372 2057 nem.
2410 1996 2527 2059 Sed
2572 2014 2651 2057 ne
2698 1996 3035 2076 disputatio
3097 1996 3174 2058 de
3221 1996 3417 2057 verbis
3454 1997 3545 2070 sit,
3584 2014 3711 2071 rem,

2204 2090 2281 2151 de
2324 2108 2446 2170 qua
2496 2092 2750 2171 quaestio
2804 2098 2896 2151 est
2924 2137 2945 2167 ‚
2981 2092 3378 2171 aperiamus:
3434 2090 3715 2170 dupliciter

2204 2184 2374 2246 enim
2420 2182 2656 2263 aliquid
2707 2184 2827 2244 dici
2878 2190 3079 2265 potest
3114 2183 3357 2245 visibile
3399 2190 3501 2244 aut
3536 2184 3713 2243 invisi·

2204 2277 2350 2339 bile.
2398 2277 2536 2338 Uno
2581 2278 2767 2338 modo
2808 2278 3039 2353 stricte,
3068 2282 3375 2357 quatenus
3425 2274 3495 2337 ad
3548 2278 3711 2336 visum

2206 2370 2305 2432 vel
2359 2388 2608 2433 sensum
2680 2370 2950 2452 aliquem
3022 2388 3387 2450 corporeum
3453 2369 3709 2446 refertum

2204 2464 2328 2525 alio
2358 2464 2543 2527 modo
2589 2465 2737 2541 late,
2771 2470 2841 2525 ut
2882 2482 2947 2525 se
2992 2465 3271 2526 extendit
3298 2465 3374 2525 ad
3412 2466 3615 2525 mentis
3636 2484 3715 2526 co-

2206 2560 2573 2638 gitationem
2619 2566 2683 2620 et
2710 2560 3042 2640 judicium,
3076 2559 3179 2621 vel
3220 2559 3473 2634 clarum,
3500 2559 3588 2619 vel
3624 2560 3716 2619 sal-

2205 2660 2330 2714 tem
2385 2653 2713 2714 obscurum
2745 2698 2766 2729 ,
2814 2652 3082 2733 fideique
3124 2653 3407 2732 alicujus,
3464 2653 3717 2714 Convenit

2200 2747 2395 2826 igitur
2418 2746 2596 2807 nobis
2623 2764 2766 2807 cum
2792 2746 3119 2822 haereticiS,
3148 2744 3502 2821 Ecclesiam,
3526 2746 3593 2806 de
3614 2763 3713 2826 qua

2200 2840 2539 2920 loquimur,
2572 2840 2822 2901 confuse
2863 2848 3211 2920 sumptam,
3261 2856 3389 2901 esse
3434 2840 3711 2899 hominum

2203 2932 2771 3013 congregationem,
2803 2940 2987 3013 atque
3029 2932 3183 2994 adeo
3208 2938 3491 2994 constare
3516 2948 3583 2992 ex
3606 2948 3713 3010 per-

2202 3028 2369 3088 sonis
2408 3028 2712 3109 corporeis
2755 3032 2817 3090 et
2843 3026 3213 3088 visibilibus.
3246 3026 3497 3087 Interest
3521 3030 3707 3097 autem,

2198 3121 2347 3201 quia
2373 3120 2465 3181 illi
2493 3128 2747 3200 negant,
2780 3139 2906 3183 esse
2935 3120 3001 3181 in
3042 3121 3161 3182 hac
3190 3110 3460 3180 Ecclesia
3488 3118 3703 3198 proprie-

2200 3221 2356 3275 tates
2394 3214 2551 3275 ullas
2584 3208 2875 3291 visibiles,
2906 3212 3131 3293 quibus
3169 3212 3452 3274 absoluto
3492 3218 3549 3272 et
3581 3214 3705 3270 certo

2193 3306 2428 3386 judicio
2466 3308 2659 3389 possit
2698 3327 2736 3370 a
2784 3306 2963 3369 nobis
3007 3306 3274 3368 discerni
3304 3307 3371 3366 in
3402 3300 3712 3386 particulari

2199 3390 2637 3481 congregatio,
2654 3420 2794 3482 quae
2837 3419 2983 3462 veia
3032 3399 3304 3461 Ecclesia
3350 3405 3460 3475 est,
3492 3396 3565 3459 ab
3607 3396 3713 3456 aliis

2198 3494 2445 3556 Satanae
2494 3492 3123 3574 congregationibus3
3163 3498 3226 3554 et
3275 3492 3392 3554 hoc
3431 3508 3597 3553 sensu
3634 3506 3714 3548 vo-

2197 3594 2340 3649 cant
2378 3606 2519 3650 eam
2568 3586 2973 3663 invisibilem,
3023 3587 3085 3647 id
3136 3592 3250 3664 est,
3285 3588 3351 3648 in
3400 3580 3716 3665 particulari

2196 3688 2258 3742 et
2290 3682 2357 3741 in
2416 3681 2740 3743 individuo
2796 3682 3055 3743 omnino
3097 3682 3423 3743 occultam.
3461 3676 3717 3741 Catholici

2194 3780 2405 3836 autem
2434 3776 2651 3835 volunt
2679 3792 2891 3837 veram
2936 3774 3271 3836 Ecclesiam
3316 3792 3484 3854 posse
3508 3790 3541 3833 a
3568 3770 3715 3831 nohis

2194 3875 2359 3929 certo
2403 3868 2631 3948 judicio
2676 3868 2741 3929 in
2814 3867 3169 3949 particulari
3209 3867 3521 3948 dignosci,
3563 3873 3715 3944 atque

2194 3962 2346 4023 adeo
2378 3981 2507 4024 esse
2553 3960 2886 4037 visibilem,
2918 3966 2981 4023 et
3016 3980 3125 4042 per
3171 3964 3487 4023 internum
3526 3958 3715 4020 mentis

2187 4054 2518 4135 judicium,
2551 4062 2613 4117 et
2652 4073 2761 4135 per
2788 4054 2951 4135 ipsos
3000 4072 3215 4117 sensus
3262 4061 3539 4117 externos
3586 4049 3715 4110 desi·

2192 4148 2533 4227 gnabilem,
2565 4167 2692 4209 non
2720 4166 2832 4229 per
2872 4166 2936 4209 se
2966 4194 2987 4225 ‚
3037 4149 3141 4210 sed
3196 4148 3395 4211 veluti
3448 4164 3551 4227 per
3588 4143 3715 4205 acci·

2190 4244 2365 4319 deus,
2394 4260 2468 4304 eo
2514 4242 2722 4317 modo,
2753 4260 2877 4323 quo
2928 4242 3269 4304 substantia
3298 4242 3490 4304 videri
3522 4242 3717 4301 dicitur

2191 4336 2339 4397 visis
2388 4334 2829 4413 accidentibuS,
2870 4342 3056 4417 atque
3086 4338 3273 4398 etiam
3323 4336 3548 4411 anima,
3593 4331 3716 4391 visis

2190 4430 2457 4491 externis
2502 4428 2964 4509 operationibus
2997 4448 3014 4504 ς
3058 4430 3251 4493 habet
3288 4430 3454 4491 enim
3484 4424 3715 4488 Ecclesia

2189 4522 2460 4583 visibiles
2484 4524 2887 4603 proprietates
2924 4529 2988 4585 et
3022 4524 3314 4598 actioneS,
3349 4518 3642 4602 in'quibus
3667 4520 3717 4577 et

2191 4634 2299 4696 per
2338 4634 2489 4696 quas
2518 4617 2775 4695 cognoci
2822 4622 3041 4697 potest.

2262 4712 2323 4770 2.
2370 4708 2667 4773 Proedicti
2706 4712 2933 4773 erroris
2969 4710 3428 4792 fundamentnm
3446 4708 3709 4793 primum.

2182 4836 2263 4849 —
2293 4802 2597 4865 Alterum.
2642 4834 2724 4849 —
2754 4803 3258 4865 Fundamentum
3314 4802 3713 4864 haeretieorum

2182 4894 2411 4976 duplex
2454 4897 2739 4957 occurrit.
2793 4896 3113 4973 Alterum,
3166 4900 3312 4977 quia
3360 4898 3552 4958 forma
3599 4892 3709 4965 illa,

2181 5008 2307 5070 qua
2342 4990 2610 5054 Ecclesia
2654 4990 3069 5066 constituitur,
3115 4989 3437 5053 invisibilis
3482 4989 3709 5051 omnino

2180 5088 2292 5159 est,
2319 5090 2387 5144 ut
2410 5085 2527 5163 ipsi
2551 5082 2788 5155 volunt,
2820 5089 2930 5145 aut
2965 5084 3193 5146 scilicet
3233 5084 3443 5145 diviua
3470 5082 3710 5165 praedes-

2180 5176 2423 5251 tinati0,
2466 5182 2573 5239 aut
2620 5178 2867 5239 interna
2906 5178 3175 5259 justitia,
3221 5188 3330 5239 aut
3376 5184 3536 5239 certe
3584 5172 3715 5234 fides

2183 5268 2414 5349 absque
2442 5269 2571 5330 ullo
2620 5272 2911 5333 exteriori
2950 5277 3012 5332 et
3054 5270 3327 5333 sensibili
3377 5270 3571 5344 cultu3
3614 5266 3715 5325 hoc

2088 5440 2096 5447 ι
2180 5362 2351 5457 enim
2376 5363 2684 5443 praecipue
2712 5363 3069 5438 intendunt,
3104 5362 3436 5425 Ecclesiam
3464 5356 3713 5421 invisibi-

2181 5455 2301 5516 lem
2358 5458 2711 5529 astruendo;
2774 5474 3089 5518 removero
3150 5456 3430 5518 videlicet
3489 5464 3711 5514 omnem

2180 5556 2499 5613 externam
2548 5548 2956 5613 hierarchiam
3000 5552 3315 5627 Ecclesicc,
3362 5555 3539 5630 caput
3582 5545 3709 5605 visi-
