3900 6217
515 371 636 432 ou

960 371 1196 426 mst‘nT.
1237 373 1274 424 1.
1310 369 1734 423 SPECULATWA
1769 371 1849 422 DE
1885 368 2157 424 VIRTUTE
2190 368 2324 420 SPE!
2358 367 2697 422 commus
2728 365 3061 420 SECTIONES
3090 365 3267 420 OCTO.

519 475 659 538 Divi
692 475 972 548 Thomae,
1003 475 1070 536 in
1111 478 1167 536 1.
1201 477 1264 548 ᾖ,
1309 480 1520 554 quaest.
1570 475 1674 548 65,
1708 471 1969 534 articulo
2018 474 2080 546 4,
2162 474 2265 532 te:
2297 468 2531 546 Alana„
2560 473 2598 532 3
2639 475 2797 549 part.
2827 516 2847 546 ,
2878 487 2939 548 q.
2976 469 3055 530 65
3081 513 3101 542 ,
3132 464 3405 531 membro
3438 467 3507 541 33
3550 467 3681 530 Alti-

517 575 583 630 et
612 568 876 630 aliorum
911 567 1390 646 Theologorum,
1437 567 1506 626 in
1546 567 1608 642 3,
1648 566 1789 628 dist.
1837 567 1937 640 34,
1973 563 2084 624 ubi

519 663 954 724 Bonaventura
969 707 990 736 ,
1049 667 1168 722 art.
1209 661 1286 720 32
1301 705 1322 736 ,
1354 662 1690 740 quaestione
1739 663 1798 733 1,
1841 659 2081 734 scotus,

520 762 736 836 quaest.
769 755 980 830 unica,
1019 761 1082 815 et
1115 753 1244 828 alii,
1283 759 1522 832 ponunt
1549 753 1664 814 hoc
1704 753 1937 815 donum
1965 769 2087 812 res-

521 849 792 929 pondere
820 847 1036 908 virtuti
1079 847 1533 926 temperantias.
1569 847 1756 906 Favet
1791 843 2089 924 Augusti-

522 961 669 1016 nus,
710 940 867 1002 libro
913 943 944 1002 1
986 939 1063 1000 dc
1111 941 1408 1001 Sermone
1447 939 1693 1003 Domini
1738 939 1806 998 in
1847 943 2085 1012 monte,

527 1033 634 1094 ubi
661 1033 812 1096 dicit
834 1032 950 1094 hoc
981 1031 1213 1092 donum
1241 1031 1482 1094 timoris
1509 1050 1637 1093 esse
1671 1031 1928 1092 minime
1956 1049 2089 1110 per·

525 1127 754 1188 tectum
786 1125 949 1186 inter
978 1125 1190 1185 omnia
1213 1123 1375 1184 dona
1388 1140 1408 1201 3
1437 1125 1489 1184 si
1522 1131 1731 1186 autem
1754 1123 2090 1201 attingeret

525 1220 721 1280 Deum
753 1217 1134 1292 immediate,
1187 1223 1247 1278 et
1289 1215 1559 1280 filialiter
1589 1217 1768 1277 illum
1819 1220 2087 1289 timeret,

527 1310 1240 1386 essetperfectissimum
1286 1309 1594 1386 omnium,
1648 1315 1710 1370 et
1763 1315 2091 1390 propterea

527 1403 760 1466 ibidem
809 1405 1190 1484 Augustinus
1243 1410 1306 1464 et
1350 1403 1536 1464 Divus
1587 1402 1855 1465 Thomas
1911 1406 1972 1464 2.
2026 1403 2090 1477 2,

529 1503 744 1578 quaest.
775 1499 876 1572 19,
902 1503 1020 1560 art.
1079 1497 1174 1572 ¹2,
1222 1495 1438 1558 dicunt
1465 1495 1614 1558 huic
1653 1494 1818 1557 dono
1851 1495 2093 1556 timoris

527 1591 898 1671 respondere
927 1589 1192 1670 primam
1229 1588 1700 1666 beatitudinem,
1730 1606 1868 1668 quae
1899 1594 1992 1648 est
2017 1587 2093 1648 de

528 1683 901 1757 humilitate,
934 1682 1228 1764 quoniam
1273 1688 1365 1742 est
1411 1682 1720 1762 praecipua
1757 1698 1900 1762 pars
1930 1687 2093 1740 tem-

531 1777 865 1858 perantiae3
907 1777 1056 1856 quia
1109 1795 1258 1840 vera
1295 1795 1406 1856 per
1455 1775 1931 1856 temperantiam
1987 1773 2092 1836 ab·

532 1871 832 1933 strabitur
855 1871 1042 1932 homo
1069 1890 1108 1932 a
1135 1869 1649 1932 delectationibus
1679 1869 2093 1944 sensibilibu3‚

533 1981 721 2045 quem
762 1963 1050 2026 effectum
1087 1963 1240 2026 solet
1281 1965 1550 2026 maxime
1587 1981 1838 2024 causare
1882 1963 2095 2038 timor,

534 2056 675 2119 ideo
700 2057 839 2118 talis
878 2056 1300 2118 denominatio
1344 2057 1642 2119 attributa
1670 2062 1763 2118 est
1807 2056 1971 2118 dono
2020 2055 2099 2116 ti-

537 2151 752 2228 moriS,
781 2151 882 2212 vel
909 2152 1097 2212 etiam
1128 2151 1271 2230 quia
1302 2150 1622 2213 humilitas
1663 2151 1819 2212 solet
1862 2148 2100 2230 signifi-

539 2245 666 2306 cari
697 2245 935 2306 timoris
963 2245 1237 2322 nomine,
1267 2251 1329 2306 et
1359 2244 1468 2306 illa
1497 2251 1588 2306 est
1609 2244 1920 2325 praecipua
1959 2261 2101 2324 pars

538 2337 726 2416 hujus
754 2338 1002 2399 virtutis
1011 2353 1034 2416 3
1067 2337 1153 2400 ita
1198 2337 1386 2398 Divus
1427 2337 1692 2400 Thomas
1731 2335 1947 2399 eodem
1980 2341 2097 2398 art.

544 2433 643 2491 12.
679 2429 769 2490 Ad
801 2430 1232 2492 difficultatem
1256 2448 1405 2510 ergo
1437 2437 1705 2510 negatur
1723 2447 2102 2510 consequen-

541 2523 649 2598 tia,
681 2524 826 2602 quia
849 2525 1139 2603 proprius
1175 2529 1345 2585 actus
1386 2524 1535 2586 doni
1572 2525 1812 2584 timoris
1847 2540 1973 2583 non
2010 2527 2103 2584 est

542 2615 782 2690 timere,
813 2615 920 2677 sed
937 2617 1139 2696 potius
1163 2632 1240 2678 ex
1261 2616 1556 2678 instinctu
1578 2616 1840 2696 Spiritus
1868 2615 2099 2691 Sancti,

543 2708 719 2788 quasi
751 2726 824 2768 ex
866 2709 1108 2784 timore,
1159 2726 1444 2788 separare
1487 2709 1805 2771 hominem
1858 2727 1894 2770 a
1940 2708 2105 2770 dele-

545 2801 913 2862 ctationibus
945 2799 1355 2877 sensibilibus,
1402 2801 1498 2862 vel
1549 2801 1883 2864 humiliare
1925 2801 2106 2862 illum

545 2894 705 2970 De03
739 2893 898 2956 sicut
935 2900 1106 2955 actus
1136 2894 1284 2955 doni
1318 2893 1696 2956 fortitudinis
1747 2901 1838 2955 est
1864 2894 2111 2974 operari

545 2987 788 3047 fortiter
823 2987 890 3047 in
918 2987 1177 3048 materia
1221 2986 1601 3048 fortitudinis
1646 2987 1852 3049 altiori
1898 2987 2107 3063 modu,

546 3098 623 3141 ex
651 3079 899 3160 speciali
927 3079 1222 3142 instinctu
1272 3080 1536 3160 Spiritus
1576 3081 1804 3142 Sancti.
1855 3081 1946 3142 Ex
1987 3099 2109 3160 quo

547 3173 746 3235 obiter
800 3172 1204 3236 confirmatur
1258 3180 1466 3236 nostra
1527 3174 1831 3236 sententia
1850 3196 1868 3249 3
1932 3193 2107 3252 nam,

545 3266 704 3327 sicut
751 3265 980 3327 dantur
1023 3266 1186 3328 dona
1239 3286 1375 3349 quae
1429 3267 1840 3348 respondeant
1893 3267 2112 3328 virtuti

547 3353 929 3420 foi-titudinis
970 3360 1330 3440 etJustitiae,
1375 3361 1461 3423 ita
1499 3359 1681 3422 debet
1710 3359 1846 3422 «lari
1872 3359 2108 3439 aliquid

547 3451 712 3530 quod
770 3453 1135 3531 respondeat
1191 3453 1406 3514 virtuti
1452 3453 1910 3532 temperantiae3
1960 3471 2109 3514 nam

545 3543 882 3604 virtutibus
927 3544 1310 3626 Theologicis
1327 3591 1346 3621 ,
1393 3546 1698 3626 praecipue
1748 3545 2107 3621 voluntatiS,

547 3655 674 3697 non
697 3636 1070 3716 respondent
1096 3639 1344 3723 propria
1362 3638 1548 3714 dona,
1580 3644 1650 3699 ut
1672 3639 1740 3698 in
1762 3640 1818 3699 1.
1850 3643 1888 3700 2
1908 3644 2108 3700 osten-

548 3748 685 3791 sum
729 3736 841 3806 est,
882 3749 1238 3811 quanquam
1277 3732 1581 3810 sapientia
1608 3731 2111 3794 accommodatur

547 3822 856 3897 charitati,
891 3824 1038 3906 quia
1065 3824 1144 3884 ab
1181 3823 1288 3884 illa
1315 3823 1504 3884 habet
1540 3823 1862 3903 specialem
1901 3822 2110 3884 dulce-

547 3915 780 3991 dine-m,
812 3925 875 3978 et
915 3917 981 3977 in
1032 3917 1138 3978 illa
1180 3914 1636 3996 quodammodo
1674 3916 1993 3988 fundatur,
2048 3922 2110 3978 et

546 4007 664 4068 hoc
689 4009 874 4070 etiam
904 4012 1136 4071 donum
1165 4010 1405 4070 timoris
1427 4009 1926 4071 accommodatur
1951 4011 2107 4090 spei,

546 4101 694 4180 quia
720 4100 798 4161 ab
828 4102 933 4162 illa
965 4101 1420 4182 quodammodo
1452 4102 1678 4181 accipit
1715 4102 2020 4182 originem
2048 4108 2111 4164 et

547 4192 1139 4255 denominationem.
1197 4195 1273 4255 Et
1341 4193 1744 4255 confirmatur
1801 4193 2053 4255 tandem
2087 4239 2107 4270 ,

547 4287 696 4365 quia
721 4287 1092 4366 generaliter
1112 4287 1282 4348 nulla
1321 4293 1411 4348 est
1434 4286 1777 4363 inclinatio,
1808 4287 1906 4348 vel
1931 4286 2108 4350 habi·
2128 4310 2143 4322 ⁸

545 4381 646 4438 tus
671 4397 862 4459 perse
889 4380 1089 4458 primo
1116 4380 1191 4440 ad
1223 4379 1589 4460 fugiendum
1608 4379 1866 4455 malum,
1894 4379 1998 4440 sed
2028 4379 2108 4441 ad

545 4469 881 4532 amandum
915 4470 1174 4546 bonum,
1199 4490 1274 4533 ex
1304 4489 1426 4551 quo
1456 4473 1654 4531 oritur
1679 4471 1782 4531 illa
1811 4471 1983 4550 fuga.

628 4565 726 4625 15.
785 4563 982 4626 Unius
1015 4564 1404 4642 difficultatis
1449 4563 1734 4626 resolutio
1781 4581 1853 4625 ecc
1901 4565 2101 4628 dictis.

545 4659 736 4720 —Ex
775 4656 953 4719 dictis
983 4657 1310 4719 solvuntur
1331 4659 1466 4720 duae
1500 4657 1928 4719 difficultates:
1984 4659 2106 4737 pri·

547 4770 674 4827 ma,
717 4769 798 4812 an
831 4751 1020 4812 timor
1058 4752 1476 4828 diminuatur,
1507 4751 1607 4812 vel
1640 4750 1898 4812 omnino
1930 4750 2103 4812 tolla-

544 4851 672 4920 tur,
693 4863 775 4906 an
807 4863 951 4907 vero
975 4847 1333 4926 perficiatur
1359 4845 1556 4907 solum
1575 4863 1687 4925 per
1714 4844 2100 4908 charitatem.

545 4939 886 5000 Dicendum
931 4955 1021 5000 est
1075 4941 1241 5000 enim
1291 4957 1542 5000 omnem
1593 4939 1881 4999 timorem
1913 4983 1934 5012 ,
1997 4939 2105 5018 qui

481 5098 505 5120 ο
541 5035 869 5111 peccatum
913 5031 1172 5094 mortale
1203 5031 1485 5108 includit,
1514 5029 1649 5091 tolli
1682 5047 1793 5109 per
1841 5029 2106 5090 charita-

544 5127 671 5182 tem
697 5138 717 5199 3
744 5123 797 5183 si
830 5141 978 5185 vero
1022 5123 1103 5184 sit
1144 5129 1390 5184 tantum
1436 5121 1710 5196 veniale,
1753 5139 1930 5200 posse
1977 5140 2109 5184 esse

544 5213 729 5276 simul
778 5233 923 5277 cum
951 5214 1274 5292 charitate,
1303 5221 1674 5276 nontamen
1721 5230 1760 5273 a
1811 5213 2109 5276 charitate

546 5305 643 5368 vel
677 5306 984 5382 eliciente,
1015 5308 1112 5368 vel
1141 5309 1507 5388 imperante.
1547 5309 1749 5384 Atque
1776 5305 1893 5366 hoc
1923 5307 2109 5369 modo

546 5399 996 5480 interpretandi
1044 5405 1190 5460 sunt
1230 5399 1526 5478 Theologi
1548 5444 1569 5475 ,
1626 5399 1733 5477 qui
1775 5399 1993 5459 dicunt
2028 5400 2108 5460 ti-

549 5507 789 5551 morem
818 5491 1104 5554 servilem
1137 5510 1263 5554 non
1291 5510 1465 5573 posse
1505 5509 1635 5554 esse
1663 5509 1805 5553 cum
1843 5491 2110 5554 charita-

2165 565 2345 636 siod.,
2369 564 2531 626 libro
2554 567 2593 626 3
2622 565 2890 636 Summ.‚
2922 567 3099 624 tract.
3127 563 3189 636 8,
3216 579 3280 642 q.
3306 562 3383 632 Δις
3408 567 3469 620 et
3492 561 3685 624 eodem

2166 658 2351 719 modo
2380 657 2642 736 intelligi
2678 661 2881 736 potest
2920 655 3091 716 locus
3140 654 3245 716 ille
3296 656 3326 716 1
3380 653 3587 716 Joann.
3614 658 3685 716 4:

2169 750 2380 814 Timor
2410 769 2527 812 non
2554 755 2643 814 est
2670 749 2736 812 in
2766 751 3087 814 charitate.
3124 749 3337 810 Timor
3360 753 3559 810 autem
3582 766 3689 810 ser·

2166 842 2309 904 vilis
2334 843 2535 906 bonus
2563 849 2767 922 potest
2792 860 2920 904 esse
2947 859 3091 904 cum
3120 840 3419 902 charitate
3442 883 3460 916 ,
3500 839 3613 901 imo
3636 847 3690 902 et

2168 935 2247 997 ab
2272 935 2381 998 illa
2411 936 2703 1016 imperari
2722 957 2741 1010 ;
2761 936 2849 996 ita
2872 935 3051 995 divus
3066 934 3337 996 Thomas
3360 950 3559 1012 supra,
3586 939 3689 996 art.

2169 1033 2232 1106 6,
2264 1037 2327 1092 et
2375 1031 2483 1090 alii
2517 1029 2838 1107 Theologi,
2872 1047 2951 1090 ex
3001 1026 3373 1108 AugustinO,
3410 1033 3635 1088 tractat.
3660 1030 3695 1092 9

2168 1123 2237 1184 in
2268 1125 2291 1184 1
2332 1123 2621 1188 Canonic.
2652 1122 2876 1184 Joann.
2905 1123 2983 1184 Et
3014 1127 3381 1200 patetfnam
3423 1126 3511 1183 est
3546 1127 3696 1182 acuis

2168 1215 2393 1294 bonus,
2440 1222 2501 1278 et
2550 1235 2589 1278 a
2629 1217 2860 1278 virtute
2906 1215 3035 1295 spei
3082 1213 3347 1276 elicitus.
3383 1215 3533 1274 Item
3577 1232 3703 1278 cum

2172 1311 2473 1374 charitate
2528 1317 2729 1392 potest
2786 1328 2915 1372 esse
2962 1327 3139 1370 amor
3183 1307 3609 1384 beatitudinis,
3643 1315 3701 1370 ut

2174 1405 2409 1484 proprii
2444 1403 2751 1466 commodi
2776 1419 2797 1481 3
2850 1420 2999 1480 ergo
3048 1407 3115 1464 et
3161 1400 3357 1462 timor
3412 1402 3697 1464 contrarii.

2173 1499 2381 1559 Tertio
2408 1498 2721 1576 Scriptura
2748 1505 2810 1559 et
2840 1497 3039 1574 justos
3068 1502 3133 1556 et
3158 1500 3507 1575 peccatores
3552 1493 3703 1556 docet

2174 1591 2343 1654 hunc
2391 1591 2705 1666 timorem,
2750 1596 2823 1650 ut
2872 1593 3315 1651 convertantur
3349 1592 3413 1648 et
3458 1605 3702 1668 perseve-

2174 1691 2334 1746 rent.
2370 1684 2602 1745 Verum
2632 1688 2727 1744 est
2752 1682 3039 1762 spiritum
3066 1680 3258 1762 hujus
3286 1680 3527 1742 timoris
3564 1697 3703 1740 com-

2176 1783 2460 1857 paratum
2500 1795 2643 1838 cum
2684 1775 2905 1856 spiritu
2947 1777 3175 1836 amoris
3203 1780 3269 1836 et
3307 1773 3542 1837 timoris
3574 1773 3706 1836 filia·

2174 1871 2271 1944 lis,
2308 1889 2439 1932 esse
2471 1870 2647 1932 valde
2676 1869 3107 1946 imperfectum
3134 1890 3152 1944 3
3198 1875 3263 1932 et
3304 1867 3445 1930 ideo
3484 1868 3705 1942 Paulus,

2179 1964 2255 2024 ad
2284 1964 2461 2025 Rom.
2506 1964 2567 2038 8,
2598 1980 2965 2042 comparans
3017 1960 3217 2042 legem
3272 1965 3539 2022 veterem
3589 1979 3705 2022 cum

2180 2075 2361 2132 nova,
2393 2056 2582 2118 dixit:
2636 2054 2775 2120 Non
2808 2054 3121 2134 accepistis
3151 2053 3444 2136 spiram
3478 2055 3705 2118 servitu-

2180 2150 2286 2214 tis.
2316 2151 2492 2212 Unde
2516 2150 2617 2210 hic
2646 2150 2855 2224 timor,
2885 2148 3167 2228 quamvis
3188 2166 3319 2208 non
3343 2146 3602 2208 totaliter
3624 2146 3710 2208 de-

2180 2249 2455 2305 struatur
2506 2243 2876 2305 adveniente
2932 2240 3259 2317 charitate,
3309 2239 3603 2320 paulatim
3635 2245 3709 2300 ta-

2182 2354 2329 2396 men
2358 2335 2785 2412 consumitur3
2822 2353 2970 2396 nam
3023 2334 3141 2396 hoc
3173 2335 3365 2394 etiam
3396 2332 3571 2394 modo
3602 2351 3711 2414 per-

2181 2429 2345 2490 fecta
2372 2428 2638 2490 charitas
2665 2428 2833 2489 hunc
2858 2429 3147 2490 timorem
3178 2426 3417 2506 abjicit,
3448 2445 3565 2486 non
3588 2428 3712 2506 quia

2182 2521 2443 2598 malum,
2474 2521 2580 2582 sed
2608 2521 2752 2600 quia
2804 2519 3259 2600 imperfectum,
3286 2519 3585 2598 quomodo
3610 2519 3711 2580 Au-

2182 2616 2467 2696 gustinus
2506 2615 2662 2676 dixit
2708 2633 2934 2695 supra:
2978 2612 3265 2678 Charitas
3307 2631 3442 2676 oum
3476 2613 3712 2676 Ιι;·εόἰιανο

2186 2711 2455 2792 caperit,
2478 2707 2655 2790 pellit
2680 2709 2968 2782 timorem,
2992 2705 3100 2788 qui
3122 2706 3181 2770 ei
3216 2707 3417 2772 locum
3438 2723 3714 2788 praepara·

2184 2803 2298 2866 vit.

2271 2897 2366 2958 16.
2414 2893 2744 2976 ObJectioni
2782 2896 3125 2962 occurritur
3165 2913 3241 2958 σω
3292 2893 3577 2975 Cajetano
3600 2909 3717 2974 pro·

2188 2989 2253 3052 be
2288 2989 2608 3072 explicato
2628 3021 2710 3034 —
2729 2989 2936 3050 Dices:
2976 3008 3125 3068 ergo
3152 2988 3387 3069 poterit
3414 2985 3715 3064 aliquando

2188 3081 2255 3142 in
2286 3081 2403 3144 hac
2434 3082 2563 3142 vita
2592 3081 2859 3143 charitas
2888 3101 3017 3144 esse
3044 3083 3133 3144 ita
3172 3081 3473 3162 perfecta,
3508 3084 3573 3138 ut
3614 3095 3717 3138 non
3837 3071 3838 3082 ’

2189 3173 2475 3236 admittat.
2501 3173 2689 3236 talem
2723 3176 3035 3238 timorem.
3069 3175 3425 3254 cajetanus,
3456 3174 3629 3234 citata
3665 3188 3715 3250 q.

2194 3269 2293 3342 19,
2325 3273 2441 3328 art.
2475 3268 2513 3328 8
2536 3313 2556 3342 ,
2588 3268 2919 3348 respondet
2968 3268 3136 3332 aliud
3188 3287 3323 3330 esse
3356 3267 3569 3328 timere
3612 3283 3717 3346 poe·

2189 3379 2363 3436 nam,
2398 3360 2565 3421 aliud
2592 3362 2832 3442 operari
2862 3381 2939 3424 ex
2969 3363 3246 3424 motione
3276 3361 3463 3440 hujus
3490 3359 3711 3420 timoris·

2192 3454 2468 3515 Primum
2518 3453 2669 3514 dicit
2711 3454 2941 3516 habere
2986 3473 3229 3535 semper
3273 3455 3479 3516 locum
3524 3453 3585 3512 in
3623 3451 3717 3512 hac
3837 3455 3838 3538 ἐ

2190 3547 2341 3622 vita,
2376 3548 2444 3607 in
2472 3547 2619 3608 viris
2659 3548 2848 3608 etiam
2894 3548 3183 3629 perfectis
3202 3565 3224 3625 3
3258 3545 3585 3610 secundum
3626 3562 3716 3602 au·

2187 3647 2316 3702 tem
2363 3659 2539 3720 posse
2570 3640 2816 3702 excludi
2862 3659 2901 3702 a
2946 3639 3249 3704 charitate
3293 3639 3575 3720 perfecta.
3605 3637 3715 3697 Non

2188 3733 2457 3794 intendit
2484 3745 2695 3795 autem
2724 3733 3050 3814 Cajetanus
3086 3752 3321 3814 negare
3358 3734 3523 3796 hunc
3556 3729 3713 3792 etiam

2189 3825 2529 3886 secundum
2558 3833 2762 3887 actum
2796 3845 2971 3907 posse
3008 3825 3240 3888 habere
3279 3826 3485 3888 locum
3525 3824 3583 3888 in
3620 3823 3715 3882 hac

2190 3919 2317 3977 vita
2345 3917 2411 3977 in
2439 3917 2932 3999 quibuscumque
2972 3920 3285 3999 perfectis,
3315 3920 3379 3980 id
3418 3918 3574 3980 enim
3600 3934 3713 3976 cer-

2190 4009 2494 4070 tissimum
2524 4017 2636 4085 est,
2669 4017 2731 4072 et
2767 4012 3004 4090 patebit
3031 4031 3110 4074 ex
3129 4015 3402 4074 sectione
3428 4008 3709 4090 sequenti3

2190 4100 2387 4162 solum
2430 4120 2578 4180 ergo
2606 4122 2875 4166 asserere
2929 4105 3169 4180 voluit,
3208 4122 3495 4168 exercere
3537 4109 3705 4162 actum

2187 4195 2428 4256 timoris
2469 4214 2598 4256 esse
2636 4197 2965 4259 consilium
3015 4199 3163 4259 viris
3208 4199 3403 4260 etiam
3444 4193 3705 4276 perfectis,

2188 4291 2331 4370 quia
2377 4296 2471 4351 est
2515 4291 2694 4352 valde
2723 4293 2915 4368 utilis,
2949 4303 3013 4356 et
3067 4295 3197 4356 fere
3248 4290 3605 4356 necessarius
3638 4285 3705 4348 ad

2188 4382 2669 4445 conservandam
2721 4387 2987 4463 gratiam
3023 4410 3039 4462 ;
3108 4393 3319 4448 tamen
3378 4382 3600 4464 operari
3644 4397 3703 4440 ex

2188 4474 2296 4537 illo
2325 4479 2583 4553 motivo,
2611 4475 2708 4536 vel
2758 4477 2888 4540 solo
2912 4525 2933 4554 ,
2978 4480 3075 4540 vel
3128 4478 3575 4560 principaliter,
3600 4490 3705 4534 non

2187 4585 2317 4628 esse
2345 4568 2695 4644 consilium,
2729 4573 3013 4650 quamvis
3042 4591 3167 4633 non
3200 4573 3283 4632 sit
3309 4568 3573 4642 malum3
3610 4585 3705 4626 uu-

2185 4657 2358 4720 dein
2399 4660 2516 4721 hoc
2562 4681 2743 4724 sensu
2794 4664 3064 4744 perfecta
3114 4664 3383 4726 charitas
3430 4667 3613 4743 potest
3648 4659 3705 4718 in

2186 4752 2291 4812 via
2340 4751 2505 4814 hunc
2562 4755 2851 4817 timorem
2892 4756 3213 4820 excludere
3230 4803 3250 4830 ,
3296 4763 3369 4818 ut
3420 4768 3699 4832 nunquam

2185 4843 2373 4906 homo
2412 4864 2489 4906 ex
2515 4845 2647 4923 illo,
2678 4855 2975 4927 tanquam
3017 4868 3093 4909 ex
3135 4850 3441 4930 praecipuo
3481 4846 3697 4914 metire,

2184 4944 2507 5018 operetur3
2542 4941 2729 5001 timor
2759 4947 2969 5002 autem
3002 4939 3210 5004 filialis
3248 4962 3371 5004 non
3406 4939 3593 5002 solum
3616 4953 3701 5016 po-

2186 5037 2303 5092 test
2320 5049 2451 5094 esse
2474 5051 2617 5094 cum
2634 5033 2952 5109 charitate,
2982 5035 3086 5096 sed
3119 5037 3307 5098 etiam
3332 5036 3463 5096 sine
3477 5033 3577 5094 illa
3597 5045 3701 5090 non

2186 5129 2385 5204 potest
2423 5143 2551 5186 esse
2594 5125 2897 5204 perfectus
2922 5172 2941 5201 ,
2982 5128 3131 5206 quia
3158 5135 3251 5190 est
3290 5127 3523 5210 proprie
3558 5135 3703 5186 actus

2190 5217 2344 5295 ejus,
2372 5223 2439 5276 ut
2468 5217 2760 5279 diximus·
2789 5218 2963 5280 Unde
2980 5219 3053 5280 fit
3073 5222 3241 5302 quod
3260 5221 3553 5300 Magister,
3567 5217 3623 5276 in
3646 5215 3697 5286 32

2191 5309 2253 5371 d.
2286 5311 2389 5386 34,
2422 5309 2494 5370 D.
2524 5309 2792 5372 Thomas
2824 5328 3035 5390 supra,
3059 5331 3120 5374 a.
3158 5315 3217 5388 3,
3247 5317 3547 5384 notarunt,
3569 5323 3700 5368 cres-

2187 5407 2363 5463 cente
2412 5401 2738 5479 charitate,
2768 5405 2982 5484 augeri
3009 5405 3177 5468 hunc
3218 5406 3525 5480 timorem3
3550 5415 3697 5472 nam,

2188 5500 2259 5554 ut
2287 5493 2668 5574 Augustinus
2712 5495 2823 5576 ait,
2871 5502 3143 5560 tractatu
3168 5501 3247 5565 43
3294 5498 3360 5560 in
3407 5497 3694 5568 Joannem,
