3900 6217
721 381 889 434 SECT.
924 382 985 435 11.
1022 382 1105 434 Ax
1138 367 1339 434 linem
1376 383 1745 438 DEFINIATUR
1780 385 1958 437 FIDES
1991 385 2468 448 SPERANDARUM,
2497 385 2634 437 ETC.

202 491 441 559 essefidem
458 481 902 565 justificantem,
934 489 1233 562 tanquam
1264 482 1637 545 fundamen-

206 605 290 648 tum
304 581 524 662 justitiae,
547 593 611 637 ac
644 575 909 638 subinde
948 594 1077 636 esse
1106 580 1313 637 actum
1360 575 1639 637 intellec-

202 690 279 755 tus,
301 683 353 737 ut
378 672 665 754 probatum
704 675 797 730 est
842 669 1113 730 sectione
1139 667 1545 748 praecedente,
1574 675 1637 732 et

202 771 437 834 Concilium
457 765 623 825 etiam
640 763 1071 825 Tridentinum
1095 763 1349 842 exponit
1362 780 1381 840 3
1414 761 1491 824 de
1517 762 1635 824 hac

197 874 335 930 antem
350 859 465 934 fide,
484 876 582 938 per
600 874 785 936 quam
804 857 1007 937 justus
1026 857 1205 931 vivit,
1237 855 1455 936 incipit
1478 858 1635 919 Pau·

196 961 257 1021 lus
285 957 442 1016 statim
478 951 686 1024 dicere,
731 969 866 1030 cap.
920 953 983 1012 11
1028 967 1045 1012 z
1076 951 1201 1014 Est
1239 955 1441 1012 autem
1482 951 1636 1027 fides

192 1050 513 1131 sperandarum
538 1046 875 1108 substantia
899 1063 1128 1120 rerum,
1160 1050 1306 1122 etc.;
1345 1063 1495 1122 ergo
1522 1044 1635 1105 de-

194 1149 281 1206 finit
312 1141 457 1202 fidem
500 1136 966 1199 intellectualem
989 1183 1008 1213 ,
1051 1144 1114 1198 et
1144 1136 1627 1214 justificantem3

190 1234 339 1298 deinde
359 1231 421 1294 de
442 1231 639 1294 eadem
668 1229 792 1292 fide
828 1229 1015 1309 paulo
1041 1237 1177 1310 post
1218 1229 1449 1304 subdit,
1498 1231 1633 1291 sine

188 1331 257 1390 illa
280 1326 579 1406 impossibile
617 1331 705 1387 est
746 1324 981 1404 placare
1034 1323 1155 1386 Deo
1185 1368 1204 1398 ,
1267 1324 1416 1405 quia
1474 1341 1634 1387 acce-

186 1424 337 1484 datam
352 1419 419 1480 ad
436 1419 631 1494 Deum,
662 1423 893 1496 oportet
920 1417 1144 1480 medere
1166 1418 1315 1498 quia
1340 1422 1462 1493 est;
1488 1434 1633 1477 con·

183 1521 260 1575 stat
280 1519 441 1574 sutem
466 1511 570 1571 hoc
612 1527 741 1572 non
774 1511 911 1572 fieri
940 1510 1266 1591 sperando,
1302 1510 1408 1571 sed
1427 1528 1633 1571 assen-

184 1606 348 1682 tiend03
367 1609 537 1684 potest
562 1604 729 1664 enim
754 1603 893 1682 quis
912 1603 1157 1665 credere
1181 1604 1373 1664 Deum
1394 1620 1549 1678 esse,
1572 1607 1635 1663 et

181 1701 428 1777 desperare.
454 1697 620 1772 Item,
651 1695 885 1757 ibidem
912 1695 1000 1757 ait
1022 1714 1039 1758 :
1061 1696 1213 1760 Fide
1232 1694 1636 1778 intelliyimus

182 1798 322 1870 aptata
352 1808 453 1852 esse
474 1790 685 1852 soecrcla
720 1791 896 1850 verbo
930 1790 1063 1864 Dei,
1110 1795 1173 1851 et
1200 1789 1322 1851 alia
1349 1787 1634 1869 exempla

182 1885 349 1946 adducit
393 1883 461 1944 de
498 1883 715 1944 eadem
766 1883 887 1944 fide
915 1928 936 1959 ‚
986 1883 1325 1964 praesertim
1385 1883 1511 1945 Noc
1572 1887 1635 1942 et

184 1978 431 2052 Abraham,
474 1995 607 2056 quae
664 1976 852 2057 plane
910 1977 1247 2038 ostendunt
1280 1993 1633 2038 sermonem

182 2091 261 2133 esse
276 2072 331 2132 de
352 2069 724 2133 intellectuali
754 2069 913 2144 fide;
940 2077 1025 2146 et,
1053 2070 1195 2132 licet
1219 2069 1533 2132 interdum
1554 2067 1633 2130 de

182 2165 489 2246 expectatione
525 2181 593 2225 ac
638 2181 753 2246 spe
808 2164 1121 2244 loquatur,
1166 2163 1366 2224 solnm
1423 2168 1513 2224 est
1561 2161 1632 2223 in

178 2267 385 2337 quantum
432 2265 514 2320 est
555 2257 817 2318 effectus
873 2255 1041 2319 fidei.
1111 2259 1414 2319 Praeterca
1464 2255 1633 2317 favet

181 2352 359 2411 multum
378 2352 505 2412 hnic
534 2352 909 2430 expositioni
946 2351 1284 2412 Concilium
1313 2348 1629 2410 Tridenti-

176 2463 289 2520 nnm,
312 2463 483 2525 supra,
509 2449 571 2504 et
594 2444 1080 2520 Arausicannm,
1105 2461 1241 2523 cap.
1274 2444 1375 2503 -25,
1406 2443 1634 2520 Estque

178 2539 419 2597 eommunis
438 2539 706 2613 Petrum,
728 2537 1171 2616 chrysostomi,
1196 2535 1413 2596 homil.
1446 2535 1519 2596 21
1550 2535 1634 2595 ci-

176 2637 273 2704 tata,
289 2639 335 2690 et
356 2630 553 2692 ibidem
578 2629 1062 2710 Theophylacti,
1088 2635 1151 2690 et
1177 2627 1441 2691 aliorum
1465 2627 1637 2688 Grae·

176 2740 331 2798 mrum,
347 2723 616 2785 Ambrosii
633 2730 701 2785 et
720 2722 1000 2785 Anselmi
1019 2739 1039 2800 3
1061 2725 1210 2784 item
1238 2719 1627 2800 Hieronymi,

174 2815 244 2874 lib.
274 2817 300 2876 3
328 2817 621 2888 adGalat.‚
676 2835 820 2896 cap.
883 2818 943 2890 5,
985 2814 1350 2896 explicando
1392 2813 1632 2874 fructus

181 2909 370 2986 spinum
391 2910 697 2986 Ber-nardi,
760 2927 945 2971 serm.
999 2912 1076 2970 10
1118 2910 1186 2970 in
1237 2905 1463 2970 Psalm.
1515 2906 1632 2980 Qui

188 3000 365 3072 laffid-
414 3005 764 3083 praesertim
820 3021 969 3065 vero
1042 3001 1395 3080 Augustini,
1444 3005 1623 3060 tract.

186 3095 237 3152 59
263 3095 516 3172 ianann„
558 3103 621 3158 et
650 3096 803 3157 libr.
831 3097 871 3156 2
912 3093 1125 3156 homil.
1134 3141 1157 3172 ,
1198 3095 1297 3170 32,
1344 3100 1407 3155 et
1450 3094 1625 3172 epist.

180 3188 345 3262 112‚et
370 3187 423 3248 in
450 3189 553 3250 lib.
596 3189 679 3250 de
720 3191 1120 3250 peccatorum
1166 3187 1403 3250 meritis
1434 3193 1496 3248 et
1539 3203 1634 3246 rc-

175 3279 387 3354 mist-ione,
410 3299 534 3362 cap.
580 3285 689 3358 31,
725 3288 793 3342 et
828 3283 895 3342 in
936 3280 1337 3360 Enchyridio,
1381 3298 1515 3359 cap.
1549 3281 1628 3354 83

175 3375 210 3427 et
235 3375 547 3436 consentiunt
588 3375 961 3438 scholastici
1004 3373 1217 3436 statim
1254 3373 1521 3448 citandi,
1572 3378 1634 3433 et

173 3481 219 3523 ex
238 3465 569 3530 deieratione
612 3467 1011 3531 definitionis
1052 3467 1251 3546 magis
1283 3465 1629 3542 constabit3

170 3575 258 3619 nam
281 3561 361 3622 ilia
386 3565 675 3641 particula
708 3570 1157 3644 arqumentum,
1189 3581 1315 3623 non
1336 3562 1490 3642 spei,
1522 3561 1625 3620 sed

168 3651 463 3717 iuteueeumn
488 3657 639 3718 fidei
670 3664 880 3738 potest
907 3655 1259 3719 convenire.

214 3747 251 3806 3.
280 3749 635 3829 daps-imam
680 3753 976 3813 motivum
1006 3753 1073 3811 in
1104 3769 1268 3812 num.
1299 3751 1358 3810 2.
1403 3782 1486 3796 —
1525 3747 1635 3811 Ad

166 3843 581 3906 swam—Ad
608 3843 1183 3922 tertium—Neque
1218 3841 1419 3904 obstat
1442 3859 1629 3921 expo-

165 3927 249 3990 sirio
262 3932 385 3994 illius
398 3937 553 3996 vocis
577 3938 958 4012 substantia,
980 3953 1166 4015 supra
1195 3936 1431 4015 objecta
1454 3949 1471 3994 ι
1493 3941 1630 3995 tum

164 4026 253 4098 qnia
272 4027 351 4086 illa
382 4047 497 4088 non
524 4036 622 4090 est
647 4029 1039 4105 necessaria3
1085 4033 1219 4089 tum
1251 4029 1441 4088 etiam
1483 4027 1631 4108 quia

164 4131 187 4170 a
210 4118 293 4178 suis
321 4123 655 4184 auctoribus
683 4121 878 4184 etiam
908 4122 987 4181 ad
1017 4121 1395 4183 intellectum
1437 4121 1627 4183 refer-

162 4216 241 4282 mr,
260 4220 513 4288 qnatenus
540 4233 637 4276 τω
660 4217 985 4297 promissae
1016 4222 1077 4276 et
1107 4213 1388 4276 nondum
1416 4213 1629 4275 obten-

166 4305 227 4372 te,
244 4302 395 4367 solum
418 4308 709 4370 videntur
732 4307 965 4370 habere
991 4327 1119 4370 esse
1146 4306 1601 4387 apprehensum
1605 4351 1626 4381 ,

168 4396 265 4467 quod
286 4399 339 4458 in
366 4401 674 4462 intellectu
708 4402 1021 4482 imprimis
1057 4401 1286 4474 existit,
1318 4408 1380 4460 et
1424 4417 1532 4480 per
1559 4398 1631 4459 fi-

166 4483 251 4546 dem
271 4501 513 4556 censetur
538 4495 725 4575 qnasi
752 4495 1105 4570 subsistere,
1142 4505 1205 4554 et
1240 4493 1465 4554 habere
1500 4509 1631 4552 esse

160 4579 331 4642 firmum
350 4586 407 4645 in
433 4589 750 4648 credente.
778 4589 929 4648 item
958 4605 1085 4649 non
1113 4585 1314 4648 obstat
1341 4584 1505 4665 qnod
1534 4583 1628 4644 in·

164 4672 329 4735 tenum
354 4679 561 4742 Paulus
592 4681 871 4761 applicat
899 4679 1072 4741 illam
1104 4679 1293 4740 fidem
1322 4679 1398 4739 ad
1438 4677 1627 4740 fidem

162 4765 521 4850 mira-ulomm,
546 4775 701 4853 quia
732 4775 918 4834 etiam
949 4773 1055 4834 illa
1081 4772 1233 4833 fides
1260 4769 1629 4832 substantia·

164 4851 261 4916 liter
284 4861 683 4927 intellectualis
713 4873 827 4942 est,
859 4873 921 4928 et
948 4867 1148 4926 eidem
1183 4865 1471 4926 convenit
1497 4871 1626 4924 tota

158 4947 375 5031 definitio,
417 4959 573 5038 quod
632 4965 733 5020 oet
784 4960 970 5020 etiam
1024 4957 1201 5019 valde
1248 4957 1585 5018 notandum
1600 4969 1621 5034 3

158 5055 277 5116 nam,
311 5055 371 5107 ut
394 5051 545 5112 intra
586 5053 823 5127 dicam,
870 5051 1024 5112 fides
1054 5049 1349 5112 catholica
1382 5055 1445 5111 et
1474 5049 1626 5112 fides

158 5131 517 5220 miraculorum,
565 5163 681 5206 sen
735 5144 892 5206 fides
944 5143 1329 5224 particularis
1367 5143 1433 5204 in
1482 5161 1628 5205 vera

160 5229 441 5298 revelatione
474 5236 762 5314 fundata,
813 5237 1222 5299 essentialiter
1269 5254 1396 5298 non
1446 5235 1623 5298 diffe-

160 5327 278 5394 runt,
298 5329 377 5386 sai
406 5331 467 5390 in
490 5331 707 5412 aliquo
754 5331 936 5393 modo
966 5327 1369 5407 accidentali3
1401 5336 1463 5390 et
1490 5329 1629 5390 ideo

170 5407 341 5494 Paulus,
372 5419 427 5481 in
458 5423 739 5487 discursu
767 5424 933 5486 illius
960 5423 1203 5504 capitiS,
1245 5423 1322 5484 de
1349 5422 1471 5483 illis
1500 5440 1631 5483 om·

164 5503 285 5568 ”ihm
302 5512 393 5574 sub
408 5518 612 5580 eadem
632 5517 1007 5582 definitione
1029 5515 1324 5598 loquitur.
1348 5515 1629 5598 Denique

3171 383 3284 450 169

1717 486 1853 547 sine
1897 484 2088 548 dubio
2129 488 2350 548 Paulus
2395 487 2472 549 de
2517 492 2660 550 actu
2704 486 2850 549 fidei
2897 487 3284 568 potissimum

1720 579 2018 660 loquitur,
2039 580 2224 644 facile
2251 587 2460 644 tamen
2488 581 2687 662 potuit
2715 580 3012 654 definitio,
3041 588 3286 646 servata

1720 677 2138 756 proportione,
2175 675 2252 738 ad
2285 674 2566 736 habitum
2595 674 2916 756 applicari.

1799 771 1861 832 4.
1906 769 2176 832 Dubium
2215 769 2553 844 secundum,
2581 770 2784 850 qualia
2810 770 2895 832 sit
2935 769 3050 832 illa
3087 769 3283 833 Pauli

1720 863 2061 942 descriptio.
2085 898 2164 908 —
2197 861 2480 943 opinatio
2523 863 2781 928 Eraemi
2810 863 3049 944 ejusque
3075 864 3284 928 suasio

1714 957 2028 1036 prima.—
2049 953 2436 1020 Secunda.—
2460 956 2782 1019 Tertia.—
2813 956 2963 1023 Vera
2991 957 3164 1020 dubii
3189 976 3284 1020 re-

1718 1049 2357 1125 soluti0.-Secund0,
2386 1048 2751 1129 explicanda
2781 1055 2874 1111 est
2897 1050 3032 1129 ipsa
3061 1050 3285 1112 descri-

1719 1143 1849 1224 ptio
1877 1165 1891 1204 t
1925 1162 2074 1205 nam
2110 1143 2400 1204 Erasmus
2426 1143 2614 1204 etiam
2645 1141 2782 1204 vult
2808 1160 2934 1204 non
2975 1161 3106 1204 esse
3134 1142 3284 1204 defi·

1720 1236 2048 1312 uitionem,
2069 1235 2176 1296 sed
2197 1235 2446 1297 laudem
2465 1234 2822 1315 quamdam,
2843 1240 2906 1295 et
2927 1235 3281 1297 encomium

1718 1329 1885 1391 fidei.
1914 1331 1991 1390 Et
2019 1335 2220 1410 potest
2251 1327 2496 1390 suaderi
2524 1329 2726 1407 primo
2753 1346 2770 1390 ε
2796 1328 2940 1408 quia
2969 1328 3152 1390 datur
3171 1347 3305 1408 per,

1718 1423 2040 1503 quidpiam
2092 1423 2506 1484 extrinsecum
2550 1419 2719 1496 fidei,
2765 1418 2948 1500 quale
2991 1428 3106 1496 est,
3151 1440 3282 1486 esse

1718 1515 2129 1577 substantiam
2179 1532 2390 1577 rerum
2447 1513 2913 1592 sperandarum.
2975 1515 3278 1590 Secundo,

1717 1609 1868 1689 qnia
1919 1627 2047 1669 non
2097 1613 2192 1670 est
2223 1606 2548 1688 adaequata
2598 1605 2782 1684 fidei3
2811 1614 2883 1668 ut
2923 1609 3090 1669 enim
3126 1607 3286 1670 dixit

1716 1701 2120 1779 Augustinus,
2153 1700 2298 1763 dict.
2331 1719 2465 1781 cap.
2499 1700 2539 1762 8
2569 1699 2933 1780 Enchyrid„
2967 1719 3103 1780 spes
3144 1707 3282 1764 tan-

1716 1799 1853 1854 tum
1872 1801 1964 1855 est
1986 1793 2063 1855 de
2089 1793 2270 1855 bonis
2293 1793 2572 1856 nondum
2593 1791 2844 1868 habitis,
2871 1799 2932 1854 et
2949 1793 3281 1873 aliquando

1714 1885 1940 1948 futuris
1955 1909 1974 1964 3
2002 1885 2153 1948 fides
2180 1891 2387 1949 autem
2421 1893 2516 1948 est
2551 1886 2740 1948 etiam
2781 1885 2858 1948 de
2886 1887 3088 1962 malie,
3115 1894 3178 1948 et
3204 1887 3282 1950 de

1716 1980 1903 2041 rebus
1959 1980 2386 2056 existentibus,
2437 1981 2625 2042 etiam
2677 1998 2816 2060 quae
2866 1979 2944 2040 ad
2996 1998 3109 2042 nos
3153 1999 3284 2044 non

1717 2073 2057 2153 pertinent.
2087 2073 2320 2149 Tertio,
2348 2073 2494 2152 quia
2528 2078 2656 2133 tota
2685 2071 2794 2134 illa
2834 2073 3160 2154 descriptio
3191 2075 3283 2136 vie·

1713 2166 1895 2228 detur
1924 2165 2072 2228 fidei
2107 2166 2397 2229 humanas
2427 2167 2782 2228 convenire.
2824 2168 2906 2227 At
2936 2184 3084 2230 vero
3113 2186 3282 2230 com·

1714 2257 1993 2321 munitet
2048 2259 2333 2320 Doctores
2386 2257 2558 2320 illam
2613 2258 2932 2321 declarant
2983 2265 3282 2339 tanquam

1717 2351 2030 2430 propriam
2057 2351 2201 2413 fidei
2231 2351 2680 2426 definitionem,
2704 2353 2776 2414 D.
2807 2351 3104 2429 Thomas,
3132 2355 3196 2414 2.
3215 2355 3280 2428 Ξ,

1714 2450 1934 2523 quoest.
1971 2445 2036 2517 4,
2062 2445 2244 2506 artic.
2281 2448 2338 2519 1,
2378 2451 2441 2504 et
2468 2443 2554 2505 ibi
2590 2445 2918 2524 cajetanus
2960 2451 3022 2509 et
3048 2447 3190 2523 alii3
3220 2455 3285 2508 et

1714 2537 1882 2614 Soto,
1917 2540 1943 2598 1
1988 2536 2066 2598 de
2105 2537 2324 2598 Natur.
2363 2544 2425 2599 et
2461 2537 2660 2614 Grat.,
2691 2557 2826 2618 cap.
2868 2541 2940 2615 73
2977 2537 3082 2600 alii
3109 2539 3284 2601 scho-

1715 2629 1917 2690 lastici
1955 2648 2094 2691 cum
2133 2629 2452 2708 Magistro,
2489 2631 2555 2690 in
2595 2633 2658 2706 3,
2693 2631 2966 2693 distinct.
3008 2633 3088 2694 23
3100 2647 3121 2709 3
3168 2631 3284 2694 Bo·

1716 2729 2087 2798 naventura,
2119 2723 2295 2784 artic.
2330 2725 2389 2800 1,
2421 2729 2634 2804 quaest.
2665 2725 2700 2786 5
2717 2746 2732 2798 3
2765 2723 3074 2796 AlbertuS,
3103 2726 3278 2788 artic.

1718 2817 1830 2894 183
1863 2817 2230 2889 Ricliardu5‚
2258 2818 2433 2878 artic.
2469 2820 2527 2892 4,
2559 2824 2777 2898 quaest.
2805 2821 2831 2878 1
2856 2833 2877 2895 ;
2904 2817 3279 2897 PalndanuS,

1714 2924 1934 2989 quaest.
1969 2913 2042 2988 43
2081 2909 2352 2987 Gabriel,
2382 2917 2595 2992 quaest.
2628 2911 2690 2986 2,
2721 2918 2782 2971 et
2813 2911 3032 2992 Major,
3062 2918 3278 2994 quaest.

1716 3005 1755 3065 8
1766 3019 1787 3080 3
1820 3003 2116 3065 Alexand.
2150 3004 2386 3079 Alcas„
2418 3005 2454 3064 3
2488 3008 2676 3082 part„
2707 3010 2922 3082 quaest.
2951 3005 3055 3080 68,
3085 3022 3281 3066 mem-

1712 3094 1825 3157 bro
1856 3097 1918 3173 5,
1948 3103 2067 3157 art.
2100 3097 2164 3171 Ξ,
2193 3101 2255 3156 et
2283 3095 2558 3176 plerique
2585 3096 2982 3173 recentioreS,
3012 3097 3120 3159 illo
3147 3097 3280 3158 loco

1715 3189 1912 3264 Pauli,
1940 3197 2002 3250 et
2025 3189 2362 3250 novissime
2386 3196 2570 3268 atque
2597 3195 2885 3250 accurate
2913 3197 3121 3252 noster
3145 3189 3176 3250 J
3185 3209 3282 3252 us-

1712 3282 1964 3358 tinian.,
1991 3301 2030 3342 a
2064 3301 2188 3361 qua
2225 3284 2534 3344 sententia
2561 3283 2970 3344 recedendum
2998 3301 3124 3344 non
3163 3289 3278 3360 est,

1715 3394 1856 3436 cum
1885 3375 1965 3436 sit
1990 3377 2359 3452 communis,
2382 3380 2444 3436 et
2465 3376 2655 3455 possit
2684 3377 3006 3437 commode
3025 3377 3272 3456 exponi.

1794 3471 1855 3531 ὃ.
1900 3470 2206 3533 Resolutio
2240 3471 2353 3531 duo
2398 3469 2653 3546 astruit,
2684 3475 2738 3531 et
2767 3470 2945 3547 fidem
2978 3471 3281 3540 definiisse

1714 3561 2007 3638 Paulum,
2046 3567 2100 3623 et
2123 3563 2467 3643 principale
2495 3563 2624 3643 ejus
2659 3580 2876 3624 munus
2920 3561 3276 3626 declarasse.

1713 3689 1793 3700 -
1819 3655 1964 3716 Dico
1995 3674 2142 3734 ergo
2174 3655 2262 3715 ibi
2294 3653 2550 3716 Paulum
2583 3660 2645 3715 et
2673 3653 3008 3730 definiisse,
3037 3673 3146 3717 seu
3177 3655 3280 3716 de-

1712 3749 2022 3828 scripsisse
2049 3747 2234 3810 fidem
2267 3749 2371 3825 (ut
2398 3747 2671 3828 loquitur
2700 3747 3042 3810 Concilium
3083 3749 3278 3809 Aran-

1718 3839 1997 3900 sicanum
2038 3841 2280 3921 snpra),
2326 3845 2388 3900 et
2427 3839 2760 3919 quemdam
2794 3839 3080 3901 effectum
3121 3841 3278 3919 ejuS,

1726 3951 1828 3994 seu
1874 3951 2104 3994 munus
2145 3940 2206 3994 et
2246 3933 2540 4009 offis-ium,
2572 3939 2821 4013 propter
2847 3932 3012 4013 quod
3048 3931 3281 4015 princi-

1718 4026 1940 4108 paliter
1981 4025 2184 4102 datur,
2231 4026 2592 4087 declarasse.
2639 4026 2812 4087 Prior
2850 4043 2994 4107 pars
3031 4025 3280 4086 videtur

1714 4120 1872 4182 mihi
1901 4120 2284 4200 potissimum
2315 4118 2615 4181 contineri
2641 4121 2707 4180 in
2742 4118 2866 4179 illis
2904 4118 3140 4180 verbis:
3173 4137 3276 4179 ar-

1711 4222 2056 4298 gumentum
2097 4233 2216 4275 non
2245 4215 2709 4292 apparentium;
2732 4231 2881 4274 nam
2923 4230 3043 4273 vox
3093 4230 3280 4292 arqu-

1712 4314 1974 4370 mentum
2019 4307 2181 4368 idem
2220 4307 2547 4385 significat,
2579 4304 2743 4386 quod
2791 4305 3040 4366 firmum
3073 4323 3280 4366 asseu-

1715 4419 1877 4475 sum,
1909 4400 2036 4460 sive
2064 4401 2364 4473 dicamuS‚
2387 4399 2564 4478 juxta
2594 4398 2771 4460 latini
2804 4397 2976 4459 verbi
3006 4401 3279 4479 proprie-

1713 4499 1929 4568 tatem,
1969 4493 2232 4572 positam
2275 4511 2403 4552 esse
2454 4509 2701 4552 causam
2753 4508 2862 4572 pro
2915 4491 3158 4566 effectu,
3209 4497 3284 4551 ut

1714 4585 2043 4646 Anselmus
2075 4591 2136 4645 et
2168 4585 2236 4645 D.
2265 4581 2528 4646 Thomas
2557 4582 2880 4660 dixerunt;
2915 4603 3064 4644 nam
3095 4601 3280 4663 arqu-

1716 4685 1973 4742 mentum
2004 4677 2123 4738 dici
2153 4677 2305 4738 solet
2334 4679 2530 4738 oratio
2563 4677 2654 4738 rei
2696 4675 2902 4736 dubiae
2945 4675 3176 4737 faciens
3207 4675 3280 4736 fi-

1716 4771 1889 4846 dem3
1926 4772 2077 4846 sive,
2102 4762 2440 4850 juxta'vim
2477 4787 2691 4849 graecae
2721 4769 2908 4843 vocis,
2939 4778 3152 4844 ἔλεγχος,
3185 4769 3281 4830 in·

1716 4870 2154 4944 terpretemur,
2177 4863 2739 4925 manifestationem
2767 4880 2875 4924 seu
2906 4861 3281 4924 determina·

1718 4959 1975 5031 tionem,
2024 4963 2094 5018 ut
2133 4955 2626 5036 chrysostomus,
2673 4953 3169 5036 Theophylactus
3217 4962 3281 5016 et

1716 5050 1820 5112 alii
1847 5049 2040 5112 Graeci
2085 5049 2445 5128 loquuntur,
2477 5049 2605 5110 sive
2647 5048 3148 5128 conjunctionem
3182 5048 3280 5109 in-

1712 5143 2014 5217 tellectus,
2064 5151 2136 5202 ut
2173 5142 2447 5222 loquitur
2490 5142 2896 5221 Augustinus.
2946 5143 3063 5204 Per
3105 5139 3279 5203 illam

1714 5253 1863 5314 ergo
1903 5234 2270 5316 particulam
2302 5235 2720 5313 significatum
2762 5242 2856 5296 est
2897 5255 2937 5297 a
2963 5234 3178 5310 Paulo,
3208 5241 3280 5294 ut

1714 5334 2033 5408 exponunt
2057 5328 2290 5404 Sancti,
2315 5328 2656 5408 praesertim
2685 5327 3179 5410 chrysostomus,
3205 5327 3278 5388 fi-

1711 5423 1853 5484 dem
1876 5422 2102 5484 debere
2119 5439 2252 5482 esse
2269 5439 2587 5483 assensum
2619 5439 2746 5482 non
2783 5421 2992 5483 minus
3017 5419 3272 5483 firmum
3344 5447 3354 5456 ·

1709 5521 1773 5576 et
1798 5521 2061 5592 certum,
2090 5532 2278 5593 quam
2306 5513 2385 5574 sit
2409 5531 2692 5575 assensus
2717 5513 2992 5591 evidens,
3019 5531 3142 5596 quo
3172 5513 3271 5576 in·
