3900 6217
730 368 900 466 secr.
937 414 1019 465 Ν.
1056 413 1141 465 ΑΝ
1175 414 1406 477 ALIQUA
1436 410 1745 467 anmTAs
1778 411 1902 463 VIAE
1934 410 2145 465 Possm·
2177 412 2328 465 ESSE
2359 412 2658 476 AEQUAMS,
2692 412 2828 465 E‘rc.

3261 408 3381 469 655

192 520 369 596 patet,
402 514 547 595 quia
587 520 798 575 manet
829 514 995 575 idem
1028 533 1289 576 numero
1326 514 1611 591 habitu33
1643 531 1735 573 er·
1815 510 1949 571 loco
1979 514 1992 550 ¹
2023 534 2042 587 3
2069 518 2242 574 actus
2294 520 2504 575 autem
2537 513 2711 574 Beati
2739 529 2864 573 non
2892 511 3130 573 excedit
3173 512 3384 575 latitu-

191 627 263 689 go
285 615 342 671 et
370 607 597 687 gradus
650 607 1057 680 intensionis;
1092 626 1240 669 nam
1271 608 1337 669 bi
1382 607 1608 686 gradus
1638 603 1738 666 vel
1817 603 2030 665 dinem
2063 604 2328 667 habituS.
2378 606 2693 685 Oppones:
2749 605 3048 686 gaudium
3096 606 3216 667 viae
3253 626 3385 668 non

192 721 307 763 non
352 706 497 761 sunt
544 700 665 760 nisi
714 700 1139 779 designatione
1192 701 1441 777 mentiS,
1467 699 1566 761 vel
1592 698 1643 761 si
1669 717 1737 759 re
1818 702 2019 775 potest
2047 714 2179 759 esse
2205 698 2294 759 ita
2318 699 2658 772 intensum,
2688 716 2760 759 ac
2786 698 3082 776 gaudium
3115 701 3330 778 patriae
3359 716 3380 779 3

193 796 310 871 ipsa
337 792 825 871 distinguuntur,
855 801 1001 855 sunt
1050 796 1227 875 quasi
1262 802 1461 875 partes
1518 794 1737 853 entita·
1818 788 2113 850 fundatur
2129 790 2294 851 enim
2315 791 2385 851 in
2407 809 2512 870 spe
2532 809 2547 862 3
2568 808 2701 870 spes
2714 793 3200 866 autem,ratione
3217 792 3384 871 obJe,

194 888 325 945 tivse
371 885 538 947 illius
566 885 816 947 babitus
837 903 858 965 3
902 887 1010 948 ubi
1059 896 1267 949 autem
1317 894 1520 947 totum
1572 886 1741 946 idem

192 996 441 1039 numero
460 990 693 1051 manet,
713 987 968 1041 manent
985 982 1216 1042 eaedem
1230 998 1491 1041 numero
1509 984 1733 1059 parteS.

192 1071 480 1147 Secund0,
511 1070 761 1133 effectus
774 1072 1051 1135 formalis
1084 1074 1403 1134 charitatis
1420 1074 1536 1132 viae
1562 1079 1623 1133 et
1637 1091 1744 1151 pa-

192 1168 315 1225 triae
340 1171 430 1225 est
458 1165 647 1237 idem,
671 1167 819 1245 quia
849 1185 975 1227 una
1002 1168 1203 1228 torma
1243 1186 1366 1227 non
1415 1166 1601 1227 habet
1624 1165 1745 1225 nisi

198 1274 384 1317 unum
414 1256 703 1319 effectum
747 1258 1096 1336 formalem,
1141 1279 1281 1322 cum
1336 1260 1441 1321 ille
1472 1277 1600 1320 non
1640 1259 1742 1334 sit,

194 1352 305 1411 nisi
330 1351 607 1413 adhaesio
626 1360 688 1413 et
709 1352 1069 1415 informatio
1094 1353 1311 1415 formae
1336 1355 1403 1415 in
1432 1345 1744 1431 subjecto3

196 1462 331 1523 ergo
356 1449 416 1504 et
449 1445 719 1507 intensio
758 1453 849 1508 est
894 1448 1148 1509 omnino
1176 1448 1415 1521 eadem,
1446 1465 1594 1508 nam
1618 1446 1748 1507 haec

194 1555 311 1597 non
338 1536 742 1619 distinguitur
768 1540 847 1601 ab
874 1541 1005 1619 ipsa
1035 1540 1235 1601 forma
1250 1546 1313 1599 et
1335 1540 1557 1601 effectu
1577 1539 1747 1618 ejus3

195 1649 321 1709 quae
348 1632 509 1692 ratio
536 1634 907 1709 generaliter
934 1634 1177 1712 probat,
1211 1633 1458 1695 nonnisi
1499 1634 1749 1693 unicam

194 1725 491 1785 rationem
521 1725 887 1787 intensionis
910 1746 1086 1806 posse
1114 1726 1381 1805 intelligi
1426 1727 1493 1787 in
1522 1725 1741 1799 forma,

195 1834 321 1893 quae
348 1835 473 1877 una
504 1825 619 1889 est,
652 1826 715 1880 et
754 1819 956 1880 eidem
980 1817 1255 1899 subjecto
1288 1824 1417 1880 tota
1464 1818 1741 1879 inhaeret.

194 1911 403 1983 Tertio,
462 1912 688 1989 gratia,
728 1931 867 1993 quae
922 1920 1012 1975 est
1055 1915 1124 1974 in
1180 1914 1442 1975 essentia
1490 1912 1742 1981 animae,

194 2003 466 2063 eamdem
498 2006 908 2067 intensionem
940 2006 1126 2069 habet
1171 2007 1239 2068 in
1279 2008 1381 2067 via
1416 2012 1479 2068 et
1524 2008 1745 2087 patria,

194 2114 323 2155 cum
352 2095 459 2157 illa
490 2098 737 2177 (utpote
780 2099 1066 2161 distincta
1091 2117 1130 2160 a
1156 2100 1453 2161 charitate
1495 2119 1571 2161 ex
1610 2100 1749 2178 opi-

194 2189 369 2249 nione
397 2190 590 2251 etiam
620 2191 936 2271 Cajetani)
963 2212 1091 2255 non
1116 2194 1402 2273 respiciat
1417 2191 1747 2271 objectum,
1774 2242 1791 2259 .

194 2281 346 2341 unde
374 2281 535 2360 fingi
584 2288 776 2363 possit
823 2285 929 2346 illa
981 2286 1210 2366 duplex
1252 2287 1551 2361 intensio;
1602 2303 1751 2363 ergo

194 2372 347 2434 idem
376 2376 495 2435 erit
530 2376 604 2436 de
632 2377 959 2450 charitate,
988 2385 1137 2459 quia
1164 2380 1381 2458 gratiae
1407 2379 1753 2459 proportio-

196 2474 386 2527 natur.
415 2468 697 2531 Tandem
723 2471 973 2532 habitus
994 2472 1311 2533 charitatis
1338 2473 1508 2552 prius
1529 2480 1754 2534 natura

194 2559 556 2639 intelligitur
574 2563 639 2623 in
672 2581 735 2625 se
762 2564 1068 2645 perfectus
1095 2568 1161 2626 in
1191 2568 1400 2641 Beat0,
1434 2583 1621 2645 quam
1656 2567 1751 2626 in-

196 2652 503 2731 telligatur
524 2657 593 2717 in
616 2656 723 2717 illo
742 2658 899 2717 visio
938 2659 1082 2735 Dei;
1123 2677 1270 2737 ergo
1298 2660 1367 2719 in
1403 2659 1511 2719 illo
1538 2677 1751 2720 secun-

195 2745 335 2805 dum
367 2765 430 2808 se
469 2766 600 2809 non
646 2755 737 2809 est
784 2752 1047 2811 varietas
1099 2750 1461 2812 intensionis
1474 2768 1497 2829 3
1528 2769 1673 2813 nam
1698 2752 1750 2813 si

193 2857 307 2917 qua
333 2847 447 2916 est,
475 2844 673 2903 oritur
700 2861 776 2903 ex
799 2843 1039 2906 visione
1053 2866 1072 2920 3
1111 2844 1187 2906 et*
1222 2845 1453 2907 eaedem
1480 2846 1753 2907 rationes

199 2934 534 3010 procedunt
561 2935 637 2995 de
668 2937 1015 2999 intensione
1042 2945 1232 2999 actus.
1268 2937 1442 3013 Quod
1470 2938 1522 3001 si
1554 2938 1630 2998 de
1658 2938 1751 2999 in-

192 3026 487 3105 tensione,
542 3035 613 3089 ut
658 3036 861 3091 motus
909 3032 1164 3112 quidam
1229 3039 1341 3107 est,
1396 3030 1747 3111 loquamur,

194 3118 313 3181 haec
341 3122 406 3182 in
440 3124 648 3203 patria
698 3124 872 3186 nulla
913 3130 1025 3201 est,
1061 3126 1171 3187 sed
1216 3128 1283 3186 in
1323 3127 1425 3186 via
1476 3124 1546 3186 fit
1586 3132 1715 3186 tota
1725 3141 1746 3203 3

194 3212 408 3276 deinde
439 3216 494 3276 si
530 3235 653 3297 qua
701 3224 879 3293 esset,
923 3218 1031 3279 illa
1078 3225 1233 3279 esset
1290 3217 1751 3298 proportionata

194 3307 477 3383 termino,
510 3316 694 3389 atque
724 3310 875 3371 adeo
908 3311 1185 3390 ejusdem
1217 3312 1493 3371 rationis.
1525 3310 1663 3370 Dixi
1684 3311 1752 3371 in

194 3401 581 3463 conclusione
603 3404 765 3465 inter
784 3422 868 3480 se,
899 3402 1015 3465 hoc
1042 3410 1155 3480 est,
1180 3403 1593 3485 comparando
1615 3422 1753 3482 gra-

194 3492 300 3553 dns
324 3496 388 3554 in
417 3496 658 3557 diverso
686 3504 851 3558 statu
890 3498 1005 3558 viae
1033 3504 1095 3559 et
1122 3501 1370 3580 patrioe,
1395 3516 1521 3559 non
1544 3503 1753 3558 autem

195 3584 348 3665 ipsos
374 3588 541 3649 inter
563 3608 625 3651 se
654 3592 721 3651 in
756 3591 973 3651 eodem
1002 3596 1186 3651 statu.
1210 3580 1314 3653 'Sic
1342 3592 1509 3653 enim
1535 3608 1754 3651 verum

196 3682 443 3743 omnino
468 3690 757 3761 putamus
792 3684 1048 3746 diversae
1091 3684 1346 3745 rationis
1376 3703 1529 3762 esse,
1576 3690 1649 3743 ut
1685 3684 1753 3744 in

196 3774 533 3856 Metaphys.
587 3778 991 3856 explanatum
1036 3784 1148 3839 est.
1186 3778 1282 3859 (In
1347 3778 1748 3858 Metaphysic.

198 3866 346 3945 disp.
385 3871 448 3945 5,
484 3877 632 3933 sect.
666 3872 726 3948 8,
764 3890 829 3932 n.
864 3873 965 3944 22,
1011 3877 1073 3933 et
1103 3872 1262 3951 disp.
1304 3873 1408 3949 46,
1440 3879 1590 3933 sect.
1626 3875 1687 3949 1,
1716 3889 1755 3933 a

201 3976 262 4020 n.
286 3962 425 4039 30.)

272 4056 330 4115 4.
383 4054 669 4121 Secunda
692 4058 1263 4121 nondecim—Dico
1285 4060 1581 4123 secundo:
1611 4059 1756 4122 cba-

197 4148 339 4211 ritas
372 4158 574 4231 potest
610 4170 737 4213 esse
794 4152 1097 4214 intensior
1144 4153 1213 4213 in
1263 4153 1471 4234 aliquo
1526 4154 1757 4217 viatore

200 4260 377 4321 quam
403 4246 472 4306 in
497 4244 705 4326 aliquo
735 4246 1287 4327 comprehensore3
1311 4246 1429 4309 hoc
1460 4249 1607 4311 satis
1634 4250 1757 4311 ,ὀθ-

198 4338 567 4401 terminatur
601 4341 840 4401 ratione
868 4340 1195 4403 dubitandi
1237 4342 1417 4403 initio
1446 4343 1663 4421 posita,
1695 4348 1758 4405 et

196 4430 360 4491 idem
418 4434 681 4495 suadent
736 4434 935 4497 multa
972 4433 1257 4515 exempla
1291 4436 1636 4512 evidentia3
1664 4436 1759 4497 in·

197 4526 426 4585 tensior
454 4527 623 4587 enim
650 4534 741 4587 est
767 4527 1033 4589 charitas
1056 4530 1124 4589 in
1154 4528 1490 4589 christiano
1506 4530 1759 4589 sanctis-

198 4617 373 4695 simo,
410 4640 599 4700 quam
633 4623 699 4683 in
741 4642 815 4683 eo
848 4624 956 4703 qui
1000 4624 1127 4685 sola
1156 4624 1353 4703 gratia
1406 4622 1759 4702 baptismali

200 4712 360 4773 videt
390 4716 586 4776 Deum
603 4731 625 4795 3
662 4723 723 4777 et
764 4718 931 4779 idem
960 4723 1050 4779 est
1096 4720 1173 4779 de
1213 4720 1595 4781 sanctissima
1626 4720 1760 4779 Vir-

199 4806 373 4882 gine:
412 4826 600 4887 quam
654 4810 1113 4871 conclusionem
1150 4812 1227 4873 de
1270 4812 1471 4890 gratia
1516 4830 1759 4892 quoque

200 4915 307 4957 suo
344 4900 476 4961 loco
519 4901 900 4981 probabilem
951 4904 1300 4965 statuimuS.
1334 4904 1508 4983 (vid.
1540 4904 1583 4965 1.
1620 4906 1661 4967 9
1683 4905 1759 4965 de

130 4998 133 5003 '
200 4991 391 5067 Grat.,
424 5013 475 5055 c.
510 4999 570 5069 6,
604 5016 666 5055 n.
704 4994 839 5077 16.)

284 5086 447 5161 Quid
512 5090 580 5153 de
638 5096 779 5153 actu
840 5090 1185 5155 charitatis.
1230 5124 1313 5138 —
1354 5090 1472 5153 Sed
1524 5110 1759 5171 quaeres

200 5196 279 5239 an
312 5183 602 5260 procedat
640 5182 948 5245 conclusio
996 5202 1123 5246 non
1176 5183 1373 5243 solnm
1414 5185 1489 5245 «le
1515 5183 1755 5257 babitu,

200 5274 301 5334 sed
332 5276 519 5337 etiam
543 5278 620 5337 de
648 5282 811 5338 actu.
844 5276 1270 5357 Respondetur
1298 5276 1763 5356 dentroquein-

200 5367 595 5447 telligendam
627 5388 779 5447 esse,
806 5370 953 5449 quia
980 5371 1182 5430 viator
1198 5375 1401 5447 potest
1428 5368 1645 5431 elicere
1662 5388 1761 5431 ac-

203 5466 335 5521 tum
356 5480 528 5542 aeque
558 5464 876 5525 intensum
905 5460 1183 5537 ha'bitui3
1208 5470 1271 5523 et
1303 5474 1451 5523 s‘ane
1474 5462 1551 5523 de
1574 5462 1762 5525 Beata

208 5552 455 5639 Virgine
486 5557 551 5637 id
580 5557 993 5619 certissimum
1035 5562 1148 5633 est,
1198 5562 1269 5617 ut
1320 5556 1504 5617 latius
1537 5559 1601 5619 in
1650 5574 1761 5617 suo

1821 883 1903 943 cti
1918 880 2188 943 absentis
2203 882 2658 962 aliquantulum
2679 882 2921 963 affligit,
2944 884 3105 945 unde
3125 888 3386 947 remittit

1823 974 2141 1051 gaudium.
2172 975 2291 1035 Sed
2314 976 2598 1054 neganda
2619 982 2710 1037 est
2736 978 3194 1056 consequentia,
3237 978 3387 1057 quia

1824 1066 2124 1145 gaudium
2177 1068 2293 1127 viae
2322 1068 2511 1130 habet
2561 1068 2812 1148 aliquod
2872 1070 3386 1150 impedimentum

1824 1159 1990 1238 quod
2023 1178 2149 1221 non
2180 1160 2368 1221 babet
2396 1179 2592 1222 amor.
2622 1162 2924 1237 Secundo,
2958 1181 3119 1241 nego
3147 1178 3389 1224 antece-

1825 1253 1977 1313 dens
1997 1253 2306 1332 loquendo
2336 1254 2411 1315 de
2440 1273 2592 1334 puro
2617 1255 2843 1333 gaudio
2868 1255 3184 1317 charitatis
3192 1272 3213 1333 3
3235 1255 3392 1316 illud

1828 1346 1998 1407 enim
2022 1363 2138 1405 nec
2159 1353 2250 1407 est
2277 1346 2352 1407 de
2375 1346 2540 1408 bono
2568 1348 2832 1422 absenti,
2861 1366 2972 1409 nec
2997 1348 3295 1408 fundatur
3323 1350 3392 1407 in

1828 1458 1958 1517 spe,
1989 1439 2135 1517 quia
2169 1447 2261 1500 est
2286 1441 2364 1501 de
2391 1439 2555 1500 bono
2582 1440 2747 1519 quod
2767 1459 2833 1501 re
2859 1440 2992 1520 ipsa
3017 1446 3107 1501 est
3135 1442 3202 1500 in
3228 1440 3388 1513 De03

1830 1532 1882 1593 si
1914 1549 2061 1591 vero
2095 1550 2297 1592 sermo
2330 1532 2410 1593 sit
2437 1534 2513 1593 de
2535 1534 2761 1611 gaudio
2790 1552 2866 1593 ex
2897 1550 3025 1614 spe,
3061 1550 3394 1612 argumen-

1828 1631 1963 1685 tum
1992 1642 2118 1683 non
2143 1632 2234 1684 est
2267 1625 2343 1685 ad
2375 1626 2778 1705 propositum,
2816 1626 3098 1705 quumvis
3141 1627 3395 1689 fortasse

1828 1715 1946 1776 boc
1975 1719 2163 1777 etiam
2213 1718 2399 1796 possit
2426 1736 2555 1779 esse
2605 1718 2931 1792 intensius,
2973 1719 3136 1798 quod
3173 1721 3396 1781 attinet

1826 1810 1903 1869 ad
1958 1811 2354 1871 latitudinem
2408 1813 2737 1889 graduum.
2786 1812 2960 1873 Unde
3009 1812 3397 1875 concluditur

1826 1904 2050 1965 falsum
2093 1924 2225 1967 esse
2269 1906 2435 1985 quod
2483 1906 2814 1985 Cajetanus
2865 1906 2981 1967 sibi
3023 1904 3390 1983 assumebat,

1827 1997 1927 2058 vel
1981 1998 2306 2059 minimam
2367 1998 2731 2059 charitatem
2807 2000 3024 2077 patriae
3081 1999 3398 2061 includere

1829 2110 2082 2153 omnem
2113 2093 2580 2172 perfectionem,
2625 2095 2813 2153 etiam
2842 2110 3100 2154 summae
3129 2093 3397 2154 charita·

1830 2186 1909 2245 tis
1957 2186 2096 2261 viae,
2128 2186 2274 2264 quia
2321 2205 2449 2245 non
2492 2185 2753 2247 includit
2800 2203 3050 2247 omnem
3100 2187 3400 2248 intensio·

1832 2296 2001 2354 nem,
2030 2298 2167 2357 quae
2204 2284 2296 2339 est
2334 2281 2608 2341 maxima
2633 2280 2950 2360 perfectio.

1912 2374 1974 2433 5.
2026 2372 2239 2435 Tertia
2266 2373 2828 2436 conclusio—Dico
2855 2374 3073 2434 tertio:
3110 2374 3401 2454 probabi—

1831 2464 1889 2526 le
1934 2473 2032 2527 est
2069 2467 2136 2525 in
2178 2484 2304 2527 uno
2347 2470 2410 2526 et
2450 2466 2666 2527 eodem
2717 2465 2995 2546 subjecto
3038 2468 3401 2529 chanitatem

1831 2559 2048 2639 patriae
2097 2578 2224 2619 non
2265 2559 2554 2621 excedere
2599 2560 2666 2619 in
2708 2559 3052 2621 intensione
3091 2579 3399 2621 summam

1833 2650 2197 2713 charitatem
2228 2669 2418 2731 quam
2461 2652 2530 2713 in
2573 2652 2674 2711 via
2711 2650 2951 2727 habuit,
2992 2651 3137 2713 licet
3176 2654 3242 2713 in
3283 2653 3402 2713 bac

1829 2763 1897 2806 re
1960 2744 2120 2807 nihil
2182 2746 2358 2806 certi'
2381 2745 2482 2805 sit.
2539 2744 2772 2806 Pendet
2817 2746 2985 2805 enim
3036 2764 3112 2807 ex
3161 2745 3402 2807 duabus

1830 2838 2296 2916 quaestionibus»,
2339 2856 2422 2899 an
2465 2838 2688 2899 merita
2734 2838 3104 2900 mortificata
3144 2838 3402 2899 revivis-

1831 2940 1974 2991 cant
1989 2932 2014 2968 2
2035 2954 2052 3007 3
2075 2931 2311 2992 sienim
2326 2950 2455 2994 non
2474 2931 2877 3007 reviviscunt,
2901 2932 3009 2993 fiet
3032 2933 3181 2991 utin
3200 2932 3401 3011 patria

1830 3042 1958 3085 non
1979 3024 2204 3086 babeat
2233 3026 2598 3085 charitatem
2625 3025 2715 3085 ita
2741 3024 3072 3101 intensam,
3095 3026 3146 3085 is
3174 3026 3281 3105 qui
3309 3032 3400 3087 te·

1830 3118 1975 3200 pide
1999 3120 2268 3181 surrexit
2295 3138 2334 3181 a
2373 3126 2647 3199 peccam,
2676 3124 2738 3179 et
2765 3120 3157 3198 postmodum
3185 3120 3342 3181 obiit
3376 3140 3393 3195 ;

1831 3212 1937 3274 sed
1975 3212 2356 3293 probabilius
2397 3218 2490 3273 est
2513 3212 2900 3275 reviviscere.
2934 3212 3142 3273 Altera
3171 3220 3282 3289 est,
3313 3232 3396 3275 an

1832 3313 2241 3386 augmentum
2270 3306 2434 3385 quod
2470 3306 2800 3384 respondet
2839 3306 3076 3367 actibus
3103 3308 3395 3383 remissis,

1833 3402 2015 3463 detur
2042 3402 2292 3478 statim;
2319 3401 2370 3461 si
2402 3402 2570 3461 enim
2597 3417 2724 3460 non
2761 3400 2947 3460 datur
2971 3400 3202 3475 statim,
3231 3402 3398 3462 acci-

1834 3493 1927 3553 dit
1964 3494 2160 3553 multa
2190 3494 2410 3555 merita
2443 3511 2569 3554 non
2593 3510 2725 3554 esse
2759 3490 2962 3553 soluta
2988 3491 3056 3552 in
3094 3492 3210 3553 hac
3241 3494 3392 3569 vita,

1836 3594 2022 3667 atque
2050 3588 2118 3648 in
2146 3587 2416 3648 termino
2435 3586 2556 3649 viae
2585 3586 2684 3648 vel
2717 3586 2895 3646 initio
2920 3586 3134 3665 patriae
3160 3588 3402 3649 intendi

1836 3680 2038 3760 magis
2088 3681 2452 3741 charitatem
2477 3701 2496 3756 ;
2544 3694 2834 3741 coeterum
2884 3677 3266 3759 probabilius
3309 3686 3406 3741 est

1835 3775 2044 3835 statim
2073 3774 2207 3834 dari
2227 3772 2274 3835 ³.
2305 3773 2411 3833 His
2437 3772 2854 3853 opinionibus,
2880 3778 2952 3831 ut
2980 3772 3404 3848 probabiliori·

1833 3865 1949 3927 bus
1969 3868 2204 3947 positis,
2231 3866 2404 3947 sequi
2413 3872 2534 3942 tur,
2557 3865 2920 3927 charitatem
2943 3864 3012 3925 in
3033 3865 3250 3926 eodem
3274 3883 3404 3925 non

1835 3979 1967 4023 esse
1996 3961 2396 4021 intensiorem
2421 3960 2488 4020 in
2511 3960 2734 4039 patria,
2757 3976 2947 4037 quam
2967 3958 3244 4019 fueritin
3265 3959 3366 4019 via
3376 3974 3401 4036 3

1836 4061 2023 4133 atque
2054 4056 2142 4115 ita
2169 4056 2357 4115 sentit
2385 4054 2575 4131 Vega,
2600 4052 2646 4113 l.
2681 4052 2756 4113 15
2784 4052 2851 4112 in
2879 4050 3183 4127 Trident.‚
3209 4068 3265 4112 c.
3301 4053 3401 4127 15,

1837 4147 1947 4224 qui
1974 4146 2353 4207 contrarium
2374 4146 2615 4225 judicat
2639 4162 3006 4220 erroneum3
3034 4144 3140 4205 sed
3167 4142 3406 4223 rigoro-

1838 4258 1942 4300 sus
1974 4246 2248 4319 putatur,
2291 4256 2434 4300 cum
2474 4239 2539 4301 id
2570 4237 2836 4318 pendeat
2863 4256 2940 4299 ex
2968 4238 3400 4317 opinionibns;

1838 4332 2123 4413 quinimo
2146 4379 2166 4408 ,
2231 4334 2445 4415 positis
2493 4332 2589 4393 his
2635 4348 2772 4411 quae
2829 4330 3098 4392 diximus
3123 4375 3139 4404 ,
3183 4337 3246 4392 et
3281 4331 3405 4391 alia

1838 4427 2129 4506 opimone
2175 4425 2576 4505 Theologica,
2624 4444 2764 4505 quae
2813 4425 2964 4486 dicit
3010 4424 3207 4485 Deum
3253 4442 3406 4503 prae-

1838 4521 2034 4581 miare
2075 4520 2238 4581 ultra
2288 4519 2690 4599 condignum,
2740 4525 2945 4598 posset
2989 4518 3054 4578 in
3092 4517 3406 4597 proposito

1840 4614 1965 4675 dici
1991 4616 2186 4676 Deum
2216 4614 2282 4675 in
2316 4618 2417 4675 via
2443 4630 2673 4691 augere
2700 4612 3094 4687 charitatem,
3116 4613 3296 4689 juxta
3323 4610 3407 4671 ri-

1839 4726 2055 4788 gorem
2103 4709 2464 4769 meritorum
2481 4722 2502 4785 3
2543 4706 2695 4767 illud
2731 4712 2964 4781 autem,
3011 4704 3176 4785 quod
3221 4704 3406 4763 datur

1838 4802 2006 4863 ultra
2027 4802 2342 4878 meritum,
2369 4800 2516 4881 quia
2537 4805 2628 4861 est
2654 4817 2732 4859 ex
2759 4799 2868 4860 Dei
2895 4797 3289 4872 liberalitate,
3311 4814 3407 4856 so-

1838 4895 1972 4956 lum
1999 4896 2134 4957 dari
2153 4896 2219 4956 in
2253 4897 2532 4973 ingressu
2551 4894 2787 4974 patriae,
2817 4912 3018 4974 neque
3047 4894 3227 4955 aliter
3250 4889 3408 4950 illud

1837 4990 2026 5051 fuisse
2053 4989 2448 5069 promissum,
2473 4995 2534 5050 et
2555 4988 2672 5047 boc
2700 4988 2898 5066 posito
2925 5005 3167 5066 semper
3194 4984 3314 5045 erit
3336 4984 3405 5044 in

1840 5084 2060 5145 eodem
2101 5084 2403 5145 intensior
2443 5081 2712 5144 charitas
2751 5081 2818 5141 in
2851 5082 3074 5161 patria,
3107 5095 3293 5159 quam
3339 5077 3406 5136 in

1926 5275 1944 5311 ¹
1985 5274 2180 5333 Tomo
2209 5271 2284 5333 de
2309 5272 2448 5332 Vita
2478 5268 2724 5342 Christi,
2772 5266 2928 5346 disp.
2954 5267 3054 5339 18,
3087 5270 3230 5326 sect.
3258 5266 3320 5327 4.

1924 5366 1951 5404 ²
1993 5365 2146 5428 Vide
2173 5365 2240 5425 iu
2269 5365 2488 5444 Opusc.
2520 5362 2913 5423 relectionem
2945 5358 3021 5419 de
3052 5352 3168 5418 ha‘c
3208 5376 3296 5419 re.

1924 5461 1947 5499 ³
1992 5462 2075 5521 De
2102 5460 2218 5520 hac
2245 5460 2406 5543 rein
2445 5456 2590 5517 dict.
2627 5454 2872 5530 relect.,
2909 5461 3057 5515 sect.
3093 5454 3155 5529 3,
3197 5451 3328 5513 etl.
3370 5452 3411 5513 9

1842 5556 1917 5619 de
1951 5556 2146 5630 Grat„
2178 5572 2230 5614 c.
2261 5556 2322 5614 3.
