3900 6217
560 333 680 400 244
1777 341 2015 395 DISPUT.
2051 341 2135 394 lx.
2165 342 2245 396 DE
2277 344 2589 403 EchEsut.

968 627 1471 699 ANNOTATIO
1514 626 1687 696 PRO
1733 626 2046 698 TRIBUS
2091 628 2534 703 SUBJECTIS
2580 633 3368 706 DISPUTATIONIBUS.

568 863 919 950 Sequentes
946 859 1446 952 disputationes,
1477 880 1753 946 nonam,
1786 855 2112 928 decimam
2142 875 2205 930 et
2233 859 2679 949 undecimam,
2711 885 2792 932 ex
2821 863 3044 956 priori
3070 865 3354 934 auctoris
3389 867 3615 936 lectura
3640 872 3727 940 hic

656 973 1039 1064 adjecimus,
1097 996 1169 1042 eo
1215 972 1394 1065 quod
1432 973 1607 1040 inter
1650 974 1792 1063 ejus
1837 997 2038 1066 opera
2095 976 2496 1045 commodior
2551 1001 2618 1045 se
2671 1002 2806 1046 non
2851 979 3043 1048 daret
3099 981 3274 1048 locus
3291 1005 3318 1066 ,·
3353 1004 3547 1073 neque
3577 1007 3726 1054 emm

654 1109 919 1177 oequum
955 1099 1097 1154 erat
1134 1087 1267 1154 illoe
1304 1086 1575 1154 omnino
1614 1097 1691 1152 ut
1712 1087 2038 1177 perirent.
2073 1093 2307 1176 Porro,
2339 1091 2507 1157 sicut
2537 1114 2654 1158 nec
2683 1091 3064 1182 repetendas
3092 1092 3402 1162 duximus
3427 1117 3504 1162 ea:
3531 1097 3726 1168 iisdem

655 1201 1212 1294 disputationibus
1247 1201 1557 1269 sectiones
1594 1201 1777 1282 illas,
1825 1225 1991 1292 quas
2029 1205 2328 1295 superius
2363 1204 2436 1271 in
2471 1205 2599 1272 lzac
2625 1206 2984 1296 posteriori
3015 1207 3288 1296 lectura,
3329 1209 3729 1302 disputatione

653 1317 910 1406 quinta,
956 1339 1037 1384 ex
1075 1315 1402 1396 instituto,
1450 1328 1511 1384 et
1552 1327 1857 1383 accurate
1883 1328 2412 1408 pertractantur,
2455 1320 2554 1388 ita
2591 1344 2706 1389 nec
2745 1321 3110 1390 omittenda
3142 1326 3526 1415 putavimus
3551 1331 3727 1420 plura

653 1452 801 1520 quae
836 1431 909 1498 in
944 1431 1118 1498 lzisce
1155 1428 1711 1520 disputationibus
1735 1481 1755 1516 ,
1798 1452 1979 1498 nona
2018 1441 2079 1498 et
2126 1429 2379 1499 decima
2428 1431 2821 1516 traduntur,
2867 1447 2999 1504 esto
3041 1458 3122 1504 ea·
3159 1437 3242 1504 iis
3279 1461 3410 1506 non
3431 1463 3639 1531 pauca
3673 1446 3728 1511 in

653 1542 1041 1632 Defensione
1068 1541 1230 1634 fidei
1264 1541 1415 1609 libr.
1465 1545 1493 1608 1
1542 1554 1605 1610 et
1645 1545 1680 1608 3
1722 1542 2219 1627 contineantur;
2256 1545 2352 1614 ibi
2383 1569 2676 1636 namque
2712 1558 2943 1616 contra
2987 1549 3326 1620 lzaereticos
3347 1553 3732 1643 peculiariter

652 1680 874 1748 aqens,
910 1659 1139 1728 multis
1164 1657 1488 1750 pepercit,
1520 1681 1667 1750 quoe
1704 1656 1836 1749 ipsi
1865 1657 2070 1747 facile
2107 1671 2556 1743 contemnunt,
2589 1662 2676 1730 ab
2709 1663 3020 1733 studiosis
3057 1689 3208 1734 vero
3251 1669 3586 1737 Catholicis
3620 1695 3729 1740 non

639 1783 960 1864 poterunt
997 1796 1131 1839 non
1165 1784 1515 1864 qratanter
1552 1772 1784 1862 accipi.
1819 1771 2328 1864 Disputantium
2367 1790 2593 1844 autem
2631 1776 2710 1846 de
2747 1779 3037 1848 Ecclesia
3078 1781 3356 1874 lonqum
3392 1785 3728 1876 catoloqum

653 1887 891 1956 attexit
916 1886 1384 1972 Bellarminus,
1414 1899 1575 1955 tom.
1608 1889 1671 1968 2,
1698 1887 1889 1955 initio
1919 1887 2032 1955 lib.
2069 1891 2106 1956 3
2131 1888 2210 1957 de
2229 1890 2546 1974 Ecclesia,
2569 1906 2646 1961 ut
2675 1893 2943 1962 mittam
2971 1898 3368 1988 expositores
3391 1904 3474 1968 D.
3507 1901 3730 1968 Thomoe

653 2004 716 2068 2.
764 2004 831 2086 2,
867 2000 1209 2092 quoestion.
1252 2004 1314 2084 1,
1356 1999 1637 2068 articulo
1680 2003 1787 2085 10,
1831 2000 2235 2068 nominatim
2274 2003 2537 2072 Banhes
2575 2016 2638 2072 et
2673 2007 2992 2097 Araqon„
3037 2031 3116 2078 ac
3153 2011 3533 2082 recentiores
3565 2015 3724 2095 alios,

652 2117 1133 2195 Salmeronem,
1180 2125 1342 2181 tom.
1386 2118 1489 2201 13,
1532 2117 1759 2197 Azor„
1792 2120 1954 2182 tom.
2003 2119 2068 2198 2,
2115 2116 2264 2185 libr.
2315 2123 2376 2200 5,
2419 2141 2464 2186 a
2502 2121 2704 2212 capit.
2743 2126 2853 2209 21,
2893 2124 3190 2210 Bosium,
3235 2127 3573 2195 Boverium
3607 2151 3730 2196 cum

652 2227 999 2296 similibus.

1050 2475 1502 2538 DISPUTATIO
1541 2477 1642 2540 lx.

1146 2687 1228 2732 m:
1266 2687 1558 2734 tccmsu.

646 2861 731 2924 De
768 2859 1059 2938 Ecclesia,
1091 2869 1315 2941 proeter
1354 2861 1521 2922 illius
1546 2861 1960 2923 indubitatam
1985 2881 2132 2924 auc-

568 2958 908 3031 toritatem,
954 2954 1031 3014 de
1071 2972 1194 3034 qua
1224 2972 1409 3033 supra
1452 2957 1517 3014 in
1545 2953 1702 3034 disp.
1732 2957 1791 3029 5,
1822 2974 1861 3014 a
1886 2961 2034 3016 sect.
2068 2956 2129 3030 5,

568 3051 767 3112 multa
808 3054 1107 3110 occur-unt
1146 3047 1615 3124 consideranda,
1648 3050 1932 3128 praesenti
1959 3049 2132 3128 operi

564 3143 639 3204 de
672 3142 793 3204 fide
828 3141 1061 3216 affinia,
1104 3148 1167 3202 et
1194 3140 1542 3202 scholastici
1574 3140 1840 3202 instituti
1882 3142 2132 3222 propria

568 3234 771 3311 (alias
800 3235 967 3295 enim
1021 3239 1461 3312 argumentum
1511 3233 1964 3312 amplissimum
2007 3238 2126 3308 est,

568 3333 633 3388 et
676 3328 772 3388 his
810 3326 1189 3406 temporibus
1236 3325 1547 3386 fusissime
1588 3327 1896 3404 agitatum
1926 3325 2126 3406 )‚quoe

564 3439 677 3498 per
718 3426 1049 3500 sequentes
1078 3420 1378 3480 sectiones
1414 3437 1641 3480 novem
1664 3419 2000 3482 ordinatim
2029 3439 2130 3482 ex·

568 3511 981 3591 plicabuntur.

2213 2502 2355 2546 men
2399 2504 2546 2547 vero
2585 2486 2881 2552 Ecclesia
2913 2488 3403 2552 Christianorum
3441 2507 3732 2570 congrega-

2216 2577 2374 2638 tioni
2401 2581 2931 2644 accommodatum
2952 2589 3072 2658 cst,
3097 2583 3584 2647 adiudicandum
3611 2581 3734 2660 legis

2213 2671 2432 2747 gratiae·
2467 2673 2944 2752 perfectionem5
2992 2676 3060 2736 id
3085 2676 3252 2756 quod
3297 2678 3480 2738 etiam
3532 2677 3733 2736 notavit

2213 2765 2632 2846 Hieronymus
2659 2813 2680 2843 ,
2711 2786 2819 2828 seu
2863 2769 3070 2848 potius
3108 2769 3272 2832 Beda
3327 2771 3390 2829 in
3434 2769 3576 2830 illud
3615 2769 3732 2828 Pro-

2212 2857 2566 2920 verbiorum
2597 2862 2674 2920 4:
2719 2862 2806 2922 In
2830 2864 3022 2926 medio
3064 2863 3390 2938 Ecclesioe,
3421 2868 3556 2935 etc„
3584 2862 3731 2920 item-

2213 2969 2332 3029 que
2367 2953 2604 3026 Isidor.,
2640 2953 2748 3015 lib.
2782 2956 2820 3014 8
2851 2954 3148 3032 Etymol.‚
3177 2975 3315 3035 cap.
3349 2958 3406 3016 1.
3433 2956 3514 3016 Ex
3535 2954 3621 3014 his
3645 2972 3729 3012 au·

2213 3047 2341 3104 tem
2370 3052 2630 3117 constat,
2656 3053 2728 3106 ut
2753 3048 2992 3108 notavit
3018 3047 3488 3127 Chrysostomus
3513 3048 3572 3108 in
3599 3053 3721 3106 orat.

2208 3134 2287 3196 de
2329 3137 2393 3198 S.
2436 3137 2841 3218 PhylogouiO,
2873 3147 3031 3201 tom.
3064 3141 3124 3214 3,
3153 3159 3280 3202 nou
3330 3140 3524 3201 solum
3570 3137 3723 3198 homi·

2210 3248 2389 3305 num,
2423 3231 2529 3293 sed
2563 3234 2752 3294 etiam
2806 3233 3191 3312 Angelorum
3230 3235 3725 3314 congregationem

2213 3343 2384 3402 posse
2417 3325 2756 3388 Ecclesiam
2803 3329 3158 3405 nominari3
3203 3345 3410 3408 neque
3449 3327 3630 3390 solum
3671 3324 3729 3384 fi-

2212 3417 2472 3494 delium,
2507 3420 2614 3482 sed
2637 3421 2828 3482 etiam
2859 3422 3214 3496 Beatorum,
3247 3441 3386 3501 quse
3411 3420 3636 3501 proprie
3660 3418 3726 3478 di-

2213 3512 2377 3574 citur
2421 3512 2705 3578 Ecclesia
2761 3515 3149 3596 triumphans
3181 3539 3210 3588 ,·
3261 3533 3302 3577 a
3340 3514 3515 3576 nobis
3551 3519 3730 3574 autem
3815 3543 3817 3553 ι

2098 3670 2107 3679 ,
2211 3604 2408 3666 solum
2439 3605 2788 3668 instituitur
2813 3625 3017 3670 sermo
3035 3607 3114 3670 de
3134 3607 3422 3672 Ecclesia
3443 3606 3728 3670 militante.

1190 3713 1407 3766 SEc'rto
1440 3714 1480 3767 1.

566 3884 665 3946 An
702 3889 763 3947 et
787 3886 939 3966 quid
962 3886 1048 3948 sit
1084 3886 1391 4044 Ecclesiat,
1416 3890 1488 4042 tet
1521 3887 1733 3968 quibus
1760 3905 1835 3952 ιω
1846 3889 2132 3971 partibus

1218 3995 1356 4042 cons
1388 4001 1415 4041 e
1451 4024 1464 4038 .

649 4174 705 4230 1.
770 4169 941 4236 Vocis
980 4169 1249 4232 Ecclesia
1286 4171 1455 4253 oripo
1503 4175 1561 4234 ot
1609 4171 2010 4252 siqnificatio.
2043 4203 2125 4222 -

565 4261 901 4346 δυαρυμ
934 4261 1121 4342 quid?
1146 4293 1228 4310 --
1252 4263 1529 4325 Primum
1574 4263 2008 4342 explicandum
2037 4273 2128 4328 est

566 4356 717 4434 quid
766 4372 994 4416 nomen
1058 4354 1353 4430 Ecclesia·
1408 4353 1760 4435 significet3
1804 4365 1895 4420 est
1957 4359 2126 4420 enim

557 4466 861 4526 groecum,
902 4448 1409 4510 convocationem
1438 4447 1793 4526 significans
1818 4495 1842 4526 ,
1871 4467 1910 4512 a
1937 4451 2126 4514 verbo

554 4547 799 4609 ,tauma
830 4540 893 4599 id
924 4545 1039 4616 est,
1077 4557 1317 4604 convoco
1336 4565 1364 4612 ,·
1411 4541 1781 4604 translatum
1818 4562 1966 4606 vero
2007 4544 2128 4606 fuit

566 4631 645 4690 ad
694 4631 1179 4710 significandum
1228 4639 1631 4695 convocatam
1700 4638 2128 4715 congregatio-

566 4743 735 4801 nem,
769 4732 831 4787 et
856 4731 1183 4806 propterca
1227 4725 1411 4788 rebus
1440 4734 1687 4788 tantum
1722 4730 2126 4790 rationalibus

565 4817 885 4894 tribuitur,
918 4820 1065 4898 quia
1112 4819 1311 4880 solum
1354 4819 1475 4880 illae
1518 4821 1645 4881 vim
1690 4821 1857 4882 vocis
1896 4824 2126 4884 sentire

565 4917 838 4989 possunt,
880 4919 941 4972 et
997 4913 1135 4974 ideo
1176 4912 1423 4974 illarum
1468 4919 1713 4974 tantum
1759 4920 1853 4976 est
1902 4934 2126 4976 convo-

565 5004 691 5064 cari
715 5025 734 5079 3
768 5004 829 5063 in
856 5022 983 5084 quo
1010 5003 1217 5066 differt
1242 5023 1467 5066 nomen
1494 5005 1779 5068 Ecclesia
1806 5025 1847 5068 a
1874 5010 2126 5072 nomine

556 5089 929 5180 ''Syvzayoqa,
957 5115 1101 5158 nam
1132 5097 1249 5159 hoc
1274 5098 1641 5179 simpliciter
1669 5119 2124 5182 quamcumque

562 5191 1107 5268 cuiigregationem
1179 5191 1531 5270 significat;
1586 5194 1753 5254 unde
1800 5193 2122 5258 brutorum

556 5288 625 5358 ⁸et
652 5281 1019 5342 animalium
1058 5283 1237 5362 gregi
1276 5285 1530 5345 attribui
1570 5291 1771 5364 potest
1794 5331 1815 5363 ‚.
1862 5293 1926 5349 et
1981 5307 2116 5368 pro·

2211 3699 2288 3759 Et
2336 3699 2624 3778 quamvis
2675 3719 2906 3763 nomen
2964 3701 3266 3766 Ecclesioe
3327 3699 3622 3762 interdum
3675 3697 3730 3758 iu
3813 3761 3815 3786 3

2213 3792 2528 3872 Scriptura
2553 3794 2886 3869 tribuatur,
2916 3795 3016 3856 vel
3053 3794 3324 3876 praelatis
3360 3793 3648 3864 Ecclesiae,
3677 3796 3732 3850 ut

2209 3886 2424 3948 Matth.
2465 3888 2585 3950 18:
2623 3889 2744 3952 Dic
2779 3889 3111 3962 Ecclesiae,
3159 3886 3260 3950 vel
3295 3885 3730 3968 particularibus

2209 3978 2489 4040 fidelium
2535 3979 3139 4059 congregationibus,
3171 3991 3458 4060 ut·saepe
3487 3980 3555 4040 in
3595 3980 3732 4056 Apo-

2211 4071 2440 4152 calyp.,
2473 4093 2610 4154 cap.
2639 4078 2702 4150 1,
2725 4077 2764 4136 2
2791 4080 2854 4136 et
2879 4077 2916 4136 3
2945 4120 2962 4147 ‚
3015 4084 3080 4138 et
3123 4075 3190 4136 in
3239 4073 3510 4156 epistolis
3559 4069 3728 4142 Pauli,

2205 4165 2386 4228 Rom.
2424 4167 2526 4244 16,
2555 4186 2738 4230 versu
2783 4169 2845 4241 5,
2880 4172 2902 4228 t
2943 4168 3224 4230 Corinth.
3252 4173 3312 4244 1,
3335 4173 3398 4230 et
3422 4169 3461 4228 2
3487 4163 3726 4228 Corinth.

2209 4263 2266 4331 1,
2301 4277 2442 4321 cum
2487 4259 2818 4335 similibus,
2849 4260 2949 4322 vel
2995 4260 3144 4324 locis
3183 4262 3374 4324 sacris
3409 4279 3479 4324 ac
3519 4256 3730 4337 templis
3809 4261 3811 4263 ’

2205 4353 2274 4414 in
2323 4351 2550 4433 quibus
2595 4353 2806 4416 fideles
2858 4361 3318 4433 congregantur
3347 4400 3366 4429 ,
3401 4359 3426 4416 1
3485 4350 3724 4414 Corinth.

2210 4447 2308 4520 11,
2349 4465 2532 4508 versu
2571 4448 2648 4508 18
2675 4491 2693 4521 ,
2743 4445 2962 4508 Juditli
2992 4448 3032 4508 6
3056 4491 3072 4522 ‚
3120 4463 3566 4526 nonnunquam
3607 4457 3730 4504 vero
3807 4473 3809 4499 ι

2207 4541 2394 4600 etiam
2424 4538 2827 4602 Ethnicorum
2855 4541 3350 4621 congregationi,
3384 4547 3452 4601 ut
3489 4539 3615 4602 Act.
3645 4537 3726 4606 ¹9,

2207 4639 2484 4694 attamen
2507 4632 2574 4694 in
2589 4633 2880 4714 proesenti
2908 4634 3160 4696 nomine
3181 4632 3476 4698 Ecclesioe
3499 4630 3728 4698 utimur,
3805 4693 3807 4698 .

2205 4732 2510 4804 quatenus
2547 4726 2856 4806 significat
2890 4734 2952 4787 et
2983 4725 3176 4788 solam
3211 4771 3228 4801 ,
3277 4733 3342 4788 et
3386 4731 3569 4788 totam
3608 4739 3730 4784 con-

2205 4819 2630 4896 gregationem
2679 4819 2958 4880 fidelium
3032 4819 3360 4882 hominum
3407 4819 3472 4880 in
3521 4815 3730 4878 Christo
3803 4859 3805 4894 ;

2207 4911 2616 4985 credentium,
2652 4929 2792 4992 quse
2818 4959 2836 4984 ,
2867 4911 3026 4975 Psal.
3063 4915 3136 4974 21
3167 4955 3188 4989 ,
3219 4912 3499 4976 Ecclesia
3536 4923 3728 4987 macca

2207 5004 2467 5080 dicitur,
2495 5013 2559 5068 et
2587 5007 2810 5068 merito
2851 5007 3152 5072 Ecclesia
3179 5003 3502 5069 militantis
3528 5017 3726 5064 nomeu

2203 5099 2322 5160 sihi
2349 5100 2716 5179 assumpsit,
2749 5099 2898 5178 quia
2952 5106 3016 5160 et
3061 5117 3276 5160 omues
3313 5099 3392 5160 ad
3433 5115 3498 5158 se
3537 5098 3724 5160 vocat.

2203 5209 2408 5270 neque
2434 5193 2503 5252 in
2528 5211 2602 5254 ea
2647 5193 2961 5256 distinctio
2997 5193 3210 5256 Judoet
3227 5235 3250 5268 ,
3277 5194 3334 5255 et
3377 5187 3602 5260 Gra-ci,
3644 5182 3732 5248 sed

2205 5288 2400 5348 omnis
2428 5287 2536 5366 qui
2565 5287 2756 5349 credit
2785 5285 2852 5348 in
2878 5286 3056 5350 illum
3081 5284 3568 5364 (scilicet-lesum
3588 5283 3608 5360 )
3628 5293 3726 5340 nou

558 5381 769 5453 pterea
795 5421 814 5448 ,
856 5383 922 5436 ut
984 5377 1367 5454 Augustinus
1392 5423 1411 5454 ,
1462 5378 1617 5442 Psal.
1664 5381 1731 5440 81
1770 5425 1789 5456 ,
1838 5384 2114 5462 notavit,
2197 5379 2622 5458 confundetur,
2657 5379 2917 5440 Roman.
2959 5379 3074 5454 193
3107 5384 3170 5440 et
3197 5379 3326 5440 Act.
3363 5379 3400 5438 2
3441 5397 3455 5436 ε
3497 5373 3656 5442 Vobis
3679 5369 3726 5432 et

562 5465 913 5550 Syaaqoqoe
950 5487 1180 5530 nomen
1233 5471 1457 5550 populo
1485 5472 1758 5553 antiquos
1800 5474 1974 5554 legis,
2005 5495 2118 5538 no-
2199 5472 2470 5537 omnibus
2495 5475 2600 5554 qui
2621 5474 2790 5555 lonae
2818 5477 2982 5548 suut,
3013 5489 3406 5553 quoscumque
3443 5469 3728 5532 advocave-
