3900 6217
588 493 833 555 miseria
873 500 1168 573 tanquam
1201 493 1449 573 propria
1484 498 1827 572 reputatur,
1868 499 1931 553 et
1957 493 2146 553 etiam

586 587 867 664 quasdam
893 587 1223 648 difficultas
1244 592 1494 666 propter
1518 603 1705 664 quam
1732 585 2146 665 superandam

588 680 925 759 requiritur
955 682 1222 742 maxime
1252 680 1383 741 haee
1404 680 1599 739 virtus
1620 695 1640 756 3
1670 679 1947 757 alioquin
1973 677 2149 739 nulla

588 782 676 833 est
704 776 859 834 ratio
890 782 1137 853 propter
1158 793 1345 853 quam
1370 774 1502 834 liaec
1526 775 1719 834 virtus
1744 774 1829 833 ita
1854 772 1933 832 sit
1962 773 2038 833 ad
2061 772 2146 831 al·

588 874 815 941 terum,
850 874 919 927 ut
947 860 1072 928 nou
1101 869 1289 947 possit
1318 868 1545 927 versari
1580 868 1743 927 cirea
1776 871 2062 944 parentes
2087 871 2150 925 et

586 962 745 1021 cirea
782 978 868 1035 se,
908 961 1087 1038 juxta
1118 960 1271 1021 illud
1317 959 1662 1021 Ecclesiast.
1694 961 1817 1019 30:
1856 956 2150 1021 Miserere

586 1056 805 1117 animoe
840 1059 979 1128 taoe,
1022 1054 1187 1131 quod
1219 1054 1537 1114 verissime
1559 1054 1791 1113 dictum
1816 1070 1943 1112 esse
1966 1056 2152 1112 16516-

586 1153 689 1207 tur
729 1146 1134 1223 AugustinuS,
1177 1146 1243 1205 16
1272 1144 1647 1220 EuchiridiO,
1678 1162 1813 1223 cap.
1855 1146 1954 1204 26.
1991 1146 2146 1205 Nam

586 1238 917 1299 subvenire
976 1238 1239 1318 propriis
1306 1238 1569 1299 miseriis
1624 1244 1716 1297 est
1770 1237 2142 1309 honestum;

589 1350 735 1409 ergo
780 1330 1086 1409 objectum
1126 1331 1369 1390 virtutis
1398 1352 1417 1405 3
1448 1349 1595 1409 ergo
1636 1330 2140 1391 misericordias&

586 1424 761 1485 Dices
794 1442 923 1485 esse
951 1424 1269 1485 charitatis
1297 1424 1395 1484 vel
1423 1424 1686 1501 pietatis.
1720 1423 2146 1502 Respondetur

586 1517 735 1597 quid
766 1516 967 1577 simile
996 1517 1115 1577 dici
1143 1536 1313 1595 posse
1336 1517 1413 1577 de
1440 1516 1577 1577 aliis
1605 1517 1922 1596 proximiS‚
1959 1522 2030 1576 ut
2057 1516 2146 1577 vi-

586 1611 912 1685 debimus;
973 1610 1025 1669 si
1072 1617 1161 1669 est
1216 1626 1366 1687 ergo
1418 1609 1587 1669 aliud
1634 1611 1932 1669 motivum
1984 1610 2146 1670 circa

584 1704 737 1765 alios
760 1703 1091 1781 proximos„
1120 1703 1269 1762 illud
1290 1703 1737 1763 accommodari
1765 1708 1965 1781 potest
1984 1704 2144 1763 circa

584 1804 869 1875 parentes
896 1801 958 1855 et
1000 1796 1291 1874 seipsum,
1336 1806 1407 1855 ut
1428 1796 1697 1855 sectione
1726 1797 2008 1873 sequenti
2038 1814 2144 1875 pa-

586 1891 756 1951 tebit.
792 1891 868 1949 Et
913 1890 1056 1951 licet
1099 1891 1315 1951 demus
1364 1894 1613 1969 propter
1658 1889 1771 1949 hos
1812 1889 1976 1949 solos
2017 1910 2142 1951 non

580 1982 768 2043 fuisse
799 1983 1201 2043 necessariam
1242 1982 1401 2043 hauc
1436 1982 1753 2055 virtutem,
1794 1989 2006 2043 tamen
2036 1982 2144 2045 illa

582 2083 831 2155 propter
862 2076 1014 2136 alios
1047 2076 1264 2154 posita,
1308 2092 1386 2134 ex
1432 2074 1701 2153 quadam
1728 2075 2142 2137 redundantia

582 2186 645 2227 56
674 2168 950 2229 extendit
971 2168 1049 2227 ad
1072 2186 1307 2240 omnes,
1336 2167 1405 2227 in
1430 2168 1653 2246 quibus
1673 2169 1805 2247 ejus
1830 2168 2142 2247 objectum

581 2260 782 2321 locum
829 2261 1036 2335 habet,
1080 2262 1225 2339 (1616
1270 2260 1415 2319 11661
1450 2278 1578 2320 non
1614 2262 1693 2320 sit
1727 2261 1977 2322 difficile
2029 2260 2142 2321 tibi

580 2354 699 2432 ipsi
726 2355 1030 2429 misereri,
1064 2360 1221 2415 esset
1247 2359 1458 2414 tamen
1489 2352 1737 2415 diffieile
1764 2361 1927 2415 recte
1955 2363 2017 2415 et
2043 2374 2139 2415 ra·

580 2447 959 2508 tioua'oiliter
1004 2448 1303 2523 misereri,
1346 2466 1472 2507 non
1522 2452 1763 2507 tantum
1806 2446 2138 2523 defectum,

581 2540 686 2600 sed
716 2542 900 2601 etiam
934 2558 1249 2601 excessum
1280 2540 1554 2601 vitando,

661 2638 720 2695 4.
773 2632 953 2696 Circa
992 2634 1315 2695 secundum
1350 2632 1725 2714 propositum
1763 2632 1830 2693 in
1869 2650 2034 2693 num.
2081 2637 2138 2693 1.

578 2729 749 2789 -D.
786 2727 1043 2789 Thomas
1070 2743 1182 2807 quo
1210 2743 1389 2787 sensu
1421 2728 1580 2789 dixit
1608 2725 1845 2805 culpam
1873 2744 1992 2787 non
2017 2744 2144 2789 esse

578 2822 907 2885 miseriam.
942 2852 1022 2866 —
1056 2822 1223 2881 Circa
1261 2821 1627 2895 seeundum,
1669 2819 2012 2881 notandum
2053 2826 2143 2881 est

577 2917 781 2995 primo
826 2932 1076 2975 omnem
1120 2915 1431 2973 miseriam
1480 2913 1797 2974 rationalis
1841 2922 2139 2975 creaturas

577 3012 883 3090 pertinere
916 3009 993 3068 ad
1027 3007 1351 3068 materiam
1383 3007 1567 3086 hujus
1594 3008 1839 3068 virtutis
1856 3024 1878 3085 5
1914 3015 2005 3069 est
2031 3027 2142 3069 au·

576 3110 700 3164 tem
744 3102 993 3163 miseria
1032 3099 1268 3159 malum
1308 3100 1798 3161 involuntarium
1836 3120 1849 3160 :
1890 3100 2056 3161 unde
2089 3102 2142 3162 si

575 3197 715 3275 quis
746 3195 982 3254 malum
1010 3193 1259 3272 aliquod
1283 3192 1399 3253 sub
1418 3194 1657 3255 ratione
1685 3194 1836 3254 boni
1856 3194 2141 3256 volunta·-

574 3292 666 3349 rie
716 3289 1009 3367 patiatur,
1068 3304 1193 3346 non
1246 3292 1337 3347 est
1396 3287 1655 3365 proprias
1710 3286 2140 3348 misericordiae

576 3382 856 3443 materia.
914 3380 1089 3440 Unde
1138 3380 1397 3440 Sanctus
1438 3380 1706 3441 Thomas
1762 3380 1967 3459 inquit
2015 3381 2141 3441 cul·

576 3492 743 3554 pam,
777 3480 847 3534 ut
874 3473 981 3545 sic,
1014 3490 1143 3533 non
1176 3490 1303 3533 esse
1338 3472 1647 3550 objectum
1680 3474 2136 3550 misericordiae,

576 3586 776 3645 neque
804 3565 1034 3627 habere
1060 3565 1366 3626 rationem
1396 3566 1683 3641 miseriae,
1718 3568 1863 3644 quia
1892 3585 2020 3627 non
2051 3574 2142 3627 est

574 3660 806 3720 malum
834 3658 1345 3732 involuntarium,
1366 3657 1473 3717 sed
1492 3657 1915 3719 voluntarium
1932 3678 1947 3733 ;
1973 3659 2140 3738 quod

574 3753 945 3829 intelligitur
962 3751 1308 3812 formaliter
1330 3758 1634 3831 quatenus
1654 3752 2002 3813 voluntaria
2021 3759 2136 3829 est,

576 3866 723 3907 nam
768 3847 889 3906 alia
925 3833 1164 3906 ratione
1199 3852 1261 3905 et
1296 3845 1427 3924 ipsa
1463 3846 1663 3925 66196,
1708 3855 1770 3906 61
1806 3845 1922 3907 1166
1972 3847 2139 3926 quod

574 3946 687 4013 est,
728 3957 855 3999 esse
896 3938 1336 4013 voluntariam,
1374 3944 1465 3999 est
1502 3957 1729 4017 magna
1765 3939 2036 4014 miseria,
2078 3947 2138 4001 et

574 4033 885 4111 objectum
928 4048 1168 4091 summe
1208 4030 1581 4107 miserabile,
1617 4040 1941 4110 quatenus,
1978 4032 2136 4093 scili·

575 4130 697 4199 cet,
722 4134 1029 4203 repugnat
1057 4130 1292 4184 naturae
1322 4125 1704 4199 rectitudini,
1731 4131 1792 4185 et
1817 4124 2138 4189 rationalis

571 4216 907 4279 voluntatis
948 4218 1270 4277 commodo
1308 4226 1369 4277 et
1404 4217 1815 4279 inclinationi.
1860 4220 2090 4281 Inferes
2119 4242 2134 4281 :

574 4329 719 4390 ergo
762 4311 879 4370 hac
924 4310 1163 4371 ratione
1204 4310 1405 4389 66196,
1446 4319 1750 4389 quatenus
1790 4320 1881 4373 est
1924 4314 2138 4374 divina

573 4406 824 4483 injuria,
876 4406 1101 4483 poterit
1148 4424 1278 4465 esse
1323 4405 1636 4483 obJeetum
1680 4408 2134 4483 misericordiae,

572 4504 760 4577 atque
788 4498 939 4557 adeo
972 4497 1319 4559 versabitur
1354 4500 1518 4558 circa
1558 4500 1752 4559 Deum
1796 4501 2136 4561 misericor-

570 4592 693 4653 dia.
754 4592 1045 4669 Neganda
1106 4598 1197 4651 est
1241 4592 1476 4668 illati03
1529 4592 1675 4670 quia
1726 4594 1909 4672 66196
1965 4594 2136 4655 66116

573 4684 756 4745 modo
798 4691 890 4744 est
934 4685 1185 4745 miseria
1214 4685 1359 4760 Dei3
1402 4685 1646 4746 nullum
1692 4687 1861 4746 enim
1902 4688 2138 4748 malum

571 4777 977 4838 intrinsecum
1000 4776 1181 4839 affert
1201 4779 1344 4853 Deo,
1368 4796 1568 4858 neque
1589 4780 1643 4840 ei
1668 4787 1759 4841 est
1778 4780 2140 4860 simpliciter

573 4871 1012 4947 involuntaria,
1038 4872 1143 4933 sed
1164 4874 1461 4951 permissa
1475 4872 1724 4948 saltem3
1750 4882 1950 4953 posset
1971 4877 2138 4936 66161

570 4965 898 5044 impedire,
936 4967 989 5025 51
1011 4966 1216 5028 vellet.

648 5060 707 5119 5.
759 5058 943 5121 Circa
987 5059 1253 5134 tertium,
1303 5062 1411 5123 eod
1444 5079 1613 5125 num.
1659 5068 1688 5122 1
1728 5064 2023 5143 positum.
2057 5098 2138 5111 -

578 5150 870 5225 Quomodo
908 5160 1213 5216 mortuum
1252 5154 1498 5232 sepelire
1549 5158 1632 5219 ad
1664 5156 2136 5221 inisericordiam

568 5248 821 5325 spectat.
835 5278 915 5293 -
930 5246 1103 5307 Circa
1122 5248 1398 5322 tertium,
1422 5248 1863 5309 advertendum
1886 5256 1977 5311 est
1993 5250 2136 5309 sub-

652 5432 668 5463 ¹
719 5426 873 5485 Vide
903 5428 969 5486 in
993 5431 1146 5486 1661.
1172 5429 1213 5486 4
1238 5427 1313 5487 de
1344 5430 1541 5503 Poen.,
1576 5428 1731 5506 disp.
1766 5430 1863 5505 15,
1890 5438 2036 5493 sect.
2071 5434 2130 5505 1,

567 5538 630 5587 n.
666 5521 764 5582 16.

1552 394 1788 449 msam.
1824 396 1907 449 lV.
1941 392 2022 449 ΒΕ
2057 392 2326 449 viarum
2358 393 2828 451 msssmconmffl..

2227 494 2438 556 venire
2465 496 2772 575 proximo,
2805 494 3106 574 objectiva
3137 514 3244 558 seu
3272 499 3336 559 16
3365 520 3482 565 6556
3513 508 3719 585 appeti-

2227 587 2368 649 bilis
2401 606 2528 649 6556
2560 589 2908 669 proximam
2948 592 3263 652 materiam
3307 594 3720 679 misericordioe3

2229 681 2396 759 quod
2432 686 2483 741 si
2521 688 2732 761 postea
2759 688 3134 758 exerceatur,
3175 692 3264 744 est
3302 694 3466 749 actus
3507 695 3726 757 exterior

2229 774 2702 847 misericordiae;
2735 776 2901 853 quod
2931 776 3180 855 quidem
3210 794 3357 856 opus
3383 781 3726 847 subveniendi

2231 868 2512 945 proximo
2553 869 2776 929 dieitur
2825 868 3238 948 eleemosyna,
3279 878 3340 933 et
3379 873 3632 939 charitati
3669 900 3725 941 ac

2230 960 2666 1021 misericordias
2693 961 2989 1022 tribuitur
3011 980 3048 1021 a
3079 964 3146 1021 D.
3179 964 3410 1027 Thema
3431 971 3488 1029 2.
3517 973 3569 1043 2,
3593 990 3728 1050 (166-

2230 1053 2432 1113 511666
2475 1055 2572 1125 32,
2613 1055 2873 1115 articulo
2897 1057 2968 1128 Ξ,
3014 1062 3077 1115 61
3115 1057 3476 1135 August-ino,
3503 1064 3590 1125 vel
3617 1068 3730 1143 quia

2227 1146 2488 1207 charitas
2507 1154 2568 1207 61
2589 1148 3010 1209 misericordia
3028 1149 3193 1211 idem
3217 1158 3379 1226 sunt,
3411 1155 3502 1215 vel
3523 1159 3646 1235 quia
3663 1159 3729 1219 ita

2227 1240 2362 1317 conj
2374 1245 2574 1299 unctae
2599 1246 2768 1316 sunt,
2790 1244 2860 1299 ut
2881 1240 3008 1301 fere
3033 1260 3273 1321 semper
3301 1245 3550 1309 charitas
3573 1250 3729 1329 impe-

2226 1337 2574 1407 retectum,
2601 1350 2787 1411 quem
2813 1333 3229 1395 misericordia
3253 1346 3417 1399 amat
3437 1347 3496 1400 et
3512 1350 3726 1405 exercet.

2227 1424 2542 1485 Interdum
2570 1427 2760 1487 etiam
2787 1426 3080 1507 tribuitur
3107 1447 3146 1489 a
3183 1431 3457 1493 Patribus
3483 1432 3602 1495 aliis
3633 1438 3729 1497 vir-

2225 1517 2480 1593 tutibus»,
2511 1525 2582 1577 ut
2609 1518 2965 1581 liberalitati
3010 1528 3072 1583 et
3099 1522 3376 1601 justitias,
3415 1525 3514 1587 sed
3548 1530 3728 1607 impro-
3830 1546 3831 1551 ¹

2224 1615 2357 1689 prie
2399 1617 2461 1670 et
2495 1612 2935 1691 metaphorice.
2981 1614 3288 1691 Secunde,
3341 1618 3727 1683 advertendum

2225 1710 2316 1763 est
2342 1702 2461 1763 hoc
2499 1722 2654 1783 opus
2687 1705 2886 1765 multa
2911 1706 3026 1767 sub
3063 1726 3128 1769 se
3165 1711 3495 1785 continere,
3525 1732 3642 1791 quae
3667 1715 3726 1775 ad

2224 1796 2348 1856 duo
2373 1797 2576 1875 capita
2602 1808 2990 1875 revocantur,
3019 1802 3434 1880 spiritualium
3460 1811 3518 1867 et
3541 1813 3729 1887 tempo-

2224 1889 2449 1949 ralium
2478 1890 3040 1971 eleemosynarum,
3063 1894 3140 1954 de
3169 1894 3392 1974 quibus
3417 1898 3726 1975 spirituales,

2223 2000 2333 2041 suo
2360 2001 2610 2059 genere,
2647 1984 3042 2064 perfectiores
3066 1994 3238 2061 sunt,
3265 2006 3404 2050 cum
3441 1992 3665 2051 materia
3685 2000 3732 2053 et

2224 2074 2366 2135 fluis
2407 2094 2619 2137 earum
2655 2078 2734 2137 sit
2765 2078 3186 2153 excellentior,
3219 2088 3282 2142 et
3327 2084 3626 2143 necessitas
3647 2104 3731 2163 per

2221 2187 2286 2229 se
2313 2168 2620 2249 loquendo
2650 2173 2869 2251 major,
2901 2174 3062 2233 eirca
3087 2192 3241 2253 quos
3271 2181 3438 2235 actus
3465 2176 3730 2255 ingeneie

2220 2262 2420 2323 solum
2453 2269 2547 2323 est
2568 2266 2936 2341 notandum,
2963 2274 3244 2346 respectu
3273 2267 3514 2328 habitus
3544 2270 3730 2330 miseri·

2223 2356 2473 2431 cordiae,
2492 2357 2690 2417 solum
2711 2356 2958 2419 differre
2977 2359 3402 2436 materialiter3
3417 2378 3554 2421 nam
3565 2380 3731 2423 omnes

2222 2448 2516 2509 iuducere
2531 2458 2782 2529 possunt
2806 2450 2968 2511 idem
2991 2451 3305 2531 objectum
3323 2452 3620 2513 motivum.
3639 2455 3729 2513 Ad·

2227 2542 2590 2603 vertendum
2623 2544 2774 2605 item
2802 2551 2893 2606 est
2933 2542 3099 2605 inter
3135 2546 3277 2607 illos
3315 2545 3596 2627 quosdam
3621 2564 3730 2627 pro-

2223 2635 2392 2695 xime
2420 2636 2688 2697 exerceri
2715 2656 2824 2717 per
2851 2637 3004 2697 alias
3034 2640 3317 2714 virtutes,
3349 2646 3417 2699 ut
3451 2640 3624 2699 oratio
3650 2658 3730 2717 per

2222 2727 2612 2805 religionem,
2669 2730 2964 2791 correctio
3002 2730 3102 2791 vel
3138 2732 3459 2793 consilium
3491 2750 3588 2811 per
3621 2749 3730 2810 pru-

2223 2820 2498 2882 dentiam
2529 2823 2625 2883 vel
2655 2823 3008 2897 scientiam3
3039 2831 3188 2883 sunt
3217 2843 3361 2885 vero
3391 2825 3624 2885 materia
3643 2824 3730 2883 hu·

2216 2914 2320 2993 jus
2359 2917 2623 2991 VirtutiS,
2659 2923 2729 2977 ut
2770 2916 3040 2978 induunt
3071 2919 3388 2997 propriam
3433 2920 3555 2994 ejus
3586 2916 3729 2989 hone·

2223 3013 2443 3069 statem
2468 3054 2488 3084 ,
2557 3028 2743 3087 quam
2815 3009 2979 3069 infra
3037 3010 3498 3089 explic-abimus,
3561 3010 3729 3071 Solum

2221 3112 2497 3180 superest
2543 3120 2926 3181 exponamus
2971 3104 3285 3183 quomodo
3334 3104 3410 3164 ad
3461 3102 3730 3162 materiam

2223 3195 2656 3255 misericordiae
2693 3202 2924 3275 spectet
2963 3196 3223 3275 sepelire
3264 3204 3588 3267 mortuum,
3624 3213 3730 3255 cum

2223 3307 2445 3367 corpus
2473 3295 2787 3349 mortuum
2822 3307 2950 3349 non
2985 3289 3067 3349 sit
3110 3307 3308 3369 capax
3351 3290 3614 3351 miseriae.
3645 3288 3730 3347 Re-

2223 3382 2560 3461 spondetur
2589 3382 2678 3441 ibi
2705 3382 2840 3443 51116
2869 3381 3060 3443 dubio
3087 3383 3351 3461 reperiri
3378 3382 3730 3443 sufficientem

2221 3476 2534 3536 miseriam
2559 3475 2824 3555 proximi
2839 3490 2859 3552 ;
2889 3493 3063 3550 nam,
3092 3474 3240 3537 11661
3267 3476 3568 3554 proximus
3592 3474 3730 3551 cujus

2219 3587 2438 3648 corpus
2461 3568 2790 3647 sepulturae
2816 3568 3106 3643 traditur,
3132 3586 3352 3629 revera
3375 3586 3494 3627 non
3515 3567 3586 3627 sit
3603 3568 3724 3644 jam,

2219 3670 2428 3725 tamen
2465 3664 2594 3741 ipse
2633 3662 3088 3741 quodammodo
3123 3669 3338 3723 manet
3369 3662 3434 3721 in
3471 3659 3730 3721 memoriis

2216 3756 2568 3831 hominum,
2614 3769 2678 3817 et
2715 3774 2933 3837 corpus
2969 3755 3126 3817 illud
3161 3755 3440 3817 ordinem
3478 3754 3640 3815 habet
3669 3751 3729 3811 ad

2217 3851 2516 3926 animam,
2582 3850 2684 3910 cui
2733 3854 2984 3928 gratum
3041 3854 3134 3909 est
3189 3848 3347 3909 illud
3397 3847 3726 3925 obsequium,

2221 3943 2385 4021 quod
2420 3960 2527 4021 per
2551 3960 2614 4003 se
2651 3943 2836 4003 etiam
2867 3947 3068 4020 potest
3091 3941 3440 4002 redundare
3461 3940 3522 4000 in
3541 3941 3728 3999 bonum

2216 4036 2465 4110 animae,
2496 4040 2745 4113 propter
2780 4034 3087 4094 orationes
3113 4040 3178 4095 et
3213 4032 3502 4112 suffragia
3535 4049 3650 4111 quae
3677 4031 3724 4089 iu

2217 4128 2363 4189 locis
2387 4128 2572 4189 sacris
2595 4128 2778 4189 flunt.
3091 4140 3094 4143 ’

2299 4224 2360 4283 6.
2411 4218 2592 4285 Circa
2633 4224 2920 4301 quartum
2967 4218 3052 4281 ibi
3085 4223 3481 4302 propositum.
3505 4250 3576 4265 -
3599 4218 3720 4291 Quos

2218 4318 2536 4379 interiores
2568 4319 2739 4377 actm
2775 4314 2990 4375 habeat
3023 4314 3460 4377 misericordia.
3490 4346 3562 4360 —
3581 4312 3722 4385 Quem

2217 4408 2519 4473 vendicent
2535 4406 2887 4488 prioritatis
2925 4406 3630 4470 ordinem-Probabilis
3653 4420 3722 4463 re-

2216 4504 2480 4581 sponsio.
2501 4502 2768 4563 ÷Circa
2795 4506 3106 4579 quartum,
3139 4501 3328 4563 simul
3349 4498 3720 4580 explicandum

2219 4602 2311 4656 est
2345 4601 2408 4655 et
2447 4594 2753 4674 quomodo
2807 4592 3230 4655 misericordia
3271 4600 3533 4655 versetur
3573 4589 3722 4653 etiam

2218 4688 2382 4749 circa
2405 4688 2574 4748 illam
2605 4686 2976 4766 passionem,
3005 4690 3068 4745 et
3095 4705 3250 4764 quos
3267 4694 3434 4749 actus
3451 4684 3720 4747 interiores

2219 4779 2464 4855 habeat,
2495 4781 2641 4859 quia
2683 4778 2820 4839 11666
2850 4777 3182 4855 conjuncta
3219 4788 3385 4841 sunt.
3427 4780 3545 4839 Duo
3569 4776 3720 4853 igitur

2218 4874 2508 4935 videntur
2545 4875 2854 4954 praecipue
2888 4871 3076 4949 hujus
3119 4874 3364 4934 virtutis
3387 4880 3562 4946 66165,
3595 4866 3718 4929 scili·

2218 4974 2337 5043 cet,
2367 4968 2474 5029 illa
2501 4969 2862 5047 compassiO,
2893 4988 3032 5048 qua».
3057 4977 3148 5031 est
3177 4966 3544 5046 displicentia
3569 4961 3718 5021 mise-

2216 5060 2325 5121 riae
2355 5062 2632 5139 alicujuS,
2679 5067 2743 5122 et
2777 5062 3063 5125 voluntas
3105 5056 3501 5122 subveniendi
3519 5071 3538 5132 ;
3567 5060 3620 5113 et
3645 5051 3721 5110 in-

2217 5153 2413 5231 telligi
2457 5161 2654 5232 potest
2693 5160 2952 5234 uterque
2985 5156 3142 5216 etin
3181 5152 3452 5232 69961116
3477 5144 3720 5209 sensitiva

2215 5264 2326 5324 por
2352 5247 2620 5306 modum·
2633 5248 2954 5326 passioniS,
2987 5254 3050 5309 et
3077 5248 3144 5307 in
3167 5246 3474 5307 voluntate
3494 5258 3592 5321 per
3613 5252 3720 5295 mo·

2215 5338 2366 5399 dum
2411 5348 2582 5401 66165
2636 5340 2953 5419 5161911615,
2995 5346 3066 5401 61
3107 5358 3214 5419 per
3249 5357 3315 5399 se
3343 5338 3582 5397 constat.
3621 5326 3718 5391 Sed

2213 5450 2448 5510 quaeres
2483 5432 2622 5511 quis
2651 5432 2873 5493 horum
2905 5439 3160 5493 actuum
3191 5433 3270 5492 sit
3296 5430 3456 5509 prior
3485 5432 3540 5485 61
3567 5436 3717 5483 causa

2212 5525 2497 5607 alterius3
2527 5544 2598 5587 ac
2625 5526 2940 5589 tristitiam
2969 5545 3102 5590 esse
3127 5526 3386 5607 priorem
3417 5519 3708 5600 probatur:
