3900 6217
550 406 671 465 648

553 512 795 569 constat
836 524 871 565 a
916 502 1100 565 simili
1132 502 1205 562 de
1235 502 1471 563 actibus
1494 502 1639 564 fidei
1674 511 1735 563 et
1766 504 2106 582 religionis,

552 599 861 674 Secunde,
894 614 1038 657 nam
1070 615 1247 657 amor
1275 598 1404 671 Dei,
1429 604 1489 657 et
1512 598 1783 677 proximi
1814 597 2113 659 coalesce-

550 714 618 757 re
651 696 907 772 possunt
960 691 1026 752 in
1069 708 1264 749 unum
1305 707 1567 750 numero
1617 696 1861 765 actum3
1894 688 2112 749 beatus

554 786 722 847 enim
751 784 964 844 eodem
998 788 1139 845 actu
1167 780 1371 859 diligit
1400 784 1592 843 Deum
1621 788 1685 843 et
1712 782 2064 862 proximum
2090 803 2106 857 ;

555 886 615 940 et
656 898 692 938 a
724 877 912 938 simili
955 883 1125 955 patet
1174 876 1238 935 in
1297 875 1593 937 electione
1636 883 1699 935 et
1746 876 2110 937 intentione.

554 970 709 1047 Quid
753 970 906 1030 mihi
936 970 999 1030 in
1029 969 1147 1029 hac
1175 970 1589 1029 controversia
1626 966 2006 1047 probabilius
2029 970 2115 1027 vi·

552 1067 794 1139 deatur,
814 1065 947 1142 jam
973 1062 1309 1141 explicabo.

633 1163 693 1221 4.
743 1159 963 1222 Prima
1010 1157 1591 1220 conclusio—Dico
1623 1157 1825 1235 primo
1881 1175 1894 1217 τ
1940 1163 2114 1219 actus

554 1252 914 1327 dilectioniS,
948 1268 1069 1329 quo
1098 1250 1378 1328 diligitur
1414 1250 1727 1329 proximus
1756 1249 2115 1311 immediate

554 1352 803 1427 propter
828 1344 1168 1404 bonitatem
1197 1348 1462 1403 creatam
1490 1342 1557 1401 in
1579 1360 1652 1401 eo
1684 1342 2110 1419 inhaerentem,

554 1445 645 1499 est
690 1437 889 1517 specie
936 1436 1255 1495 distinctus
1298 1433 1375 1494 ab
1424 1442 1564 1494 actu
1605 1434 1835 1495 amoris
1878 1436 2008 1510 Dei,
2041 1442 2112 1495 ut

552 1538 715 1592 recte
738 1528 1002 1610 probant
1030 1546 1167 1607 quae
1186 1526 1558 1587 adduximus
1584 1526 1651 1586 in
1678 1528 1947 1589 secunda
1970 1547 2108 1589 sen-

556 1624 783 1700 teutia3
812 1628 873 1681 et
901 1626 1067 1701 patet
1118 1638 1358 1692 rursuS,
1390 1620 1538 1698 quia
1578 1620 1775 1679 cultus
1818 1620 1922 1680 Dei
1969 1638 2107 1698 pro·

552 1723 687 1797 pter
714 1734 887 1776 suam
936 1713 1365 1775 excellentiam
1401 1714 1775 1788 increatam,
1808 1719 1870 1774 et
1908 1714 2108 1774 cultus

551 1816 843 1871 creaturae
876 1813 1124 1887 propter
1152 1806 1581 1867 excellentiam
1612 1812 1878 1867 creatam
1909 1806 2110 1886 specie

556 1902 869 1964 differunt.

633 1998 716 2073 5.,
744 1994 1025 2059 Secunda
1079 1994 1395 2058 conclusio.
1445 2028 1528 2041 --·
1570 1994 1714 2055 Dico
1766 1992 2036 2054 secundo
2090 2011 2106 2055 τ

554 2076 729 2149 amor
773 2093 1180 2167 quoamatur
1226 2088 1545 2167 proximus
1579 2093 1829 2167 propter
1866 2087 2114 2148 bonita-

554 2188 679 2241 tem
715 2181 1048 2241 incrcatam
1084 2198 1209 2240 non
1252 2185 1344 2241 est
1374 2180 1647 2258 ejusdem
1680 2180 1935 2240 rationis
1971 2196 2114 2241 cum

554 2279 693 2333 actu
717 2274 942 2334 amoris
976 2274 1101 2349 Dei,
1125 2273 1230 2333 sed
1254 2273 1461 2353 aliquo
1487 2274 1671 2334 modo
1698 2273 1777 2334 ab
1805 2292 1879 2333 eo
1906 2274 2116 2335 differt

552 2366 954 2427 essentialiter
966 2389 984 2443 3
1021 2366 1139 2427 hoc
1182 2368 1371 2428 etiam
1404 2372 1641 2427 constat
1688 2386 1764 2429 ex
1821 2366 1999 2429 dictis
2045 2367 2112 2429 in

555 2459 769 2519 eadem
800 2459 1070 2519 secunda
1099 2458 1426 2533 sententia,
1458 2477 1661 2538 neque
1690 2478 1825 2537 quae
1861 2460 1929 2519 in
1965 2478 2114 2520 con-

551 2552 812 2614 trarium
852 2552 1012 2613 fiunt
1056 2552 1122 2613 in
1163 2552 1347 2612 tertia
1398 2552 1705 2612 sententia
1752 2554 2014 2629 urgent,
2050 2558 2112 2614 et

547 2646 677 2723 jam
714 2650 860 2705 sunt
903 2644 1122 2705 soluta.
1156 2645 1369 2706 Solum
1419 2645 1583 2705 circa
1632 2643 1842 2716 fidem,
1890 2645 2111 2705 adver-

549 2737 806 2798 tendum
850 2744 941 2799 est
976 2756 1103 2799 non
1131 2755 1261 2797 esse
1289 2736 1571 2797 eamdem
1601 2737 1927 2811 rationem,
1959 2756 2106 2799 nam

550 2831 853 2891 motivum
878 2830 1165 2893 credendi
1211 2831 1275 2890 in
1305 2830 1427 2891 fide
1458 2848 1587 2890 non
1618 2829 1818 2889 solum
1847 2838 1939 2890 est
1975 2847 2107 2890 om-

549 2924 699 2984 nino
722 2924 909 2999 idem,
941 2924 1048 2985 sed
1084 2924 1271 2985 etiam
1300 2923 1642 3001 aequaliter,
1674 2928 1737 2983 et
1764 2924 1981 2983 eadem
2012 2942 2106 2985 ra·

550 3017 719 3077 tlone
765 3016 1053 3077 omnibus
1090 3015 1489 3077 credibilibus
1515 3015 1892 3094 applicatur,
1940 3015 2106 3075 scili-

551 3122 667 3185 cet,
695 3115 947 3190 propter
978 3116 1306 3172 externum
1343 3108 1767 3169 testimonium
1802 3107 1909 3169 Dei
1934 3126 2108 3169 reve-

550 3204 757 3264 lantis.

630 3297 691 3357 6.
738 3297 951 3361 ,Tertia
978 3296 1272 3360 conclusio
1296 3314 1407 3379 per
1440 3315 1621 3377 quam
1658 3296 1839 3360 tertia
1877 3301 2108 3359 sentcn-

550 3387 641 3451 tia
689 3390 1067 3453 conciliatur.
1115 3422 1196 3437 -
1233 3389 1517 3451 Primum
1574 3389 1983 3453 corollarium.
2023 3418 2106 3435 -·-

556 3480 923 3545 Secundum.
948 3483 1185 3544 -Dico
1216 3482 1395 3543 tertio
1422 3497 1438 3541 ε
1470 3480 1537 3541 hi
1568 3482 1691 3543 duo
1718 3500 1958 3543 amores
1976 3499 2102 3541 non

550 3574 843 3636 differunt
872 3580 1171 3655 tanquam
1198 3574 1427 3655 speeies
1468 3575 1685 3635 totales
1724 3575 1982 3636 omnino
2009 3574 2106 3633 di-

551 3685 768 3743 verses,
814 3668 918 3728 sed
950 3669 1123 3747 quasi
1160 3668 1446 3747 partiales
1475 3673 1536 3727 et
1572 3667 1984 3746 incompletae,
2011 3672 2103 3727 at·

548 3779 668 3838 qne
702 3760 853 3822 adeo
893 3768 1187 3840 tanquam
1236 3766 1441 3840 partes
1480 3759 1924 3837 heterogeneae,
1963 3776 2102 3838 quae

549 3859 801 3930 possunt
839 3853 1119 3914 eamdem
1148 3852 1506 3932 qualitatem
1544 3869 1911 3931 componere
1942 3874 1956 3912 :
1989 3852 2106 3913 hoc

550 3945 707 4005 bene
748 3946 965 4024 probat
1011 3946 1276 4007 secunda
1324 3945 1735 4019 confirmatiO,
1780 3952 1841 4005 et
1896 3962 2106 4005 exem-

550 4038 723 4117 plum
753 4039 1115 4100 intentionis
1162 4045 1225 4100 et
1271 4038 1587 4100 electionis
1631 4040 1695 4099 in
1731 4039 1915 4099 tertia
1959 4056 2104 4098 sen-

546 4130 764 4207 tentia,
804 4132 880 4192 de
924 4150 1047 4211 qua
1080 4150 1149 4193 re
1182 4132 1243 4193 in
1278 4134 1336 4193 1.
1373 4135 1412 4193 2
1438 4132 1771 4193 videndum
1819 4136 1930 4205 est,
1958 4148 2106 4191 nam

547 4224 761 4285 eodem
792 4225 975 4286 modo
1022 4225 1401 4305 loquendum
1431 4231 1523 4286 est
1564 4224 1910 4303 utrobique.
1944 4226 2110 4285 Tan-

547 4318 687 4377 dem
717 4318 1055 4397 explicatur
1106 4338 1181 4379 ex
1223 4319 1462 4379 ratione
1513 4318 1760 4379 formali
1800 4316 2104 4397 objectiva

545 4407 765 4470 horum
804 4417 1076 4484 actuum,
1110 4429 1248 4491 quse
1277 4412 1345 4473 in
1377 4428 1441 4471 se
1478 4416 1569 4471 est
1597 4428 1726 4473 una
1760 4418 1822 4471 et
1866 4409 2104 4491 simpli·

540 4501 819 4575 cissima;
846 4508 908 4563 et
938 4503 1219 4582 quamvis
1242 4503 1480 4563 diverso
1510 4502 1691 4563 modo
1718 4502 1801 4563 ad
1828 4502 2100 4563 diversas

541 4594 831 4655 materias
880 4594 1264 4675 applicetur,
1313 4602 1523 4657 tamen
1573 4594 1855 4655 voluntas
1904 4601 2099 4673 potest

541 4688 725 4746 unico
764 4694 935 4747 motu
980 4690 1046 4747 in
1082 4695 1274 4748 totam
1326 4688 1498 4747 illam
1546 4686 1875 4747 materiam
1922 4686 2092 4762 ferri,

540 4784 612 4837 ut
638 4779 1177 4859 proportionaliter
1205 4779 1410 4840 subest
1433 4779 1526 4839 illi
1556 4780 1780 4839 rationi
1806 4778 2091 4857 formali3

538 4875 847 4953 praecipue
870 4892 1011 4934 cum
1037 4880 1167 4934 tota
1194 4879 1437 4935 ametur
1461 4892 1569 4952 per
1594 4874 1843 4934 modum
1868 4875 2089 4951 unius3

538 4974 785 5026 amatur
815 4968 981 5027 enim
1013 4986 1209 5027 unum
1252 4974 1501 5047 propter
1542 4966 1732 5027 aliud.
1779 4968 1857 5027 Et
1891 4967 2091 5027 simile

534 5058 680 5139 quid
705 5060 887 5120 estin
913 5059 1243 5139 religione;
1271 5060 1486 5120 eodem
1518 5060 1685 5120 enim
1716 5059 2093 5119 adorationis

534 5160 676 5213 actu
704 5160 903 5233 potest
929 5154 1065 5232 quis
1102 5153 1249 5212 ferri
1276 5152 1341 5211 in
1382 5152 1744 5229 imaginem,
1778 5152 1927 5211 etin
1957 5170 2090 5212 rem

535 5246 711 5324 cnjus
738 5256 829 5305 est
850 5246 1079 5325 imagO.
1111 5246 1201 5306 Ex
1238 5263 1363 5325 quo
1398 5244 1710 5323 colligitur
1742 5244 2091 5305 differentia

534 5337 701 5399 inter
750 5354 991 5398 amores
1035 5339 1345 5418 proximi,
1394 5336 1503 5417 qui
1543 5342 1687 5397 sunt
1732 5336 2088 5397 immediate

534 5436 783 5511 propter
830 5429 1168 5493 bonitatem
1224 5437 1518 5506 creatam,
1550 5429 1649 5492 vel
1695 5429 2034 5491 increatam
2065 5447 2084 5506 ;

530 5538 677 5583 nam
707 5520 810 5582 ille
849 5522 937 5582 ita
964 5522 1171 5584 differt
1200 5524 1278 5584 ab
1313 5540 1524 5585 amore
1551 5522 1681 5598 Dei,
1708 5528 1922 5583 utnon
1950 5540 2086 5601 pos-

1618 408 1852 459 DlSPUT.
1891 408 1951 459 11.
1987 408 2070 459 DE
2102 408 2265 460 ACTU
2301 407 2685 461 unanimus.

2193 504 2364 565 sitin
2395 506 2680 567 eumdem
2709 508 2917 565 actum
2946 502 3284 564 coalescere
3309 503 3388 563 ob
3409 505 3716 569 maximam

2193 598 2610 659 diversitatem
2630 598 2696 657 in
2723 596 3007 677 proxima
3033 596 3270 656 ratione
3293 595 3608 673 diligendi3
3631 600 3718 661 bic

2191 708 2340 751 vero
2385 696 2583 770 potest
2627 695 2876 770 propter
2916 688 3220 749 rationem
3264 707 3450 768 supra
3495 690 3714 754 factam.

2191 784 2283 845 Ex
2308 802 2432 863 quo
2471 784 2659 845 etiam
2704 782 2773 843 fit
2801 789 2870 842 ut
2915 782 2982 843 bi
3013 788 3183 843 actus
3229 784 3456 843 amoris
3481 785 3718 863 proximi

2194 877 2358 939 inter
2407 894 2472 937 se
2524 875 2724 955 specie
2765 875 3091 950 differant3
3139 881 3201 936 et
3253 893 3292 935 a
3347 876 3520 955 signo
3551 884 3717 955 patet,

2194 987 2342 1035 nam
2373 969 2571 1029 multo
2599 968 2780 1030 aliter
2804 968 3206 1047 distinguitur
3229 984 3396 1029 unus
3425 968 3504 1027 ab
3539 986 3720 1033 amore

2195 1062 2328 1137 Dei,
2353 1080 2542 1141 quam
2571 1061 2764 1136 alius;
2810 1078 2958 1139 ergo
3003 1061 3168 1121 inter
3211 1078 3280 1121 se
3327 1061 3510 1121 etiam
3535 1061 3721 1123 distin-

2197 1164 2492 1235 guuntur.
2529 1157 2698 1217 Patet
2729 1174 2874 1217 vero
2897 1174 2935 1217 a
2959 1154 3148 1233 priori
3176 1172 3256 1215 ex
3285 1154 3623 1215 diversitate
3641 1174 3720 1217 ra·

2197 1250 2436 1311 tionum
2481 1250 2546 1309 in
2573 1248 2827 1328 objectis
2865 1247 3234 1310 formalibus
3286 1248 3590 1327 proximis.
3629 1250 3720 1311 De-

2193 1344 2381 1423 nique
2410 1362 2538 1404 uno
2565 1361 2776 1405 amore
2811 1350 3056 1403 amatur
3085 1343 3409 1421 proximus
3441 1342 3608 1421 quasi
3631 1362 3721 1421 per

2193 1454 2294 1509 se,
2344 1442 2414 1496 ut
2450 1438 2721 1510 amicus3
2777 1434 2900 1495 alio
2947 1452 3093 1495 vero
3140 1452 3358 1495 amore
3400 1434 3721 1513 simpliciter

2189 1535 2438 1609 propter
2469 1530 2687 1603 alium,
2721 1534 2784 1589 et
2823 1535 2898 1587 ut
2922 1534 3014 1589 est
3043 1546 3138 1589 res
3175 1528 3402 1601 amici3
3431 1534 3492 1589 et
3525 1536 3718 1607 pateta

2187 1621 2374 1681 simili
2391 1622 2466 1681 de
2485 1639 2699 1683 amore
2718 1620 2908 1682 medii
2933 1626 3188 1702 propter
3205 1620 3544 1683 bonitatem
3571 1640 3716 1683 suam

2191 1712 2616 1788 intrinsecam,
2647 1713 2743 1773 vel
2769 1716 3178 1775 extrinsecam
3211 1712 3378 1773 finis,
3413 1714 3596 1793 Atque
3621 1715 3716 1773 eis-

2191 1808 2332 1869 dem
2377 1807 2720 1868 rationibus
2763 1805 3150 1869 concluditur
3201 1812 3382 1867 aetus
3431 1804 3560 1867 illos
3608 1807 3718 1885 qui-

2193 1899 2306 1961 hus
2351 1906 2596 1961 amatur
2639 1899 2984 1979 proximuS,
3029 1899 3126 1959 vel
3173 1904 3432 1979 propter
3467 1918 3718 1978 superna-

2194 1993 2456 2053 turalem
2513 1994 2854 2055 bonitatem
2903 1992 3268 2055 immediate
3301 2039 3318 2068 ,
3369 1992 3468 2054 vel
3505 2001 3718 2072 propter

2195 2085 2542 2146 naturalem
2564 2092 2806 2147 tantum
2835 2087 3396 2164 supernaturaliter
3417 2086 3718 2164 regulatam

2197 2178 2445 2239 differre
2473 2178 2774 2241 similiter.
2822 2178 2892 2239 D.
2919 2177 3186 2241 Thomas
3238 2185 3448 2241 autem
3493 2196 3606 2239 non
3649 2178 3717 2238 lo-

2196 2271 2409 2350 quitur
2449 2271 2526 2331 de
2579 2270 2778 2350 specie
2832 2270 2899 2331 in
2949 2272 3154 2350 rigore
3201 2290 3317 2351 pro
3369 2272 3560 2351 specie
3603 2271 3722 2331 ulti-

2197 2382 2324 2439 ma,
2363 2363 2468 2425 sed
2520 2364 2719 2424 solum
2781 2366 3245 2442 comparatione
3297 2364 3376 2425 ad
3431 2363 3715 2441 habitum3

2204 2456 2308 2516 sed
2339 2457 2648 2534 quomodo
2679 2460 3080 2537 exponendus
3125 2459 3226 2530 sit,
3261 2458 3616 2519 sumendum
3647 2464 3717 2517 est

2193 2567 2270 2610 ex
2315 2551 2576 2611 materia
2627 2550 2704 2611 de
2744 2549 3080 2613 habitibus.
3125 2551 3312 2629 (Vide
3353 2550 3412 2612 d.
3463 2552 3536 2611 14
3573 2550 3712 2625 Met„

2193 2660 2338 2703 sect.
2369 2644 2507 2720 11.)

2803 2850 3018 2901 sacrm
3055 2851 3139 2902 111.

2191 3027 2408 3103 Quales
2444 3030 2570 3093 sint
2605 3034 2780 3093 actus
2827 3027 3170 3101 charitatis,
3207 3034 3268 3091 et
3289 3030 3426 3109 quis
3453 3024 3603 3089 iuter
3627 3042 3704 3088 ωε

2791 3121 2876 3184 sit
2902 3121 3152 3183 melior?

2273 3307 2304 3365 1
2317 3348 2331 3364 .
2365 3304 2586 3367 Prima
2605 3302 3158 3367 conclusim—Dico
3171 3304 3412 3384 primo:
3435 3303 3619 3363 omnis
3631 3320 3710 3362 ac·

2183 3404 2286 3457 tus
2314 3396 2630 3457 charitatis
2656 3403 2752 3457 est
2775 3396 2976 3457 bonus
2996 3403 3060 3457 et
3093 3398 3414 3468 honestus,
3443 3402 3566 3456 tum
3591 3396 3710 3473 quia

2185 3497 2277 3551 est
2298 3508 2473 3551 amor
2500 3490 2636 3565 Dei,
2662 3490 2759 3551 vel
2783 3499 3032 3570 propter
3057 3492 3286 3565 Deum,
3311 3489 3410 3549 vel
3436 3490 3518 3549 ita
3536 3490 3596 3548 in
3614 3490 3710 3549 hoc

2185 3602 2394 3645 amore
2417 3582 2748 3660 radicatus,
2777 3589 2848 3644 ut
2871 3584 3004 3663 ejus
3027 3583 3374 3644 bonitatem
3393 3582 3704 3661 participet;

2182 3683 2322 3739 tum
2381 3676 2527 3755 quia
2581 3676 2846 3737 charitas
2917 3684 3010 3737 est
3071 3675 3472 3736 essentialiter
3519 3674 3704 3733 virtus.

2185 3770 2434 3843 Quaeres
2470 3786 2554 3829 an
2580 3768 2728 3829 huic
2767 3769 2931 3829 actui
2971 3767 3302 3829 admisceri
3333 3768 3512 3847 possit
3533 3766 3708 3843 aliqua

2186 3860 2424 3922 malitia
2465 3879 2541 3921 ex
2591 3861 2869 3921 indebita
2912 3860 3380 3922 circumstantia
3419 3857 3702 3937 temporis,

2187 3954 2378 4029 modi,
2415 3960 2532 4015 etc.
2565 3953 3014 4034 Respondetur‚
3053 3970 3130 4013 ex
3175 3952 3498 4031 principiis
3529 3948 3704 4029 positis

2185 4047 2254 4107 in
2295 4050 2348 4109 1.
2381 4048 2445 4122 2,
2469 4045 2584 4108 hoc
2607 4064 2953 4126 repugnare
2981 4045 3154 4107 omni
3185 4045 3353 4107 actui
3375 4042 3628 4105 interiori
3641 4059 3702 4101 ex

2188 4140 2388 4219 specie
2437 4158 2543 4201 sua
2582 4138 2746 4201 bono
2760 4156 2780 4217 3
2823 4157 2972 4216 ergo
3017 4138 3292 4199 maxime
3341 4135 3480 4197 huic
3513 4134 3702 4213 quiest

2189 4233 2459 4311 optimus
2491 4232 2798 4293 omnium.
2837 4230 3018 4307 (Vide
3045 4230 3110 4289 in
3153 4234 3334 4291 tract.
3368 4228 3444 4286 de
3471 4226 3694 4287 Bonitat.

2189 4329 2252 4385 et
2279 4323 2543 4397 malitia,
2575 4323 2731 4399 disp.
2767 4324 2828 4385 8.
2863 4328 3008 4383 sect.
3038 4324 3190 4400 1;et
3207 4322 3286 4383 de
3313 4320 3476 4397 Fide,
3495 4318 3696 4398 disp.6,

2185 4424 2333 4477 sect.
2369 4420 2428 4489 7,
2455 4434 2496 4476 a
2519 4434 2582 4477 n.
2619 4414 2746 4493 10.)

2261 4512 2322 4571 2.
2375 4507 2654 4571 Secunda
2683 4506 3004 4571 conclusio.
3035 4536 3114 4553 -—
3143 4507 3290 4569 Dico
3329 4503 3600 4567 secundo:
3641 4500 3694 4560 hi

2180 4607 2352 4661 actus
2378 4619 2415 4661 a
2437 4600 2736 4661 charitate
2771 4599 2974 4659 infusa
2991 4598 3180 4661 eliciti
3204 4605 3546 4665 naturasua
3575 4600 3694 4655 sunt

2178 4692 2695 4768 supernaturales,
2747 4694 2997 4751 Constat
3030 4709 3108 4753 ex
3133 4691 3390 4752 materia
3413 4689 3484 4748 de
3505 4687 3688 4767 gratia.

2174 4783 2325 4865 (Lib.
2354 4786 2416 4854 2,
2449 4804 2504 4845 c.
2541 4786 2619 4845 14
2643 4790 2706 4844 et
2747 4782 2866 4861 15.)

2257 4878 2318 4937 3.
2351 4876 2562 4941 Tertia
2582 4876 3134 4940 conclusio.-·Dico
3151 4877 3363 4939 tertio:
3389 4876 3539 4937 inter
3551 4879 3690 4935 actus

2173 4968 2512 5043 charitatis,
2543 4969 2636 5030 illi
2663 4969 2890 5047 quibus
2934 4968 3094 5029 Deus
3140 4976 3382 5032 amatur
3413 4973 3547 5029 sunt
3581 4966 3687 5025 sine

2172 5060 2361 5121 dubio
2393 5062 2676 5122 meliores
2704 5068 2764 5121 et
2785 5061 3200 5140 perfectiores,
3227 5069 3288 5123 et
3310 5059 3529 5123 caeteris
3555 5055 3688 5136 pari-

2171 5154 2287 5215 bus
2317 5156 2516 5233 magis
2541 5155 2862 5217 meritorii.
2893 5156 2982 5215 Ita
2999 5156 3071 5215 D.
3098 5156 3340 5228 Thom„
3363 5156 3420 5215 ᾖ.
3448 5154 3501 5226 2,
3529 5169 3584 5228 q·
3602 5150 3684 5219 27,

2170 5265 2229 5307 a.
2263 5248 2324 5321 8,
2351 5254 2517 5326 patet
2527 5264 2548 5325 3
2569 5248 2716 5327 quia
2743 5248 3050 5309 excedunt
3078 5249 3145 5311 in
3169 5248 3458 5326 dignitate
3473 5239 3678 5323 objecti.

2169 5340 2284 5402 Sed
2327 5348 2562 5415 contra,
2595 5358 2773 5401 amor
2799 5341 3065 5420 proximi
3095 5340 3353 5403 includit
3389 5345 3560 5399 totam
3597 5334 3684 5395 ho-

2169 5432 2428 5493 nitatem
2457 5432 2684 5493 amoris
2708 5433 2839 5507 Dei,
2869 5439 2932 5494 et
2967 5434 3142 5495 addit
3181 5436 3421 5513 insuper
3457 5424 3678 5507 aliquid,

2169 5542 2318 5585 nam
2347 5532 2440 5586 est
2467 5542 2642 5587 amor
2677 5526 2968 5605 proximi.
3001 5528 3437 5609 Respondetur,
3473 5523 3522 5585 si
3555 5536 3678 5581 con-
