3900 6217
579 359 698 419 798

578 469 656 516 27.
693 465 825 529 Spes
849 467 1114 530 praeceplo
1132 461 1292 516 etiam
1314 461 1561 530 negativo
1585 461 1784 530 obligat
1807 462 1874 516 ad
1900 476 2009 517 non
2036 465 2136 518 eli-

641 539 890 592 ciendum
919 546 1094 594 actum
1124 537 1225 593 sibi
1254 538 1600 602 contrarium,
1635 537 1784 602 ibid.,
1812 553 1866 592 ιι.
1902 543 1950 591 7.

1193 667 1512 706 animosum.

576 763 621 811 1.
660 758 972 812 studiositas
1001 761 1130 826 quid
1164 761 1250 826 sit,
1282 762 1588 828 explicatur,
1617 767 1764 814 tract.
1792 763 1841 825 1,
1874 759 2012 828 disp.
2050 765 2133 825 18,

575 839 1428 976 a.Sgffiusssssiigsupernatamus
1457 912 1526 964 ab
1555 912 1742 964 habitu
1769 911 1870 977 piae
1893 909 2135 964 affectio-

637 987 723 1038 nis
745 999 813 1038 an
833 986 1208 1053 distinguatur,
1232 995 1380 1042 tract.
1402 994 1450 1052 1,
1472 988 1610 1054 disp.
1639 991 1686 1050 7,
1709 993 1838 1040 sect.
1861 991 1910 1050 2,
1937 999 1991 1038 n.
2013 991 2061 1052 9;
2084 992 2138 1040 et

634 1061 772 1128 disp.
801 1067 880 1124 13,
905 1070 1032 1116 sect.
1057 1067 1106 1126 2,
1133 1077 1185 1114 n.
1214 1068 1262 1125 8,

1073 1191 1313 1238 summo,
1349 1191 1632 1229 sustam-us.

571 1292 619 1340 1.
655 1289 896 1356 Suspicio
944 1290 1095 1356 quid,
1136 1299 1188 1343 ct
1234 1291 1540 1357 quotuplex,
1580 1295 1732 1344 tract.
1781 1294 1828 1354 1,
1868 1289 2006 1358 disp.
2050 1293 2129 1352 2⁴,

632 1372 762 1418 sect.
792 1370 840 1428 2,
869 1380 921 1418 n.
947 1371 993 1418 1.

572 1445 618 1492 2.
656 1442 941 1506 Suspectus
965 1442 1032 1496 de
1057 1441 1262 1505 haeresi,
1291 1443 1333 1495 si
1362 1441 1506 1494 illam
1537 1441 1762 1496 interius
1801 1455 1909 1494 non
1954 1441 2130 1494 admi-

635 1516 724 1580 sit,
753 1517 953 1570 nullam
979 1517 1349 1571 haereticorum
1376 1531 1592 1583 poenam
1615 1519 1668 1571 in
1698 1518 2026 1571 conscientia
2047 1519 2132 1571 in-

632 1593 814 1655 currit,
849 1593 1002 1656 ibid.,
1026 1608 1081 1647 n.
1109 1599 1170 1656 2;
1205 1607 1360 1647 secus
1395 1603 1492 1658 cst,
1534 1595 1578 1646 si
1624 1593 1866 1647 haeresim
1910 1593 2131 1648 interius

637 1669 923 1722 admittens
957 1671 1027 1721 sit
1069 1670 1415 1723 vehementer
1453 1683 1749 1736 suspectus,
1781 1671 2027 1736 quamvis
2065 1670 2133 1723 de

633 1747 724 1797 illa
747 1745 994 1798 convinci
1023 1757 1132 1799 non
1160 1745 1345 1812 possit,
1367 1759 1422 1798 n.
1456 1749 1502 1798 3.

572 1827 619 1875 3.
656 1822 941 1886 Suspectus
965 1820 1030 1874 de
1055 1823 1244 1874 haeresi
1283 1828 1334 1874 ct
1379 1835 1486 1875 non
1517 1821 1796 1874 convictus
1833 1823 1886 1873 in
1913 1827 2131 1875 externo

631 1897 766 1950 foro.
803 1910 911 1949 non
954 1897 1169 1962 punitur
1211 1896 1482 1950 ordinaria
1525 1898 1900 1951 haereticorum
1951 1911 2128 1962 poena,

633 1981 806 2038 potest
826 1980 1003 2024 tamen
1032 1985 1127 2038 pro
1159 1973 1363 2026 ratione
1385 1973 1704 2040 suspicionis
1730 1975 2131 2041 proportionata

632 2061 793 2114 poena
814 2055 955 2114 juste
982 2047 1177 2114 puniri,
1210 2061 1263 2098 n.
1288 2053 1336 2110 ⁴,
1365 2054 1393 2099 5
1413 2054 1466 2101 et
1487 2055 1533 2101 6.

569 2127 618 2180 ⁴.
652 2127 834 2177 Denuo
854 2130 1132 2189 suspectus
1155 2123 1221 2176 dc
1244 2124 1435 2177 haeresi
1465 2125 1611 2190 prius
1639 2123 1897 2192 abjurata,
1929 2137 1999 2177 an
2032 2126 2131 2178 ha-

632 2200 841 2254 bendus
867 2200 937 2252 sit
965 2214 1062 2266 pro
1088 2201 1316 2266 relaps0,
1354 2215 1409 2252 n.
1440 2205 1487 2254 7.

571 2281 616 2330 5.
653 2277 940 2342 Suspectus
969 2276 1022 2328 in
1050 2277 1153 2329 lide
1176 2277 1398 2342 qualiter
1433 2277 1500 2328 sit
1525 2277 1846 2344 irregulariS,
1873 2276 1966 2339 ib.,
2002 2289 2054 2328 n.
2078 2280 2126 2328 2.

634 2352 909 2416 Quomodo
937 2352 1186 2406 inhabilis
1216 2352 1282 2406 ad
1313 2365 1454 2407 nova
1483 2352 1760 2416 beneficia,
1787 2366 1818 2404 n
1872 2357 1921 2404 6.

1176 2480 1518 2520 summum.

568 2585 614 2635 1.
652 2581 1003 2649 syllogismus
1033 2593 1095 2632 ex
1120 2594 1225 2633 una
1255 2580 1533 2646 praemissa
1553 2580 1620 2633 de
1647 2580 1767 2642 ilde,
1798 2587 1852 2632 et
1878 2578 1983 2632 alia
2016 2579 2131 2632 evi-

627 2658 788 2710 dente
808 2656 996 2722 qualis,
1023 2655 1142 2710 vide
1169 2669 1454 2710 conccusio.

1207 2785 1464 2823 numum
1473 2811 1483 2822 .

567 2889 614 2938 1.
652 2883 959 2950 Symbolum
994 2890 1208 2950 etymon
1251 2889 1304 2936 et
1343 2895 1473 2936 usus
1515 2886 1568 2936 in
1607 2883 1858 2944 Ecclesia,
1903 2887 2050 2935 tract.
2076 2885 2127 2944 1,

628 2959 767 3026 disp.
798 2963 845 3020 2,
869 2965 998 3010 sect.
1030 2965 1076 3016 5,
1103 2971 1154 3010 n.
1182 2964 1231 3011 1.

565 3041 613 3089 2.
651 3034 960 3102 Symbolum
991 3033 1116 3087 fidei
1144 3033 1213 3086 ab
1240 3035 1476 3088 Ecclesia
1517 3035 1632 3088 fieri
1675 3033 2127 3088 convenientissi-

625 3123 773 3164 mum
799 3109 910 3172 suit,
940 3123 992 3162 n.
1017 3114 1064 3161 2.

625 3187 706 3240 Ab
727 3186 995 3253 Apostolis
1021 3186 1255 3251 quando,
1281 3187 1574 3252 quomodo,
1596 3193 1650 3239 et
1675 3186 1746 3240 ob
1785 3199 1920 3252 quas
1962 3187 2127 3239 ratio-

625 3276 724 3316 nes
753 3260 1072 3322 consectum,
1096 3261 1225 3313 ibid.

563 3345 609 3392 8.
647 3337 952 3406 Symbolum
999 3336 1267 3389 Nicaenum
1298 3335 1353 3389 in
1387 3337 1506 3389 aliis
1541 3285 1789 3390 conciliis
1831 3337 2125 3404 locupleta-

625 3424 758 3476 tum,
784 3427 838 3465 ιι.
867 3418 912 3464 ι).

625 3489 934 3557 Symbolum
958 3488 1232 3541 Athanasii
1267 3487 1334 3542 ab
1365 3489 1599 3542 Ecclesia
1635 3487 2015 3553 approbatum,
2040 3487 2124 3540 in-

624 3575 705 3620 ter
734 3566 856 3618 fidei
883 3565 1132 3631 Symbola
1151 3565 1637 3626 annumerandum,
1663 3564 1790 3616 ibid.

560 3649 608 3696 ⁴.
645 3646 703 3695 ln
727 3643 811 3694 his
841 3641 1106 3706 symbolis
1132 3639 1353 3693 materia
1377 3639 1500 3692 fidei
1529 3639 1854 3694 sufficienter
1875 3639 2123 3692 contine-

621 3727 726 3780 tur,
748 3730 852 3769 an.
877 3720 924 3768 7.

560 3801 609 3848 5.
640 3791 950 3860 Symbolum
987 3799 1110 3857 apte
1146 3796 1200 3844 et
1233 3789 1614 3846 convenienter
1635 3803 1698 3843 ex
1719 3789 1843 3842 fidei
1883 3789 2120 3843 articulis

623 3868 900 3927 conflatur,
934 3880 986 3918 n.
1024 3871 1102 3919 1ο.

561 3949 608 3998 6.
645 3948 704 3997 ln
755 3943 1005 4010 Symbolo
1048 3942 1322 3995 Athanasii
1367 3947 1678 3994 contentum
1736 3939 2012 4007 quomodo
2048 3939 2118 3992 sit

622 4019 858 4074 medium
879 4019 1240 4072 necessarium
1257 4017 1326 4070 ad
1346 4017 1591 4080 salutem,
1618 4023 1764 4070 tract.
1794 4023 1842 4078 1,
1872 4017 2012 4083 disp.
2039 4021 2117 4083 12,

623 4102 752 4150 sect.
791 4098 837 4158 ⁴,
865 4109 918 4146 n.
950 4099 1028 4145 22.

560 4177 607 4226 ¹7.
636 4175 694 4227 ln
730 4170 982 4238 symbolo
1011 4169 1388 4236 Apostolorum
1413 4175 1662 4222 contenta
1696 4181 1764 4220 an
1804 4169 1989 4222 omnia
2019 4141 2145 4222 ne-'

621 4246 852 4302 cessario
881 4247 989 4299 sint
1019 4259 1052 4299 a
1083 4244 1330 4298 fidelibus
1355 4243 1599 4310 explicite
1625 4245 1911 4308 credenda,
1963 4253 2113 4298 tract.

621 4328 670 4386 1,
696 4323 836 4388 disp.
857 4326 936 4384 19,
965 4329 1094 4374 sect.
1122 4324 1167 4383 ⁴,
1201 4334 1234 4372 a
1264 4333 1316 4372 n.
1343 4326 1399 4385 ⁵3
1432 4333 1500 4372 an
1537 4320 1662 4374 item
1705 4321 2014 4375 memoriter
2036 4328 2117 4375 te-

624 4397 820 4460 nenda,
845 4401 974 4450 sect.
999 4401 1045 4460 ⁸,
1075 4410 1128 4448 n.
1156 4399 1183 4445 7
1213 4402 1265 4448 et
1288 4401 1334 4448 8.

1205 4522 1455 4561 amnem
1462 4547 1474 4560 .

561 4627 608 4676 1.
631 4623 909 4688 synagoga
927 4616 1075 4684 quid,
1098 4622 1152 4670 et
1176 4617 1228 4669 in
1247 4629 1354 4682 quo
1377 4616 1446 4670 ab
1466 4615 1701 4672 Ecclesia
1711 4616 1943 4681 differat,
1962 4623 2112 4672 tract.

621 4702 670 4758 1,
696 4697 834 4761 disp.
869 4699 917 4757 9,
942 4699 1071 4746 sect.
1097 4697 1148 4755 1,
1167 4706 1222 4744 ιι.
1246 4696 1294 4745 1.

1297 4891 1379 4964 Τ.

987 5100 1282 5150 rur-omen,
1317 5099 1680 5139 rnssomclcuu.

558 5228 606 5278 1.
641 5213 944 5283 Theologiae
977 5211 1242 5282 objectum
1293 5213 1515 5267 formale
1545 5212 1613 5266 ab
1656 5213 1863 5281 objecto
1895 5215 2017 5269 lldei
2060 5217 2114 5268 in

619 5307 728 5362 quo
748 5293 977 5354 differat,
1015 5297 1164 5343 tract.
1197 5293 1244 5354 1,
1268 5289 1405 5355 disp.
1433 5295 1480 5352 3,
1512 5296 1639 5344 sect.
1673 5293 1752 5354 11,
1783 5303 1816 5343 a
1835 5303 1890 5342 n.
1918 5295 1966 5355 7,
1990 5303 2114 5358 spe-

619 5373 819 5431 ciatim,
849 5383 903 5422 ιι.
927 5372 1006 5421 19.

557 5454 607 5500 2.
644 5445 998 5512 Theologicus
1025 5454 1280 5496 assensus
1303 5441 1358 5494 in
1393 5442 1659 5508 haeretico,
1707 5455 1772 5498 ac
1803 5443 1860 5496 in
1899 5444 2118 5498 homine

621 5520 902 5581 catholico,
939 5517 1089 5581 ibid.,
1119 5531 1172 5570 n.
1205 5523 1252 5568 9.

1949 363 2141 420 tubex
2173 365 2401 420 mult.

2277 466 2391 520 lmo
2420 464 2475 518 in
2509 462 2759 518 baeretico
2790 474 2901 517 non
2924 467 3007 516 est
3032 460 3274 523 scientia,
3320 436 3473 524 ibid.,
3510 458 3649 512 vide
3676 473 3809 511 cot-

2213 556 2650 681 sffffigt'ogtcus
2700 626 2955 668 assensus
2994 621 3048 666 et
3096 612 3311 666 habitus
3342 613 3412 665 ab
3448 623 3711 664 assensu
3758 619 3807 662 et

2276 691 2461 744 habitu
2496 691 2617 744 fidei
2640 691 2691 744 in
2710 702 2819 756 quo
2846 687 3115 752 differant,
3138 694 3288 742 tract.
3323 693 3371 749 1,
3402 688 3548 753 disp.
3580 691 3643 748 6,
3674 695 3805 738 sect„

2216 848 2261 896 ⁴.
2276 772 2615 907 diffugium
2638 842 2771 894 fides
2808 854 2840 894 a
2858 840 3123 894 catholica
3148 840 3203 893 in
3222 852 3332 906 quo
3354 837 3595 898 differat.
3646 843 3805 890 tract.

2278 923 2326 982 1,
2356 918 2496 984 disp.
2519 924 2567 982 3,
2590 925 2720 972 sect.
2749 922 2828 979 1⁰,
2852 931 2907 970 ιι.
2943 921 2970 966 3
3000 924 3052 968 et
3073 921 3119 968 ⁴.

2908 1047 3076 1085 ΤῙΙΟΒ.

2217 1147 2263 1195 1.
2286 1142 2515 1198 Timoris
2536 1142 2732 1196 divisio
2774 1142 2831 1194 in
2860 1142 3157 1195 humanum
3198 1146 3254 1194 et
3287 1139 3557 1198 divinum,
3590 1137 3807 1202 qualis

2278 1227 2427 1274 tract.
2455 1227 2503 1282 2,
2528 1220 2667 1285 disp.
2695 1223 2743 1280 1,
2772 1225 2901 1272 sect.
2926 1223 2973 1280 ⁴,
2998 1231 3052 1270 ιι.
3070 1223 3118 1271 1.

2214 1301 2261 1348 2.
2287 1297 2470 1349 Timor
2512 1295 2818 1348 mundanus
2852 1295 2909 1348 in
2938 1294 3115 1362 rigore
3158 1300 3405 1360 sumptus
3440 1303 3789 1356 semper-es

2277 1374 2451 1424 malus
2475 1370 2785 1430 mortaliter,
2812 1369 2940 1422 ibid.

2274 1447 2527 1500 Absolute
2560 1453 2828 1512 spectatus
2862 1454 3034 1512 potest
3077 1458 3197 1499 esse
3233 1451 3508 1510 peccatum
3554 1443 3801 1500 veniale,
3865 1425 3866 1448 ¹

2274 1523 2356 1577 vel
2381 1523 2625 1582 mortale,
2644 1535 2698 1573 n.
2724 1527 2771 1572 2.

2213 1601 2261 1650 9.
2298 1599 2479 1651 Timor
2513 1595 2689 1650 tilialis
2713 1597 2833 1662 quis
2867 1596 2937 1649 sit
2964 1603 3017 1649 et
3038 1596 3092 1648 in
3122 1607 3231 1662 quo
3264 1593 3473 1648 differat
3502 1605 3541 1646 a
3584 1593 3797 1650 servili

2277 1673 2370 1736 ib,
2394 1686 2501 1726 an.
2529 1679 2577 1725 3.

2216 1755 2242 1802 4
2298 1750 2481 1804 Timor
2511 1749 2724 1804 servilis
2752 1749 2981 1826 qualiter
3010 1748 3063 1800 in
3098 1747 3301 1802 bonum
3335 1751 3387 1799 et
3416 1743 3627 1798 malum
3667 1743 3797 1794 divi-
3865 1781 3866 1818 3

2274 1825 2451 1888 datur,
2480 1839 2513 1878 a
2544 1839 2595 1878 n,
2626 1830 2672 1876 6.
3865 1819 3866 1884 l

2214 1905 2262 1952 5.
2296 1901 2477 1955 Timor
2500 1903 2762 1967 gehennae
2786 1900 3063 1960 honestus,
3093 1899 3163 1950 ib.
3865 1937 3866 1940 ,

2276 1979 2457 2031 Timor
2500 1979 2677 2031 filialis
2714 1979 2767 2030 in
2805 1977 3060 2029 initialem
3100 1983 3153 2029 et
3180 1973 3471 2040 perrectum
3504 1970 3791 2032 dividitur,
3865 2029 3866 2042 χ

2275 2068 2330 2108 n.
2356 2059 2431 2119 7.;
2460 2055 2621 2108 timor
2648 2054 2865 2106 initialis
2898 2053 3041 2106 unde
3072 2052 3265 2112 dictus,
3301 2063 3355 2102 ιι.
3382 2053 3433 2100 8.

2213 2133 2259 2181 o.
2298 2131 2477 2182 Timor
2508 2129 2811 2182 mundanus
2830 2141 2937 2182 non
2961 2133 3198 2181 estactus
3210 2125 3325 2191 spei
3339 2125 3419 2178 vet
3438 2123 3677 2176 alterius
3694 2124 3793 2172 vir-

2275 2206 2420 2266 tutis,
2449 2205 2604 2257 ibid..
2636 2219 2689 2256 n.
2718 2209 2775 2266 9,
2808 2217 2905 2256 nec
2947 2205 3107 2255 etiam
3140 2203 3300 2254 timor
3334 2199 3549 2252 servilis
3580 2211 3694 2263 quo
3724 2201 3791 2248 ti-

2276 2289 2449 2332 metur
2473 2293 2633 2346 poena
2660 2293 2819 2345 super
2847 2292 3009 2331 omne
3034 2277 3251 2336 malum,
3282 2289 3334 2327 n.
3360 2280 3437 2326 1⁰.

2212 2357 2259 2406 7.
2295 2355 2477 2408 Timor
2509 2355 2718 2409 servilis
2744 2367 2852 2419 quo
2890 2353 3068 2406 debite
3104 2353 3319 2406 timetur
3362 2362 3526 2416 poena
3565 2355 3779 2408 aeterna,

2276 2430 2356 2481 vel
2396 2429 2541 2482 aliud
2582 2431 2725 2495 quod
2760 2429 2828 2481 ad
2858 2429 3001 2480 illam
3034 2427 3251 2486 inducit,
3286 2423 3657 2479 utcstmalum
3690 2437 3781 2474 na-

2274 2513 2427 2569 turae,
2456 2513 2536 2560 est
2560 2514 2709 2560 actus
2737 2506 2944 2559 elicitus
2967 2519 2999 2557 a
3026 2505 3219 2556 virtute
3252 2504 3384 2568 spei,
3410 2515 3467 2554 ιι.
3494 2507 3579 2553 11.

2212 2586 2258 2634 8.
2295 2582 2475 2634 Timor
2495 2581 2705 2634 servilis
2728 2581 2985 2634 honestus
3009 2593 3042 2632 a
3061 2578 3243 2632 servili
3271 2578 3566 2630 inhonesto
3602 2588 3779 2628 ossen-

2278 2657 2465 2710 tialiter
2496 2656 2693 2716 differt,
2715 2671 2767 2708 n.
2794 2661 2872 2708 12.

2272 2732 2468 2786 Filialis
2490 2740 2543 2785 et
2566 2732 2780 2785 initialis
2807 2731 3015 2785 elicitur
3038 2741 3071 2782 a
3097 2729 3373 2788 charitate,
3397 2741 3453 2780 ιι.
3473 2731 3557 2778 19.

2210 2811 2264 2858 9.
2296 2808 2524 2861 Timoris
2558 2808 2758 2860 donum
2801 2811 3209 2858 annumeratum
3255 2804 3394 2856 inter
3430 2813 3660 2867 septem.
3697 2807 3777 2851 est

2273 2884 2487 2936 habitus
2513 2885 2605 2949 qui
2636 2889 2878 2936 versatur
2901 2883 3042 2934 circa
3071 2881 3346 2932 materiam
3388 2879 3772 2944 temperantiae,

2272 2959 2445 3012 altiori
2494 2966 2670 3012 tamen
2711 2960 2892 3018 modo,
2928 2969 3087 3023 quam
3124 2957 3291 3009 virtus
3328 2954 3505 3008 infusa
3548 2967 3615 3006 ex
3652 2967 3771 3038 spc-

2274 3035 2395 3088 ciali
2422 3036 2673 3087 instinctu
2702 3034 2928 3099 Spiritus
2957 3033 3154 3094 Sancti,
3183 3047 3237 3084 ιι.
3263 3036 3309 3083 4.

2276 3113 2398 3176 Ejus
2428 3111 2678 3178 proprius
2691 3117 2840 3163 actus
2869 3110 2989 3176 quis
3018 3110 3103 3160 sit.
3137 3109 3209 3160 ib.

2208 3191 2285 3238 1ο.
2322 3187 2504 3239 Timor
2542 3186 2815 3252 quomodo
2867 3185 3155 3248 minuatur,
3204 3183 3434 3245 tollatur,
3468 3179 3769 3248 perficiatur

2268 3275 2301 3314 a
2323 3263 2598 3322 charitate,
2622 3265 2770 3324 n.15,
2799 3265 2877 3323 16,
2909 3265 2987 3312 17.

2207 3341 2285 3389 11.
2322 3339 2501 3392 Timor
2542 3338 2595 3390 in
2638 3338 2809 3403 patria
2846 3341 3120 3402 permanet
3159 3335 3318 3387 etiam
3364 3331 3543 3398 quoad
3595 3338 3763 3384 actum

2270 3428 2323 3466 n.
2358 3418 2439 3466 18.

2272 3487 2501 3542 Timoris
2520 3493 2671 3540 actus
2690 3487 2747 3540 in
2772 3489 2941 3552 patria
2972 3487 3093 3553 quis
3125 3488 3211 3550 sit,
3236 3500 3288 3538 ιι.
3315 3490 3393 3548 18,
3430 3489 3492 3536 19
3520 3491 3576 3538 et
3599 3489 3677 3533 2⁰.

2210 3569 2289 3617 18.
2324 3565 2506 3618 Timor
2530 3565 2581 3616 in
2606 3565 2771 3618 Deum
2796 3577 2904 3617 non
2935 3564 3093 3626 cadit,
3118 3564 3213 3626 ib.,
3245 3575 3299 3614 ιι.
3320 3567 3397 3614 2⁰.

2867 3694 3108 3732 ῘΙΑΏΙἩΟ.

2201 3793 2249 3842 1.
2284 3789 2516 3842 Traditio
2548 3787 2698 3854 quid,
2724 3795 2874 3840 tract.
2899 3792 2947 3849 1,
2977 3788 3117 3853 disp.
3148 3793 3196 3848 5,
3227 3793 3352 3840 sect.
3380 3790 3427 3846 4.
3446 3798 3503 3837 ιι.
3528 3789 3577 3836 1.

2262 3865 2627 3918 Traditionum
2678 3864 2839 3918 variae
2882 3863 3175 3919 divisiones
3203 3861 3573 3928 expediuntur,
3606 3860 3661 3913 ib
3684 3901 3697 3922 ,
3729 3873 3759 3911 a

2266 3956 2321 3994 n.
2346 3947 2392 3995 ³.

2200 4023 2249 4072 2.
2285 4015 2618 4071 Traditiones
2648 4016 2847 4069 divinae
2874 4029 2984 4068 non
3008 4016 3244 4081 scriptae,
3276 4021 3381 4068 tam
3430 4013 3752 4067 doctrinales

2262 4106 2423 4159 quam
2446 4094 2702 4155 moraleS,
2724 4098 2882 4157 prout
2906 4090 3184 4143 includunt
3208 4089 3407 4154 aliquid
3438 4088 3507 4141 ad
3542 4088 3755 4141 creden-

2260 4169 2409 4228 dum,
2434 4175 2560 4221 sunt
2584 4167 2875 4220 infallibilis
2900 4167 3020 4220 lidei
3045 4166 3247 4233 regula.
3266 4167 3311 4218 si
3340 4173 3466 4219 sunt
3502 4173 3753 4231 perpetuo

2264 4246 2318 4298 in
2340 4244 2575 4298 Ecclesia
2594 4245 2859 4299 catholica
2886 4251 3121 4306 retenlae,
3156 4243 3247 4308 ib.,
3280 4243 3400 4302 late,
3436 4255 3471 4294 a
3502 4256 3556 4294 n.
3582 4246 3629 4294 7.

2260 4321 2534 4375 Contraria
2552 4320 2923 4374 baereticorum
2948 4319 3295 4372 fundamenta
3322 4316 3621 4382 solvuntur,
3654 4317 3740 4377 ib.,

2259 4409 2292 4448 a
2312 4409 2365 4448 n.
2401 4401 2481 4449 11.

2864 4512 3100 4550 *fiuntu-

2198 4633 2244 4682 1.
2280 4626 2553 4680 Trinitatis
2592 4627 2835 4693 explicita
2876 4627 3010 4680 tides
3034 4627 3305 4693 quomodo
3352 4629 3659 4682 necessaria
3683 4627 3745 4680 ad

2259 4703 2505 4764 salutem,
2530 4703 2653 4756 vide
2672 4718 2801 4754 riost
2830 4717 3130 4765 nemius,
3159 4716 3211 4754 n.
3232 4709 3261 4754 9
3284 4711 3335 4755 et
3364 4709 3445 4756 18.

2197 4783 2247 4832 9.
2282 4778 2553 4832 Trinitatis
2600 4777 2882 4832 articulum
2918 4779 3189 4844 quomodo
3246 4785 3521 4834 teneantur
3570 4779 3743 4833 fidelos

2262 4854 2479 4907 credere
2517 4855 2572 4906 in
2602 4853 2717 4920 lege
2751 4854 2949 4919 gratlae,
2992 4861 3142 4907 tract.
3181 4858 3232 4917 1,
3263 4854 3398 4920 disp.
3436 4858 3515 4918 18,
3546 4863 3670 4909 sect.
3696 4862 3741 4919 ⁴,

2264 4943 2318 4983 n.
2354 4935 2401 4981 6.

2828 5038 3100 5079 numme.

2196 5149 2245 5197 1.
2281 5142 2561 5210 Tyrannus
2611 5143 2895 5210 dupliciter
2928 5153 3101 5214 potest
3140 5148 3261 5214 quis
3310 5160 3459 5211 esse,
3502 5153 3645 5201 tract.
3692 5153 3733 5212 3,

2258 5219 2396 5285 disp.
2434 5223 2513 5282 13,
2544 5227 2673 5273 sect.
2698 5225 2745 5284 8,
2769 5236 2821 5274 ιι.
2845 5226 2893 5274 2.

2196 5299 2244 5347 2.
2280 5295 2559 5361 Tyrannus
2600 5308 2667 5348 an
2711 5300 2937 5362 possita
2974 5299 3162 5366 quovis
3204 5299 3427 5366 privam,
3458 5301 3541 5356 vel
3574 5313 3605 5352 a
3635 5301 3739 5353 sola

2262 5370 2535 5435 republica
2563 5371 2754 5433 occidi,
2782 5373 2853 5424 ib.

2198 5449 2246 5498 9.
2281 5445 2475 5498 Contra
2497 5458 2677 5513 regem
2709 5459 2817 5500 non
2844 5455 3128 5514 tyrannum
3142 5449 3342 5504 bellare
3370 5450 3731 5517 rempublicam

2260 5528 2343 5577 est
2361 5521 2652 5577 intrinsece
2678 5524 2896 5589 malum,
2928 5526 3023 5591 ib.,
3048 5541 3083 5580 n
3124 5531 3170 5578 8.
