3900 6217
553 344 671 407 346

553 470 681 515 non
729 456 826 513 est
872 449 1216 513 necessaria
1243 494 1263 524 ,
1301 450 1412 511 sed
1469 467 1669 530 neque
1710 449 2015 529 possibilis
2038 451 2115 512 fi-

551 545 660 607 des
715 544 879 605 illius
918 542 1164 622 objecti.
1222 543 1398 605 Patet
1445 543 1920 623 consequentia,
1966 545 2114 624 quia

551 638 774 701 melius
846 636 1127 717 dispositi
1171 642 1317 697 sunt
1371 636 1450 697 ad
1514 654 1768 699 omnem
1808 639 2111 717 operatio-

551 752 697 795 nem
751 730 914 793 circa
983 730 1136 791 illud
1201 730 1512 809 objectum
1573 748 1682 809 per
1741 730 2063 791 scientiam
2086 778 2105 807 ,

550 844 740 907 quam
795 842 908 906 per
941 823 1172 901 fidem3
1205 828 1340 883 tum
1383 822 1574 883 etiam
1615 822 1762 903 quia
1809 841 1955 883 cum
2003 822 2114 886 illa

549 919 808 982 scientia
877 934 1004 979 non
1081 922 1281 997 potest
1334 933 1464 977 esse
1531 915 1702 977 fides..
1763 916 2114 997 Respondet

552 1013 722 1075 idem
761 1017 978 1073 auctor
1017 1008 1414 1091 approbando
1443 1011 1914 1090 expositionem,
1946 1009 2113 1090 quod
2185 1060 2190 1065 .

551 1104 776 1169 Paulus
803 1104 1076 1185 loquitur
1105 1103 1181 1165 de
1211 1103 1542 1166 existentia
1583 1104 1857 1165 naturali
1883 1104 2019 1179 Dei,
2050 1110 2114 1165 et

549 1199 954 1261 nihilominus
996 1197 1386 1259 concedendo
1411 1242 1432 1273 ,
1481 1208 1736 1278 propter
1779 1215 2115 1277 argumen-

549 1301 684 1356 tum
725 1296 986 1369 tactum,
1019 1291 1209 1353 fidem
1246 1290 1355 1352 Dei
1409 1308 1536 1352 non
1581 1308 1712 1351 esse
1751 1290 2115 1370 simpliciter

549 1386 960 1449 necessariam
987 1386 1302 1461 omnibus,
1329 1385 1437 1447 scd
1463 1383 1832 1461 regulariter
1864 1390 2111 1445 tantum

549 1481 866 1557 omnibuS,
885 1487 1190 1560 quatenus
1217 1477 1510 1559 perpauci
1543 1484 1708 1555 sunt,
1743 1478 1853 1557 qui
1888 1477 2111 1539 verita-

547 1582 677 1638 tem
740 1575 917 1637 illam
979 1593 1092 1655 per
1135 1572 1456 1636 scientiam
1503 1577 1929 1652 assequantur.
1992 1570 2110 1633 Sed

551 1670 776 1732 merito
805 1670 994 1745 Cano,
1025 1668 1092 1729 in
1121 1668 1310 1729 citato
1355 1666 1516 1743 loco,
1551 1667 1712 1728 hanc
1737 1664 2111 1727 sententiam

551 1762 973 1843 reprehendit.
1004 1762 1234 1837 Prim0,
1272 1761 1420 1842 quia
1448 1759 1675 1821 Paulus
1715 1758 1993 1839 loquitur
2034 1758 2111 1819 de

549 1856 909 1917 necessitate
956 1854 1256 1931 absoluta,
1299 1871 1436 1933 quae
1477 1871 1606 1913 non
1632 1852 1864 1933 patitur
1894 1870 2113 1933 excep-

548 1949 808 2011 tionem.
841 1946 1018 2009 Unde
1057 1948 1216 2009 sicut
1235 1948 1616 2009 ostendimus
1661 1946 1977 2009 neminem
2010 1964 2113 2007 ex-

549 2043 672 2121 cipi
711 2059 885 2123 posse
909 2047 1160 2122 propter
1187 2040 1629 2119 ignorantiam,
1662 2039 1752 2101 ita
1777 2040 2112 2101 dicendum

549 2148 641 2197 est
669 2135 913 2195 nullum
951 2134 1151 2214 excipi
1179 2140 1432 2214 propter
1457 2134 1800 2207 scientiam,
1845 2132 1995 2213 quia
2022 2139 2113 2198 eet

549 2228 764 2289 eadem
792 2228 974 2301 rati0,
1001 2246 1146 2289 cum
1171 2228 1360 2290 verba
1381 2228 1509 2289 siut
1529 2226 1744 2289 eadem
1757 2242 1776 2303 3
1799 2244 1940 2305 quae
1970 2227 2023 2289 si
2046 2227 2113 2288 in

548 2339 676 2381 una
719 2326 898 2401 parte
923 2321 1294 2397 limitentur,
1335 2320 1517 2383 facile
1567 2325 1838 2399 possunt.
1871 2319 1940 2380 in
1986 2319 2113 2381 alia

547 2415 926 2479 labefactari.
957 2416 1260 2489 Secundo,
1290 2414 1440 2496 quia
1463 2412 1689 2475 falsum
1719 2418 1812 2474 est
1837 2412 2109 2492 aliquem

547 2510 770 2573 melius
807 2528 938 2573 esse
988 2509 1355 2589 dispositum
1405 2526 1516 2588 per
1559 2507 1882 2568 scientiam
1918 2523 2110 2587 quam

547 2624 659 2687 per
710 2604 922 2681 fidem,
977 2605 1142 2665 circa
1187 2603 1341 2664 illud
1387 2602 1696 2681 objectum
1714 2624 1732 2675 ;
1782 2606 1920 2661 tum
1962 2600 2112 2679 quia

548 2701 602 2761 si
632 2699 857 2762 habeat
885 2698 1097 2774 fidem,
1126 2703 1327 2777 potest
1351 2699 1542 2757 etiam
1569 2694 1797 2756 habere
1830 2711 2025 2773 spem,
2049 2700 2111 2753 et

545 2793 938 2855 dilectionem
959 2790 1494 2871 supernaturalem
1519 2790 1680 2849 circa
1708 2788 1928 2861 Deum,
1960 2803 2112 2865 quas

547 2905 656 2965 per
681 2887 872 2947 solam
925 2884 1250 2947 scientiam
1273 2882 1502 2945 habere
1549 2898 1676 2941 non
1707 2884 1907 2960 potest
1925 2901 1942 2952 ;
1976 2884 2127 2939 tum·

547 2982 694 3060 quia
740 3000 848 3059 per
882 2979 1070 3041 fidem
1125 2978 1354 3039 certius
1399 2976 1730 3038 assentitur
1766 2990 1959 3053 quam
2004 2990 2114 3051 per

547 3076 898 3137 naturalem
925 3074 1267 3134 scientiam.
1305 3071 1480 3134 Unde
1526 3070 1714 3131 etiam
1757 3072 1852 3129 est
1887 3066 2112 3129 falsum

547 3187 716 3243 eum,
749 3169 853 3247 qui
898 3166 1086 3227 habet
1122 3166 1312 3239 talem
1359 3162 1705 3235 scientiam,
1762 3177 1890 3220 non
1940 3176 2114 3238 posse

547 3262 776 3324 habere
822 3261 1008 3323 fidem
1053 3259 1220 3321 illius
1273 3256 1497 3335 objecti
1513 3272 1533 3333 ;
1577 3272 1750 3327 nam,
1803 3253 1949 3313 licet
1992 3251 2116 3312 for-

547 3362 704 3417 tasse
752 3374 880 3416 non
925 3354 1114 3435 possit
1151 3352 1336 3414 simul
1374 3349 1601 3410 habere
1641 3352 1979 3424 utrumque
2012 3363 2110 3407 ac-

547 3456 707 3525 tum,
739 3454 1018 3509 attamen
1048 3447 1180 3509 sine
1203 3444 1391 3505 dubio
1411 3442 1791 3523 quicumque
1819 3438 2105 3510 voluerit,

551 3550 752 3623 potest
769 3540 1034 3603 firmiter
1055 3540 1303 3602 credere
1335 3533 1703 3597 certitudine
1725 3531 1895 3605 fidei,
1917 3533 2111 3592 Deum

547 3655 701 3705 esse,
748 3640 812 3697 et
845 3635 963 3695 hoc
994 3639 1086 3694 est
1129 3630 1298 3711 quod
1345 3627 1674 3690 asserimus
1722 3642 1854 3687 esse
1899 3640 2111 3685 neces·

548 3729 786 3791 sarium
813 3726 893 3787 ad
921 3724 1206 3787 salutem.

629 3822 688 3883 6.
741 3820 1046 3895 Quantum
1085 3817 1324 3881 valeant
1341 3814 1726 3895 probationes
1755 3813 1841 3875 D.
1870 3812 2115 3875 mom

543 3935 656 3996 pro
672 3914 1039 3979 conclusione
1053 3908 1457 3993 posim-Ex
1475 3906 1696 3987 quibus
1710 3905 1909 3967 obiter
1928 3903 2113 3967 intel-

547 4012 785 4089 ligitur,
829 4028 864 4071 e
919 4006 1116 4070 trihus
1153 4004 1519 4078 rationibus,
1561 4019 1714 4081 quas
1741 4002 1810 4063 D.
1842 3999 2113 4061 Thomas

549 4104 614 4165 in
642 4103 752 4164 illo
779 4107 898 4163 art.
931 4102 971 4161 4
1011 4098 1266 4161 adducit
1293 4098 1372 4159 ad
1407 4094 1794 4177 probandam
1837 4097 2113 4153 nostram

548 4196 983 4270 assertionem,
1027 4194 1182 4255 duas
1229 4191 1489 4271 priore5‚
1539 4188 1742 4249 solum
1783 4185 2114 4267 procedere

547 4296 832 4370 respectu
883 4285 1349 4351 communitatis
1397 4282 1682 4345 Ecclesiae
1731 4281 1832 4343 vel
1865 4279 2109 4359 generis

549 4384 836 4445 humani:
868 4382 1118 4443 tertiam
1167 4396 1314 4440 vero
1343 4376 1674 4457 procedere
1701 4373 1779 4437 de
1817 4372 2108 4434 omnibus

549 4486 614 4540 et
655 4476 917 4555 singulis
942 4474 1321 4536 hominibus.
1355 4472 1512 4533 Nam
1528 4469 1675 4548 quia
1701 4467 1884 4548 pauci
1907 4465 2111 4528 homi-

547 4588 661 4633 nes
705 4576 853 4631 sunt
878 4569 986 4649 qui
1019 4568 1276 4629 rationis
1303 4565 1584 4626 discursu
1627 4562 1824 4623 Deum
1851 4578 1981 4623 esse
2010 4578 2110 4621 co-

550 4670 880 4746 gnoscunt,
929 4667 993 4723 et
1029 4662 1137 4741 qui
1173 4660 1292 4721 hoc
1345 4659 1782 4735 assequuntur,
1815 4672 1943 4715 non
1988 4652 2112 4715 nisi

550 4776 780 4837 magna
811 4755 1173 4819 difficultate
1215 4761 1278 4815 et
1300 4758 1437 4832 post
1465 4750 1734 4811 multum
1765 4759 2007 4827 tempus
2032 4746 2111 4806 ad

553 4870 692 4914 eam
719 4852 1134 4931 cognitionem
1163 4845 1558 4928 perveniunt,
1589 4842 1727 4904 ideo
1771 4840 2115 4903 necessaria

548 4948 672 5009 fuit
699 4943 1077 5018 hominibuS,
1101 4940 1440 5021 generatim
1467 4935 1798 5018 loquendo,
1819 4932 2115 4997 revelatio

553 5048 616 5103 et
641 5041 794 5102 fides
825 5038 1016 5099 etiam
1044 5036 1296 5098 illarum
1325 5052 1536 5097 rerum
1564 5050 1706 5113 quae
1730 5031 1808 5093 de
1853 5031 1977 5091 Deo
2006 5046 2114 5089 na-

555 5134 838 5196 turaliter
885 5128 1173 5209 cognosci
1225 5132 1518 5206 possunt3
1578 5131 1762 5205 atque
1810 5124 1910 5211 has
1968 5125 2115 5183 sunt

553 5228 768 5309 primae
813 5225 951 5285 duae
1001 5222 1270 5285 rationes
1319 5221 1388 5283 D.
1420 5220 1697 5294 Thomae,
1732 5235 1886 5298 quas
1922 5216 2113 5277 etiam

549 5320 886 5399 locupletat
929 5318 997 5378 in
1045 5316 1350 5397 principio
1394 5315 1613 5394 primae
1661 5312 1879 5393 partie,
1934 5315 1999 5372 et
2044 5310 2114 5371 in

553 5414 858 5497 principio
913 5411 1057 5473 libri
1081 5410 1268 5491 primi
1297 5420 1513 5471 contra
1551 5408 1796 5470 Gentes.
1845 5406 1925 5469 At
1964 5422 2115 5467 vero

553 5508 704 5591 quia
729 5504 1030 5603 naturalis
1065 5502 1364 5585 cognitio,
1417 5502 1606 5563 etiam
1639 5499 1709 5563 in
1739 5498 2119 5581 sapientibus

964 348 1200 401 DISPUT.
1237 349 1344 401 xil.
1379 350 1462 401 DE
1491 348 1908 401 NEcEssi'rATE
1941 348 2104 401 Fmffl
2137 350 2465 413 QUATENUS
2496 350 2611 403 EST
2644 349 2881 403 Manlum
2912 350 2997 401 An
3030 348 3331 402 SALUTEM.

2194 451 2675 530 hominihus,est
2689 451 3139 532 imperfecta,et
3160 452 3349 537 alicui
3372 452 3706 521 dubitationi

2192 554 2257 609 et
2298 548 2618 609 formidini
2658 546 2953 623 subjecta,
3004 545 3372 625 regulariter
3408 544 3705 625 loquendo,

2190 640 2331 703 ideo
2384 646 2636 721 propter
2687 638 3129 719 perfectionem
3173 638 3321 701 fidei
3360 644 3421 699 et
3464 649 3708 705 exactam

2192 734 2646 811 certitudinem,
2678 732 2967 795 omnibus
3006 739 3071 793 et
3108 730 3371 812 singulis
3404 738 3710 799 necessaria

2192 829 2315 890 fuit
2346 827 2483 888 haec
2508 825 2802 889 revelatio
2856 831 2918 887 et
2970 825 3127 887 fides
3142 869 3167 901 ‚
3214 842 3353 905 quae
3396 824 3511 887 fuit
3557 830 3712 891 tertia

2193 924 2265 983 D.
2297 922 2518 983 Thom.
2554 922 2735 982 ratio.

2276 1019 2336 1076 7.
2384 1014 2645 1090 Quorum
2674 1012 3107 1081 attributorum
3128 1014 3247 1079 Dei
3284 1014 3433 1095 fides
3456 1015 3711 1095 explicita

2194 1109 2391 1189 fuer-it
2417 1094 2782 1172 necessario.
2817 1139 2900 1155 -
2932 1110 3028 1171 Ex
3085 1124 3211 1187 quo
3266 1108 3457 1168 etiam
3478 1106 3713 1187 intelligi

2194 1208 2393 1282 potest
2446 1208 2599 1281 quot
2639 1200 2935 1265 attributa
2984 1200 3403 1263 necessarium
3454 1199 3627 1261 fuerit
3649 1202 3711 1263 de

2194 1298 2319 1357 Deo
2356 1294 2623 1369 credere,
2656 1313 2733 1355 ex
2760 1294 2882 1356 illis
2917 1312 3055 1375 quae
3096 1294 3175 1357 de
3204 1294 3338 1374 ipso
3364 1300 3609 1372 possunt
3636 1312 3715 1357 ra-

2194 1390 2365 1450 tione
2383 1389 2767 1467 investigari.
2804 1388 3145 1451 Dicendum
3186 1393 3283 1449 est
3322 1388 3489 1451 enim
3535 1388 3718 1467 impri-

2194 1483 2312 1543 mis
2368 1482 2779 1545 necessarium
2835 1482 3023 1543 fuisse
3075 1499 3447 1561 cognoscere
3497 1481 3559 1541 id
3608 1482 3718 1541 sine

2192 1594 2317 1656 quo
2345 1582 2675 1655 conceptus
2692 1576 2823 1637 veri
2852 1576 2961 1637 Dei
2982 1574 3201 1639 haberi
3230 1594 3359 1637 non
3386 1579 3593 1653 potest,
3618 1574 3719 1635 dis-

2192 1667 2535 1747 tinguendo
2564 1668 2792 1729 scilicet
2814 1687 2961 1730 eum
2987 1688 3025 1731 a
3047 1668 3233 1731 rebus
3272 1667 3513 1743 creatis,
3538 1673 3595 1729 et
3624 1667 3721 1729 hac

2190 1761 2433 1824 ratione
2461 1761 2739 1841 oportuit
2760 1780 2889 1823 non
2916 1767 3255 1841 utcumque
3298 1760 3540 1823 credere
3568 1760 3719 1823 illum

2192 1874 2345 1932 esse,
2373 1854 2481 1917 scd
2506 1855 2699 1917 etiam
2726 1856 3069 1917 necessario
3092 1874 3255 1933 esse,
3286 1862 3351 1917 et
3372 1855 3503 1919 sine
3524 1854 3719 1935 depen-

2191 1949 2403 2011 dentia
2431 1949 2511 2011 ab
2542 1948 2667 2009 alio
2694 1968 2732 2010 a
2767 1966 2893 2028 quo
2928 1966 3057 2011 esse
3080 1948 3365 2029 recipiat,
3390 1967 3463 2011 ac
3490 1948 3722 2029 denique

2192 2052 2263 2103 ut
2290 2044 2439 2123 quid
2484 2044 2869 2118 increatum3
2912 2043 3065 2105 alias
3098 2061 3214 2106 nec
3256 2043 3409 2105 satis
3454 2060 3493 2103 a
3536 2044 3723 2104 creatis

2193 2136 2702 2215 distingueretur,
2732 2154 2847 2199 nec
2864 2155 2936 2197 su
2940 2155 3050 2216 per
3076 2154 3301 2198 omnes
3326 2152 3457 2197 esse
3482 2136 3723 2198 credere·

2191 2236 2315 2294 tur.
2348 2230 2581 2292 Deinde
2608 2232 3021 2293 necessarium
3048 2230 3172 2293 fuit
3210 2229 3322 2291 illa
3362 2246 3719 2308 cognoscere,

2193 2341 2333 2403 quae
2352 2322 2434 2384 ad
2458 2322 2932 2402 glorificandum
2974 2330 3036 2385 et
3086 2324 3283 2401 digne
3318 2321 3519 2402 ipsum
3560 2322 3723 2385 hono-

2192 2417 2460 2479 randum
2480 2418 2820 2479 necessaria
2836 2426 3005 2494 sunt,
3030 2422 3102 2478 ut
3126 2434 3261 2479 esse
3292 2434 3488 2477 unum
3513 2422 3725 2477 tantum

2190 2516 2255 2573 et
2280 2528 2639 2590 supremum
2658 2512 3017 2589 Dominum,
3036 2518 3100 2573 et
3122 2510 3424 2573 factorem
3448 2510 3720 2586 omnium,

2190 2605 2341 2684 quia
2368 2605 2521 2665 alias
2546 2623 2673 2665 non
2696 2610 2901 2684 posset
2929 2605 3115 2682 digne
3142 2604 3265 2667 coli
3290 2612 3357 2667 et
3396 2606 3605 2665 amari.
3626 2605 3723 2665 De-

2190 2699 2381 2777 nique
2408 2698 2681 2779 oportuit
2718 2716 2792 2759 ea
2816 2715 3209 2776 cognoscere,
3241 2714 3384 2777 quae
3426 2697 3503 2758 ad
3530 2696 3723 2775 ipsam-

2190 2797 2320 2853 met
2347 2790 2535 2855 fidem
2562 2795 2627 2852 et
2664 2790 3101 2853 certitudinem
3132 2792 3275 2871 ejus
3328 2790 3721 2871 requiruntur,

2190 2889 2261 2945 ut
2288 2884 2483 2945 Deum
2532 2882 2663 2946 esse
2709 2901 2953 2945 summe
2979 2902 3200 2947 verum
3244 2890 3309 2945 et
3362 2884 3611 2959 bonum,
3636 2882 3723 2961 qui

2194 2976 2510 3038 neminem
2544 2976 2851 3057 decipiat3
2878 2995 3027 3039 nam
3056 2978 3165 3057 qui
3192 2978 3314 3039 hoc
3339 2977 3416 3039 de
3462 2979 3581 3037 Deo
3620 2992 3723 3035 non

2192 3068 2549 3145 crediderit,
2573 3088 2701 3129 non
2729 3077 2927 3150 potest
2955 3070 3135 3132 dictis
3158 3072 3296 3151 ejus
3324 3076 3553 3132 certam
3568 3068 3722 3131 fidem

2192 3161 2509 3240 adhibere,
2526 3168 2593 3223 et
2618 3162 2759 3225 ideo
2785 3164 2853 3223 in
2878 3182 3277 3244 quocumque
3301 3168 3445 3225 actu
3472 3162 3609 3225 fidei
3624 3162 3721 3222 vir·

2194 3263 2329 3319 tute
2355 3257 2493 3318 haec
2518 3256 2949 3333 includuntur,
2976 3263 3049 3317 ut
3076 3258 3143 3317 in
3172 3257 3375 3337 priori
3405 3262 3575 3336 parte
3598 3256 3724 3315 dixi-

2194 3368 2355 3423 muS,
2385 3348 2553 3411 unde
2602 3349 2852 3411 illorum
2894 3351 3085 3411 etiam
3126 3350 3423 3430 explicita
3461 3348 3605 3411 fides
3638 3366 3726 3428 per

2192 3462 2257 3505 se
2280 3443 2620 3505 necessaria
2651 3449 2805 3507 erat.
2840 3444 2982 3506 Dico
3012 3450 3222 3507 autem
3246 3462 3367 3525 per
3392 3462 3475 3520 se,
3508 3442 3643 3522 quia
3663 3439 3727 3501 ad

2190 3537 2577 3599 ordinarium
2620 3538 2877 3599 modum
2926 3536 3393 3617 justificationis
3436 3536 3728 3599 hominum

2190 3630 2324 3691 haec
2352 3629 2762 3709 postulantur.
2794 3631 2895 3691 An
2922 3648 3069 3691 vero
3116 3631 3195 3692 ad
3240 3648 3499 3694 omnem
3528 3627 3729 3708 justifi-

2192 3725 2501 3785 cationem
2546 3723 2891 3803 oportuerit-
2934 3723 3067 3785 haec
3118 3726 3337 3787 omnia
3390 3739 3729 3803 cognoscere

2192 3817 2501 3898 explicite,
2531 3815 2631 3879 vel
2668 3816 3002 3897 aliquando
3028 3817 3220 3879 fuerit
3260 3819 3409 3880 satis
3436 3816 3621 3878 Deum
3647 3820 3730 3873 ut-

2194 3930 2457 3991 cumque
2484 3930 2839 3990 agnoscere,
2873 3912 2997 3973 alia
3032 3911 3232 3974 solum
3266 3913 3501 3975 virtute
3530 3916 3631 3971 aut
3672 3908 3728 3969 in

2192 4010 2338 4065 voto
2374 4004 2699 4079 credendo,
2725 4005 2794 4065 in
2824 4005 3220 4085 sequentibus
3248 4022 3577 4086 exponam.

2273 4099 2335 4159 8.
2370 4098 2584 4161 Tertia
2615 4098 2980 4163 assortia—
3006 4098 3151 4160 Dico
3176 4099 3363 4160 tertio
3395 4116 3413 4160 z
3444 4102 3647 4178 praeter
3671 4114 3731 4155 ea

2193 4209 2331 4270 quae
2371 4190 2735 4252 naturaliter
2756 4191 2833 4253 de
2875 4194 3002 4253 Deo
3031 4198 3513 4269 cognoscuntur,
3548 4206 3729 4251 neccs-

2192 4284 2427 4345 sarium
2454 4302 2696 4365 semper
2734 4285 2857 4346 fuit
2902 4284 3139 4365 aliquid
3179 4284 3257 4347 de
3314 4286 3451 4365 ipso
3488 4282 3727 4353 credere,

2193 4376 2358 4457 quod
2406 4379 2871 4457 supernaturale
2916 4380 3017 4451 sit,
3054 4397 3165 4441 seu
3214 4379 3461 4441 ratione
3490 4374 3729 4439 naturali

2193 4471 2539 4551 comparari
2582 4489 2709 4532 non
2756 4476 2979 4551 potest.
3036 4472 3185 4533 Haeo
3227 4471 3487 4533 assertio
3515 4486 3631 4531 non
3654 4470 3729 4527 est

2194 4570 2321 4625 tam
2380 4570 2572 4641 certa,
2630 4566 2792 4627 sicut
2836 4566 3289 4645 praecedentes3
3350 4564 3511 4627 unde
3562 4560 3729 4639 aliqui

2190 4657 2490 4736 Theologi
2506 4658 2641 4719 ausi
2658 4664 2804 4719 sunt
2824 4659 3205 4721 contrarium
3233 4659 3479 4735 docere,
3494 4675 3566 4721 eo
3586 4652 3729 4735 quod

2194 4751 2483 4814 nonnulli
2512 4752 2759 4831 antiqui
2778 4752 2985 4814 Patres
3012 4753 3207 4815 solam
3232 4752 3605 4815 naturalium
3638 4766 3727 4807 co-

2194 4844 2543 4925 gnitionem
2598 4845 2888 4907 videntur
2922 4849 3193 4925 exigere,
3246 4844 3579 4925 praesertim
3620 4840 3727 4901 Cle-

2197 4957 2373 5001 mens
2401 4938 2919 5017 Alexandrinus,J
2923 4942 3163 5001 ustinus
3186 4946 3247 5001 et
3262 4938 3723 5019 Chrysostomus,

2195 5048 2349 5109 quos
2390 5034 2659 5095 sectione
2698 5034 3067 5113 praecedenti
3114 5032 3334 5107 citavi3
3366 5038 3430 5095 et
3465 5032 3720 5099 Irenaeus‚

2194 5125 2303 5187 lib.
2332 5128 2371 5187 2
2400 5132 2617 5188 contra
2641 5126 2926 5203 haereses,
2952 5129 3160 5208 cap.5,
3186 5132 3249 5189 et
3268 5126 3379 5188 lib.
3400 5127 3467 5201 4,
3490 5142 3617 5203 cap.
3638 5123 3720 5181 2⁰.

2194 5219 2611 5281 Nihilominus
2635 5222 2889 5282 assertio
2924 5222 3151 5301 posita,
3188 5227 3281 5281 est
3309 5220 3561 5281 omnino
3598 5230 3723 5275 vera

2196 5319 2260 5374 et
2284 5314 2432 5373 satis
2462 5319 2650 5374 certa.
2676 5312 2851 5374 [llam
2878 5314 3055 5375 docet
3089 5315 3157 5396 D.
3184 5313 3453 5377 Thomas
3476 5312 3539 5372 in
3584 5308 3724 5369 dicta

2196 5412 2411 5486 quaest.
2445 5408 2506 5482 2,
2535 5414 2657 5469 art.
2686 5409 2746 5479 3,
2786 5412 2851 5467 et
2896 5410 3311 5469 communiter
3358 5402 3643 5480 Theologi
3666 5400 3722 5461 in

2198 5497 2407 5576 tertio,
2464 5498 2739 5563 distinct.
2788 5501 2867 5563 23
2904 5505 2969 5563 et
3003 5502 3117 5577 253
3152 5500 3417 5575 Medius,
3458 5496 3565 5559 lib.
3598 5497 3634 5556 4
3656 5491 3721 5553 de
