3900 6217
459 360 536 423 12

455 465 804 527 intuitivam
849 468 912 527 et
937 464 1242 527 visionem
1271 465 1459 527 etiam
1489 466 1599 527 Dei
1627 466 1883 537 claram,
1915 462 2013 523 in-

453 558 704 621 terdum
730 556 1032 639 appellari
1057 557 1274 633 fidem,
1305 559 1390 619 ita
1421 558 1838 641 intelligentes
1856 556 2013 617 illud

458 652 540 715 ad
583 654 853 725 Roman..
882 652 952 711 1:
1003 652 1272 715 ,lustitia
1300 646 1416 728 Dei
1453 653 1521 714 in
1543 668 1628 724 eo,
1675 650 1740 711 id
1783 655 1898 723 est,
1944 648 2012 711 in

454 744 815 827 Evangelio,
854 746 1158 809 revelatur
1192 763 1267 809 etc
1309 746 1430 823 fido
1472 745 1540 807 in
1565 746 1768 821 fidem,
1796 743 1860 805 id
1893 747 2009 817 est,

457 858 536 902 ex
568 839 684 901 fide
715 838 978 901 obscura
1002 840 1069 900 in
1089 824 1337 899 'claram
1365 840 1693 914 visionem,
1725 856 1864 917 quae
1897 838 2015 899 fuit

456 932 757 1014 expositio
783 933 968 995 Bedee
993 931 1058 994 in
1081 932 1259 995 illum
1284 932 1527 1005 locum;
1561 932 1675 995 sed
1703 932 1854 994 mihi
1883 951 2015 993 non

453 1028 778 1107 probatur,
809 1025 956 1107 quia
983 1044 1112 1087 non
1145 1031 1239 1086 est
1275 1025 1358 1087 ad
1385 1031 1662 1089 mentem
1693 1025 1866 1089 Pauli
1891 1026 2009 1101 ibi;

455 1138 585 1181 non
614 1120 784 1182 enim
806 1120 934 1200 agit
960 1119 1038 1181 de
1066 1119 1326 1193 visione,
1359 1120 1473 1183 sed
1501 1119 1579 1182 de
1609 1120 1856 1201 propria
1886 1118 2015 1181 fide

459 1212 682 1275 Christi
696 1212 944 1274 venturi
966 1232 980 1271 :
1007 1218 1069 1275 et
1096 1212 1215 1275 hoc
1233 1213 1514 1292 estquod
1537 1214 1622 1273 ait
1642 1230 1656 1273 ε
1685 1212 1794 1277 Em
1808 1214 1926 1291 fide
1947 1213 2017 1275 in

455 1306 656 1383 fidem.
677 1307 756 1369 Ut
779 1325 855 1367 ex
874 1306 1190 1368 communi
1210 1308 1518 1369 sententia
1537 1306 1790 1367 Patrum
1803 1306 1887 1368 ihi
1903 1306 2015 1369 de-

458 1398 652 1460 clarat
672 1399 944 1474 ToletuS,
964 1400 1338 1463 Benedictus
1358 1400 1593 1475 Peren,
1620 1406 1684 1463 et
1709 1400 1835 1461 alii.
1858 1401 2017 1463 Item

456 1509 584 1552 non
606 1498 907 1555 consonat
935 1492 1071 1554 aliis
1093 1492 1245 1555 locis
1266 1492 1461 1568 Pauli,
1493 1492 1558 1555 in
1583 1492 1810 1571 quihus
1829 1492 2017 1553 fidem

458 1586 716 1667 opponit
753 1585 1005 1647 visioni:
1033 1584 1161 1650 Per
1181 1586 1360 1666 fidem
1382 1586 1779 1662 ambulamus,
1804 1592 1862 1651 et
1897 1572 2019 1649 πὸπ

447 1698 566 1763 per
593 1680 866 1761 speciem.
897 1678 1075 1744 Unde
1125 1699 1256 1742 non
1289 1682 1475 1744 credo
1505 1682 1734 1745 alieubi
1764 1683 1828 1743 in
1858 1680 2016 1745 Scri-

458 1778 642 1853 ptura
671 1774 976 1837 visionem
1003 1774 1120 1837 Dei
1141 1776 1350 1837 vocari
1373 1774 1596 1850 fidem;
1643 1776 1770 1839 imo
1807 1793 2016 1855 neque

459 1864 523 1927 in
549 1866 864 1929 communi
905 1867 1093 1930 modo
1140 1866 1461 1947 loquendi,
1505 1868 1783 1947 aliquam
1835 1869 2019 1931 intui-

456 1959 650 2021 tivam
687 1958 996 2021 visionem
1023 1961 1276 2023 nomine
1306 1961 1452 2025 fidei
1485 1962 1806 2044 appellari.
1857 1962 2018 2035 Quo-

459 2052 644 2125 circa,
683 2052 738 2115 si
755 2052 886 2116 haec
908 2072 1029 2115 vox
1057 2055 1409 2117 extenditur
1433 2054 1516 2117 ad
1537 2054 1893 2118 evidentem
1916 2073 2019 2116 co-

459 2146 826 2227 gnitionem,
883 2148 1087 2209 solum
1130 2153 1224 2211 est
1270 2149 1354 2211 ad
1411 2148 1848 2211 abstractivam
1873 2194 1889 2223 ,
1954 2153 2018 2211 et

460 2256 602 2319 quae
633 2258 745 2321 per
773 2240 1124 2303 discursum
1151 2242 1450 2317 habetur3
1503 2242 1894 2323 frequentius
1919 2247 2016 2303 ta-

457 2350 608 2395 men
635 2339 698 2395 et
723 2332 930 2397 minus
957 2334 1294 2416 improprie
1329 2336 1556 2398 dicitur
1602 2336 1680 2399 de
1713 2353 2017 2416 quocum-

460 2444 584 2506 que
607 2445 871 2491 assensu
901 2430 1237 2509 opinativ0,
1269 2430 1369 2493 vel
1389 2431 1536 2509 quia
1577 2430 2016 2493 formidolosus

461 2526 576 2594 est,
628 2522 726 2585 vel
778 2522 1101 2598 obscurus,
1156 2522 1258 2585 vel
1311 2525 1459 2604 quia
1509 2524 1881 2604 regulariter
1921 2524 2018 2584 in-

458 2614 652 2677 cludit
691 2616 1144 2679 auctoritatem.
1197 2617 1376 2681 Unde
1413 2617 1802 2691 Aristoteles,
1853 2618 1891 2678 3
1935 2616 2014 2678 de

461 2708 697 2783 Anim.,
731 2727 870 2788 cap.
918 2711 978 2783 3,
1019 2716 1172 2772 text.
1229 2712 1366 2784 157,
1406 2712 1592 2773 dixit:
1640 2711 2015 2791 Opinionem

459 2802 739 2881 sequitur
764 2802 942 2865 fides.
977 2802 1051 2864 Et
1076 2802 1264 2865 Divus
1292 2804 1561 2865 Thomas
1585 2806 1644 2865 2.
1680 2808 1739 2879 2,
1772 2820 1834 2883 q.
1871 2806 2009 2878 129,

459 2899 574 2955 art.
601 2896 663 2969 6,
683 2895 833 2957 dixit
861 2895 1222 2975 opinionem
1239 2896 1680 2959 vehementem
1708 2896 2013 2979 appellari

457 2984 669 3051 fidem.

541 3082 638 3145 10.
684 3082 760 3145 Et
779 3100 857 3145 ex
875 3082 994 3146 hac
1013 3083 1466 3165 significatione
1489 3084 1759 3149 derivari
1799 3091 2017 3165 potue-

457 3182 606 3239 runt
627 3176 764 3237 duae
793 3176 950 3251 aliae,
979 3196 1136 3257 quas
1161 3198 1350 3261 supra
1367 3179 1563 3261 attigi.
1593 3180 1730 3243 Una
1750 3183 1866 3256 est,
1889 3196 2015 3259 qua

457 3266 616 3331 fides
667 3268 892 3331 dicitur
945 3270 1024 3333 de
1063 3273 1474 3349 conscientia.
1535 3273 1644 3335 Est
1680 3272 1847 3333 enim
1871 3291 2017 3335 con-

461 3360 720 3424 scientia
743 3369 921 3425 actus
939 3363 1288 3427 intellectus
1316 3371 1383 3427 ut
1407 3364 1589 3427 docet
1615 3364 1688 3427 D.
1716 3365 2010 3437 Thomas,

462 3458 492 3519 1
526 3474 615 3535 p„
670 3462 892 3534 quoest.
948 3460 1050 3533 79,
1117 3463 1182 3521 et
1221 3462 1279 3519 1.
1313 3460 1374 3535 2,
1428 3476 1489 3537 q.
1525 3460 1624 3530 19,
1661 3454 1802 3519 art?
1835 3459 1898 3531 5,
1954 3461 2018 3519 et

461 3548 740 3611 consistit
766 3549 832 3611 in
863 3550 1136 3629 quodam
1164 3550 1345 3613 firmo
1369 3550 1604 3631 judicio
1633 3551 1904 3632 practico
1933 3549 2013 3611 de

462 3640 722 3722 agendis
738 3659 758 3719 ;
824 3642 993 3723 quod
1022 3644 1330 3723 judicium
1375 3644 1748 3725 regulariter
1803 3644 2017 3708 nititur

460 3733 832 3813 conjecturis
852 3782 868 3810 ,
921 3744 982 3800 et
1033 3740 1438 3814 auctoritate3
1489 3738 1756 3817 ideoque
1815 3738 2017 3818 potuit

457 3828 616 3891 fides
653 3830 1025 3910 nuncupari,
1067 3838 1128 3893 et
1173 3851 1212 3893 a
1249 3832 1433 3893 nohis
1465 3832 1586 3895 dici
1615 3834 1821 3912 potest
1855 3830 2013 3892 fides

458 3920 752 4000 practica,
785 3925 1134 3987 secundum
1158 3942 1350 4005 quam
1371 3924 1594 3987 dicitur
1610 3925 1800 3985 homo
1829 3924 2013 3985 bonae

457 4014 557 4077 vel
595 4015 776 4077 malae
805 4014 972 4093 fidei,
1019 4018 1192 4099 quod
1229 4024 1323 4080 est
1375 4018 1556 4081 valde
1605 4016 1909 4079 usitatum
1947 4016 2015 4078 in

455 4107 617 4187 jure.
659 4106 870 4171 Altera
897 4109 1264 4191 significatio
1298 4116 1452 4183 erat,
1487 4111 1550 4171 in
1581 4126 1704 4189 qua
1727 4109 1884 4173 fides
1909 4109 2015 4173 tri-

459 4200 672 4263 buitur
695 4201 1122 4266 instrumentis
1155 4210 1216 4267 et
1271 4204 1590 4283 scripturas
1630 4204 1926 4285 publicae,
1954 4209 2017 4265 et

460 4296 786 4369 similibuS‚
824 4298 1006 4377 juxta
1051 4300 1264 4361 titulos
1299 4299 1486 4373 JuriS,
1519 4302 1589 4363 de
1619 4300 1740 4375 fido
1777 4300 2017 4363 instru-

459 4395 812 4455 mentor-mn.
849 4392 1009 4453 Nam
1055 4393 1202 4471 quia
1233 4392 1378 4454 talia
1414 4391 1826 4455 instrumenta
1869 4398 2017 4471 apta

459 4488 607 4545 sunt
635 4482 716 4545 ad
747 4485 1390 4563 generandam'fidem
1418 4486 1483 4547 in
1512 4491 1748 4562 mente,
1779 4504 1890 4547 seu
1921 4503 2017 4547 as-

459 4594 672 4650 sensu,
713 4576 852 4638 ideo
893 4577 1102 4640 fidelia
1131 4578 1458 4653 dicuntur;
1509 4578 1666 4641 sicut
1703 4578 2015 4641 medicina

459 4676 602 4751 apta
645 4666 726 4731 ad
761 4670 1188 4751 generandam
1229 4672 1583 4747 sanitatem,
1616 4688 1770 4735 sana
1799 4672 2017 4751 appel-

457 4764 642 4826 latur.

540 4862 570 4920 1
589 4863 608 4919 1
625 4903 640 4920 .
683 4857 1405 4945 Potissimasiynificatio
1421 4857 1566 4937 fidei
1588 4864 1678 4923 est
1687 4876 1804 4941 pro
1821 4860 2017 4941 coqui-

457 4951 617 5017 tione
668 4949 919 5017 obsone-a
940 4944 1201 5043 fa‘rtdata
1241 4954 1308 5013 in
1347 4954 1684 5017 testimonio
1731 4952 2013 5028 dicentis,

456 5064 592 5128 quoe
612 5046 680 5109 in
707 5046 972 5111 divinam
991 5041 1047 5110 ‘et
1071 5047 1397 5110 humanam
1425 5045 1738 5109 dividitwr.
1765 5078 1847 5093 —
1872 5048 1907 5109 J
1910 5065 2015 5109 am

457 5156 606 5201 vero
647 5139 713 5199 in
740 5139 1056 5201 communi
1077 5158 1218 5212 usu,
1243 5158 1362 5200 vox
1398 5138 1546 5201 fidei
1573 5145 1890 5201 contracta
1920 5145 2015 5202 est

459 5232 542 5294 ad
585 5233 1058 5313 significandam
1103 5233 1524 5313 cognitionem
1561 5234 1916 5310 obscuram,
1951 5240 2016 5295 et

457 5328 784 5391 fundatam
809 5328 870 5389 in
896 5328 1248 5391 testimonio
1275 5327 1556 5404 dicentis,
1587 5336 1650 5391 et
1680 5331 1812 5391 haec
1835 5348 2015 5391 acce-

459 5422 588 5503 ptio
609 5427 704 5485 est
729 5440 868 5501 quae
896 5421 1186 5501 praesenti
1215 5421 1491 5484 instituto
1521 5422 1815 5485 deservit.
1847 5423 2015 5487 Ulte-

459 5517 590 5581 rius
607 5534 756 5581 vero
773 5515 1214 5599 distinguenda
1231 5521 1326 5579 est
1339 5516 1472 5580 haec
1487 5515 1644 5579 fides
1659 5517 1724 5579 in
1739 5516 2013 5581 divinam

1112 363 1350 417 msPU‘r.
1385 365 1424 417 1.
1463 364 1542 419 ΒΕ
1573 363 1836 417 omssc‘ro
1869 360 2058 417 umus
2090 360 2454 413 TnAcTATus
2484 360 2565 413 ET
2598 358 2823 423 vassius,
2858 360 2991 411 ETC.

2092 468 2155 525 et
2184 463 2546 534 humanam,
2566 478 2703 541 quae
2725 460 2850 521 duo
2877 459 3183 533 membra,
3210 459 3354 523 licet
3370 477 3497 520 non
3524 458 3655 521 sint

2091 557 2426 634 aequivoca,
2444 554 2603 615 sicut
2618 552 3033 635 praecedentia
3045 552 3303 631 (habere
3323 553 3490 614 enim
3506 571 3653 633 pos-

2094 658 2238 715 sunt
2254 654 2563 714 rationem
2582 669 2979 713 communem
3006 649 3159 711 forta
3168 667 3267 711 sse
3296 650 3651 723 univocam,

2094 746 2171 807 de
2210 763 2333 825 quo
2360 745 2554 825 alibi),
2590 744 2994 807 nihilominus
3031 744 3442 807 essentialiter
3479 743 3655 807 diffe-

2094 846 2239 903 runt
2262 840 2501 901 ratione
2528 838 2883 901 formalium
2916 838 3303 919 objectorum
3331 837 3392 899 in
3424 838 3654 916 quibus

2094 934 2467 1006 fundantur3
2500 950 2649 993 nam
2670 932 2874 993 divina
2909 931 3067 993 fides
3087 931 3151 991 in
3165 930 3277 992 Dei
3294 932 3651 993 testimonio

2096 1028 2393 1089 fundatur
2414 1028 2506 1105 (ut
2533 1024 2926 1103 videbimus),
2960 1026 3239 1085 humana
3263 1043 3410 1086 vero
3447 1024 3511 1085 in
3534 1026 3651 1086 hu-

2094 1142 2305 1197 mana,
2354 1140 2467 1185 seu
2522 1122 2586 1182 in
2641 1127 2849 1183 creata
2877 1120 3267 1193 auctoritate,
3300 1120 3354 1181 si
3383 1120 3649 1181 velimus

2096 1216 2213 1279 sub
2237 1217 2357 1278 hoc
2384 1215 2669 1277 membro
2698 1214 3234 1294 comprehendere
3259 1214 3473 1288 fidem,
3506 1232 3649 1295 quae

2094 1310 2229 1375 dari
2261 1314 2467 1391 potest
2501 1309 2739 1391 Angelo
2768 1307 3046 1388 loquenti
3076 1326 3190 1368 suo
3233 1307 3508 1380 nomine,
3540 1327 3654 1370 seu

2097 1404 2347 1485 propria
2389 1404 2777 1466 auctoritate.
2833 1401 2905 1462 In
2932 1402 3228 1482 praesenti
3272 1419 3423 1481 ergo
3460 1401 3655 1463 fidem

2098 1499 2438 1559 humanam
2494 1498 2863 1570 omittimuS,
2920 1512 3060 1571 quae
3104 1494 3189 1557 ad
3244 1495 3655 1576 Philosophos

2099 1598 2371 1673 spectat;
2404 1597 2465 1653 et
2506 1592 2584 1653 de
2614 1590 3070 1672 supernaturali
3110 1594 3173 1651 et
3197 1590 3405 1651 divina
3427 1596 3656 1652 tracta-

2097 1706 2257 1751 mus.
2315 1687 2385 1748 In
2431 1686 2648 1747 ordine
2685 1690 2895 1746 autem
2956 1683 3415 1765 supernaturali
3470 1684 3655 1747 datur

2099 1782 2287 1845 etiam
2318 1780 2641 1861 multiplex
2683 1798 2833 1840 usus
2876 1778 3065 1859 hujus
3108 1776 3302 1853 vociS‚
3353 1778 3541 1839 etiam
3584 1783 3655 1839 ut

2096 1876 2462 1955 pertinentis
2508 1874 2589 1937 ad
2634 1874 3039 1948 intellectum,
3092 1890 3283 1953 quem
3326 1872 3551 1935 melius
3586 1872 3653 1935 iu

2099 1970 2385 2051 sequenti
2418 1969 2693 2032 sectione
2721 1966 3067 2049 explicabo.

2738 2142 2955 2196 SECTIO
2996 2142 3058 2196 11.

2102 2290 2247 2367 Quoe
2280 2294 2426 2375 fides
2462 2288 2953 2373 supernaturalis
2992 2292 3081 2355 sit
3108 2292 3431 2373 proprium
3470 2234 3660 2369 object

2176 2385 2511 2541 ZZZ-{as
2548 2385 2842 2459 materie,
2882 2392 2941 2448 et
2966 2400 3080 2465 quo
3130 2384 3337 2448 ordine
3380 2387 3656 2448 tractau-

2180 2615 2238 2673 1.
2270 2612 2556 2687 Quamvis
2581 2612 2875 2693 ayondum
2898 2615 2966 2676 de
2988 2614 3105 2695 fide
3144 2613 3503 2689 intellectus,
3534 2629 3658 2675 non

2096 2710 2295 2769 tamen
2342 2708 2689 2771 excluditur
2732 2708 2975 2787 affectio
3026 2706 3133 2788 pia
3173 2708 3527 2771 voluntatis.
3572 2738 3655 2751 —

2097 2802 2391 2882 Suppono
2426 2800 2526 2861 hic
2560 2800 2695 2879 jam
2718 2818 2845 2862 non
2884 2802 3133 2862 tractari
3176 2798 3254 2861 de
3284 2799 3409 2861 fide
3435 2800 3660 2861 volun-

2095 2896 2261 2970 tatis,
2292 2895 2533 2955 etiamsi
2563 2894 2767 2955 infusa
2796 2894 2874 2957 sit
2893 2917 2910 2969 3
2944 2912 3090 2955 nam
3133 2894 3183 2955 si
3224 2911 3431 2954 sermo
3472 2892 3550 2952 sit
3577 2891 3655 2952 de

2094 2986 2346 3061 fiducia,
2380 2988 2763 3050 admittendo
2792 3006 3024 3049 nomen
3048 2985 3194 3049 fidei
3233 2986 3295 3045 in
3327 2984 3431 3046 illa
3472 2984 3659 3063 signi—

2095 3080 2407 3155 ficatione,
2440 3080 2604 3141 illius
2623 3080 3035 3143 consideratio
3076 3078 3347 3161 pertinet
3390 3076 3473 3139 ad
3508 3078 3660 3138 doc-

2096 3176 2324 3235 trinam
2346 3172 2425 3235 de
2456 3192 2591 3255 spe,
2622 3174 2791 3255 quia,
2834 3180 2903 3236 ut
2940 3172 3087 3246 dixi,
3122 3174 3202 3233 ab
3238 3172 3341 3233 illa
3371 3190 3496 3232 non
3530 3171 3657 3232 dis-

2096 3268 2416 3351 tinguitur.
2472 3268 2535 3331 Si
2579 3286 2729 3331 vero
2783 3268 3117 3347 loquamur
3172 3266 3253 3327 de
3306 3262 3603 3325 fidelitate
3635 3310 3650 3339 ,

2094 3367 2262 3423 recte
2294 3360 2561 3445 quadrat
2586 3360 2741 3423 illud
2764 3360 3115 3441 Augustini,
3144 3360 3301 3419 libro
3332 3358 3410 3419 de
3440 3358 3647 3442 Spirit.

2096 3461 2160 3517 et
2210 3454 2436 3531 littera,
2488 3456 2691 3535 capite
2742 3455 3061 3535 trigesimo
3116 3453 3316 3533 primo
3361 3471 3375 3513 :
3420 3454 3513 3515 De
3541 3453 3655 3515 Ιιασ

2086 3550 2205 3633 fide
2236 3568 2396 3615 nuno
2437 3550 2761 3633 loqu'mar,
2792 3567 2973 3631 qaam
3002 3548 3341 3611 adhibemus
3371 3564 3505 3611 owm
3541 3546 3654 3610 ali-

2094 3644 2241 3725 quid
2266 3642 2583 3718 oredimus,
2625 3661 2744 3707 non
2778 3660 2958 3725 qaam
3000 3644 3214 3707 damm
3250 3658 3383 3703 cum
3421 3639 3660 3721 aliquid

2090 3738 2507 3819 promittimus
2526 3761 2553 3810 ;
2600 3754 2748 3799 nam
2776 3736 2913 3797 haec
2958 3734 3116 3796 fides
3163 3735 3418 3797 moralis
3458 3734 3653 3795 virtus

2098 3833 2213 3902 est,
2249 3833 2311 3890 et
2344 3848 2490 3911 pars
2533 3828 2886 3910 potentialis
2920 3829 3206 3907 justitiae,
3256 3827 3525 3907 ideoque
3573 3827 3655 3888 ad

2096 3922 2259 3984 illius
2290 3925 2724 3985 tractationem
2760 3929 3018 4003 spectat.
3058 3924 3211 3988 Cum
3254 3929 3463 3984 autem
3505 3920 3657 3983 dici-

2098 4034 2239 4077 mus
2263 4016 2361 4077 hic
2384 4036 2512 4078 non
2536 4017 2783 4078 tractari
2814 4017 2893 4079 de
2928 4014 3052 4077 fide
3072 4016 3427 4089 voluntatiS,
3458 4015 3658 4095 loq-ui-

2098 4129 2241 4171 mur
2263 4109 2341 4171 de
2368 4108 2467 4170 illa
2497 4110 2621 4171 fide
2650 4126 2807 4190 quae,
2846 4111 2909 4170 in
2941 4098 3052 4171 sua
3098 4109 3339 4171 ratione
3377 4108 3652 4188 propria,

2099 4205 2163 4266 in
2188 4204 2504 4265 voluntate
2535 4210 3025 4283 consummatur;
3052 4222 3179 4265 non
3210 4209 3418 4278 tamen
3447 4200 3658 4263 exclu-

2099 4298 2303 4359 dimus
2352 4298 2735 4358 voluntatem
2789 4297 2960 4358 illam
2988 4345 3006 4372 ‚
3062 4314 3254 4376 quarn
3312 4294 3657 4363 Concilium
3772 4362 3787 4371 ⁶

2097 4390 2546 4455 Arausicanum
2576 4390 2817 4452 initium
2843 4390 2993 4451 fidei
3013 4390 3290 4463 vocavit;
3320 4390 3427 4457 illa
3484 4388 3655 4450 enim

2096 4484 2417 4564 praesentis
2459 4483 2969 4545 considerationis
2999 4488 3133 4556 est,
3166 4488 3476 4563 quatenus
3517 4482 3655 4561 ipsa

2096 4580 2254 4643 fides
2301 4578 2655 4670 intellectus
2702 4577 3052 4639 voluntaria
3102 4583 3236 4650 est;
3289 4576 3394 4637 illa
3443 4584 3655 4638 tamen

2096 4673 2383 4735 voluntas
2434 4692 2563 4734 non
2610 4678 2703 4735 est
2746 4671 2927 4748 fideS,
2976 4671 3089 4734 sed
3130 4672 3233 4752 pia
3282 4671 3525 4734 affectio
3570 4670 3657 4732 ad

2094 4766 2307 4829 fide‘m.

2176 4864 2236 4923 Ξ.
2266 4862 2512 4925 Rursus
2538 4862 2681 4925 licet
2702 4862 2993 4945 aqendum
3021 4862 3089 4923 de
3118 4862 3238 4941 lide
3260 4860 3491 4932 divina,
3522 4860 3657 4923 sub-

2094 4956 2285 5021 servit
2317 4949 2529 5019 'tamem
2577 4956 2903 5021 declaratio
2958 4956 3235 5018 humanoe
3274 4955 3367 5018 vel
3414 4955 3659 5034 utrique

2096 5050 2443 5117 communis.
2470 5082 2553 5095 —
2577 5049 2817 5111 Deinde
2842 5048 3243 5109 statuendum
3268 5062 3361 5110 est
3384 5064 3659 5127 praesen-

2095 5142 2175 5205 tis
2196 5142 2493 5206 doctrinm
2517 5143 2831 5223 objectum
2871 5161 3000 5203 non
3038 5159 3175 5204 esse
3212 5140 3403 5203 fidem
3432 5140 3659 5201 huma-

2096 5254 2265 5309 nam,
2316 5254 2436 5299 nec
2476 5236 2672 5297 solam
2706 5236 3017 5298 rationem
3058 5236 3205 5297 fidei
3256 5250 3659 5297 communem

2094 5330 2386 5393 humanae
2416 5334 2479 5392 et
2504 5329 2753 5404 divinae,
2782 5330 2894 5391 sed
2918 5328 3109 5392 fidem
3134 5329 3408 5391 divinam
3438 5346 3659 5391 secun-

2096 5422 2245 5485 dum
2276 5424 2594 5505 propriam
2616 5423 2923 5485 rationem
2951 5442 3159 5496 suam3
3192 5422 3295 5483 illa
3326 5424 3492 5485 enim
3515 5428 3661 5485 tan-

2093 5522 2231 5617 tum
2276 5517 2471 5583 virtus
2500 5516 2875 5601 Theologica
2910 5522 3026 5594 est,
3072 5525 3136 5580 et
3176 5516 3392 5581 salutis
3436 5516 3659 5578 funda-
