3900 6217
490 355 608 418 746

488 462 914 536 incommodis,
947 479 1149 541 neque
1171 467 1330 524 esset
1353 464 1691 524 necessaria
1711 461 2042 524 satisfactio

487 559 666 620 alteri
703 555 990 637 principi,
1038 555 1207 616 illam
1247 556 1528 634 urgendo
1582 555 1810 618 faceret
1865 556 2045 634 plane

487 659 699 715 contra
737 650 1123 712 charitatem.
1187 651 1256 709 In
1284 649 1550 710 secundo
1599 650 1847 710 tandem
1877 669 2041 726 casu,

487 749 538 808 si
574 746 854 826 princeps
874 762 1018 804 cum
1039 744 1258 822 maJori
1281 744 1510 804 damno
1535 750 1598 805 et
1619 744 1890 823 periculo
1917 763 2045 806 suae

485 838 838 919 reipublicae
865 837 1052 898 infert
1077 837 1310 898 bellum
1340 837 1540 913 alteri,
1572 838 1758 900 etiam
1779 855 1854 898 ex
1881 839 2047 916 justa

487 951 693 1008 causa,
725 931 1002 1012 peccabit
1023 949 1150 992 non
1183 932 1380 992 solum
1405 937 1620 993 contra
1653 931 2043 1006 charitatem,

487 1027 594 1090 scd
621 1027 811 1088 etiam
851 1032 1060 1087 contra
1108 1025 1416 1104 justitiam
1471 1025 1742 1088 debitam
1781 1025 2046 1105 propriae

485 1121 858 1200 reipublicae.
891 1120 1068 1182 Ratio
1113 1127 1228 1194 est,
1267 1121 1416 1200 quia
1469 1121 1754 1200 princeps
1798 1125 2047 1180 tenetur

487 1233 565 1276 ex
585 1215 822 1292 justitie
839 1213 1037 1292 magis
1056 1213 1378 1292 providere
1391 1214 1711 1275 communi
1727 1213 1890 1274 bono
1918 1231 2045 1276 suae

485 1306 860 1386 reipublicoe,
893 1324 1080 1386 quam
1103 1308 1384 1387 propri03
1421 1308 1570 1368 alias
1583 1315 1890 1388 tyrannus
1904 1325 2045 1368 eva-

487 1401 610 1463 det.
639 1402 738 1462 Sic
791 1400 986 1478 judex
1035 1401 1414 1480 suspendens
1467 1421 1646 1462 reum
1703 1407 1898 1462 morte
1951 1401 2045 1462 di-

485 1511 706 1572 gnum,
726 1494 830 1554 sed
860 1493 1038 1554 valde
1063 1496 1472 1556 necessarium
1501 1494 1875 1574 reipublicae,
1902 1513 2045 1556 con·

485 1595 582 1648 tra
609 1588 884 1650 debitum
922 1589 1018 1649 sui
1077 1590 1352 1650 muneris
1379 1589 1626 1667 feceret,
1655 1597 1844 1670 atquo
1892 1589 2049 1650 adeo

485 1687 696 1743 contra
719 1683 1048 1760 justitiam.
1084 1683 1184 1744 Sic
1212 1682 1484 1744 medicus
1507 1689 1720 1744 contra
1740 1683 2046 1761 justitiam

483 1795 561 1838 ex
615 1777 814 1837 officio
863 1777 1138 1838 debitum
1188 1786 1493 1856 peccaret,
1547 1777 1752 1840 dando
1794 1777 2048 1838 medici-

483 1887 655 1947 nam,
685 1889 824 1950 quse
849 1872 1132 1949 praesenti
1149 1872 1504 1949 aegritudini
1533 1872 1908 1946 mederetur,
1937 1869 2047 1932 sed

483 1964 752 2041 majores
781 1971 990 2043 postea
1019 1964 1296 2026 inferret.

564 2059 623 2119 9.
673 2057 1071 2137 Temperatur
1115 2059 1402 2139 proxima
1437 2058 1675 2122 decisio.
1710 2089 1792 2104 --
1829 2059 1946 2120 Sed
1978 2059 2044 2120 in

482 2148 602 2210 hoc
627 2149 1139 2211 considerandum
1169 2158 1278 2226 est,
1325 2152 1375 2212 si
1418 2168 1528 2212 rex
1554 2169 1716 2212 unus
1744 2151 1921 2231 plura
1950 2169 2045 2211 re-

484 2261 611 2322 gna
635 2243 750 2304 sub
772 2261 834 2304 se
863 2244 1200 2320 contineat,
1227 2261 1390 2324 saepe
1422 2261 1594 2323 posse
1617 2263 1758 2304 cum
1787 2244 2041 2306 alterius

484 2336 858 2398 detrimento
885 2336 1116 2398 bellare
1163 2355 1276 2416 pro
1311 2337 1545 2415 alter03
1587 2339 1732 2416 quia
1769 2338 1913 2398 licet
1941 2355 2037 2398 re-

483 2445 608 2507 gna
633 2429 920 2490 distincta
956 2429 1104 2504 sint,
1133 2435 1206 2490 ut
1241 2433 1452 2490 tamen
1477 2437 1621 2490 sunt
1647 2429 1760 2490 sub
1785 2448 1912 2490 uno
1940 2449 2040 2492 ca-

483 2522 632 2601 pite,
665 2527 884 2582 mutuo
908 2539 972 2583 se
993 2529 1248 2601 possunt
1273 2541 1345 2583 ac
1376 2523 1603 2584 debent
1617 2523 1864 2601 juvare,
1893 2541 2038 2584 cum

484 2615 757 2676 defensio
785 2616 970 2677 unius
1015 2617 1176 2677 cedit
1223 2618 1292 2677 in
1339 2617 1734 2677 commodum
1759 2616 2037 2693 alterius,

482 2715 880 2786 servaturque
907 2711 1246 2788 aequalitas
1273 2710 1578 2788 siquidem
1603 2709 1863 2770 alterum
1887 2710 2038 2771 alte-

481 2801 612 2862 rius
639 2801 870 2862 auxilio
890 2820 998 2862 suo
1026 2809 1302 2881 tempore
1332 2801 1610 2880 indigere
1633 2801 1848 2880 possit3
1885 2819 2027 2879 pras·

481 2899 765 2973 terquam
799 2895 964 2974 quod
993 2913 1102 2974 per
1135 2913 1200 2956 se
1242 2913 1540 2974 magnum
1568 2895 1805 2954 bonum
1835 2896 2037 2974 cujus·

483 3003 749 3066 cumque
779 2989 958 3067 regni
983 2995 1095 3063 est,
1128 2994 1537 3067 potentiorem
1563 2988 1905 3068 principem
1929 2989 2040 3048 ha-

481 3077 652 3155 bere,
689 3099 760 3140 ac
789 3081 1058 3160 denique
1087 3084 1284 3162 major
1313 3082 1566 3144 fortasse
1604 3099 1722 3160 pax
1750 3080 2041 3142 obveniet

481 3173 592 3233 tali
619 3193 836 3250 regn0,
892 3175 988 3235 vel
1033 3175 1154 3236 alia
1181 3176 1526 3249 commoda,
1567 3175 1813 3254 aliaque
1859 3174 2041 3236 facile

483 3268 815 3345 excogitari
844 3267 1082 3342 valent3
1122 3268 1322 3329 multa
1365 3269 1560 3346 igitur
1593 3267 2039 3328 consideranda

482 3367 648 3430 sunt,
676 3366 745 3420 ut
771 3360 1081 3440 obligetur
1107 3362 1387 3440 princeps
1438 3361 1516 3422 ad
1559 3360 2037 3440 relinquendum

478 3454 578 3533 jus
613 3455 903 3531 bellandi,
939 3475 1016 3516 ne
1048 3473 1310 3534 regnum
1348 3456 1481 3535 ejus
1515 3455 1815 3517 damnum
1845 3457 2039 3534 patia-

479 3554 602 3610 tur.

564 3645 663 3704 10.
707 3643 971 3706 Elatum
1025 3642 1322 3725 Cajetani.
1361 3677 1442 3690 --
1479 3641 1790 3723 Quousque
1832 3657 2039 3703 verum

484 3737 714 3799 habeat.
739 3769 818 3782 -
843 3737 948 3796 Est
1000 3744 1210 3798 autem
1261 3737 1704 3798 advertendum
1729 3779 1744 3808 ‚
1797 3753 1874 3794 ex
1920 3733 2039 3794 hoc

479 3828 786 3909 principio
813 3828 1092 3892 intulisse
1115 3831 1479 3908 Caietanum
1509 3833 1568 3890 2.
1599 3832 1661 3904 2,
1687 3835 1902 3907 quoest.
1930 3829 2035 3900 96,

481 3928 597 3983 art.
631 3923 692 3995 4,
723 3927 794 3980 ut
832 3921 1066 3982 bellum
1115 3923 1194 3982 sit
1242 3924 1497 4001 justum,
1549 3921 1776 3982 debere
1812 3920 2037 3998 princi-

479 4033 624 4096 pem
653 4021 890 4076 tantam
938 4016 1005 4075 in
1041 4033 1106 4077 se
1137 4033 1503 4095 cognoscere
1548 4020 1934 4095 potestatem,
1968 4019 2039 4074 ut

481 4111 799 4172 moraliter
831 4117 1032 4172 certus
1057 4112 1136 4172 sit
1161 4113 1238 4172 de
1267 4113 1522 4174 victoria
1561 4129 1576 4173 t
1613 4111 1838 4190 prim0,
1885 4126 2039 4187 quo·

479 4206 650 4266 niam
676 4206 828 4267 alias
850 4207 1104 4284 exponit
1139 4225 1204 4267 se
1237 4205 1561 4267 manifesto
1585 4204 1860 4285 periculo
1903 4221 2038 4264 ma-

474 4301 616 4379 jora
641 4299 870 4359 damna
913 4299 1218 4360 inferendi
1269 4317 1395 4360 suae
1441 4297 1815 4377 reipublicae,
1849 4314 2037 4376 quam

483 4391 874 4452 commodum
907 4411 922 4462 ;
955 4392 1110 4452 sicut
1143 4392 1420 4470 (inquit)
1458 4390 1618 4450 male
1660 4394 1804 4469 aget
1843 4390 2039 4468 judex

483 4485 589 4563 qui
616 4483 1013 4561 aggrediatur
1043 4491 1360 4564 capturam
1401 4484 1495 4544 rei
1541 4483 1770 4562 absque
1805 4481 2041 4544 satelli-

480 4583 616 4637 tum
645 4593 928 4647 numero,
954 4595 1074 4656 quo
1100 4583 1301 4637 certus
1325 4577 1404 4636 sit
1440 4594 1566 4636 non
1595 4594 1764 4655 posse
1788 4593 2041 4654 supera-

479 4671 556 4732 ri.
592 4669 896 4744 Secund0,
927 4670 1033 4749 qui
1065 4668 1297 4730 bellum
1325 4669 1706 4748 aggreditur,
1735 4669 2038 4728 rationem

483 4765 650 4826 subit
677 4766 941 4842 agentis,
973 4782 1166 4840 agens
1191 4769 1400 4824 autem
1445 4763 1754 4841 poentius
1783 4779 1912 4822 esse
1936 4761 2043 4821 de·

482 4856 588 4920 bet
621 4857 702 4918 ad
739 4857 1155 4936 superandum
1185 4873 1456 4936 passum.
1496 4857 1612 4917 Sed
1651 4855 1788 4916 haec
1831 4856 2042 4916 condi-

482 4950 571 5010 tio
605 4967 732 5010 non
785 4949 1030 5010 videtur
1071 4948 1222 5008 mihi
1255 4947 1618 5025 simpliciter
1659 4947 2005 5007 necessaria
2017 4962 2037 5023 3

483 5044 707 5122 prim0,
738 5042 884 5121 quia
921 5043 1197 5102 humano
1231 5041 1412 5101 modo
1457 5046 1549 5100 est
1589 5040 1716 5101 fere
1763 5040 2041 5119 impossi-

483 5135 644 5196 hilis.
697 5137 976 5197 Secundo
999 5182 1016 5211 ‚
1051 5138 1199 5215 quia
1239 5152 1402 5213 saepe
1458 5133 1712 5194 interest
1755 5133 1836 5194 ad
1875 5151 2041 5192 com·

484 5247 674 5289 mune
703 5227 937 5288 bonum
979 5227 1336 5307 reipublicae
1372 5244 1499 5286 non
1538 5230 1860 5305 expectare
1901 5233 2041 5285 tan-

483 5330 613 5382 tam
643 5321 1113 5398 certitudinem,
1153 5321 1257 5381 sed
1304 5325 1544 5381 tentare
1589 5318 1816 5398 potiuS‚
1849 5319 2037 5379 etiam

485 5432 623 5475 cum
654 5414 864 5493 aliquo
892 5414 1084 5474 dubio
1103 5461 1118 5482 ‚
1145 5433 1224 5475 an
1255 5412 1519 5474 coerceri
1549 5411 1752 5471 hostes
1781 5412 2034 5491 possint.

483 5507 710 5584 Tertio,
749 5510 1043 5588 quoniam
1087 5507 1238 5577 alias
1290 5523 1612 5594 nunquam
1651 5505 1861 5574 liceret
1905 5505 2043 5584 regi

1523 359 1758 412 msPU'r.
1793 358 1921 412 xm.
1960 359 2039 412 ET
2073 360 2309 416 unrmA
2339 367 2419 418 m:
2450 367 2665 420 BELLO.

2126 468 2333 530 minus
2368 473 2609 552 potenti
2650 471 2921 534 indicere
2950 473 3185 536 bellum
3216 483 3431 538 contra
3470 483 3682 556 poten-

2124 563 2369 639 tiorem,
2403 565 2552 645 quia
2591 565 2761 627 illam
2792 567 3249 644 certitudinem,
3280 588 3472 648 quam
3514 571 3681 648 Caje-

2124 665 2307 719 tanus
2344 660 2634 739 requirit,
2680 661 2923 738 assequi
2967 679 3093 722 non
3142 667 3361 740 potest.
3414 665 3685 740 Quapro-

2127 757 2266 830 pter
2308 751 2637 812 dicendum
2670 759 2784 828 est,
2812 754 3013 814 teneri
3058 755 3308 832 quidem
3338 755 3683 834 principem

2126 846 2205 907 ad
2280 846 2728 928 procurandam
2796 849 3131 910 maximam
3198 849 3637 910 certitudinem
3666 895 3683 923 ,

2125 957 2314 1020 quam
2344 939 2557 1018 possit,
2600 940 2909 1017 victoriae3
2956 940 3181 1002 debere
3220 941 3371 1002 item
3407 941 3687 1002 conferre

2126 1050 2301 1113 spem
2346 1033 2619 1094 victoriae
2662 1051 2805 1094 cum
2854 1035 3129 1114 periculo
3168 1035 3572 1109 damnorum,
3602 1041 3687 1095 at-

2126 1147 2249 1208 que
2292 1128 2345 1188 si
2382 1127 2673 1189 omnibus
2712 1129 2987 1208 pensatis
3028 1145 3167 1208 spes
3218 1127 3581 1208 praevaleat.
3630 1130 3691 1190 Si

2126 1240 2273 1284 vcro
2321 1221 2539 1300 nequit
2606 1225 2844 1282 tantam
2910 1221 3343 1282 certitudinem
3400 1221 3687 1300 aaeequi,

2124 1322 2367 1396 oportet
2392 1317 2610 1378 saltem
2639 1320 2709 1376 ut
2724 1315 2951 1376 babeat
2978 1316 3465 1396 probabiliorem
3490 1333 3684 1394 spem,

2125 1415 2233 1470 ant
2262 1427 2435 1488 aeque
2462 1409 2753 1483 dubiam,
2792 1409 2977 1487 juxta
3010 1411 3441 1472 necessitatem
3488 1410 3689 1488 reipu-

2126 1502 2303 1564 blicae
2332 1508 2395 1564 et
2434 1501 2583 1564 boni
2626 1502 2997 1563 communis.
3048 1503 3221 1576 Quod
3266 1503 3316 1562 si
3362 1503 3584 1564 minor
3616 1504 3691 1562 sit

2127 1595 2523 1676 probabilitas
2565 1596 2641 1656 de
2691 1614 2797 1675 spe
2820 1643 2836 1668 ,
2880 1602 2941 1657 et
2968 1596 3203 1658 bellum
3254 1597 3335 1656 sit
3378 1595 3684 1673 aggressi-

2126 1708 2315 1765 vum,
2345 1690 2473 1751 sere
2502 1707 2741 1769 semper
2790 1697 2882 1751 est
2932 1689 3291 1762 vitandum3
3332 1690 3388 1750 si
3426 1689 3689 1750 defensi-

2126 1801 2303 1858 vum,
2338 1783 2745 1856 tentandum;
2780 1782 3068 1862 quiahoc
3100 1783 3509 1857 necessitatiS,
3546 1781 3687 1842 illud

2126 1882 2217 1936 est
2262 1874 2595 1934 voluntatis
2643 1895 2658 1933 ε
2705 1892 2843 1952 quae
2885 1874 3095 1935 omnia
3147 1892 3223 1934 ex
3266 1872 3597 1953 principiis
3622 1873 3693 1934 de

2126 1968 2497 2030 conscientia
2522 1973 2585 2028 et
2610 1968 2853 2046 justitia
2878 1968 3025 2028 satis
3053 1973 3356 2030 constant.

2752 2168 2969 2221 SEcho
3006 2171 3065 2222 V.

2134 2343 2351 2406 Utrum
2396 2342 2707 2425 principes
2756 2343 3086 2406 christiani
3128 2342 3379 2406 habeant
3432 2340 3683 2420 aliquem

2185 2437 2429 2517 justam
2462 2437 2710 2499 titulum
2732 2435 2873 2498 belli
2886 2441 3117 2516 proeter
3144 2454 3294 2508 eum,
3326 2451 3505 2514 quem
3526 2435 3681 2496 ratio

2198 2529 2507 2594 naturalis
2530 2529 2747 2592 dictat.

2200 2717 2257 2776 1.
2290 2715 2513 2778 Prima
2536 2715 2836 2779 sententia
2862 2717 3207 2794 affirmans.
3224 2716 3579 2778 —Primws
3608 2716 3680 2778 ti-

2120 2810 2308 2882 tulus,
2340 2810 2446 2890 qui
2473 2809 2689 2888 afferri
2713 2814 2934 2888 posset,
2966 2809 3361 2890 impugnatur
3386 2811 3461 2872 ab
3488 2815 3678 2872 aucto-

2116 2919 2215 2974 re,
2252 2903 2320 2963 in
2363 2906 2542 2965 tract.
2586 2903 2655 2962 de
2692 2900 2876 2977 Fide,
2930 2901 3088 2980 disp.
3137 2903 3335 2962 18.--
3361 2901 3677 2966 Secundus

2120 2995 2301 3056 etiam
2352 2994 2569 3056 titulus
2614 2995 2989 3074 reprobatum.
3026 3027 3107 3042 —·—
3125 2995 3331 3055 Prima
3370 2996 3673 3056 sententia

2120 3089 2412 3163 affirmat,
2442 3105 2629 3166 quam
2671 3088 3008 3149 Hostiensis
3030 3133 3050 3165 ‚
3091 3089 3593 3163 PanormitanuS,
3618 3095 3675 3150 et

2120 3181 2226 3242 alii
2253 3181 2598 3243 Canonistae
2632 3181 2993 3257 defendunt,
3023 3183 3091 3243 in
3131 3181 3525 3263 cap-„Super
3559 3185 3671 3256 Itis,

2120 3277 2197 3336 de
2220 3277 2398 3348 Voto,
2422 3281 2485 3336 et
2512 3275 2775 3335 Alvarus
2798 3274 3104 3354 Pelagius,
3134 3274 3244 3336 lib.
3270 3279 3330 3350 1,
3362 3276 3445 3338 de
3472 3277 3675 3338 Planc-

2122 3376 2202 3429 tu·
2230 3368 2535 3442 Ecclesiae,
2572 3384 2706 3446 cap.
2742 3371 2851 3445 373
2880 3367 3151 3442 Gabriel,
3190 3367 3257 3428 in
3287 3371 3350 3442 4,
3404 3369 3667 3430 distinct.

2124 3464 2223 3536 15,
2250 3472 2469 3540 quaest.
2520 3463 2581 3534 4,
2624 3466 2687 3521 et
2716 3460 2846 3537 alii,
2892 3479 3045 3539 quos
3070 3461 3259 3522 refert
3286 3461 3541 3537 Covarr,
3579 3480 3672 3522 re·

2122 3555 2269 3634 gula
2316 3556 2673 3626 Peccatum,
2710 3555 2746 3634 g
2794 3556 2889 3616 lo.
2932 3555 3012 3616 At
3061 3573 3185 3615 non
3231 3556 3451 3618 eodem
3497 3555 3669 3616 modo

2121 3655 2400 3710 auctores
2432 3647 2498 3706 hi
2528 3648 2889 3726 loquuntur,
2922 3648 3238 3726 assignant
3264 3648 3433 3708 enim
3480 3649 3669 3708 varios

2120 3741 2354 3802 tituloS.
2405 3741 2643 3801 Primus
2680 3747 2773 3800 est
2818 3740 3007 3801 solius
3056 3739 3443 3801 infidelitatis
3466 3787 3485 3815 ‚
3534 3739 3667 3817 quia

2118 3835 2347 3896 scilicet
2378 3833 2601 3894 nolunt
2651 3850 2862 3894 veram
2919 3833 3283 3910 religionem
3320 3833 3659 3894 admittere.

2118 3929 2237 3989 Sed
2266 3927 2365 3987 hic
2405 3925 2715 3996 est,falsus
2744 3926 2983 4008 titulus,
3030 3928 3106 3987 de
3149 3943 3271 4005 quo
3303 3927 3371 3986 in
3420 3924 3665 3987 materia

2118 4022 2193 4082 de
2217 4020 2359 4081 fide.
2384 4019 2703 4081 Secundus
2730 4026 2841 4093 est,
2867 4026 2938 4080 ut
2960 4021 3118 4080 Deus
3145 4019 3225 4080 ab
3260 4019 3511 4098 injuriis
3536 4018 3655 4077 vin·

2118 4113 2375 4186 dicetur,
2406 4131 2545 4191 quae
2574 4119 2787 4172 contra
2836 4113 3037 4190 ipsum
3078 4111 3240 4172 flunt
3282 4129 3390 4190 per
3428 4115 3663 4190 peccata

2118 4211 2333 4266 contra
2362 4209 2672 4280 naturam,
2704 4211 2767 4266 et
2793 4221 2903 4284 per
2930 4204 3363 4276 idololatriam;
3388 4212 3455 4264 et
3478 4202 3661 4283 quoad

2122 4298 2436 4370 ultimum,
2468 4298 2530 4358 id
2560 4304 2725 4358 tenet
2754 4299 2979 4370 Casti-0,
3015 4297 3125 4358 lib.
3162 4299 3201 4357 2
3230 4297 3307 4358 de
3342 4297 3520 4356 Justa
3548 4296 3663 4356 hae-

2122 4391 2453 4452 reticorum
2480 4391 2826 4469 punitione,
2853 4409 2985 4468 cap.
3024 4392 3119 4450 14.
3150 4389 3271 4452 Sed
3296 4388 3451 4450 falsa
3488 4388 3661 4449 etiam

2124 4483 2429 4544 sententia
2460 4489 2572 4558 est,
2616 4489 2679 4543 et
2719 4483 2985 4562 primum
3020 4500 3263 4560 quoque
3304 4482 3363 4562 si·
3413 4481 3495 4542 de
3542 4481 3662 4539 vin-

2124 4577 2285 4638 dicta
2314 4576 2560 4655 proprie
2590 4576 2937 4654 loquamur.
2971 4576 3131 4635 Deus
3158 4575 3327 4634 enim
3358 4593 3489 4636 non
3510 4573 3660 4634 dedit

2122 4669 2407 4730 omnibus
2468 4667 2823 4728 hominibus
2892 4673 3257 4746 potestatem
3322 4664 3657 4727 vindicandi

2122 4782 2262 4824 suas
2295 4764 2485 4841 ipsius
2509 4762 2788 4840 injurias,
2818 4761 2968 4840 quia
2994 4761 3123 4840 ipse
3148 4760 3329 4822 facile
3354 4761 3417 4820 id
3452 4766 3652 4839 potest,

2122 4856 2175 4916 si
2203 4855 2373 4928 velit,
2416 4873 2531 4915 nec
2562 4853 2924 4932 expediebat
2958 4855 3172 4930 generi
3208 4853 3487 4915 humano
3520 4869 3534 4912 :
3574 4869 3656 4912 se-

2124 4955 2415 5028 queretur
2434 4947 2603 5008 enim
2626 4946 2769 5007 inde
2804 4946 3069 5007 turbatio
3092 4949 3385 5007 maxima.
3418 4946 3658 5008 Eadem-

2122 5061 2242 5122 que
2264 5043 2419 5102 ratio
2449 5047 2541 5104 est
2558 5041 2633 5100 de
2654 5039 3028 5115 deffensione,
3052 5040 3199 5120 quia
3216 5040 3335 5100 hac
3352 5041 3452 5100 via
3478 5039 3659 5118 potius

2122 5135 2684 5214 multiplicarentur
2724 5133 2948 5193 divinae
2982 5133 3227 5210 injuriae
3243 5178 3265 5208 ,
3304 5151 3491 5211 quam
3520 5137 3653 5190 vita-

2123 5233 2359 5288 rentur.
2394 5225 2645 5298 Deinde,
2674 5225 2791 5286 hoc
2820 5225 2951 5302 ipso
2978 5225 3156 5285 titulo
3191 5231 3435 5303 possent
3482 5225 3655 5284 etiam

2120 5319 2437 5382 christiani
2486 5320 2791 5399 principes
2836 5318 2999 5379 inter
3044 5335 3108 5378 se
3162 5317 3327 5379 bella
3380 5335 3615 5379 movere
3638 5359 3653 5380 ,

2120 5429 2259 5475 cum
2302 5413 2482 5474 multi
2524 5413 2710 5474 etiam
2748 5412 2872 5472 sint
2908 5413 3029 5473 Deo
3058 5411 3293 5491 injurii.
3332 5413 3483 5472 Item
3528 5426 3655 5470 cum

2119 5505 2223 5574 hic
2242 5504 2459 5569 titulus
2476 5524 2601 5566 non
2622 5503 2812 5590 possit
2836 5503 3205 5568 sufficienter
3225 5503 3489 5582 ostendi,
3510 5503 3655 5582 juste
