3900 6217
743 376 914 433 83οΤ.
947 378 1010 433 11.
1045 376 1130 431 AN
1157 376 1336 442 DEUS,
1369 378 1455 432 UT
1487 376 1922 433 REVELATtONE
1955 378 2319 435 CONSTlTUlT
2352 380 2683 443 omEcTuu.
2718 384 2854 437 ETc.

179 494 270 550 eet
291 487 472 549 illam
504 490 694 565 fide-m
737 487 808 550 ab
843 482 1130 567 Apostozo
1165 482 1588 555 commendari,
1632 498 1752 563 qua

189 570 454 645 creditur
491 584 644 646 Dea.
695 580 958 651 Ratione
1011 576 1200 637 otiam
1263 574 1446 637 facile
1507 574 1754 637 ostendi

187 682 420 755 potcst3
447 694 605 737 nam
623 672 930 755 imprimis
949 670 1030 732 de
1051 669 1291 731 ratione
1319 667 1466 729 fidei
1497 669 1560 729 in
1589 686 1756 729 com-

185 769 354 829 muni
399 773 520 842 est,
560 773 634 830 ut
679 770 914 829 nitatur
955 764 1020 825 in
1065 762 1422 824 testimonio
1463 760 1750 833 dicentis,

185 862 329 942 qnia
358 862 424 923 in
451 864 578 923 hoc
605 858 1006 938 distinguitur
1034 874 1071 917 a
1101 855 1382 930 scientia,
1413 860 1476 916 et
1508 854 1590 917 ab
1619 854 1756 934 opi-

187 956 376 1015 nione
411 955 668 1035 proprie
699 956 982 1031 sumpta3
1017 964 1169 1025 ergo
1213 947 1332 1009 hoc
1375 948 1564 1009 etium
1605 964 1754 1007 con-

183 1048 350 1108 venit
383 1054 616 1109 nostrae
653 1045 824 1119 fidei,
853 1046 917 1105 et
961 1040 1318 1103 necessario
1357 1040 1641 1120 sequitur
1675 1058 1754 1100 ex

185 1140 564 1219 precedenti
591 1138 957 1208 assertione,
989 1134 1138 1214 quia
1177 1150 1321 1195 cum
1356 1152 1484 1195 non
1517 1134 1752 1195 nitatur

185 1235 450 1305 ratione,
501 1250 760 1295 necesse
797 1236 894 1293 est
941 1234 1012 1290 ut
1048 1229 1110 1289 in
1143 1228 1502 1289 testimonio
1529 1225 1751 1288 funde-

187 1335 306 1390 tur.
353 1330 488 1389 Hoc
533 1334 746 1389 autem
771 1324 1224 1395 testimonium,
1255 1322 1320 1383 in
1363 1339 1490 1401 quo
1522 1321 1752 1382 funda-

187 1430 286 1483 tur
311 1422 478 1484 fides
521 1420 890 1491 Christiana,
931 1435 1061 1479 non
1101 1420 1198 1479 est
1251 1415 1625 1487 humanum,
1679 1420 1752 1475 ut

195 1534 482 1597 expresse
527 1514 738 1577 docuit
771 1511 1023 1584 Paulus,
1053 1510 1118 1571 in
1165 1510 1354 1571 citato
1381 1509 1544 1583 loco,
1577 1507 1660 1569 ad
1716 1511 1746 1569 1

197 1610 465 1671 corinth.
511 1610 554 1670 2
585 1654 604 1683 ,
659 1614 847 1687 atque
897 1605 1090 1667 etiam
1131 1603 1432 1675 Christus,
1467 1618 1612 1663 cum
1663 1600 1756 1662 di·-

197 1704 318 1765 xit:
377 1703 536 1767 earo
569 1708 632 1767 et
669 1698 925 1783 σαπρὰ
978 1716 1100 1761 no»
1129 1696 1416 1762 revelavit
1473 1698 1604 1760 tibi.
1637 1696 1755 1757 Ne-

203 1816 310 1877 que
325 1797 516 1857 etiam
543 1814 684 1857 esse
710 1800 914 1875 potest
927 1792 1354 1855 testimonium
1369 1790 1744 1871 angelicum,

207 1898 328 1953 tum
381 1892 534 1971 qnia
595 1890 846 1971 ipsimet
897 1887 1120 1968 Angeli
1175 1886 1582 1967 indiguerunt
1629 1884 1755 1946 fide

207 1984 448 2045 tundata
475 1986 544 2045 in
591 1984 798 2045 altiori
827 1981 1208 2054 testimonie,
1241 1986 1305 2041 et
1341 1979 1627 2060 ejusdem
1657 1996 1756 2039 ra·

207 2079 374 2139 tionis
395 2084 496 2139 est
521 2082 744 2139 nostra
767 2075 924 2137 fides
953 2094 968 2148 ς
1018 2080 1150 2135 tum
1185 2074 1372 2135 etiam
1403 2072 1548 2152 quia
1581 2072 1757 2133 testi·-

205 2173 466 2234 menium
487 2170 886 2253 Angelicum,
917 2167 1266 2231 secundum
1287 2185 1356 2229 se
1379 2172 1754 2247 spectatum,

199 2266 432 2327 sallibile
473 2270 592 2341 est,
629 2265 790 2326 sicut
833 2262 1262 2325 testimonium
1289 2262 1664 2333 humanum,
1695 2264 1757 2321 et

193 2362 266 2421 ita
285 2359 430 2420 mali
451 2359 690 2440 Angeli
707 2374 874 2437 saepe
893 2356 1186 2417 homines
1214 2354 1555 2435 decipiunt.
1577 2353 1757 2426 Quod

189 2454 234 2513 si
263 2452 408 2514 boni
437 2452 680 2533 Angeli
722 2452 1066 2529 loquantur
1088 2455 1160 2510 ut
1193 2448 1459 2509 ministri
1507 2447 1638 2517 Dei,
1669 2446 1758 2508 sic

181 2549 338 2608 Deus
385 2552 496 2607 eet
547 2546 664 2625 qui
693 2543 1124 2623 principaliter
1149 2541 1546 2613 testificatum
1607 2558 1758 2621 ergo

177 2640 368 2701 solum
381 2636 1224 2717 relinquiturtestitnonium
1253 2635 1556 2708 divinum,
1589 2632 1762 2712 quod

175 2734 246 2795 sit
293 2732 642 2813 proprium
681 2730 832 2793 fidei
867 2729 1370 2801 fundamentum,
1397 2728 1574 2807 juxta
1608 2725 1760 2787 illud

175 2828 352 2891 Joan.
373 2827 654 2888 tzDenm
681 2842 852 2886 nemo
867 2824 1306 2904 viditunquam
1319 2846 1344 2894 ;
1376 2819 1753 2903 (Iniquum,

189 2922 292 3003 qni
323 2924 412 2982 est
439 2920 676 2981 insint
706 2919 954 2989 Patris,
981 2916 1110 2997 ipse
1137 2914 1452 2979 enarravit
1471 2940 1497 2989 ;
1515 2920 1579 2975 et
1603 2912 1760 2975 illud

195 3014 270 3075 ad
313 3013 502 3075 Galat.
535 3017 570 3073 1
606 3032 626 3073 :
679 3013 834 3077 Nove
859 3010 1182 3075 seeundum
1205 3008 1518 3083 laomz'nem,
1548 3009 1655 3071 sed
1672 3024 1760 3070 ee-

185 3110 426 3172 aarum
445 3104 886 3170 revelationem
909 3104 1062 3169 ,ἴση
1091 3100 1324 3167 Clavi-sti
1341 3127 1370 3175 ;
1407 3102 1532 3163 imo
1557 3101 1760 3163 Chris-

175 3208 268 3262 tus
293 3201 454 3281 ipse,
489 3201 562 3261 in
595 3206 912 3279 quantum
939 3199 1150 3273 homo,
1183 3200 1387 3257 totum
1415 3196 1538 3256 hoc
1566 3194 1760 3256 refert

165 3296 246 3355 ad
283 3296 574 3367 Patrem,
602 3293 850 3363 dicens,
894 3292 1123 3353 Joann.
1153 3292 1230 3353 12
1262 3307 1276 3349 ε
1330 3288 1448 3365 Qm·
1475 3288 1666 3353 eredit
1689 3290 1758 3351 in

167 3408 272 3461 ne,
307 3406 433 3449 uon
493 3386 698 3451 eredit
731 3386 802 3447 iu
835 3402 952 3459 me,
989 3386 1094 3447 sed
1133 3384 1204 3446 iu
1247 3402 1382 3447 eum
1431 3384 1536 3465 qui
1585 3380 1759 3446 misit

169 3501 274 3544 ue.
301 3482 416 3541 Est
439 3498 608 3561 ergo
653 3480 824 3541 Dens
847 3476 982 3556 ipse
1011 3482 1238 3539 nostrae
1271 3474 1654 3539 credulitatis
1681 3492 1756 3536 ac

171 3578 308 3639 fidei
339 3574 870 3637 fundamentum.

235 3672 296 3731 ’1.
339 3668 722 3731 Ostendam·
751 3663 1056 3748 posta-ior
1079 3665 1439 3729 assertionis
1477 3682 1656 3745 pars.
1673 3697 1758 3713 —

175 3764 262 3824 Ex
305 3762 438 3823 hoc
487 3766 708 3822 autem
738 3758 1042 3839 principio
1088 3756 1270 3819 facile
1301 3776 1376 3819 ac
1425 3756 1755 3819 manifeste

183 3855 584 3917 concluditur
655 3853 852 3915 altera
915 3870 1064 3933 pars
1115 3850 1478 3913 assertionis
1510 3896 1526 3925 ,
1591 3851 1758 3913 scili-

183 3956 288 4018 eet,
328 3952 548 4010 Deum
603 3965 746 4009 esse
823 3946 1142 4026 objectum
1197 3944 1462 4007 formale
1521 3948 1753 4005 nostrai

183 4042 342 4118 fidei,
395 4041 560 4121 qnia
603 4042 670 4102 in
737 4040 907 4101 omni
957 4039 1174 4101 habitu
1227 4038 1611 4110 intellectus,
1656 4036 1758 4097 vel

185 4136 464 4206 scientia,
491 4134 816 4215 objectum
839 4132 1099 4195 formale
1119 4138 1216 4194 est
1243 4130 1398 4193 illud
1428 4130 1598 4211 quod
1621 4130 1756 4191 illu·

185 4230 372 4291 minat
399 4228 756 4307 objectum,
787 4232 852 4287 et
875 4232 972 4288 est
1003 4225 1283 4287 medium
1309 4242 1423 4286 seu
1465 4224 1628 4285 ratio
1653 4242 1756 4284 as-

183 4322 502 4385 sentiendi
537 4320 634 4383 ini
662 4342 682 4397 3
713 4320 826 4382 sed
853 4321 1018 4381 Deus
1045 4321 1168 4380 hoe
1210 4318 1400 4381 modo
1453 4322 1548 4379 est
1593 4318 1754 4379 ratio

181 4415 481 4479 credendi
519 4432 642 4495 per
686 4414 878 4476 fidem
929 4414 1235 4485 infusam:
1284 4430 1436 4493 ergo
1475 4418 1572 4474 est
1615 4412 1755 4492 ejus

183 4512 504 4591 objectum
543 4510 832 4571 formale.
861 4509 1068 4571 Minor
1099 4506 1360 4588 probata
1387 4512 1520 4581 est;
1553 4506 1758 4586 major

179 4610 388 4667 antem
441 4607 698 4667 constat
733 4620 814 4665 ex
855 4601 1174 4682 principiis
1191 4600 1659 4681 Metaphysicae,
1693 4604 1758 4663 et

181 4704 384 4777 potest
435 4694 806 4757 inductione
851 4694 1096 4757 ostendi
1155 4694 1222 4755 in
1275 4692 1400 4757 fide
1449 4695 1751 4765 humana,

177 4793 352 4871 cujus
373 4789 658 4852 fonnale
685 4789 999 4868 objectum
1043 4793 1138 4851 est
1179 4786 1600 4849 testimonium
1643 4788 1758 4847 hu-

175 4904 466 4956 manum,
499 4883 656 4963 qnia
683 4881 840 4943 illud
863 4887 960 4943 est
997 4882 1154 4943 ratio
1195 4881 1492 4943 credendi
1522 4900 1636 4961 per
1663 4887 1756 4943 tu-

175 4978 295 5041 lem
335 4978 591 5051 fidem;
627 4973 914 5037 similiter
937 4973 1210 5037 scientim
1235 4974 1472 5036 habent
1509 4975 1754 5054 objecta

171 5072 468 5133 formalia
509 5088 596 5131 ex
627 5068 852 5129 mediis
905 5066 1322 5131 assentiendi:
1355 5072 1422 5149 et
1445 5068 1604 5130 ratio
1633 5074 1751 5142 est,

171 5167 320 5244 quia
367 5163 741 5225 intellectus
793 5162 996 5224 tendit
1023 5164 1084 5223 in
1138 5162 1464 5225 veritatem
1507 5162 1605 5223 sui
1649 5161 1756 5223 oh-

169 5260 348 5339 jecti;
381 5276 548 5335 ergo
575 5256 668 5328 id,
699 5256 872 5335 qnod
898 5254 1169 5317 ostendit
1191 5255 1518 5317 veritatem
1549 5256 1612 5317 in
1641 5255 1758 5317 oh-

171 5354 358 5431 jecto,
395 5356 500 5413 est
525 5349 798 5411 formale
825 5350 1144 5429 objectum
1191 5348 1594 5429 cognitionis,
1643 5366 1757 5411 seu

175 5464 496 5509 assensus.
519 5446 732 5522 Atque
747 5443 867 5504 hoc
882 5442 1084 5523 magis
1101 5442 1512 5523 explicabitur
1527 5449 1592 5505 et
1614 5460 1758 5505 con-

179 5538 538 5604 firmabitur
555 5554 638 5599 ex
659 5536 909 5601 duabus
931 5536 1312 5603 sectionibus
1325 5536 1752 5621 sequentibus.

3322 384 3395 445 41

1915 480 1977 541 8.
2012 478 2117 543 Aa
2158 482 2617 559 fundamentum
2662 484 2891 547 erroris
2944 486 3013 547 in
3060 504 3226 551 num.
3261 492 3405 552 1.-

1834 570 1938 637 Aa
1984 572 2249 655 primam
2290 574 2805 651 confirmationem
2849 596 2923 642 em
2958 580 3217 658 ratione,
3250 584 3396 647 ibid.

1833 698 1915 713 -—
1932 666 2037 731 Aa
2050 668 2393 731 secundam.
2418 701 2501 715 -
2519 668 2617 730 Ad
2641 669 3052 735 fundamenta
3080 676 3405 739 haeretico-

1835 777 1977 819 rum
2009 760 2235 821 solutio
2274 763 2447 839 patet
2494 780 2572 823 ex
2598 762 2801 824 dictis.
2835 766 2932 827 Ad
2960 766 3111 829 illud
3144 768 3405 849 Sapien-

1832 854 1912 914 tis
1943 872 1959 913 :
1992 854 2111 928 Qui
2132 854 2251 917 cito
2274 854 2488 927 eredit,
2514 856 2667 921 levis
2697 862 2789 921 eet
2823 861 3015 935 eorde,
3041 862 3401 925 Bernartius

1833 947 2195 1025 respondet,
2232 948 2593 1028 Sapientem
2618 950 2789 1030 loqui
2818 952 2899 1013 de
2932 952 3057 1015 fide
3098 956 3396 1029 humana,

1833 1058 1997 1121 quae,
2033 1058 2179 1101 cum
2224 1042 2460 1102 nitatur
2498 1042 2761 1118 homini,
2813 1046 2921 1126 qui
2966 1046 3145 1110 facile
3196 1056 3403 1130 potest

1831 1134 2145 1214 decipere,
2184 1152 2309 1197 non
2340 1142 2436 1196 est
2465 1136 2585 1197 cito
2628 1137 3007 1214 adhibenda,
3037 1148 3100 1204 et
3125 1142 3259 1205 sine
3286 1144 3401 1205 du-

1830 1228 1934 1289 bio
1958 1234 2055 1290 est
2078 1246 2303 1291 sensus
2325 1230 2608 1291 litteralis
2630 1250 2647 1305 ;
2672 1251 2820 1293 nam
2840 1234 3103 1314 Sapiens
3126 1237 3402 1317 loquitur

1831 1322 1910 1384 de
1951 1323 2050 1385 his
2090 1323 2197 1403 qui
2238 1323 2421 1385 facile
2480 1324 2745 1387 credunt
2784 1326 3257 1393 detrahentibus
3318 1332 3399 1393 de

1835 1415 1995 1477 aliis.
2028 1416 2279 1479 Addere
2303 1434 2453 1479 vero
2477 1436 2834 1498 possumus,
2866 1422 3055 1484 etiam
3075 1423 3227 1485 illud
3260 1444 3400 1488 esse

1832 1526 2077 1583 verum,
2118 1528 2273 1571 sano
2306 1511 2494 1572 modo
2544 1511 2956 1589 intellectum,
2996 1516 3061 1577 in
3088 1516 3215 1579 fide
3244 1517 3401 1580 divi-

1835 1622 1957 1676 ηας
2014 1622 2144 1665 non
2174 1605 2343 1665 enim
2374 1605 2497 1667 cito
2540 1612 2637 1666 est
2687 1607 3077 1671 credendum
3120 1610 3403 1674 dicentes

1837 1714 1905 1759 se
1958 1696 2193 1759 habere
2223 1698 2673 1760 revelationem
2712 1700 3031 1775 divinam;
3078 1703 3190 1766 sed
3218 1724 3403 1785 opor-

1835 1795 1926 1853 tet
1973 1797 2305 1870 expectare
2348 1790 2693 1870 prudenter
2729 1812 2813 1855 an
2840 1794 2998 1857 fides
3028 1796 3127 1857 vel
3168 1798 3404 1861 revela-

1835 1884 1922 1946 tio
1970 1884 2353 1947 sufficienter
2387 1890 2814 1965 proponatur,
2858 1895 2929 1949 ut
2969 1889 3127 1951 infra
3167 1890 3406 1954 videbi-

1835 1998 2003 2053 mus,
2038 1978 2271 2059 disput.
2302 1982 2365 2055 4,
2398 1985 2552 2041 sect.
2572 1980 2651 2053 Ως
2688 1987 2751 2042 et
2776 1982 2883 2061 qui
2912 1982 3033 2045 hoc
3058 1985 3247 2047 modo
3275 2004 3405 2049 cre-

1837 2072 1950 2147 dit,
1980 2091 2107 2134 non
2138 2073 2261 2135 cito
2286 2071 2501 2135 credit.
2534 2074 2666 2135 Imo
2692 2074 3000 2156 discipuli,
3032 2078 3143 2157 qui
3168 2082 3406 2143 nonita

1837 2166 2265 2241 crediderunt,
2303 2173 2374 2228 ut
2392 2168 2563 2229 stulti
2594 2173 2656 2229 et
2675 2168 2835 2229 tardi
2863 2171 3050 2235 corde
3070 2174 3409 2254 reprehen-

1837 2260 2095 2335 duntur,
2151 2266 2213 2323 et
2258 2262 2591 2323 Zacharias
2631 2263 2892 2342 punitus
2944 2271 3061 2339 est,
3094 2254 3255 2347 quia‘
3278 2287 3406 2329 non

1839 2354 2105 2415 credidit
2165 2354 2331 2417 facta
2372 2354 2703 2417 sufficienti
2747 2357 3151 2421 revelatione.
3203 2364 3408 2441 Atque

1838 2448 1959 2509 hoc
1992 2448 2179 2510 modo
2214 2450 2645 2529 intelliguntur
2674 2450 2795 2511 alia
2821 2453 3208 2515 testimonia:
3243 2454 3415 2529 Quod

1839 2542 2105 2623 spiritus
2134 2542 2433 2625 probandi
2454 2545 2607 2620 sint,
2635 2544 2795 2607 sicut
2824 2546 3191 2609 Beatissima
3218 2549 3407 2629 Virgo

1841 2636 2143 2717 eoyitabat
2172 2635 2376 2719 qualis
2398 2646 2548 2699 esset
2589 2637 2705 2702 illa
2748 2638 3066 2717 salutatiO,
3104 2645 3407 2703 ettamen

1839 2748 1963 2791 nec
1984 2728 2173 2791 nimis
2202 2729 2345 2807 cito,
2390 2748 2509 2793 nce
2543 2730 2721 2793 tarde
2758 2733 3038 2808 credidit,
3072 2734 3185 2796 sed
3210 2752 3405 2815 quan-

1841 2821 1922 2883 do
1948 2823 2244 2901 oportuit,
2268 2827 2330 2883 et
2361 2823 2503 2885 ideo
2536 2824 2695 2886 fides
2724 2825 2861 2905 ejus
2890 2828 3397 2890 commendatur:

1839 2915 2061 2987 Beata,
2092 2932 2227 2997 quea
2247 2916 2559 2982 credidisti
2578 2944 2603 2991 ;
2636 2923 2698 2981 et
2720 2938 2843 2980 non
2867 2920 3130 2983 credidit
3148 2928 3405 3005 propter

1840 3007 2175 3081 rationem,
2216 3010 2330 3071 sed
2357 3018 2615 3091 propter
2651 3012 3075 3075 testimonium
3114 3015 3233 3077 sibi
3258 3034 3407 3097 pro-

1839 3101 2140 3181 positum,
2170 3104 2314 3183 quia
2338 3121 2458 3165 mm
2486 3106 2607 3167 erit
2639 3106 3009 3189 impossibile
3033 3111 3197 3189 apud
3211 3111 3406 3173 Deum

1839 3211 2008 3259 omne
2050 3196 2311 3259 verbum.
2363 3196 2460 3258 Ad
2486 3198 2795 3259 rationem
2824 3199 3089 3279 primam
3142 3219 3404 3283 respon-

1839 3289 2045 3363 detur,
2076 3289 2159 3350 ad
2203 3290 2591 3353 credendum
2630 3294 3053 3355 necessariam
3100 3314 3237 3357 esse
3288 3296 3405 3357 ali-

1837 3400 2029 3462 quam
2066 3382 2539 3464 intelligentiam
2574 3384 2823 3465 objecti,
2857 3404 2985 3447 non
3028 3395 3216 3467 prout
3242 3390 3305 3450 in
3334 3408 3403 3451 se

1837 3483 1955 3549 est,
1985 3476 2099 3539 sed
2124 3484 2312 3557 prout
2345 3479 2715 3559 proponitur
2742 3486 2805 3543 et
2853 3481 3113 3543 offertur
3137 3485 3220 3545 ad
3270 3502 3405 3546 cre-

1837 3570 2139 3633 dendum.
2186 3573 2403 3652 Neque
2446 3578 2540 3634 est
2576 3574 2959 3654 impossibile
2988 3578 3277 3639 assentiri
3301 3594 3403 3639 ve·

1835 3665 2023 3741 rituti,
2048 3682 2189 3745 quae
2218 3684 2331 3745 per
2346 3667 2655 3727 rationem
2678 3686 2806 3729 non
2835 3668 3223 3743 ostenditur;
3252 3689 3403 3732 num

1837 3758 1987 3819 satis
2013 3764 2109 3819 est
2138 3758 2308 3837 quod
2336 3758 2397 3819 in
2426 3760 2783 3822 testimonio
2813 3760 3077 3823 dicentis
3106 3762 3403 3825 ostenda·

1837 3856 1957 3913 tur.
2006 3852 2139 3912 Imo
2169 3852 2575 3932 AugustinuS,
2608 3852 2773 3915 dicto
2803 3854 2961 3915 libro
3010 3855 3091 3917 de
3130 3856 3402 3919 Utilitate

1837 3944 2156 4019 credendi,
2202 3964 2259 4007 c.
2294 3948 2371 4007 12
2393 3953 2455 4007 et
2496 3964 2657 4027 seq„
2690 3949 2961 4011 ostendit
2988 3950 3122 4010 sine
3153 3950 3271 4011 hoc
3301 3968 3405 4029 ge-

1835 4056 1991 4099 nere
2020 4038 2395 4119 cognitionis
2422 4042 2483 4101 et
2531 4058 2849 4115 assensus,
2894 4060 3025 4104 non
3080 4060 3265 4122 posse
3296 4044 3407 4104 ho·

1833 4132 2040 4193 mines
2078 4130 2439 4213 gubernari,
2480 4152 2687 4215 neque
2714 4136 2777 4197 in
2801 4136 3079 4198 humana
3108 4137 3405 4199 societate

1836 4224 2069 4299 vivere,
2094 4226 2241 4305 quia
2265 4227 2579 4307 proecipua
2598 4247 2745 4307 pars
2769 4229 3190 4291 humanarum
3215 4230 3404 4292 actio-

1833 4337 1989 4380 num
2018 4320 2084 4379 in
2112 4319 2321 4399 aliqua
2344 4319 2469 4382 fide
2496 4320 2832 4396 fundatum
2889 4340 3017 4383 non
3044 4322 3213 4385 enim
3238 4328 3406 4385 esset

1837 4413 2137 4487 amicitia,
2167 4413 2269 4475 vel
2298 4414 2501 4494 quivis
2535 4414 2851 4477 humanus
2875 4422 3251 4491 contractus,
3286 4416 3403 4479 nisi

1836 4524 2003 4567 unus
2044 4507 2227 4569 alteri
2274 4506 2583 4583 crederet,
2616 4514 2679 4573 et
2708 4508 2797 4571 sic
2820 4510 2901 4573 de
2926 4508 3085 4571 aliis.

2484 4710 2701 4765 ssscho
2742 4710 2805 4765 lt.

1849 4890 2071 4955 Utrum
2104 4892 2290 4966 Dm,
2324 4896 2619 4973 quatenus
2642 4890 2999 4959 revelatione
3040 4910 3156 4955 sua
3180 4892 3404 4955 eonsti-

1917 4985 2043 5049 tuie
2062 4986 2355 5067 objectum
2386 4988 2690 5063 credibile,
2720 4990 2809 5053 eit
2836 4989 3127 5070 objectum
3150 4984 3405 5066 formale

1913 5079 2103 5158 fiam

1918 5260 1979 5319 1.
2027 5258 2251 5323 Prima
2276 5260 2441 5323 ratio
2474 5260 3185 5325 dubitande—Secunda
3218 5261 3401 5325 ratio.

1835 5382 1919 5397 —
1942 5353 2159 5417 Tertia
2182 5355 2343 5417 ratio
2366 5372 2441 5418 eze
2467 5354 2703 5437 triplici
2726 5354 3405 5418 similitudine—Ratio

1841 5445 2167 5508 dubitandi
2202 5466 2341 5509 esse
2384 5452 2611 5527 potest,
2650 5447 2870 5527 prim0,
2909 5446 3054 5526 qnia
3092 5446 3407 5527 objectum

1843 5537 2111 5607 formale
2156 5540 2347 5607 debet
2388 5560 2527 5603 esse
2572 5539 2807 5619 aliquid
2856 5540 3025 5602 reale
3072 5546 3137 5603 et
3190 5540 3405 5603 intrin-
