3900 6217
891 431 1061 484 SECT.
1097 431 1223 482 xm.
1261 427 1342 481 AN
1376 422 1728 479 navt-:nmo
1761 417 1959 474 FALso
1993 419 2239 473 PUTATA
2274 417 2613 481 suracim,
2650 415 2783 469 Ere.

193 533 464 598 eredere
525 533 658 598 fide
715 531 920 594 infusa
951 577 968 606 ,
1025 548 1214 612 quam
1263 526 1637 608 justificetur
1685 519 1788 582 vel

191 629 654 711 poenitentiam
696 631 868 707 agat,
897 631 969 688 ut
1002 631 1096 688 est
1127 627 1367 685 certum
1407 639 1485 682 ex
1523 617 1788 678 materia

191 725 266 784 de
319 723 572 804 gratia,
621 727 684 784 et
727 723 794 782 in
825 717 1233 800 sequentibus
1283 715 1471 777 etiam
1512 711 1784 782 dicetur;

189 817 378 878 locus
425 834 592 878 vero
642 814 822 878 Pauli
869 811 1139 875 ostendit
1202 807 1435 889 requiri
1496 804 1789 886 praedica·

189 911 446 972 tionem
477 915 554 971 ut
589 907 752 972 fides
791 911 1200 988 proponatur,
1232 921 1360 964 non
1397 905 1466 962 ut
1503 900 1566 960 in
1597 915 1672 959 ea
1699 897 1791 958 ni·

191 1009 394 1064 tatur.
449 1002 558 1068 Ad
627 1001 973 1063 secundam
1032 998 1304 1077 denique
1370 991 1792 1056 confirmatio·

191 1115 378 1166 nem,
403 1095 838 1176 respondetur
860 1092 1172 1154 immerito
1197 1087 1516 1151 Medinam
1547 1090 1608 1147 et
1635 1084 1790 1145 alios

191 1191 531 1271 quosdam
562 1195 786 1270 putare
819 1182 1245 1249 difficultatem
1273 1179 1654 1264 propositam
1675 1193 1791 1258 per

187 1285 318 1345 hoc
354 1303 508 1346 esse
553 1279 1034 1363 expediendam,
1067 1278 1236 1358 quod
1279 1275 1438 1336 fides
1457 1279 1667 1334 nostra
1691 1289 1790 1334 re·

187 1377 476 1440 solvitur
519 1377 587 1437 in
621 1371 1057 1436 auctoritatem
1083 1370 1412 1441 Ecclesiae;
1463 1383 1612 1427 nam
1643 1365 1694 1426 si
1725 1364 1790 1426 id

189 1471 574 1550 intelligant
623 1467 702 1530 de
763 1465 870 1528 illa
923 1464 1290 1526 auctoritate
1321 1507 1338 1536 ‚
1394 1465 1464 1523 ut
1510 1462 1789 1520 humana

203 1571 324 1638 est,
371 1563 646 1626 omnino
691 1559 919 1622 falsum
971 1559 1206 1632 dicunt,
1239 1561 1310 1618 ut
1349 1573 1426 1618 ex
1465 1571 1655 1634 supra
1701 1551 1792 1613 di·

207 1660 320 1720 etis
363 1663 665 1730 constat;
719 1659 780 1718 et
830 1657 941 1728 ita,
993 1653 1142 1715 licet
1187 1651 1371 1725 fldes,
1429 1668 1569 1729 quae
1606 1647 1792 1709 datur

205 1751 510 1816 Ecclesiae
557 1751 678 1812 sub
703 1752 823 1811 hae
867 1748 1110 1809 ratione
1149 1749 1469 1825 spectatae,
1511 1743 1790 1803 humana

209 1849 308 1917 sit,
347 1845 511 1906 nihil
549 1843 698 1906 inde
741 1841 1038 1914 inserunt,
1066 1839 1212 1918 quia
1235 1829 1354 1899 illa⁰
1368 1855 1498 1898 non
1528 1841 1622 1898 est
1637 1834 1791 1896 tun-

205 1940 592 2001 damentum
621 1937 792 1999 fidei.
834 1935 895 1997 Si
923 1951 1070 1996 vero
1101 1934 1440 2012 loquantur
1466 1929 1546 1991 de
1578 1935 1790 1990 aucto-

199 2033 392 2094 ritate
427 2029 756 2104 Ecclesiae,
786 2035 856 2090 ut
884 2027 1122 2108 regitur
1147 2025 1228 2087 ab
1274 2024 1500 2104 Spiritu
1531 2021 1784 2095 Sancto,

199 2128 292 2187 sic
339 2141 482 2185 non
519 2125 748 2186 suffieit
773 2123 947 2184 illam
976 2120 1257 2194 credere,
1286 2117 1386 2179 vel
1415 2115 1498 2180 illi
1530 2115 1789 2177 credere

197 2220 330 2281 fide
378 2219 719 2298 acquisita,
753 2216 867 2278 sed
897 2214 1324 2277 necessarium
1377 2213 1471 2272 est
1531 2209 1788 2271 credere

197 2313 330 2374 fide
371 2311 615 2385 infusa,
648 2327 786 2391 quie
817 2307 1187 2372 resolvenda
1225 2311 1319 2367 est
1348 2305 1412 2366 ln
1438 2301 1593 2364 illud
1623 2302 1793 2382 prin-

201 2406 491 2486 cipium,
540 2405 702 2486 quod
732 2403 894 2466 Deus
931 2401 1112 2474 dimit,
1159 2403 1218 2465 et
1266 2396 1557 2480 promisit
1599 2395 1789 2458 asm-

203 2501 472 2561 tentiam
527 2495 816 2580 Spiritus
859 2493 1084 2581 Sancti
1151 2511 1282 2556 suae
1344 2489 1672 2562 Rectam»,
1725 2491 1788 2548 et

203 2591 290 2652 ita
333 2607 614 2652 neeesse
661 2593 756 2651 est
790 2587 1046 2650 tandem
1087 2603 1412 2648 recurrere
1451 2581 1532 2644 ad
1560 2581 1788 2643 doctri-

201 2701 360 2743 nam
407 2681 740 2745 traditam.

822 2839 1040 2892 saeuo
1070 2840 1203 2892 xm.

233 2983 460 3049 Uerum
485 2982 769 3049 revelatio
797 2980 1004 3048 divina
1021 2977 1394 3054 ewistimata,
1407 2984 1466 3043 et
1480 2996 1594 3042 non
1617 2997 1782 3054 vera,

283 3076 498 3248 2222!
523 3095 652 3140 esse
686 3075 850 3142 ratio
889 3074 1193 3156 sufficiam
1220 3071 1493 3136 credendi
1529 3073 1648 3154 fido
1683 3073 1785 3134 iu·

289 3317 352 3376 1.
399 3313 600 3378 Ratio
647 3311 982 3378 dubitandi.
1009 3343 1094 3360 —
1146 3311 1559 3384 Quaestionem
1617 3309 1784 3371 hanc

205 3426 336 3470 non
361 3408 696 3488 disputant
723 3425 801 3469 ex
819 3407 1100 3488 professo
1125 3405 1450 3486 Theologi‚
1483 3403 1598 3466 sed
1615 3403 1786 3465 illius

205 3503 668 3565 resolutionem
735 3507 1037 3582 tauquam
1094 3504 1335 3568 certam
1385 3503 1776 3580 supponunt;

203 3601 679 3669 verumtamen,
731 3595 878 3674 quia
913 3593 1274 3656 difficultate
1315 3607 1446 3653 non
1493 3596 1688 3663 caret,
1720 3593 1784 3652 et

205 3689 634 3768 explicatione
693 3705 766 3749 ac
814 3687 1180 3750 defensione
1219 3685 1481 3765 indiget,
1525 3689 1782 3764 praeter·

201 3783 370 3844 mitti
419 3797 556 3842 nou
613 3779 818 3843 debet.
867 3781 1046 3842 Ratio
1079 3797 1229 3858 ergo
1284 3777 1611 3840 dubitandi
1659 3782 1777 3850 est,

201 3876 356 3954 quia
387 3873 698 3936 revelatio
723 3873 932 3935 divina
955 3889 1098 3952 quie
1126 3867 1207 3933 a'd
1235 3871 1621 3934 eredendum
1647 3887 1782 3931 mo-

209 3977 310 4032 vet
339 3970 410 4030 in
441 3969 652 4049 seipsa
681 3985 809 4030 non
841 3967 1108 4043 videtur,
1153 3967 1268 4029 sed
1305 3966 1616 4028 ordinarie
1666 3981 1782 4045 per

221 4063 508 4124 homiues
551 4061 934 4123 sufficienter
963 4060 1369 4140 proponitur-3
1415 4059 1780 4139 contingere

225 4163 426 4217 autem
463 4159 678 4235 potest
725 4159 796 4216 ut
841 4153 1080 4233 aliquid
1117 4153 1500 4214 sufficienter
1550 4168 1782 4232 propo-

223 4255 396 4309 natm·
417 4255 726 4327 tanquam
753 4247 1100 4309 revelatum
1123 4265 1160 4308 a
1181 4247 1332 4320 Deo,
1357 4245 1530 4325 quod
1557 4261 1780 4307 revera

219 4343 562 4404 revelatum
595 4357 722 4402 non
751 4341 864 4412 sit:
897 4341 1070 4402 unde
1109 4339 1300 4401 etiam
1336 4340 1679 4417 continget,
1711 4341 1781 4398 ut

214 4435 422 4515 aliqua
453 4434 534 4495 sit
591 4433 890 4496 revelatio
918 4433 1126 4494 divina
1153 4431 1592 4494 invincibiliter
1637 4430 1778 4492 talis

207 4529 590 4600 existimata,
624 4543 768 4606 quae
793 4543 1012 4588 revera
1040 4545 1077 4587 a
1114 4525 1246 4588 Deo
1283 4525 1448 4586 sacta
1499 4541 1628 4586 non
1661 4523 1772 4594 sit3

201 4639 356 4700 ergo
383 4619 498 4680 illa
527 4619 756 4680 sufflcit
783 4617 865 4680 ad
883 4617 1264 4681 credendum
1295 4635 1373 4679 ex
1401 4617 1652 4697 proprio
1681 4635 1777 4677 as·

203 4731 398 4775 sensu
427 4711 582 4774 fidei
612 4711 854 4783 infusae,
883 4731 956 4772 ac
979 4711 1244 4791 proinde
1289 4710 1430 4772 talis
1478 4710 1776 4771 revelatio

203 4805 564 4867 existimata
595 4805 860 4866 sufficiet
881 4803 960 4865 ad
983 4805 1300 4883 objectum
1321 4802 1582 4864 formale
1603 4801 1772 4864 fidei.

197 4899 406 4978 Major
431 4902 684 4960 constat
707 4913 786 4959 ex
831 4897 1010 4959 dietis
1045 4898 1110 4958 in
1171 4896 1597 4978 superioribus
1641 4913 1779 4956 sec-

197 4993 508 5054 tionibus.
577 4991 784 5053 Hinor
828 4991 1149 5069 probatur,
1207 4990 1354 5069 quia
1411 4989 1776 5068 contingere

197 5091 410 5166 potest
437 5089 510 5146 ut
537 5083 807 5164 simplex
835 5082 1038 5144 fidelis
1063 5082 1366 5144 doceatur
1395 5101 1432 5144 a
1461 5081 1591 5143 suis
1638 5099 1776 5160 pas-

201 5179 442 5240 toribus
469 5183 537 5238 et
583 5177 885 5250 Prudentis,
915 5177 1014 5238 vel
1055 5176 1138 5238 ab
1181 5177 1436 5237 homine
1471 5175 1680 5249 docto,
1713 5181 1776 5238 et

201 5273 512 5334 catholico
543 5269 924 5342 existimato,
955 5269 1036 5331 de
1086 5287 1156 5331 re
1207 5269 1417 5349 aliqua
1470 5275 1774 5348 tanquam

201 5367 508 5428 catholica
535 5371 604 5428 et
649 5362 934 5426 revelata
959 5381 998 5424 a
1033 5363 1184 5436 Deo,
1221 5379 1362 5443 quai
1391 5381 1518 5424 non
1569 5361 1776 5423 solnm

199 5477 326 5520 uon
353 5461 436 5522 sit
459 5460 774 5531 revelata,
817 5457 934 5519 sed
965 5457 1154 5519 etiam
1213 5457 1294 5518 sit
1345 5457 1564 5519 eontra
1601 5470 1778 5517 reve-

199 5552 356 5627 lata;
417 5571 564 5634 quat
615 5549 968 5635 propositio
993 5595 1010 5626 ,
1083 5555 1368 5634 respectu
1425 5549 1566 5612 talis
1633 5563 1776 5631 per·

3321 411 3437 471 107

1868 539 2066 597 sonae,
2142 525 2237 584 est
2294 519 2632 591 sufficiens,
2686 523 2823 578 tum
2884 513 2966 577 ad
3014 513 3436 577 excusandam

1868 615 2041 676 illam
2091 615 2171 678 ab
2226 632 2437 676 errore
2457 660 2474 688 ,
2537 613 2684 694 quia
2740 609 3005 689 simplex
3052 608 3255 672 fidelis
3306 625 3437 671 non

1869 715 2077 792 potest
2097 727 2213 789 per
2256 727 2325 771 se
2357 707 2717 770 examinare
2746 705 3095 777 veritatem,
3125 703 3238 765 sed
3266 703 3437 765 suffi-

1873 803 2142 864 cientem
2180 801 2567 882 diligentiam
2594 799 2874 874 adhibet,
2904 802 3187 878 pastores
3206 802 3267 858 et
3292 796 3437 858 doc·

1869 901 2040 958 tores
2066 893 2357 956 Ecclesiae
2380 893 2693 954 audiendo
2719 915 2737 967 3
2764 894 2828 953 et
2860 892 2981 952 hoc
3016 890 3207 951 modo
3238 889 3435 952 faten-

1868 991 1974 1050 tur
2004 987 2135 1049 fere
2161 1005 2380 1048 ornnes
2402 1003 2585 1068 posse
2623 985 2757 1047 dari
2794 985 3215 1063 ignorantiam
3238 983 3435 1044 invin-

1873 1081 2121 1143 cibilem
2147 1081 2214 1140 in
2236 1079 2596 1159 hujusmodi
2624 1077 3006 1150 hominibus,
3040 1077 3229 1138 etiam
3272 1076 3437 1138 circa

1874 1191 2121 1236 errores
2148 1179 2365 1234 contra
2406 1171 2782 1234 fidem.1mo
2830 1170 3019 1231 etiam
3062 1169 3199 1231 fieri
3230 1175 3438 1250 potest

1871 1273 1940 1328 ut
1976 1266 2119 1328 talis
2160 1267 2349 1327 homo
2381 1265 2693 1345 obligetur
2718 1263 2977 1326 credere
3020 1279 3117 1335 ea,
3149 1281 3286 1342 quae
3318 1260 3433 1324 sibi

1871 1365 2311 1441 proponuntur
2341 1360 2459 1420 hoc
2482 1358 2697 1429 modo,
2730 1358 2876 1436 quia
2910 1375 3039 1418 non
3084 1357 3267 1418 aliter
3296 1373 3436 1436 pos·

1873 1459 2021 1516 sunt
2065 1453 2273 1514 idiotae
2312 1452 2393 1513 ad
2422 1449 2806 1512 eredendum
2836 1450 3124 1530 obligari,
3152 1450 3274 1511 nisi
3320 1467 3437 1529 per

1871 1545 2223 1609 doctrinam
2258 1550 2581 1626 pastorum
2623 1549 2685 1605 et
2718 1544 3081 1614 Doctorum,
3122 1561 3159 1604 a
3204 1543 3435 1622 quihus

1872 1657 1950 1704 ex
1980 1641 2183 1702 officio
2212 1639 2461 1720 publico
2493 1635 2821 1699 docentur.
2848 1637 3303 1716 Consequentia
3326 1653 3436 1699 ve-

1871 1753 1942 1796 ro
1972 1733 2275 1814 probatur
2294 1733 2483 1794 variis
2512 1731 2737 1792 modis.
2772 1731 3001 1803 Primo,
3032 1731 3181 1810 quia
3206 1729 3273 1791 in
3302 1743 3435 1792 om-

1871 1827 2059 1890 nibus
2105 1827 2241 1889 aliis
2291 1826 2623 1889 virtutibus
2652 1825 2755 1887 vel
2802 1825 3119 1886 habitibus
3162 1825 3269 1905 qui
3310 1825 3434 1889 evi·

1871 1920 2094 1982 dentes
2138 1939 2265 1980 non
2316 1925 2485 1992 sunt,
2532 1937 2662 1980 non
2708 1918 2920 1979 miuus
2975 1917 3221 1980 elicitur
3256 1923 3433 1980 actus

1869 2015 2113 2076 virtutis
2154 2032 2272 2094 per
2298 2014 2607 2075 rationem
2646 2013 2973 2074 formalem
3008 2011 3235 2092 objecti
3275 2012 3434 2075 exis·

1868 2109 2177 2181 timatam,
2230 2123 2423 2187 quam
2478 2123 2730 2178 νει-ειυς
2778 2122 2891 2167 cur
2933 2122 3083 2186 ergo
3132 2121 3261 2166 non
3316 2105 3433 2167 erit

1869 2201 2037 2262 idem
2094 2202 2159 2262 in
2204 2199 2357 2276 fide,
2409 2217 2549 2280 quae
2592 2198 2849 2260 evidens
2883 2197 3075 2259 etiam
3115 2215 3245 2259 non
3295 2202 3433 2260 est?

1869 2293 2267 2357 Antecedens
2294 2296 2467 2373 patet
2488 2292 2691 2372 primo
2726 2291 2791 2353 in
2818 2291 3147 2352 vir-tutibus
3185 2289 3432 2352 morali-

1867 2389 2023 2467 bus3
2054 2407 2203 2450 nam
2242 2386 2347 2468 qui
2380 2387 2689 2448 existimat
2724 2384 3070 2466 prudenter
3096 2385 3263 2446 hanc
3286 2383 3431 2447 hos·

1867 2482 2019 2544 tiam
2046 2499 2184 2543 esse
2223 2486 2675 2553 consecratam,
2701 2497 2922 2540 verum
2950 2483 3159 2540 actum
3182 2477 3431 2559 roligio-

1865 2575 1967 2636 nis
2004 2574 2169 2636 elicit
2214 2573 2537 2636 adorando
2572 2573 2769 2647 illam,
2812 2573 3057 2634 etiamsi
3084 2573 3151 2634 in
3182 2591 3251 2634 re
3290 2573 3427 2652 ipsa

1867 2673 2233 2730 consecrata
2268 2685 2397 2728 non
2448 2667 2567 2738 sit:
2620 2671 2685 2728 et
2720 2665 3002 2728 similiter
3042 2669 3294 2728 exercet
3317 2683 3425 2727 ve·

1865 2779 2007 2822 rum
2037 2765 2247 2821 actum
2286 2758 2750 2832 misericordia,
2796 2759 2903 2840 qui
2928 2758 3035 2820 dat
3082 2757 3427 2839 eleemosy-

1865 2871 2017 2914 nam
2043 2852 2190 2915 ficto
2230 2851 2516 2932 pauperi,
2548 2867 2739 2929 quem
2768 2867 2909 2912 esse
2942 2869 3159 2911 verum
3188 2866 3429 2930 paupe·

1865 2965 2003 3008 rem
2056 2946 2463 3026 probabiliter
2497 2943 2830 3019 existimat,
2884 2948 2947 3004 et
2988 2943 3078 3006 sic
3118 2942 3197 3006 de
3256 2943 3391 3004 aliis
3403 2958 3425 3020 3

1866 3039 1992 3100 imo
2020 3039 2209 3101 etiam
2254 3037 2333 3100 de
2366 3038 2697 3099 virtutibus
2724 3037 3136 3117 Theologicis‚
3166 3037 3429 3097 charita-

1863 3131 1944 3194 tis
1974 3139 2033 3193 et
2064 3132 2220 3211 spei,
2250 3131 2423 3193 idem
2450 3129 2783 3193 admittunt
2810 3129 3111 3210 Theologi
3148 3129 3309 3191 infra
3341 3128 3430 3191 ci-

1863 3225 2071 3298 tandi3
2112 3241 2263 3285 nam
2309 3224 2362 3286 si
2392 3224 2533 3304 quis
2576 3223 2795 3303 diligat
2822 3222 3144 3284 hominem
3172 3227 3431 3302 propter

1863 3318 2255 3379 sanctitatem
2304 3335 2496 3396 quam
2550 3317 2615 3377 in
2670 3333 2746 3378 eo
2794 3335 2937 3378 esse
2976 3316 3306 3388 existimat,
3350 3333 3428 3378 ex

1862 3429 2011 3473 vera
2046 3411 2349 3472 charitate
2382 3409 2601 3489 diligit,
2660 3410 2905 3471 etiamsi
2956 3409 3061 3470 ille
3104 3427 3230 3470 non
3277 3427 3425 3471 vere

1864 3509 2140 3577 sanctus,
2170 3504 2282 3566 sed
2308 3502 2637 3584 hypocrita
2675 3503 2786 3578 sit3
2810 3511 2819 3518 ’
2839 3507 2901 3564 et
2928 3502 3035 3581 qui
3062 3501 3429 3564 invincibili·

1861 3605 1961 3661 ter
1990 3603 2239 3678 putaret
2280 3597 2477 3658 Deum
2527 3613 2668 3658 esse
2696 3595 3037 3658 videndum
3066 3595 3261 3658 oculis
3291 3615 3431 3658 cor-

1861 3693 2103 3772 poreiS,
2151 3695 2215 3752 et
2268 3691 2439 3752 illam
2480 3691 2788 3752 visionem
2834 3695 3115 3769 speraret
3158 3675 3227 3750 ut
3272 3707 3429 3768 prae-

1861 3786 2059 3846 mium
2090 3801 2345 3846 suorum
2367 3799 2652 3862 operum,
2674 3799 2893 3844 verum
2922 3788 3129 3843 actum
3155 3782 3288 3861 spei
3314 3782 3427 3842 ha·-

1859 3877 2011 3940 bere
2036 3882 2271 3957 posset,
2304 3877 2451 3938 licet
2478 3895 2555 3938 ex
2582 3875 2739 3937 falsa
2765 3875 3243 3937 existimatione.
3274 3875 3430 3936 Pm-

1859 3975 2035 4031 terea
2060 3968 2391 4048 prudentia
2448 3969 2636 4031 etiam
2686 3969 2891 4031 infusa
2940 3969 3173 4029 dictare
3224 3973 3427 4050 potest

1861 4062 2097 4144 aliquid
2126 4079 2265 4124 esse
2288 4063 2647 4125 faciendum
2678 4081 2754 4123 ex
2788 4061 2943 4122 falsa
2982 4061 3300 4141 opinione,
3358 4067 3431 4122 ut

1859 4161 2030 4235 patet
2058 4156 2123 4216 in
2156 4175 2304 4218 casu
2334 4156 2652 4236 proposito
2692 4154 2773 4216 de
2818 4153 3185 4216 adoratione
3210 4153 3429 4214 hostioe

1860 4267 1989 4310 non
2022 4267 2171 4311 vere
2222 4255 2626 4321 consecratae,
2682 4248 2795 4310 sed
2842 4248 3237 4317 existimatae:
3274 4263 3427 4306 nam

1860 4342 1946 4403 ibi
2001 4343 2294 4422 praecedit
2347 4343 2467 4403 hoc
2501 4341 2807 4422 judicium
2848 4340 3231 4420 prudentiae:
3268 4340 3429 4402 Hoeo

1859 4435 2059 4498 hostia
2086 4435 2181 4497 Mc
2208 4440 2266 4499 et
2296 4453 2457 4498 nunc
2482 4437 2577 4498 est
2628 4435 2975 4506 adoratam
3004 4439 3069 4494 et
3116 4431 3283 4492 idem
3330 4435 3427 4492 est

1858 4529 1923 4591 in
1980 4529 2307 4590 similibus.
2370 4529 2679 4608 Denique,
2726 4529 2793 4589 in
2836 4527 2965 4589 fide
3010 4529 3287 4588 humana
3338 4526 3425 4586 ita

1860 4623 2200 4702 contingit;
2234 4639 2383 4683 nam
2434 4623 2540 4701 qui
2576 4621 2774 4684 credit
2802 4620 3039 4700 aliquid
3064 4620 3235 4699 quod
3271 4619 3426 4680 exis-

1857 4715 2038 4777 timat
2064 4715 2299 4777 dictum
2346 4715 2427 4776 ab
2479 4717 2849 4797 Augustino,
2883 4713 3105 4775 eadem
3152 4713 3279 4776 fide
3308 4711 3427 4773 hu·-

1855 4827 2045 4869 mana
2076 4808 2294 4879 credit,
2328 4809 2458 4869 sive
2496 4808 2649 4869 illud
2693 4809 2771 4869 sit
2810 4825 3033 4869 revera
3078 4807 3311 4869 dietum
3344 4805 3425 4866 ab

1859 4901 2231 4982 Augustino,
2266 4901 2398 4964 sive
2426 4919 2555 4964 non
2586 4901 2665 4963 sit
2685 4947 2699 4975 ,
2736 4901 2851 4962 sed
2876 4900 3287 4980 probabiliter
3307 4917 3427 4982 pu-

1855 4999 2043 5067 tetur,
2078 4995 2223 5075 quia
2250 4995 2409 5057 fides
2428 4995 2532 5058 illa
2550 5013 2801 5074 semper
2824 4993 3108 5075 procedit
3136 5011 3214 5056 ex
3240 4993 3425 5056 affec-

1855 5093 1922 5150 tu
1956 5094 2019 5149 et
2044 5089 2211 5149 bona
2236 5089 2691 5151 existimatione
2718 5089 3071 5170 Augustini,
3098 5103 3238 5169 quae
3266 5087 3425 5152 ratio

1855 5198 2036 5259 aeque
2066 5181 2347 5260 procedit
2372 5181 2437 5242 in
2470 5181 2597 5244 tide
2632 5181 2857 5246 infusa.

1933 5275 1995 5334 Ξ.
2047 5271 2411 5339 Ormi-itm·
2436 5276 2815 5358 mpomioni
2838 5293 2975 5358 quoe
3006 5275 3307 5356 afferam
3346 5275 3433 5338 ad

1854 5367 2234 5448 supradicta.
2262 5369 2754 5447 -Responderi
2804 5375 3017 5430 autem
3078 5367 3237 5428 solet
3262 5383 3425 5450 ,esee

1855 5461 2359 5522 constituendam
2402 5461 2817 5523 differentiam
2876 5461 3043 5522 inter
3092 5465 3423 5538 utramque

1853 5551 2076 5628 fidem3
2108 5555 2258 5634 quia
2296 5551 2459 5618 fides
2491 5555 2769 5615 humana
2809 5569 2939 5616 non
2972 5559 3069 5617 est
3092 5553 3291 5616 virtue
3326 5553 3425 5614 in·-
