3900 6217
553 411 671 472 612

555 518 704 578 vitet
745 514 988 594 eulpam
1021 528 1037 572 ε
1066 513 1219 578 Nisi
1251 517 1403 576 esset
1443 514 1732 594 imposita
1763 530 1959 590 paena,
2000 528 2117 573 mm

553 610 805 672 vitarem
861 607 1098 688 culpam
1119 630 1145 676 ‚·
1204 606 1452 685 quando
1511 613 1722 666 autem
1773 607 1962 666 timor
2019 609 2118 666 est

553 701 932 780 hujusmodi,
964 702 1074 760 vix
1104 704 1304 778 potest
1329 700 1618 778 intelligi,
1663 699 1784 760 nisi
1827 699 1964 778 quis
2004 697 2115 757 ha-

555 796 698 855 heat
726 795 959 854 dictum
989 800 1196 854 aetum
1224 792 1574 859 formalem.
1603 791 1770 870 quod
1800 809 1938 851 raro
1969 809 2113 850 con-

555 888 776 965 tingit3
807 893 868 948 et
894 887 1042 965 quia
1070 886 1172 946 hic
1212 886 1399 945 timor
1426 891 1518 946 est
1547 885 1743 945 multo
1786 883 1971 945 vilior
2011 883 2116 944 illo

555 981 781 1060 priore,
827 979 966 1040 ideo
1013 979 1190 1058 quasi
1219 998 1326 1057 per
1365 977 1854 1038 antonomasiam
1891 976 2117 1038 retinet

554 1091 784 1134 nomen
829 1073 1068 1134 timoris
1105 1071 1364 1148 serviliS‚
1408 1077 1470 1130 et
1509 1071 1585 1132 de
1626 1070 1733 1130 illo
1777 1070 2119 1149 loquuntur

557 1167 785 1241 PatreS‚
810 1165 1062 1244 quando
1095 1164 1312 1225 dicunt
1341 1163 1629 1224 timorem
1678 1163 1965 1224 servilem
1992 1181 2119 1224 esse

556 1259 812 1322 malum.
842 1258 1012 1330 Quod
1041 1275 1188 1336 ergo
1226 1257 1301 1316 ad
1329 1255 1588 1317 modum
1629 1254 1923 1334 loquendi
1952 1274 2119 1335 spec-

556 1360 668 1428 tat,
711 1355 894 1416 timor
919 1351 1198 1432 gehennae
1236 1349 1596 1426 simpliciter
1625 1349 1978 1426 probandus
2002 1354 2114 1422 est,

555 1445 702 1524 quia
741 1463 851 1524 per
901 1463 964 1504 se
1005 1442 1160 1504 nihil
1209 1441 1359 1504 mali
1397 1441 1696 1517 includit,
1741 1446 1803 1501 et
1835 1441 1902 1501 in
1948 1459 2120 1502 saera

556 1539 870 1616 Scriptura
914 1535 1274 1614 simpliciter
1319 1535 1496 1595 nobis
1551 1534 1881 1609 suadetur3
1937 1536 2122 1595 timor

557 1650 704 1692 vero
745 1631 859 1692 sub
907 1629 1158 1690 nomine
1205 1629 1471 1704 servi-lia,
1517 1635 1766 1708 propter
1806 1627 2122 1688 haereticos

557 1725 798 1799 saltem,
830 1723 1302 1801 distinguendus
1327 1722 1466 1782 erit.

639 1821 695 1880 7.
748 1817 982 1890 Quarta
1023 1815 1239 1878 divisio
1268 1815 1505 1878 timori-s·
1526 1813 1770 1896 filiaZiS,
1800 1817 1864 1876 in
1899 1812 2116 1880 initia-

557 1913 670 1976 lem
701 1916 758 1974 εἰ
775 1915 1130 1993 perfectum..
1165 1941 1246 1954 —
1279 1909 1507 1981 Quarta
1535 1909 1754 1969 divisio
1779 1909 2021 1969 timoris
2046 1909 2117 1969 fi-

555 2006 715 2068 lialis
760 2007 826 2064 in
873 2003 1177 2064 initialem
1219 2009 1279 2063 et
1325 2001 1690 2082 perlectum,
1731 2003 1995 2063 sumitur
2039 2021 2114 2063 ex

555 2100 626 2160 D.
655 2098 915 2172 Thoma,
945 2097 1051 2157 cit.
1082 2103 1297 2174 quaest.
1335 2096 1432 2170 19,
1462 2101 1578 2156 art.
1608 2097 1669 2171 8,
1699 2095 1808 2154 ubi
1834 2095 2012 2156 docet
2041 2095 2115 2157 ti-

553 2210 791 2252 morem
835 2190 1139 2251 initialem
1182 2207 1308 2248 non
1349 2188 1647 2266 distingui
1692 2188 2031 2250 substantia
2076 2205 2115 2249 a

555 2283 729 2344 filiali
747 2307 764 2358 3
793 2284 954 2362 quod
984 2283 1170 2342 etiam
1210 2282 1483 2341 sentiunt
1520 2281 1858 2342 Bonavent.
1889 2287 1952 2342 et
1979 2281 2109 2358 alii,

558 2377 626 2437 in
655 2379 714 2450 3,
748 2377 900 2456 disp.
945 2377 1049 2448 34;
1094 2380 1157 2434 et
1190 2374 1424 2434 indicat
1450 2374 1853 2450 August-inuS,
1893 2373 2000 2435 lib.
2036 2375 2114 2436 83

560 2469 1002 2544 Quaestionum,
1026 2467 1091 2528 in
1121 2469 1219 2544 36,
1247 2468 1313 2527 in
1341 2466 1474 2541 fin„
1506 2466 1713 2527 dicens
1739 2489 1751 2525 :
1784 2465 1993 2528 Pimor
2022 2468 2117 2528 in-

561 2563 734 2626 choat
761 2569 818 2624 et
848 2561 1085 2640 perficit
1123 2562 1452 2642 sapientem
1461 2583 1486 2630 ,·
1515 2560 1610 2621 hio
1643 2563 1838 2622 autem
1881 2565 1968 2622 est
2012 2560 2115 2640 qui

559 2674 783 2719 summe
811 2656 1048 2736 dicim&
1073 2655 1367 2715 disserunt
1394 2672 1540 2730 ergo
1571 2653 1636 2712 hi
1664 2654 1932 2728 timoreS‚
1964 2654 2119 2713 sicut

557 2750 985 2827 imperfectum
1026 2753 1088 2807 et
1119 2747 1460 2826 perfectum
1504 2747 1572 2806 in
1610 2747 1825 2807 eodem
1863 2765 2114 2826 genere,

556 2843 714 2902 sicut
762 2842 1030 2901 charitas
1080 2840 1506 2920 incipientium
1557 2849 1617 2900 et
1664 2842 2111 2919 perfectorum3

559 2943 620 2995 et
642 2935 799 2994 ratio
824 2941 936 3009 est,
961 2934 1106 3013 quia
1127 2935 1289 2994 inter
1311 2951 1584 2993 amorem
1610 2934 2113 3012 concupiscentiae

557 3036 619 3090 et
669 3029 959 3090 amicitias
1007 3046 1134 3088 non
1179 3027 1363 3087 datur
1414 3027 1671 3104 tertius3
1719 3045 1866 3105 ergo
1915 3046 2113 3106 neque

559 3123 723 3180 inter
751 3121 1036 3182 timorem
1063 3119 1315 3181 filialem
1338 3127 1399 3180 et
1434 3118 1743 3180 servilem.
1776 3117 1989 3179 Solum
2024 3125 2117 3178 est

555 3213 1024 3290 advertendum,
1051 3213 1216 3293 quod
1244 3214 1312 3273 in
1341 3231 1550 3274 amore
1579 3211 2111 3291 concupiscentiae,

556 3325 682 3368 non
711 3306 1113 3385 distinguitur
1150 3324 1322 3366 amor
1351 3305 1417 3366 in
1443 3305 1780 3386 perfeetum
1811 3310 1874 3365 et
1897 3304 1965 3364 in
2002 3304 2116 3363 im-

555 3400 922 3480 perfectum,
945 3400 1092 3478 quia
1117 3405 1282 3460 totus
1307 3398 1410 3459 ille
1433 3415 1610 3460 amor
1636 3415 1862 3477 genere
1887 3415 1999 3458 suo
2025 3401 2116 3457 est

554 3492 991 3571 imperfectus3
1034 3492 1197 3553 unde
1245 3493 1314 3553 in
1355 3492 1576 3554 timore
1608 3489 1841 3565 servili,
1887 3489 1996 3569 qui
2023 3488 2114 3549 illi

554 3585 904 3664 respondet,
949 3603 1075 3646 non
1107 3585 1512 3663 distinguitur
1551 3585 1738 3644 timor
1781 3582 2035 3643 initialis
2076 3599 2113 3642 a

555 3678 846 3758 perfecto,
877 3680 1025 3758 quia
1059 3697 1204 3739 cum
1244 3678 1351 3740 ille
1392 3678 1581 3738 timor
1610 3677 1691 3738 sit
1735 3682 1973 3736 naturae
2020 3693 2115 3736 ac-

555 3773 1003 3849 commodatus,
1029 3774 1242 3834 statim
1259 3792 1296 3834 a
1317 3771 1621 3854 principio
1649 3777 1742 3832 est
1767 3771 2111 3844 maximus3

553 3885 725 3928 secus
771 3885 916 3927 vero
959 3873 1049 3926 est
1085 3868 1156 3928 in
1194 3885 1404 3928 amore
1450 3865 1757 3942 amicitiae,
1797 3868 1859 3925 et
1898 3863 2115 3924 timore

553 3959 752 4036 filiali,
782 3961 891 4040 qui
918 3959 1010 4021 illi
1035 3961 1384 4040 respondet.

635 4055 694 4115 8.
740 4051 1027 4116 Dur-andi
1051 4053 1693 4134 placitum—Timor
1719 4049 1981 4116 initialis
2005 4071 2117 4115 un-

555 4147 623 4210 cle
649 4148 868 4210 dictus.
895 4179 976 4192 —
999 4146 1119 4209 Sed
1148 4153 1358 4208 contra
1386 4146 1501 4208 hoc
1526 4145 1842 4207 contendit
1877 4145 2117 4206 Duran-

553 4240 690 4314 dus,
722 4241 784 4308 3.
825 4239 1099 4300 distinct.
1137 4241 1239 4315 34,
1266 4245 1480 4320 quaest.
1526 4241 1566 4299 4
1607 4245 1668 4300 et
1696 4239 1758 4314 5,
1799 4238 2109 4312 timorem,

550 4334 804 4408 scilicet,
839 4329 1143 4395 initialem
1185 4351 1312 4394 esse
1349 4333 1694 4394 substantia
1727 4332 2039 4395 diversum
2077 4351 2115 4393 a

553 4428 760 4488 servili
785 4435 846 4489 et
873 4427 1071 4505 filiali,
1098 4429 1245 4508 quia
1268 4434 1600 4507 utrumque
1625 4425 2111 4506 comprehendit,

554 4523 701 4600 quia
723 4521 908 4582 simul
935 4529 1025 4583 est
1051 4522 1128 4583 de
1147 4523 1312 4583 malo
1336 4521 1527 4600 eulpae
1547 4528 1608 4582 et
1639 4539 1854 4599 poenae.
1880 4519 2115 4580 Verum

555 4615 607 4674 si
635 4613 978 4676 formaliter
1013 4614 1129 4676 hoc
1164 4614 1569 4693 intelligatur,
1597 4621 1688 4674 est
1712 4611 2109 4692 impossibile,

553 4707 700 4792 quia
729 4726 890 4768 unus
919 4715 1091 4768 actus
1119 4726 1245 4769 non
1279 4713 1478 4786 potest
1506 4707 1694 4766 simul
1719 4706 1858 4766 elici
1883 4724 1957 4766 ex
1984 4725 2115 4766 mo-

552 4801 696 4862 tivis
735 4802 1028 4881 proximis
1065 4802 1445 4862 diversarum
1483 4800 1806 4860 virtutum.
1837 4799 2011 4860 Unde
2039 4801 2116 4859 ti-

553 4911 691 4954 mor
721 4895 996 4969 initialiS,
1024 4913 1134 4974 per
1161 4913 1226 4955 se
1249 4901 1313 4955 et
1346 4893 1690 4954 formaliter
1723 4899 1813 4954 est
1839 4892 1913 4953 de
1954 4891 2116 4953 malo

555 4987 781 5066 culpoe3
805 4994 1012 5048 tamen
1050 4989 1198 5067 quia
1233 4991 1326 5048 est
1346 4987 1412 5046 in
1449 4986 1650 5060 initio,
1674 4988 1872 5046 utitur
1893 4984 2115 5046 timore

551 5080 782 5154 servili,
811 5081 908 5140 vel
947 5080 1334 5160 imperando,
1364 5079 1461 5140 vel
1500 5085 1660 5139 certe
1701 5080 2114 5138 concomitan-

531 5178 646 5234 -ter
673 5173 1082 5249 admittendo,
1107 5179 1179 5233 ut
1205 5173 1284 5234 ab
1313 5172 1446 5250 ipso
1476 5172 1825 5250 adjuvetur.
1853 5171 2109 5245 Ultimo,

550 5267 710 5326 eirca
752 5267 916 5327 hunc
951 5268 1236 5328 timorem
1277 5265 1603 5338 initialem,
1649 5271 1742 5325 est
1781 5265 2109 5324 adverten-

550 5361 700 5421 dum
739 5362 944 5420 vocari
966 5361 1292 5436 initialem,
1313 5361 1490 5440 quasi
1518 5360 1584 5418 in
1612 5358 1790 5418 initio
1811 5376 1937 5417 suoe
1979 5377 2112 5435 per-

548 5453 829 5514 fectionis
853 5455 1216 5516 existentem
1236 5469 1257 5531 3
1277 5453 1589 5514 interdum
1619 5470 1764 5513 vero
1791 5451 1907 5510 dici
1932 5452 2110 5510 timo-

546 5567 680 5610 rem
709 5549 1032 5626 initialem,
1060 5555 1362 5627 quatenus
1388 5553 1480 5609 est
1506 5547 1756 5608 initium
1789 5544 2107 5624 sapientiae

995 413 1233 465 DlSPUT.
1268 414 1304 464 1.
1343 412 1766 464 SPECULATIVA
1800 411 1878 463 DE
1912 409 2185 463 VIRTUTE
2218 410 2351 462 SPE!
2387 403 2726 501 CONTi‘Nt-:Ns
2757 405 3090 459 SECTIONES
3122 405 3297 460 ocm.

2197 510 2296 571 vel
2326 509 2614 589 justitiae,
2652 514 2721 569 ut
2759 507 3229 568 proverbiorum
3264 515 3291 568 1
3330 514 3386 570 et
3410 513 3465 576 9.
3501 510 3685 575 Psalui.

2201 605 2339 676 110,
2368 602 2711 663 Ecclesiast.
2762 603 2819 675 1,
2850 600 2957 661 ubi
2991 601 3175 660 etiam
3214 600 3424 662 dicitur
3462 605 3615 666 radix
3643 615 3691 668 et

2196 695 2515 776 plenitudo
2544 695 2899 774 sapientioe;
2945 699 3005 754 et
3040 693 3176 753 Job.
3208 694 3306 769 28,
3348 695 3553 756 dicitur
3588 699 3693 778 ipsa

2196 790 2537 870 sapientia3
2580 796 2640 848 et
2684 787 2800 848 hoc
2841 786 3023 848 modo
3067 786 3252 846 timor
3286 789 3503 848 servilis
3536 799 3696 868 potest

2196 883 2316 943 dici
2364 880 2656 956 initialis,
2710 881 2881 961 quia,
2907 885 3001 941 est
3046 880 3294 940 initium
3343 881 3603 959 justitiae,
3641 891 3698 944 ut

2198 975 2628 1036 Tridentinum
2666 993 2853 1054 supra
2869 1019 2888 1048 ‚
2928 979 2991 1033 et
3032 974 3237 1033 Patres
3272 971 3500 1047 docent,
3528 975 3699 1052 praeci-

2198 1087 2319 1148 pue
2363 1067 2744 1146 Augustinus
2762 1113 2784 1144 ,
2826 1066 3051 1126 Psalm.
3098 1067 3209 1126 127
3230 1111 3250 1140 ,
3293 1067 3555 1144 quamvis
3592 1085 3700 1146 per-

2198 1162 2413 1222 fectius
2449 1161 2566 1220 hoc
2594 1161 2799 1239 ipsum
2837 1161 3168 1220 conveniat
3196 1159 3400 1218 timori
3426 1157 3600 1219 filiali.
3623 1163 3702 1220 vi-

2198 1257 2274 1316 de
2311 1256 2526 1315 divum
2568 1253 2893 1326 Thomam,
2934 1253 3042 1314 illa
3074 1258 3284 1332 quaest.
3320 1253 3423 1329 19,
3450 1260 3554 1313 art.
3582 1257 3634 1330 7,
3657 1264 3704 1317 et

2199 1355 2413 1430 quaest.
2444 1351 2505 1425 7,
2536 1354 2653 1410 art.
2691 1351 2748 1422 1,
2779 1353 2842 1408 et
2863 1358 3079 1428 quoest.
3106 1349 3208 1423 45,
3235 1352 3349 1411 art.
3375 1349 3434 1423 6,
3457 1347 3526 1408 ad
3550 1350 3599 1410 3.
3622 1351 3703 1412 His
3816 1389 3818 1416 ;

2198 1443 2431 1523 positis·
3816 1431 3818 1480 ἶ

2279 1539 2339 1597 9.
2386 1536 2607 1599 Prima
2656 1536 2971 1598 conclu-sio.
3002 1567 3085 1579 —
3120 1535 3264 1595 Dico
3304 1535 3529 1616 primo:
3556 1539 3705 1598 timor
3816 1557 3818 1604 l

2202 1631 2552 1690 mundanus
2575 1648 2699 1689 non
2726 1635 2815 1689 est
2864 1633 3035 1688 actus
3074 1628 3226 1706 spei,
3256 1646 3456 1708 neque
3494 1629 3705 1708 alicujus
3817 1633 3818 1696 ξ

2200 1723 2465 1784 viitutis.
2494 1723 2598 1782 Est
2632 1728 2819 1794 certa,
2852 1727 2914 1780 et
2949 1727 3119 1800 patet
3160 1739 3237 1780 ex
3262 1721 3456 1793 dieue,
3484 1723 3610 1800 quia
3633 1729 3701 1782 est
3817 1715 3818 1718 '

2198 1823 2370 1876 actus
2396 1815 2616 1890 malus,
2644 1801 2750 1894 qui
2778 1813 3142 1888 substantia,
3175 1818 3236 1873 et
3262 1814 3516 1874 essentia
3544 1813 3704 1874 differt

2198 1908 2276 1970 ab
2304 1913 2445 1968 actu
2480 1908 2743 1967 virtutiS.
2778 1906 2899 1966 Sed
2926 1914 3175 1967 eontra:
3223 1923 3369 1964 nam
3412 1905 3584 1965 timor
3606 1923 3707 1966 ma-

2197 2001 2400 2062 lorum
2417 1999 2848 2080 temporalium
2870 1999 3180 2060 interdum
3206 2003 3405 2076 potest
3432 2015 3551 2059 esse
3569 2017 3600 2059 a
3618 2002 3708 2060 vir-

2194 2102 2325 2156 tute
2355 2094 2505 2174 spei.
2534 2094 2983 2174 Respondetur,
3017 2094 3067 2152 si
3099 2093 3438 2152 timeantur
3460 2092 3583 2152 haec
3610 2112 3707 2153 ma·
3817 2097 3818 2100 ’

2192 2188 2254 2248 la
2298 2193 2365 2247 ut
2412 2187 2708 2266 impedire
2739 2191 2992 2266 possunt
3019 2191 3249 2246 aeterna
3287 2191 3350 2245 et
3388 2185 3707 2264 spiritualia,
3816 2225 3818 2264 4

2193 2281 2370 2342 illum
2407 2282 2693 2341 timorem
2723 2287 2873 2340 tunc
2902 2299 3026 2340 non
3048 2297 3175 2340 esse
3206 2277 3600 2354 mundanum,
3628 2281 3711 2340 sed
3816 2265 3818 2318 ἶ

2194 2375 2506 2449 divinum;
2539 2391 2710 2434 secus
2759 2391 2907 2434 vero
2956 2373 3007 2433 si
3043 2373 3452 2433 immoderate
3498 2373 3713 2434 timean-
3817 2445 3818 2448 Ἴ

2198 2475 2320 2530 tur.
3817 2513 3818 2516 ,

2280 2565 2377 2624 10.
2429 2561 2710 2626 Secunda
2738 2557 3312 2624 conclusio—Dico
3353 2561 3633 2622 secundo:
3660 2563 3715 2622 ti·
3817 2537 3818 2580 3

2198 2675 2331 2717 mor
2376 2656 2635 2730 serviliS,
2666 2673 2788 2734 quo
2819 2655 3069 2714 timetur
3111 2671 3299 2733 poena
3354 2673 3533 2734 super
3570 2673 3716 2716 omne
3817 2663 3818 2670 ’

2200 2751 2455 2826 malum,
2480 2771 2606 2811 non
2634 2757 2723 2810 est
2746 2756 2919 2810 actus
2938 2749 3089 2828 spei,
3124 2767 3331 2828 neque
3350 2749 3597 2827 alicujus
3620 2753 3717 2810 vir·
3817 2805 3818 2808 ,

2200 2846 2345 2904 tutis
2358 2861 2379 2922 3
2410 2850 2573 2923 patet
2600 2844 2815 2904 eadem
2845 2845 3109 2915 ratione,
3132 2843 3280 2922 quia
3312 2849 3380 2902 ut
3405 2842 3488 2902 sic
3508 2850 3593 2902 est
3613 2861 3719 2921 per·
3817 2895 3818 2918 Q

2196 2955 2428 3012 versuS,
2461 2943 2523 2997 et
2574 2943 2787 2996 eontra
2828 2935 3244 2997 honestatem.
3294 2937 3444 2996 [tem
3490 2937 3719 2995 continet

2195 3046 2469 3090 amorem
2494 3036 2812 3104 ereaturae,
2840 3035 2910 3089 ut
2930 3028 3132 3089 ultimi
3152 3028 3322 3104 finis,
3358 3048 3395 3089 a
3414 3045 3530 3107 quo
3547 3047 3719 3088 amore

2194 3121 2335 3184 talis
2363 3124 2549 3182 timor
2582 3121 2875 3200 procedit.
3817 3107 3818 3126 ³

2279 3220 2378 3277 11.
2426 3217 2638 3278 Tertia
2680 3215 2997 3278 conclusio.
3034 3248 3117 3262 -
3158 3215 3449 3277 Data-andi
3493 3215 3722 3295 opposita

2195 3311 2493 3373 sententia
2559 3309 2922 3388 exploditur.
2956 3341 3039 3353 —
3067 3309 3213 3369 Dico
3284 3307 3466 3367 tertio
3514 3323 3530 3365 ε
3570 3306 3723 3365 timor
3816 3301 3818 3324 ⁴

2196 3405 2456 3479 ser-ville,
2506 3422 2629 3484 quo
2682 3403 2889 3464 debite
2940 3408 3002 3464 et
3056 3410 3223 3463 recte
3278 3403 3530 3462 timetur
3570 3417 3724 3479 poena

2196 3505 2448 3574 aeterna,
2486 3496 2583 3558 vel
2616 3497 2783 3559 aliud
2814 3497 2977 3576 quod
3016 3497 3091 3557 ad
3132 3497 3311 3558 illam
3338 3496 3524 3569 ducit,
3558 3499 3620 3552 ut
3652 3499 3724 3553 est
3817 3543 3818 3566 ,

2194 3590 2433 3652 malum
2464 3597 2526 3653 et
2548 3589 3010 3652 incommodum
3038 3595 3308 3665 naturae,
3336 3595 3427 3650 est
3454 3593 3613 3648 actus
3638 3585 3725 3646 eli·
3816 3569 3818 3604 ³

2194 3687 2351 3748 citus
2365 3707 2401 3746 a
2416 3686 2639 3747 virtute
2664 3684 2791 3764 spei
2810 3704 2825 3762 ;
2852 3685 3016 3746 idem
3037 3690 3128 3744 est
3146 3683 3225 3744 de
3248 3683 3391 3744 odio
3412 3687 3473 3744 et
3488 3681 3721 3748 tristitia,
3817 3723 3818 3730 ι

2196 3795 2334 3857 quae
2366 3777 2461 3838 illi
2482 3777 2877 3859 respondent.
2906 3775 3210 3838 Probatur
3232 3777 3461 3856 prime,
3488 3792 3620 3835 nam
3642 3789 3723 3834 eo·

2196 3871 2338 3933 dem
2382 3871 2652 3952 pondere
2694 3889 2816 3950 quo
2855 3875 3046 3949 terra,
3087 3869 3269 3930 verbi
3311 3869 3527 3948 gratia,
3558 3865 3724 3928 tendit

2194 3963 2507 4041 deorsum,
2548 3963 2706 4044 {ugit
2740 3963 2947 4024 locum
2984 3961 3398 4037 contrarium,
3447 3965 3507 4022 et
3544 3959 3722 4020 eodem
3817 3993 3818 4000 ι

2194 4057 2411 4120 habitu
2442 4077 2564 4138 quo
2594 4057 2942 4119 intellectus
2967 4057 3303 4118 assentitur
3333 4053 3512 4115 alicui
3536 4067 3720 4132 propo·

2194 4152 2428 4231 sitioni,
2459 4157 2645 4231 negat
2676 4152 3051 4212 contrariam
3076 4165 3097 4227 3
3127 4154 3192 4210 et
3225 4148 3444 4210 eadem
3472 4145 3715 4214 charitas,
3817 4143 3818 4162 l

2193 4263 2331 4324 quae
2358 4251 2525 4306 amat
2554 4245 2789 4306 bonum
2817 4242 3123 4316 divinum,
3156 4240 3322 4320 fugit
3348 4239 3575 4301 malum
3602 4253 3717 4296 con-

2194 4338 2491 4412 trarium3
2526 4356 2673 4416 ergo
2712 4335 2931 4397 eadem
2973 4337 3170 4396 virtus
3206 4334 3367 4414 spei,
3411 4351 3541 4412 quae
3585 4331 3719 4390 amat

2197 4429 2667 4506 beatitudinem,
2696 4437 2766 4490 ut
2790 4429 3027 4491 bonum
3046 4428 3393 4507 proprium,
3418 4426 3550 4485 odio
3568 4419 3720 4481 hahet

2195 4525 2329 4600 ejus
2370 4522 2823 4603 privationem5
2863 4529 2925 4582 et
2965 4519 3179 4582 eadem
3226 4521 3492 4593 ratione,
3542 4513 3721 4576 eadem

2196 4617 2389 4676 virtus
2403 4635 2541 4697 quae
2560 4622 2763 4695 sperat
2774 4614 2897 4676 tale
2912 4613 3141 4675 bonum
3152 4659 3169 4686 ‚
3185 4613 3369 4672 timet
3384 4607 3721 4671 contrarium

2197 4709 2454 4772 malum.
2500 4709 2678 4770 Ratio
2722 4708 3024 4788 generalis
3074 4713 3187 4782 est,
3242 4705 3395 4784 quia
3439 4719 3633 4763 omnes
3668 4695 3723 4757 hi

2195 4809 2365 4863 actus
2400 4801 2663 4863 tendunt
2686 4803 2751 4862 in
2777 4801 3085 4880 objectum
3114 4797 3229 4858 sub
3261 4797 3499 4857 ratione
3528 4789 3721 4873 proprii

2198 4896 2525 4970 commodi,
2562 4900 2624 4956 et
2657 4903 2803 4955 sunt
2842 4895 2929 4954 ita
2966 4893 3128 4953 inter
3158 4909 3223 4952 se
3252 4885 3644 4959 subordinati,
3668 4887 3727 4942 ut
3817 4963 3818 4966 Ἴ

2198 5006 2356 5049 unus
2390 5007 2467 5048 ex
2496 4987 2688 5050 altero
2726 4987 2947 5047 intime
2979 4983 3233 5045 oriatur.
3270 4985 3496 5043 Contra
3520 4981 3625 5040 hoc
3652 4975 3727 5035 vi·
3817 4983 3818 4994 ¹

2195 5081 2375 5142 detur
2411 5082 2637 5142 sentire
2675 5081 2999 5141 Durandus
3040 5095 3245 5156 supra,
3290 5081 3503 5154 quaest.
3546 5076 3601 5147 4,
3640 5069 3727 5129 do-

2193 5194 2337 5235 cens
2389 5175 2676 5235 timorem
2734 5173 3038 5246 servilem,
3102 5171 3243 5232 licet
3306 5171 3559 5239 bonum,
3618 5179 3726 5223 non
3817 5169 3818 5190 ¹

2192 5267 2519 5346 procedere
2566 5268 2643 5328 ab
2684 5266 2893 5346 aliquo
2940 5264 3158 5326 habitu
3186 5264 3456 5337 virtutis·‚
3486 5275 3670 5338 neque
3696 5272 3727 5314 a

2192 5359 2355 5420 dono
2395 5359 2557 5439 quod
2594 5361 2671 5420 sit
2706 5359 3105 5421 excellentius
3146 5356 3317 5416 omni
3357 5357 3611 5424 virtute3
3638 5347 3725 5408 sed

2192 5451 2342 5512 dicit
2374 5471 2503 5514 esse
2535 5453 2863 5534 specialem
2904 5451 3232 5532 quemdam
3270 5447 3553 5508 habitum
3592 5441 3725 5502 infe·

2190 5545 2418 5607 riorem
2489 5548 2659 5608 omni
2734 5547 2962 5608 virtute
2991 5560 3013 5624 3
3075 5543 3236 5604 idem
3306 5541 3436 5601 fere
3505 5535 3723 5608 Palud.,
