3900 6217
616 432 696 493 36

615 538 924 600 rationem
993 537 1226 601 facere.
1285 541 1520 604 Deinde
1589 543 1720 604 hoec
1791 543 2177 621 comparatio

616 632 874 711 praecise
933 630 1226 693 facienda
1279 640 1376 695 est
1440 634 1502 693 in
1573 635 1928 715 cognitione
1978 634 2126 697 fidei
2158 679 2173 705 ,

615 731 924 803 quatenus
949 744 1025 785 ex
1057 725 1262 787 divina
1280 728 1662 789 revelatione
1689 735 1752 789 et
1767 728 1971 791 infuso
2000 728 2181 790 lumi-

613 836 694 878 ne
727 818 981 897 pendet,
1013 818 1229 879 nonin
1257 819 1514 881 scientia
1543 821 1866 900 acquisita,
1895 839 2037 901 quae
2066 839 2181 900 per

614 912 986 973 industriam
1007 912 1349 972 humanam
1374 913 1724 993 comparari
1739 919 1967 997 potest,
1990 915 2181 977 etiam

615 1007 780 1067 circa
808 1025 910 1067 res
937 1007 1200 1080 divinaS‚
1243 1006 1366 1069 fide
1398 1007 1533 1086 ipsa
1581 1010 1922 1089 supposita.
1958 1012 2047 1070 Ac
2071 1009 2183 1070 de-

613 1101 804 1179 nique
833 1100 1192 1180 hujusmodi
1221 1101 1720 1180 comparationes
1764 1120 1894 1164 non
1921 1107 2068 1163 sunt
2096 1102 2182 1163 ita

612 1192 1059 1273 intelligendae,
1098 1200 1168 1256 ιιι
1201 1197 1418 1255 exacte
1451 1195 1608 1256 etin
1647 1194 1938 1257 omnihus
1964 1212 2184 1275 perso-

609 1288 706 1349 nis
734 1304 808 1349 ac
849 1287 1236 1366 temporibus
1265 1288 1621 1351 necessario
1663 1288 1936 1351 debeant
1981 1289 2182 1351 verifi-

613 1381 765 1456 cari,
787 1381 897 1442 sed
911 1381 1308 1462 regulariter,
1323 1388 1385 1446 et
1399 1389 1468 1446 ut
1486 1382 1971 1463 plurimum,seu
2000 1390 2180 1447 atoto

614 1494 871 1557 genere,
893 1481 960 1537 ut
985 1476 1180 1548 aiunt,
1208 1482 1318 1535 aut
1339 1474 1762 1555 comparando
1784 1481 2017 1537 statum
2036 1495 2181 1539 cum

611 1576 801 1643 statu,
835 1568 936 1630 vel
962 1569 1166 1648 capita
1208 1568 1457 1635 illosum
1484 1569 1646 1630 inter
1671 1586 1762 1643 se,
1795 1586 1936 1647 quse
1967 1572 2182 1633 omnia

611 1669 946 1725 sumuntur
973 1682 1050 1725 ex
1075 1664 1150 1723 D.
1177 1663 1440 1735 Thema,
1488 1662 1550 1723 d.
1585 1669 1808 1742 quaest.
1863 1665 2001 1739 174,
2058 1672 2175 1727 art.

609 1758 671 1831 6,
713 1762 776 1818 et
805 1757 1125 1836 cajetano,
1158 1773 1219 1834 q.
1255 1759 1311 1831 1,
1353 1761 1469 1817 art.
1494 1759 1554 1817 7.

691 1852 790 1911 12.
843 1849 971 1913 Pro
1009 1851 1220 1930 prima
1253 1850 1470 1932 rapula
1507 1851 1778 1930 primum
1807 1853 2181 1934 pronuntia-

608 1950 740 2009 tum
765 1944 1518 2007 bimembres—Membrum
1547 1947 2178 2025 prium—Membrana

596 2037 928 2121 posterius.
949 2070 1032 2083 -—
1051 2037 1258 2099 Primo
1286 2056 1460 2117 ergo,
1495 2040 1922 2120 comparando
1945 2046 2177 2101 statum

603 2130 896 2193 Ecclesiae
940 2130 1148 2209 quoad
1183 2148 1412 2211 corpus
1453 2150 1568 2193 seu
1615 2150 2017 2195 communem
2044 2134 2178 2213 ple-

603 2224 753 2285 bem
779 2224 938 2304 ejus‚
971 2224 1061 2285 sic
1079 2241 1300 2285 verum
1321 2230 1416 2285 est
1435 2224 1630 2287 fuisse
1659 2226 1724 2287 in
1745 2227 2022 2289 Ecclesia
2046 2244 2179 2287 ma-

604 2317 698 2398 gis
737 2317 1090 2397 explicitam
1145 2317 1337 2378 fidem
1384 2318 1448 2379 in
1495 2324 1682 2393 statu,
1733 2338 1845 2381 seu
1895 2326 2177 2399 tempore

603 2411 884 2473 viciniori
929 2411 1170 2473 Christo
1243 2412 1532 2475 Domino,
1583 2414 1714 2475 Hoc
1763 2414 1916 2475 satis
1959 2418 2180 2476 notum

605 2512 700 2567 est
729 2524 805 2566 ex
828 2505 1030 2581 dictis,
1063 2511 1128 2567 et
1153 2523 1232 2565 ex
1259 2505 1545 2567 discursu
1575 2524 1764 2587 supra
1792 2507 1957 2569 facto
1980 2527 1997 2580 ;
2028 2525 2177 2569 nam

603 2598 671 2659 in
710 2600 851 2678 lege
893 2606 1154 2673 naturae,
1187 2599 1390 2678 magis
1437 2599 1704 2662 obscura
1735 2600 2179 2681 vel.implieita

601 2692 716 2753 fuit
753 2691 911 2753 fides
953 2709 1144 2771 quam
1187 2692 1306 2753 sub
1348 2692 1490 2773 lege
1517 2693 1786 2773 Moysis3
1819 2700 1882 2756 et
1923 2694 1990 2754 in
2035 2694 2179 2773 lege

603 2786 818 2867 gratiae
863 2786 1058 2846 multo
1099 2785 1302 2865 magis
1337 2784 1456 2848 fuit
1497 2788 1802 2866 explicata
1827 2833 1843 2862 ,
1887 2794 2023 2847 tam
2060 2787 2179 2848 cir-

603 2898 676 2941 ca
702 2879 1072 2959 mysterium
1101 2878 1452 2953 Trinitatis;
1495 2900 1668 2955 nam,
1694 2888 1761 2943 ut
1789 2881 1995 2960 inquit
2022 2881 2175 2943 Cre·-

601 2973 814 3054 gorius
843 2990 1056 3052 supra,
1081 2991 1194 3054 per
1235 2973 1684 3037 Testamentum
1709 2992 1924 3038 novum
1954 2975 2023 3037 in
2048 2993 2177 3038 cor-

601 3070 672 3131 de
692 3068 893 3147 fidelis
933 3067 1150 3148 populi
1170 3068 1318 3143 fides
1347 3068 1682 3133 Trinitatis
1731 3070 1942 3157 crevit,
1983 3071 2175 3149 juata

599 3159 762 3223 illud
783 3160 1039 3234 Manli„
1065 3160 1161 3223 ult
1187 3178 1198 3218 :
1229 3160 1492 3233 Eunias,
1520 3162 1713 3225 ἅοοσισ
1727 3179 1924 3225 omnes
1946 3168 2169 3244 qantos,

602 3259 720 3314 etc.
749 3272 764 3323 ;
791 3268 980 3329 quam
1010 3251 1174 3313 circa
1197 3252 1570 3331 mysterium
1594 3254 2069 3328 Incarnationis,
2094 3254 2174 3315 de

603 3363 728 3426 quo
756 3344 1005 3419 Paulus,
1029 3345 1112 3405 ad
1135 3346 1366 3425 Ephes.
1401 3348 1468 3407 3:
1503 3347 1584 3409 In
1595 3347 1905 3427 prioribus
1923 3365 2177 3429 yema-

603 3440 866 3503 tionibus
894 3441 1252 3519 mysterium
1301 3438 1534 3505 christi
1570 3460 1688 3503 non
1733 3446 1825 3505 est
1861 3443 2164 3523 ayaitum,

601 3536 766 3597 sicut
787 3551 945 3598 nuno
973 3538 1065 3597 est
1081 3534 1414 3599 revelatum
1437 3531 1582 3599 δ’δ’.
1604 3532 1917 3616 Apostoli}
1937 3540 1997 3597 et
2017 3535 2172 3597 Pro-

598 3628 821 3710 phetis,
869 3630 930 3687 et
957 3626 1100 3687 ideo
1139 3625 1292 3689 dixit
1312 3627 1608 3700 Irenaeus‚
1640 3628 1684 3687 l.
1723 3630 1783 3701 3,
1819 3646 1876 3689 6.
1915 3628 2032 3689 47:
2090 3630 2173 3691 Iu

603 3737 748 3781 noco
775 3720 1175 3793 Testamenta,
1205 3721 1358 3798 fides
1383 3720 1711 3794 hminum,
1735 3739 1872 3801 μω
1895 3726 1990 3785 est
2012 3724 2182 3803 apud

605 3816 818 3886 Deum,
850 3815 1033 3877 aucta
1045 3818 1156 3875 est.
1193 3814 1272 3873 At
1295 3830 1445 3873 vero
1475 3812 1917 3893 distinguendo
1941 3814 2007 3874 iu
2028 3813 2173 3875 illis-

605 3914 736 3969 met
763 3905 1026 3967 statibus
1051 3911 1334 3983 tempora
1355 3906 1823 3985 propinquiora,
1852 3906 1954 3967 vel
1973 3925 2174 3969 remo·

605 4002 766 4063 tiora
792 3999 1055 4070 Christe,
1075 3998 1310 4059 autfini
1331 3999 1574 4073 mundi,
1595 3999 1747 4060 nihil
1773 4000 1961 4061 credo
1986 4018 2171 4079 posse

608 4099 849 4155 certum
901 4092 1230 4164 affirmari;
1281 4110 1430 4151 nam
1479 4092 1544 4151 in
1591 4110 1972 4173 unoquoque
2014 4098 2180 4155 statu

607 4186 809 4266 potuit
843 4203 981 4247 esse
1010 4202 1244 4265 magna
1279 4186 1550 4247 varietas
1581 4190 1643 4246 et
1689 4204 1902 4247 rerum
1945 4184 2179 4247 vicissi-

607 4279 785 4353 tudo,
819 4284 882 4340 et
927 4279 1012 4338 ita
1039 4278 1102 4338 in
1153 4283 1316 4339 statu
1357 4278 1514 4358 legis
1543 4284 1780 4340 naturae
1809 4279 2013 4359 potuit
2040 4296 2177 4341 esse

609 4372 769 4433 fides
793 4373 860 4433 in
899 4372 1036 4450 ejus
1065 4371 1237 4433 initio
1263 4372 1414 4432 satis
1443 4370 1746 4451 explicata
1791 4390 1906 4451 pro
1933 4373 2181 4453 capaci-

609 4471 738 4527 tate
787 4466 952 4525 illius
1001 4468 1222 4538 status,
1253 4470 1316 4525 et
1365 4470 1582 4543 postea
1622 4466 1925 4544 paulatim
1956 4466 2181 4527 obscu-

613 4560 969 4637 rariusque
998 4557 1080 4619 ad
1105 4564 1387 4635 tempora
1420 4558 1708 4633 Abrahae,
1739 4559 1806 4629 in
1833 4577 1961 4638 quo
1988 4559 2180 4621 veluti

615 4660 914 4715 renovata
944 4656 1060 4726 est,
1093 4657 1158 4713 et
1181 4652 1444 4713 fortasse
1487 4656 1672 4713 aucta
1713 4653 1778 4714 in
1823 4653 2179 4733 cognitione

613 4747 753 4820 Dei,
784 4746 992 4825 quoad
1021 4745 1538 4825 omnipotentiam
1579 4746 1738 4824 ejus,
1788 4752 1860 4807 ut
1899 4747 1975 4807 D.
2020 4746 2182 4807 Tho·

615 4858 753 4901 mas
781 4858 968 4919 supra
1020 4839 1190 4911 dicit,
1221 4844 1284 4900 et
1312 4838 1522 4918 quoad
1550 4856 1728 4917 spem
1772 4838 1991 4901 Christi
2032 4857 2179 4901 ven-

617 4936 763 5010 turi,
794 4941 1048 5014 propter
1077 4933 1413 5013 specialem
1441 4934 1918 5012 promissionem
1944 4933 2175 4994 factam

616 5030 884 5091 Abrahae
915 5034 980 5089 et
1029 5027 1174 5088 filiis
1219 5027 1379 5106 ejus.
1428 5025 1662 5087 Deinde
1697 5044 1848 5089 vero
1877 5026 2178 5106 paulatim

617 5124 816 5185 minui
871 5122 1056 5201 coepit
1103 5120 1375 5199 cognitio
1421 5118 1594 5193 fidei,
1643 5125 1706 5183 et
1747 5118 1834 5180 ita
1875 5120 2179 5199 processit

619 5234 818 5297 usque
861 5217 943 5277 ad
988 5216 1292 5293 Moysem.
1339 5212 1634 5274 Similiter
1679 5212 1864 5275 etiam
1898 5214 1963 5273 in
2014 5220 2178 5275 statu

617 5311 772 5391 legis
791 5308 1019 5371 veteris
1037 5325 1269 5387 magna
1289 5306 1406 5367 fuit
1423 5306 1778 5367 vicissitudo
1807 5306 1870 5367 et
1889 5306 2173 5381 mutatio,

619 5412 685 5467 ut
711 5408 954 5465 constat
981 5418 1058 5463 ex
1097 5402 1448 5480 Scriptura;
1501 5406 1565 5461 et
1610 5400 1750 5461 ideo
1779 5401 1948 5462 Deus
1992 5400 2177 5463 certis

614 5495 998 5576 temporibus
1017 5494 1302 5557 mittebat
1321 5493 1683 5573 Prophetas,
1709 5510 1824 5573 per
1847 5510 2006 5573 quos
2028 5493 2177 5555 fidei

613 5590 883 5670 cognitio
917 5587 1097 5667 quasi
1129 5579 1565 5649 renovaretur:
1597 5586 1766 5649 unde
1813 5586 2174 5667 contingere

1308 434 1548 493 DISPUT.
1584 440 1647 493 ll.
1682 438 1764 493 DE
1795 435 2060 491 omnem
2092 438 2211 491 SEU
2243 438 2545 494 sumi-:cm
2577 437 2917 493 nul-:ami
2950 436 3132 489 Fmssl.

2257 547 2459 625 potuit
2479 551 2549 606 ut
2570 551 2853 623 tempore
2870 542 3175 603 adventus
3188 541 3405 603 Christi
3418 547 3663 625 populus
3682 549 3767 612 ille

2260 638 2485 717 majori
2526 636 2881 719 ignorantia
2905 634 3242 707 laboraret,
3268 654 3447 715 quam
3478 640 3771 719 superiori-

2259 732 2379 793 bus
2410 731 2819 812 temporibus.
2846 730 3129 807 Denique
3158 728 3343 791 etiam
3363 729 3429 791 in
3454 731 3655 792 Christi
3680 736 3772 795 Ec-

2262 824 2451 887 clesia
2488 826 2583 887 hae
2619 824 2997 885 mutationes
3024 823 3295 883 inventae
3324 828 3483 883 sunt.
3517 824 3573 885 Si
3592 832 3773 889 autem

2262 924 2497 983 attente
2522 918 3019 989 considerentur,
3040 916 3241 995 magis
3267 915 3511 993 fuerunt
3527 917 3589 979 in
3604 921 3775 981 varie—

2260 1018 2413 1088 tate,
2440 1012 2541 1073 vel
2590 1010 2953 1073 extensione
2982 1010 3286 1080 locorum,
3328 1026 3511 1086 quam
3534 1010 3597 1069 in
3628 1012 3775 1073 subs-

2261 1106 2499 1167 tantiali
2518 1102 2645 1167 fide
2664 1104 2945 1184 corporis
2973 1102 3294 1175 Ecclesiae3
3325 1120 3473 1163 nam
3496 1102 3623 1163 haec
3642 1122 3776 1165 sem-

2260 1216 2377 1278 per
2400 1197 2646 1260 videtur
2670 1198 2863 1259 fuisse
2888 1214 3069 1276 aeque
3098 1195 3399 1275 explicata
3416 1195 3479 1255 in
3500 1198 3778 1259 communi

2260 1291 2445 1373 plebe
2460 1292 2763 1366 fidelium,
2782 1291 3003 1353 saltem
3023 1289 3233 1370 quoad
3251 1286 3592 1368 symbolum
3616 1292 3777 1368 Apos-

2260 1386 2555 1448 tolorum.
2607 1387 2823 1466 Neque
2869 1386 2990 1447 hoc
3037 1388 3133 1445 est
3178 1387 3404 1463 praeter
3420 1381 3691 1461 ,regulam
3718 1385 3774 1445 D.

2260 1479 2541 1555 Thomas,
2591 1497 2741 1540 nam
2766 1480 2904 1539 haec
2926 1475 3205 1539 Ecclesia
3230 1491 3476 1553 semper
3502 1478 3591 1535 est
3626 1491 3777 1553 aeque

2260 1571 2613 1651 propinqua
2672 1571 2948 1633 Christo:
3010 1569 3143 1649 ipse
3194 1568 3363 1629 enim
3410 1567 3687 1645 promisit,
3732 1575 3781 1629 el

2261 1666 2661 1743 praesentiam
2688 1683 2889 1739 suam,
2920 1662 3135 1725 dicens
3160 1680 3175 1721 z
3199 1662 3365 1724 Ecce
3391 1678 3490 1743 eqo
3522 1662 3781 1723 vobiscum

2228 1774 2399 1836 ,mm
2450 1776 2639 1840 usque
2690 1760 2774 1823 ad
2824 1757 3389 1821 consummationem
3449 1754 3646 1817 soectdi
3662 1779 3685 1825 ,·
3733 1759 3782 1813 et

2260 1850 2680 1913 assistentiam
2724 1851 2913 1913 divini
2952 1849 3241 1929 SpirituS,
3272 1847 3522 1909 dicens:
3560 1847 3635 1911 Ut
3674 1865 3782 1909 ma-

2259 1948 2401 2007 neat
2426 1946 2723 2009 vobiscum
2746 1944 2813 2005 ia
2836 1948 3150 2007 oeternum.

2342 2039 2440 2100 13.
2492 2036 2841 2101 Secundum
2896 2036 3370 2117 pronuntiatum
3416 2050 3528 2113 pro
3588 2034 3701 2097 ead.
3752 2037 3773 2093 1

2257 2152 2384 2215 req.
2454 2163 2537 2177 —
2602 2130 3015 2193 Temerariwm
3078 2134 3299 2211 putare
3365 2128 3614 2208 aliquem
3670 2133 3783 2207 post

2256 2224 2683 2306 Apostolormn
2710 2221 3157 2305 &pacatiorem
3178 2222 3381 2313 ,fidem
3416 2218 3689 2283 hahuisse.
3718 2252 3782 2265 —

2260 2315 2579 2383 Limitatio
2634 2318 2897 2381 secunda
2942 2313 3353 2399 pronuntiati.
3399 2345 3479 2361 —
3505 2312 3777 2387 Secundo,

2262 2410 2683 2490 comparando
2729 2409 2957 2489 capita,
3010 2408 3349 2471 dicendum
3398 2412 3491 2469 est
3536 2406 3783 2467 homines

2260 2503 2736 2584 propinquiores
2763 2503 3025 2575 Christ0,
3062 2502 3169 2581 qui
3198 2502 3267 2563 in
3290 2518 3657 2581 unoquoque
3682 2505 3784 2559 sla-

2258 2602 2327 2658 tu
2368 2596 2627 2659 fuerunt
2678 2597 2881 2677 capita
2932 2595 3253 2669 Ecclesiae,
3304 2594 3504 2675 magis
3540 2592 3711 2655 fuisse
3737 2591 3791 2651 in

2257 2688 2383 2751 fide
2410 2690 2814 2763 illuminatos,
2842 2689 3214 2769 regulariter
3238 2688 3577 2769 loquendo.
3601 2688 3683 2747 Ita
3710 2703 3793 2745 ex-

2257 2784 2447 2863 plicat
2488 2783 2863 2845 sententiam
2916 2802 3097 2845 suam
3150 2784 3221 2845 D.
3286 2784 3575 2855 ThomaS,
3628 2786 3685 2841 et
3722 2780 3793 2839 ita

2258 2877 2447 2937 etiam
2498 2882 2595 2938 est
2637 2876 3105 2957 interpretanda
3134 2876 3364 2956 regula
3408 2874 3695 2955 Gregorii,
3743 2878 3793 2933 et

2256 2976 2429 3049 patet
2458 2970 2639 3031 facile
2670 2989 2748 3031 ex
2774 2970 3061 3033 discursu
3090 2970 3249 3049 ejus,
3292 2970 3439 3050 quia
3469 2969 3701 3047 Moyses
3722 2966 3793 3025 vi-

2254 3063 2442 3127 detur
2464 3064 2657 3125 fuisse
2692 3062 3093 3125 excellentior
3117 3064 3184 3124 in
3216 3064 3445 3125 divinis
3476 3060 3794 3123 illustratio-

2256 3158 2463 3234 nibus,
2500 3176 2691 3237 quam
2716 3158 3107 3237 superiores3
3142 3162 3205 3219 et
3238 3156 3591 3237 specialiter
3617 3154 3693 3217 ait
3729 3155 3787 3214 D.

2254 3252 2527 3313 Thomas
2578 3252 2920 3313 excessisse
2968 3251 3033 3311 in
3082 3249 3444 3331 cognitione
3495 3247 3793 3312 divinitatis

2256 3343 2465 3423 quoad
2494 3344 2951 3425 simplicitatem
2992 3344 3148 3423 ejus,
3184 3360 3385 3423 quam
3410 3345 3576 3405 Deus
3610 3341 3686 3402 illi
3714 3358 3797 3401 os-

2248 3436 2473 3511 tendit,
2528 3438 2805 3499 revelato
2854 3436 2961 3499 illo
3009 3435 3309 3499 nomine:
3352 3438 3494 3519 Bao
3538 3454 3665 3499 sum
3710 3434 3797 3515 qui

2250 3548 2410 3605 sum,
2453 3532 2633 3611 juxta
2668 3530 2821 3592 illud
2848 3530 3045 3593 Exod.
3086 3531 3157 3591 6:
3206 3529 3455 3595 Nonum
3480 3547 3665 3593 meum
3688 3544 3801 3588 ma-

2252 3625 2542 3704 nifestavi
2594 3624 2700 3687 eis.
2753 3626 2975 3688 Postea
3012 3641 3161 3685 vero
3192 3624 3479 3703 Apostoli
3522 3622 3800 3701 maiorem

2254 3718 2675 3797 cognitionem
2704 3724 3102 3797 acceperuut,
3133 3722 3204 3778 ut
3232 3723 3407 3781 recte
3443 3715 3700 3798 probant
3718 3732 3806 3773 ar-

2256 3816 2549 3891 gumenta
2571 3811 2756 3884 facta,
2788 3828 2997 3891 neque
3028 3817 3121 3873 est
3148 3812 3558 3891 cogitandum
3586 3810 3804 3888 aliquos

2254 3910 2396 3981 post
2413 3904 2553 3965 illos
2572 3902 2869 3965 hahuisse
2888 3904 3195 3984 majorem
3214 3902 3369 3965 fidei
3382 3904 3805 3985 cognitionem,

2258 4012 2467 4076 neque
2516 4004 2729 4077 posset
2778 3997 2843 4059 id
2900 3998 3035 4058 sine
3078 3996 3435 4059 temeritate
3508 3994 3803 4066 affirmari,

2258 4096 2328 4150 ut
2352 4093 2501 4153 satis
2526 4092 2714 4153 etiam
2743 4092 3077 4172 probatum
3093 4097 3205 4152 est.
3232 4091 3373 4153 Dixi
3394 4095 3629 4164 autem,
3655 4105 3813 4169 requ-

2258 4184 2501 4260 lariter,
2532 4184 2680 4264 quia
2701 4184 2773 4245 in
2802 4184 3081 4265 quolibet
3128 4189 3295 4247 statu
3320 4189 3537 4264 potest
3574 4178 3815 4263 cogitari

2258 4278 2470 4357 aliqua
2498 4277 2802 4357 exceptiO,
2836 4277 2997 4340 utin
3024 4283 3187 4339 statu
3232 4278 3399 4358 legis
3427 4283 3668 4339 naturae
3706 4273 3821 4335 for·

2259 4378 2425 4433 tasse
2468 4372 2667 4433 Adam
2703 4372 2969 4434 excessit
3011 4372 3421 4454 posteriores,
3468 4372 3627 4435 etin
3669 4374 3819 4429 statu

2258 4464 2418 4546 legis
2460 4466 2703 4546 scriptae
2751 4464 2947 4527 David
2994 4463 3153 4527 forte
3210 4466 3486 4528 excessit
3525 4464 3817 4545 Moysem‚

2259 4557 2509 4632 isaiam,
2542 4564 2603 4619 et
2630 4558 2809 4632 alios,
2839 4564 2909 4620 ut
2948 4558 3137 4619 etiam
3174 4564 3418 4621 tactum
3452 4564 3569 4621 est.
3598 4555 3818 4619 Deinde

2258 4650 2537 4713 Joannes
2560 4652 2836 4730 Baptista
2862 4650 3133 4713 conferri
3160 4657 3371 4731 potest
3398 4671 3551 4715 cum
3570 4653 3822 4731 Aposto-

2257 4743 2375 4821 lis;
2402 4743 2481 4805 de
2508 4744 2641 4805 Elia
2672 4744 2883 4820 etiam,
2912 4752 2973 4807 et
2998 4746 3231 4818 Enoch,
3266 4752 3588 4825 quatenus
3614 4748 3823 4807 ventu-

2256 4835 2309 4897 ri
2334 4844 2479 4899 sunt
2518 4844 2800 4917 tempore
2831 4838 3034 4899 ultimi
3054 4836 3295 4918 judicii,
3328 4840 3596 4921 cogitari
3628 4841 3823 4921 potest.

2256 4946 2339 4989 an
2380 4930 2503 4991 sint
2544 4930 2817 4993 habituri
2857 4932 2959 4993 vel
3000 4931 3307 5011 aequalem
3356 4934 3463 4995 vel
3520 4934 3823 5013 majorem

2260 5023 2681 5107 cognitionem
2708 5024 2888 5105 fidei;
2918 5024 3129 5103 itaque
3159 5025 3225 5086 in
3258 5026 3356 5087 his
3396 5026 3559 5089 nihil
3600 5026 3823 5087 certius

2258 5118 2559 5180 affirmari
2599 5124 2824 5197 potest.

2341 5214 2439 5275 14.
2466 5213 2737 5277 Tertium
2756 5210 3227 5293 pronunciatum
3260 5230 3377 5293 pro
3404 5216 3671 5295 utraque
3700 5229 3822 5294 req.

2255 5338 2336 5353 —
2363 5307 2592 5378 Tertio,
2623 5304 2960 5367 dicendum
2986 5311 3080 5369 est
3106 5306 3460 5387 specialiter
3488 5306 3573 5368 de
3624 5306 3823 5369 Eccle-

2258 5400 2349 5462 sia
2398 5399 2641 5473 Christi,
2700 5418 2995 5461 successu
3053 5404 3407 5479 temporum
3446 5401 3729 5461 crevisse
3767 5398 3823 5458 in

2256 5492 2559 5574 sapientia
2575 5512 2787 5555 rerum
2802 5494 3147 5557 divinarum
3162 5494 3488 5575 acquisita,
3502 5494 3823 5557 mediante

2254 5587 2401 5663 fide,
2459 5593 2529 5649 ut
2592 5588 3021 5668 experimento
3076 5594 3341 5651 constat.
3374 5586 3559 5651 Unde
3614 5586 3823 5667 quoad
