3900 6217
530 382 610 443 64

531 488 578 547 si
587 496 783 566 gnum
837 493 932 549 est
980 504 1109 548 non
1181 504 1322 549 esse
1375 488 1800 551 necessariam
1843 487 2100 549 eviden-

529 582 684 643 tiam
713 581 885 641 illam
936 582 1019 643 ad
1049 581 1457 645 credendum.
1502 584 1655 657 Imo,
1697 590 1768 645 ut
1793 589 1965 645 recte
1994 598 2102 643 no-

529 675 684 736 tavit
705 676 778 737 D.
811 675 1108 748 ThomaS,
1141 694 1203 755 q.
1237 679 1297 751 2,
1343 680 1460 737 art.
1501 678 1542 737 4
1569 682 1634 738 et
1675 678 1736 752 5,
1770 676 1960 737 etiam
2002 694 2103 737 sa-

530 769 776 849 pientes
823 769 1176 843 Ghristiani‚
1211 770 1322 848 qui
1363 776 1786 849 assequuntur
1812 770 2103 831 demons-

529 865 866 925 trationem
915 862 996 925 de
1029 864 1356 927 existentia
1388 870 1449 926 et
1475 864 1736 927 veritate
1759 865 1895 938 Dei,
1929 864 2103 944 prius

533 958 816 1031 credunt,
879 976 1070 1037 quam
1111 958 1275 1020 hanc
1321 959 1646 1020 scientiam
1709 976 2103 1039 consequan-

531 1058 668 1125 tur;
708 1070 858 1112 nam
913 1052 1236 1113 scientiam
1287 1052 1622 1131 acquirunt:
1655 1057 1797 1133 post
1837 1052 2103 1113 multam

531 1150 778 1206 aetatem
823 1150 884 1206 et
912 1145 1188 1206 studium
1209 1192 1223 1219 ‚
1273 1147 1538 1207 credunt
1569 1151 1779 1207 autem
1813 1164 1848 1207 a
1877 1142 2105 1225 princi-

531 1238 636 1317 pio
661 1256 812 1299 usus
833 1238 1094 1299 rationis
1119 1260 1136 1314 3
1171 1256 1298 1299 non
1320 1243 1584 1319 possunt
1605 1243 1817 1299 autem
1845 1238 2103 1300 credere

533 1330 772 1410 aliquid
808 1332 887 1392 de
920 1332 1076 1405 Deo,
1117 1332 1235 1393 nisi
1263 1333 1459 1413 priua,
1491 1333 1714 1394 saltem
1752 1338 1978 1394 natura
2004 1328 2129 1392 vel‘

531 1426 795 1500 ratione,
823 1426 1250 1486 assentiantur
1277 1427 1476 1487 Deum
1529 1444 1692 1499 esse,
1725 1432 1788 1488 et
1809 1442 2099 1487 veracem

535 1536 697 1593 esse,
723 1518 1356 1598 juxtatestimonium
1381 1518 1557 1580 Pauli
1585 1538 1774 1599 supra
1814 1519 2095 1595 citatum,

534 1618 598 1675 et
635 1618 894 1692 propter
916 1612 1223 1673 rationem
1253 1630 1442 1691 supra
1473 1612 1726 1687 factam,
1771 1613 1941 1692 quod
1978 1613 2098 1673 hoc

535 1712 630 1766 est
671 1705 976 1766 motivum
1005 1703 1151 1766 fidei
1198 1704 1367 1783 qnod
1405 1711 1650 1785 oportet
1698 1722 1836 1766 esse
1883 1704 2100 1785 cogni-

533 1806 693 1874 tum3
721 1798 802 1859 ab
825 1798 945 1859 illis
964 1802 1174 1861 autem
1193 1816 1321 1859 non
1349 1800 1744 1878 cognoscitur
1760 1816 1875 1879 per
1902 1800 2099 1860 scien-

531 1893 718 1963 tiam3
759 1910 909 1971 ergo
939 1898 1188 1971 oportet
1213 1894 1505 1971 cognosci
1537 1909 1650 1972 per
1676 1892 1889 1955 fidem.
1923 1892 2099 1954 Dicet

531 1986 796 2047 fortasse
827 1986 1050 2065 aliquis
1089 1985 1170 2046 ab
1211 1986 1300 2047 eis
1341 1986 1633 2067 cognosci
1675 2002 1788 2066 per
1822 1986 2097 2048 traditio-

538 2098 684 2142 nem
741 2080 1007 2141 aliorum
1059 2078 1368 2153 fidelium,
1422 2098 1562 2160 quse
1603 2080 1687 2140 ita
1731 2087 1826 2141 est
1855 2085 2099 2143 naturae

532 2178 958 2237 consentanea
989 2175 1154 2235 circa
1191 2174 1308 2234 has
1333 2174 1626 2235 veritates
1657 2172 2000 2247 naturale5‚
2029 2179 2099 2234 ut

534 2268 743 2329 statim
771 2272 941 2329 certa
987 2266 1114 2329 fide
1145 2267 1500 2341 credantur,
1547 2272 1610 2328 et
1631 2274 1940 2347 ‘tanquam
1973 2268 2101 2330 evi-

534 2362 746 2422 dentia
777 2361 1132 2422 habeantur
1177 2378 1254 2421 ex
1291 2360 1606 2421 communi
1637 2361 1902 2422 aliorum
1927 2362 2101 2423 testi-

535 2454 772 2527 munic,
826 2455 1111 2533 quamvis
1169 2454 1395 2533 singuli
1451 2454 1558 2533 qui
1609 2455 1892 2527 credunt,
1927 2454 2099 2515 illam

537 2547 918 2609 evidentiam
974 2565 1100 2608 non
1161 2550 1598 2627 assequantur,
1655 2548 1813 2608 sicut
1863 2548 1957 2610 illi
1994 2547 2099 2627 qui

533 2658 661 2701 non
692 2640 982 2701 viderunt
1016 2642 1302 2713 Romam,
1333 2642 1619 2719 quamvis
1670 2658 1785 2719 per
1837 2660 1906 2701 se
1968 2658 2101 2701 non

536 2734 941 2813 cognoverint
985 2732 1306 2794 evidenter
1343 2736 1606 2794 Romam
1659 2752 1830 2807 esse,
1879 2733 2103 2794 nihilo·

533 2827 762 2899 minuS,
826 2844 903 2888 ex
959 2826 1312 2887 testimonio
1377 2827 1656 2887 omnium
1710 2846 1926 2888 eorum
1992 2826 2099 2905 qui

531 2920 844 2992 viderunt,
877 2936 1004 2979 non
1031 2920 1239 2980 minus
1271 2923 1440 2981 certo
1481 2920 1764 2993 credunt,
1813 2938 2003 2998 quam
2047 2920 2101 2980 si

531 3013 854 3074 vidissent.
891 3014 1015 3075 Sed
1043 3014 1162 3075 hoc
1193 3013 1487 3075 sustineri
1516 3031 1645 3074 non
1694 3019 1917 3093 potest,
1948 3029 2099 3075 nam

536 3108 666 3167 tota
695 3105 798 3165 illa
824 3105 1161 3166 credulitas
1189 3123 1318 3165 non
1345 3106 1728 3167 transcendit
1755 3106 2099 3166 humanam

531 3198 756 3270 fidem;
811 3198 1194 3277 impossibile
1251 3204 1462 3259 autem
1509 3205 1604 3260 est
1654 3205 1724 3260 ut
1775 3200 1909 3260 sola
1943 3198 2100 3261 fides

534 3292 814 3351 humana
841 3290 921 3351 de
943 3292 1189 3370 objecto
1217 3290 1464 3352 formali
1491 3291 1638 3353 fidei
1661 3292 1905 3366 infusae,
1935 3294 2101 3354 suffl-

535 3385 658 3445 ciat
688 3384 770 3445 ad
797 3383 1184 3446 fundandam
1237 3385 1426 3446 fidem
1475 3385 1769 3460 infusam,
1821 3396 1889 3447 ut
1937 3382 2099 3447 infra

533 3469 938 3559 probabimus
966 3478 1290 3541 tractando
1322 3479 1402 3540 de
1442 3479 1844 3551 revelatione,
1873 3480 1938 3540 in
1972 3498 2097 3558 qua

531 3571 832 3633 fundatur
858 3570 1038 3645 fides,
1096 3578 1158 3633 et
1207 3571 1286 3633 de
1339 3590 1601 3633 assensu
1629 3590 1756 3652 quo
1786 3572 2097 3634 credimus

537 3668 732 3727 Deum
781 3666 990 3727 dicere
1039 3665 1339 3739 revelata,
1388 3672 1586 3744 atque
1643 3668 1774 3727 haec
1833 3668 2095 3727 assertio

534 3761 802 3822 sumitur
830 3761 1017 3840 plane
1061 3778 1139 3821 ex
1167 3762 1241 3821 D.
1277 3761 1540 3834 Thoma‚
1577 3766 1640 3821 et
1667 3760 1804 3822 aliis
1834 3761 2099 3823 auctori-

531 3855 650 3916 bus
685 3853 894 3915 statim
923 3844 1210 3927 citandis,
1242 3859 1306 3915 et
1333 3872 1411 3915 ex
1439 3854 1725 3931 sequenti
1750 3855 2097 3916 assertione

528 3950 730 4029 magis
765 3947 1257 4010 confirmabitur.
1537 3974 1548 3985 -

609 4042 669 4102 5.
717 4040 1000 4105 Sccwnda
1023 4042 1278 4104 assertio
1305 4041 1575 4105 wmitm·
1608 4060 1681 4104 cm
1723 4042 1807 4104 D.
1837 4042 2091 4107 flecma.

530 4164 612 4181 -
639 4133 786 4194 Dico
828 4150 979 4213 ergo
1010 4133 1324 4195 secundo:
1369 4134 1501 4195 sola
1535 4134 1792 4196 evidens
1821 4134 2093 4215 cognitio

530 4226 702 4308 quod
723 4228 890 4288 Deus
926 4227 1004 4289 sit
1029 4226 1234 4305 prima
1261 4227 1513 4304 veritam,
1561 4244 1689 4289 non
1721 4228 1946 4288 sufficit
1979 4246 2091 4307 pro

529 4320 937 4381 fundamento
963 4326 1027 4380 et
1055 4320 1300 4399 objecto
1340 4319 1586 4381 formali
1631 4320 1802 4395 fidei,
1836 4321 1949 4382 sed
1981 4340 2095 4384 ne-

532 4414 803 4477 cessaria
851 4418 945 4475 est
989 4412 1147 4475 fides
1199 4414 1403 4475 infusa
1457 4414 1746 4494 ejusdem
1791 4415 2087 4478 veritatis.

531 4510 708 4569 Hanc
737 4508 1146 4569 assertionem
1167 4525 1346 4569 sumo
1375 4526 1456 4569 ex
1483 4510 1556 4569 D.
1587 4509 1851 4582 Thoma,
1883 4514 1999 4570 art.
2029 4512 2089 4583 5,

533 4599 615 4662 ad
642 4603 671 4660 1
707 4608 768 4662 et
792 4602 852 4677 3,
885 4607 1195 4679 quatenus
1225 4600 1372 4662 dicit
1410 4601 1736 4681 principia,
1795 4620 1934 4682 quae
1980 4620 2095 4663 na-

531 4692 814 4753 turaliter
835 4692 1129 4774 cognosci
1159 4700 1443 4773 possunt,
1483 4698 1544 4755 et
1571 4694 1652 4755 ad
1679 4694 1800 4755 alia
1829 4696 2095 4758 eredibi-

530 4786 616 4846 lia
671 4792 1129 4865 supponuntur,
1175 4786 1365 4847 etiam
1413 4804 1528 4867 per
1553 4786 1743 4847 fldem
1773 4804 1959 4867 posse
1990 4807 2097 4850 co-

533 4878 787 4959 gnosci3
819 4884 1111 4956 etquaest.
1137 4880 1199 4952 2,
1233 4886 1350 4939 art.
1382 4882 1447 4955 4,
1477 4884 1789 4959 quatenus
1807 4880 2092 4945 absolute

432 5021 439 5029 .
532 4971 680 5033 dicit
705 4970 788 5031 ad
805 4970 1241 5032 certitudinem
1253 4971 1425 5045 fidei,
1448 4974 1872 5034 necessarium
1899 4974 2093 5036 fuisse

531 5065 716 5125 nobis
742 5064 1003 5125 revelari
1041 5064 1120 5124 de
1153 5065 1305 5139 Deo,
1347 5065 1532 5126 etiam
1562 5084 1700 5146 quae
1728 5068 2096 5130 naturaliter

533 5157 828 5237 cognosci
851 5162 1130 5235 possunt.
1161 5158 1383 5219 Scotus
1415 5159 1604 5220 etiam
1630 5161 1697 5220 in
1725 5160 1785 5236 3,
1819 5160 2091 5223 distinct.

531 5252 633 5325 23,
666 5256 783 5311 art.
815 5250 876 5324 2,
919 5248 1070 5309 dicit
1087 5251 1314 5312 eadem
1341 5250 1468 5313 fide
1501 5253 1670 5315 credi
1717 5254 1912 5315 Deum
1956 5272 2093 5316 esse

531 5360 848 5416 veracem,
912 5356 1036 5421 qua
1077 5343 1418 5406 creduntur
1471 5364 1548 5407 ea
1591 5364 1732 5427 quse
1789 5348 2056 5410 affirmat
2071 5364 2092 5426 ;

533 5438 701 5500 idem
729 5436 920 5498 habet
945 5438 1305 5516 Capreolus,
1336 5440 1401 5501 in
1431 5442 1490 5516 3,
1535 5442 1806 5504 distinct.
1837 5444 1939 5517 24,
1974 5448 2089 5505 art.

535 5536 596 5606 3,
621 5531 786 5593 circa
807 5530 1036 5604 finem3
1067 5533 1422 5611 expressius
1451 5539 1514 5596 et
1531 5534 1716 5597 latius
1739 5535 2000 5613 Marsils,
2030 5536 2092 5598 in

1009 387 1247 442 msrnr.
1275 388 1360 442 m.
1395 386 1477 441 DE
1509 382 1774 441 onmem
1805 386 2079 441 mamm
2107 384 2293 450 rium,
2330 352 2413 440 Εἰ·
2442 387 2737 450 Quonam>
2770 389 2853 442 An
2888 388 3088 453 ILLUD,
3118 390 3253 443 me.

2184 488 2480 567 3‚quaest.
2516 490 2614 575 ⁴⁴6⁹
2648 492 2764 550 art.
2801 492 2856 563 l,
2884 488 2947 550 in
2968 490 3149 551 tertia
3172 495 3353 571 parte
3369 486 3554 566 illius,
3586 487 3759 549 dub.

2184 583 2244 653 1,
2300 580 2521 643 abiait
2566 581 2839 662 primum
2896 588 3105 645 actum
3142 582 3314 657 fidei,
3354 582 3422 644 in
3470 600 3597 663 quo
3641 580 3767 643 alii

2180 673 2549 750 fundantur,
2602 692 2741 737 esse
2790 675 2946 737 illud
2992 694 3117 757 quo
3178 676 3494 739 credimus
3545 678 3769 738 Deum

2182 786 2352 841 esse;
2384 769 2753 845 secundum,
2773 788 2897 851 quo
2914 770 3226 832 credimus
3250 788 3388 833 esse
3414 788 3719 833 veracem
3747 788 3765 841 ;

2182 862 2455 935 tertium,
2482 880 2606 943 quo
2634 862 2947 925 credimus
2969 864 3263 943 quicquid
3291 864 3463 926 abeo
3493 865 3763 935 dicitur,

2184 972 2323 1017 esse
2353 956 2759 1019 infallibiliter
2793 974 3035 1021 verum.
3064 956 3190 1021 Sed
3229 958 3526 1038 quicquid
3556 956 3638 1019 sit
3674 956 3769 1017 de

2184 1049 2403 1111 ordine
2436 1050 2699 1111 istorum
2726 1054 3002 1126 actuum,
3038 1068 3115 1112 ex
3143 1050 3249 1112 illo
3278 1057 3523 1113 tautum
3551 1048 3769 1112 sumi-

2183 1158 2326 1203 mus
2388 1144 2515 1205 haec
2562 1144 2774 1205 omnia
2824 1160 2963 1207 esse
3009 1142 3133 1206 fide
3176 1144 3511 1219 credenda,
3554 1150 3783 1222 atque·

2185 1237 2343 1300 adeo
2372 1237 2565 1301 fidem
2592 1256 2709 1319 per
2738 1256 2807 1301 se
2850 1256 2978 1300 non
3014 1238 3263 1301 fundari
3298 1240 3362 1300 in
3392 1240 3768 1321 cognitione

2186 1330 2279 1410 (ut
2295 1330 2380 1393 ita
2411 1330 2640 1413 dicam)
2666 1336 2983 1407 extranea,
3015 1336 3079 1396 et
3096 1334 3439 1415 praesertim
3464 1332 3765 1395 inferiori

2184 1432 2249 1487 et
2272 1426 2480 1487 minus
2510 1426 2809 1506 perfecta,
2840 1427 2953 1490 sed
2980 1444 3096 1508 per
3126 1444 3194 1491 se
3226 1428 3379 1491 etin
3418 1444 3485 1489 se
3508 1428 3767 1489 habere

2180 1518 2495 1581 sufficiens
2521 1520 3027 1582 fundamentum.

2258 1614 2320 1675 6.
2362 1614 2533 1695 Ejus
2578 1615 2743 1677 ratio
2777 1614 3273 1687 fundamentalis.
3300 1648 3383 1662 -
3414 1614 3560 1679 Sive
3600 1628 3762 1685 unc,

2178 1706 2303 1771 sive
2334 1708 2563 1790 duplici
2582 1713 2723 1771 actu
2750 1710 3061 1772 credamus
3100 1710 3387 1783 revelata,
3436 1728 3507 1773 ac
3550 1710 3765 1772 Deum

2180 1820 2307 1865 esso
2323 1802 2591 1883 primam
2619 1803 2952 1878 veritatem,
2982 1819 3213 1884 semper
3231 1807 3404 1867 actus
3427 1808 3515 1867 cst
3534 1820 3766 1883 supcr-

2178 1895 2509 1961 mzturalis.
2540 1928 2622 1941 —
2644 1895 2953 1960 Probatur
2985 1897 3053 1960 dc
3086 1902 3228 1960 actu
3254 1914 3391 1959 uuo.
3424 1928 3505 1943 -
3538 1898 3765 1975 Atque

2177 1990 2314 2051 haec
2340 1995 2433 2050 est
2455 1990 2777 2068 potissima
2811 1990 2970 2051 ratio
3014 1996 3078 2051 et
3104 1989 3586 2052 fundamentum
3629 1990 3767 2049 hu-

2172 2084 2277 2163 J'us
2302 2082 2684 2155 assertioniS,
2713 2084 2859 2163 quia
2886 2082 3021 2145 fieri
3050 2100 3182 2144 non
3204 2089 3413 2163 potest
3430 2092 3500 2144 ut
3525 2098 3767 2144 assen-

2179 2194 2285 2239 sus
2309 2176 2543 2237 altioris
2572 2176 2807 2237 ordinis
2830 2196 2947 2257 per
2964 2196 3033 2239 se
3056 2177 3356 2239 fundetur
3372 2178 3437 2239 in
3479 2195 3765 2238 assensu

2180 2267 2489 2330 inferioris
2521 2267 2778 2343 ordiniS,
2809 2288 2929 2331 nec
2952 2272 3159 2350 maJ’or
3198 2270 3502 2332 certitudo
3534 2276 3766 2352 potest

2180 2380 2293 2441 per
2318 2380 2385 2423 se
2410 2360 2657 2423 fundari
2707 2362 2773 2423 in
2807 2360 3034 2424 minori
3060 2380 3081 2442 3
3115 2364 3227 2425 sed
3268 2380 3563 2425 assensus
3597 2364 3765 2425 fidei

2182 2460 2275 2516 est
2304 2455 2538 2516 altioris
2568 2454 2823 2530 ordiniS,
2860 2462 2922 2518 et
2950 2458 3151 2537 magis
3180 2462 3388 2518 certus
3423 2474 3615 2537 quam
3647 2476 3767 2517 as-

2185 2566 2405 2609 sensus
2445 2548 2747 2609 naturalis
2796 2552 2859 2611 ct
2886 2548 3181 2623 evidens:
3239 2566 3389 2630 ergo
3434 2549 3571 2611 fieri
3614 2569 3761 2611 non

2181 2645 2387 2722 potest
2434 2648 2503 2703 ut
2532 2659 2829 2703 assensus
2854 2641 3005 2703 fidei
3048 2660 3125 2703 ex
3156 2646 3335 2722 parte
3364 2642 3458 2703 sui
3514 2644 3767 2722 objecti

2179 2735 2480 2809 formalis,
2514 2734 2891 2796 fundeturin
2918 2746 3183 2797 assensu
3206 2740 3447 2797 tantum
3472 2736 3765 2797 naturali

2184 2834 2245 2889 et
2275 2827 2565 2890 evidenti.
2598 2828 2797 2907 Major
2819 2829 3069 2891 videtur
3094 2846 3209 2909 per
3232 2848 3299 2890 se
3334 2837 3482 2891 nota
3512 2846 3591 2889 ex
3621 2836 3767 2890 ter-

2180 2922 2387 2996 minia,
2439 2926 2501 2982 et
2550 2938 2627 2982 ex
2678 2922 2787 2982 illo
2843 2920 3220 2984 Aristotelis:
3266 2923 3531 3005 Propter
3592 2924 3769 3003 quod

2178 3016 2633 3096 unumquodque
2662 3014 2805 3088 talc,
2850 3020 2908 3079 et
2954 3015 3117 3080 illud
3132 3014 3331 3097 magis
3349 3040 3376 3090 ;
3410 3021 3541 3077 tota
3573 3015 3763 3076 enim

2180 3108 2479 3189 perfectio
2518 3109 2779 3169 effectus
2830 3114 2925 3170 est
2981 3126 3058 3170 ex
3098 3126 3308 3184 causa,
3371 3114 3433 3171 et
3474 3108 3759 3169 firmitas

2180 3200 2418 3263 aedificii
2450 3218 2527 3263 ex
2554 3200 2997 3275 fundamento;
3032 3220 3183 3283 ergo
3220 3202 3605 3283 impossibile
3652 3208 3758 3263 est

2180 3300 2249 3355 ut
2290 3294 2513 3355 certior
2542 3294 2621 3355 sit
2654 3294 2927 3375 cognitio
2979 3295 3238 3355 fundata
3262 3296 3327 3357 in
3358 3296 3501 3369 alia,
3546 3312 3759 3375 quam

2180 3388 2259 3449 sit
2286 3404 2361 3448 ea
2390 3387 2457 3446 in
2480 3404 2601 3466 qua
2616 3388 2935 3451 fundatur.
2964 3388 3039 3449 Et
3062 3388 3207 3449 inde
3234 3386 3415 3450 facile
3438 3390 3765 3471 probatur

2180 3480 2647 3560 consequentia,
2694 3480 2839 3559 quia
2868 3480 3171 3543 certitudo
3196 3478 3347 3543 fidei
3375 3488 3504 3543 tota
3521 3483 3765 3543 nititur

2178 3574 2243 3634 in
2272 3591 2385 3635 suo
2416 3574 2661 3653 objecto
2700 3573 2968 3649 formali,
3028 3581 3217 3655 atque
3245 3573 3406 3636 adeo
3436 3574 3495 3635 in
3528 3576 3763 3654 cogni-

2175 3668 2349 3728 tione
2396 3666 2553 3746 ejuS,
2598 3684 2747 3727 nam
2800 3672 2871 3729 ut
2896 3668 3213 3747 cognitum
3252 3674 3464 3731 movet
3498 3668 3584 3729 ad
3614 3688 3767 3729 cre-

2177 3760 2478 3821 dendum.
2526 3759 2814 3821 Secundo
2858 3759 3200 3839 explicatur
3225 3762 3428 3841 magis
3479 3761 3622 3822 haec
3648 3782 3763 3822 ra-

2178 3854 2287 3929 tio,
2314 3854 2460 3932 quia
2488 3852 2734 3915 duobus
2760 3854 2963 3915 modis
2998 3852 3256 3935 intelligi
3278 3850 3506 3934 potest,
3537 3854 3763 3916 homi-

2177 3962 2346 4021 nem,
2379 3946 2485 4025 qui
2508 3946 2704 4008 credit
2730 3946 3006 4008 revelata
3036 3947 3240 4021 aDeo,
3270 3946 3525 4009 credere
3548 3948 3761 4009 etiam

2173 4039 2376 4100 Deum
2406 4056 2543 4100 esse
2574 4046 2891 4101 veracem:
2938 4039 3161 4120 prim0,
3200 4041 3429 4103 eodem
3472 4058 3761 4103 assensu

2176 4150 2301 4211 quo
2350 4132 2546 4193 credit
2596 4150 2732 4193 rem
2780 4132 2965 4195 aliam
3014 4134 3396 4207 revelatam3
3434 4136 3755 4211 sccund0‚

2172 4226 2433 4287 diversis
2462 4226 2857 4298 assensibus;
2903 4226 2970 4286 in
3000 4232 3265 4307 utroque
3296 4232 3511 4289 autem
3546 4231 3759 4291 modo

2173 4320 2597 4381 necessarium
2628 4324 2721 4381 est
2758 4325 2829 4381 ut
2851 4318 3009 4381 fides
3051 4318 3131 4381 de
3161 4322 3295 4401 ipsa
3322 4322 3584 4383 veritate
3633 4324 3759 4384 Dei

2175 4414 2253 4475 sit
2272 4414 2763 4493 supernaturalis
2778 4418 2841 4474 et
2856 4412 3092 4487 infusa3
3114 4429 3287 4493 ergo.
3307 4415 3509 4476 Minor
3526 4418 3763 4493 quoad

2174 4508 2449 4589 priorem
2474 4512 2719 4586 partem
2754 4506 3139 4581 declaratur-3
3174 4524 3323 4568 nam
3382 4508 3488 4588 qui
3542 4508 3765 4571 credit

2176 4601 2433 4681 aliquid,
2468 4602 2640 4680 quod
2665 4599 2815 4663 dicit
2858 4601 3049 4676 Βοῦς,
3094 4601 3241 4679 quia
3270 4600 3403 4681 ipse
3428 4600 3598 4675 dicit,
3634 4620 3765 4664 ne-

2175 4695 2445 4757 cessario
2474 4695 2674 4756 credit
2702 4696 2905 4755 Deum
2932 4694 2998 4755 in
3022 4695 3127 4755 illo
3156 4694 3321 4771 dicto
3370 4712 3510 4757 esse
3562 4712 3763 4757 vera-

2174 4806 2335 4863 cem,
2366 4788 2535 4867 quod
2566 4806 2692 4849 non
2720 4792 2819 4850 est
2838 4788 3068 4849 mirum
3086 4788 3153 4848 in
3176 4788 3303 4850 fide
3328 4788 3563 4869 divina,
3588 4790 3754 4868 quia

2174 4882 2239 4943 in
2268 4882 2547 4941 humana
2600 4882 2788 4944 etiam
2840 4880 2907 4943 id
2932 4882 3271 4960 reperitur3
3325 4899 3517 4943 nemo
3564 4882 3761 4943 enim

2174 4978 2379 5057 potest
2410 4976 2667 5037 credere
2694 4993 2915 5037 verum
2946 4994 3089 5037 esse
3112 4976 3283 5055 quod
3310 4978 3531 5039 Petrus
3574 4976 3767 5037 affir-

2174 5076 2327 5143 mat,
2370 5070 2523 5149 quin
2563 5068 2775 5131 credat
2796 5070 3047 5131 Petrum
3074 5071 3141 5131 in
3168 5087 3247 5131 eo
3273 5068 3441 5131 dicto
3464 5086 3606 5130 esse
3632 5088 3767 5131 ve-

2174 5180 2408 5238 racem,
2448 5163 2592 5243 quia
2628 5162 2797 5224 idem
2823 5162 2956 5224 fere
2996 5169 3163 5225 sunt.
3192 5164 3302 5226 Est
3327 5170 3542 5225 tamen
3566 5162 3765 5225 diffe-

2175 5256 2378 5317 rentia
2408 5257 2569 5317 inter
2592 5255 2679 5317 fid
2688 5272 2781 5317 cm
2802 5256 3145 5319 humanam
3174 5262 3237 5319 et
3256 5256 3566 5330 divinam;
3592 5274 3765 5319 nam

2176 5350 2281 5429 qui
2316 5349 2512 5411 credit
2557 5350 2792 5429 aliquid
2820 5350 3086 5426 homini,
3144 5351 3291 5413 licet
3328 5350 3544 5412 credat
3568 5350 3639 5411 in
3670 5368 3765 5413 eo

2176 5460 2315 5504 esse
2339 5460 2651 5517 veracem,
2680 5460 2808 5504 non
2834 5448 3171 5524 propterea
3208 5442 3409 5505 credit
3434 5458 3575 5505 esse
3636 5460 3765 5505 ve-

2172 5554 2384 5598 racem
2410 5536 2477 5599 in
2498 5536 2788 5601 omnibus
2813 5552 2951 5617 quae
2968 5536 3117 5600 dicit
3144 5537 3242 5599 vel
3264 5536 3477 5599 dicere
3496 5538 3717 5617 potest
3738 5556 3757 5615 ;
