3900 6217
554 384 722 437 SECT.
755 383 818 436 11.
855 381 939 435 AN
971 382 1113 435 ILLA
1142 380 1460 435 POTESTAS
1489 380 1571 433 m·
1603 379 2011 435 unlvssnsaus
2040 378 2355 433 ECCLESIAE'
2387 376 2699 439 PASToms,
2735 376 2871 429 me.

195 503 286 559 tem
325 485 581 551 latissime
619 489 900 563 tuentur,
951 490 1014 544 et
1039 481 1164 544 fere
1188 482 1414 563 reliqui
1447 498 1663 543 omnes

193 603 336 667 usque
379 580 444 643 ad
489 578 870 657 Gregorium,
901 595 1056 657 quos
1109 576 1428 638 brevitatis
1479 593 1666 637 causa

189 676 512 763 praetermitto
525 688 546 748 ;
578 671 806 732 namin
828 670 1028 751 primo
1055 676 1226 730 tomo
1251 669 1663 730 Conciliorum

191 780 445 837 innumera
482 764 552 827 de
581 764 696 825 hoc
730 769 1100 843 argumento
1131 763 1552 839 continentur,
1599 767 1665 823 et

187 871 232 929 in
247 860 468 945 epistolis
490 858 706 919 Leonis
733 863 796 919 et
821 857 1123 933 Gregorii.
1147 857 1301 917 Vide
1321 857 1666 937 specialiter

187 956 407 1041 epistolas
447 956 543 1027 73,
573 955 675 1028 79,
707 952 810 1029 82,
858 952 933 1013 87
967 951 1206 1027 LeoniS,
1246 957 1310 1011 et
1343 953 1444 1027 36,
1469 950 1580 1011 lib.
1623 953 1664 1013 6

183 1050 386 1133 Registri
433 1046 704 1125 Gregorii
724 1092 748 1122 ,
817 1052 880 1108 et
945 1046 1258 1123 insignem
1321 1045 1662 1124 Agathonis

181 1150 312 1223 Papae
347 1137 817 1229 ati-Michaelem
845 1140 1309 1221 imperatorem,
1357 1156 1496 1217 quae
1529 1144 1660 1199 tota

176 1246 242 1300 est
262 1238 320 1297 de
365 1235 468 1295 hac
506 1250 613 1301 re;
641 1232 1007 1311 rescriptum
1037 1230 1282 1292 Damasi
1323 1229 1400 1291 ad
1446 1230 1663 1293 Conci·

175 1326 890 1409 liumMauritaniae.Neque
907 1322 1660 1386 verohorumPontificum

172 1420 440 1483 auctoritas
461 1417 714 1481 infirma
744 1424 860 1494 est,
895 1416 1064 1498 quod
1101 1418 1169 1479 in
1198 1418 1450 1497 propria
1479 1434 1665 1477 causa

172 1516 459 1593 loquantur,
500 1516 573 1571 ut
604 1511 860 1591 quidam
881 1510 1157 1573 hoeretici
1190 1510 1514 1589 objiciunt,
1541 1508 1664 1587 pri-

172 1626 266 1681 mo,
296 1606 421 1685 quia
462 1604 721 1667 fuerunt
759 1611 1122 1686 praestantes
1166 1604 1490 1665 sanctitate
1521 1601 1662 1677 viri,

172 1709 308 1779 atque
328 1699 498 1761 etiam
527 1704 834 1778 martyres
866 1715 994 1759 non
1021 1697 1234 1777 pauci3
1281 1712 1436 1775 quos
1467 1693 1666 1755 ambi-

173 1799 294 1855 tione
313 1794 506 1855 ductos
532 1800 754 1872 putare
783 1798 845 1855 et
871 1792 1132 1873 impium
1161 1800 1274 1867 est,
1317 1796 1380 1852 et
1409 1791 1668 1851 stultum

171 1890 340 1963 dicere,
358 1888 494 1965 quia
517 1894 798 1947 nontam
823 1887 890 1947 in
917 1887 1167 1967 propria
1191 1903 1383 1965 quam
1410 1886 1478 1945 in
1499 1901 1666 1945 com-

171 1980 300 2040 muni
332 1981 505 2039 totius
549 1980 840 2041 Ecclesiae
867 1998 1052 2041 causa
1091 1978 1504 2059 loquebantur
1523 2022 1544 2053 ,
1583 1975 1664 2037 ad

169 2075 300 2150 cujus
323 2072 668 2133 firmitatem
719 2079 782 2134 et
813 2072 1212 2135 stabilitatem
1253 2072 1550 2151 pertinet,
1597 2075 1670 2131 ut

169 2166 216 2223 in
257 2182 316 2223 ea
349 2181 538 2224 unum
578 2171 768 2244 caput
813 2172 1184 2245 perseveret,
1241 2171 1304 2226 et
1359 2183 1487 2226 non
1545 2166 1672 2227 sint

165 2258 456 2331 schismata,
507 2258 673 2319 sicut
715 2264 879 2319 recte
909 2260 1068 2321 dixit
1096 2259 1465 2341 cyprianum,
1507 2248 1669 2319 libro

167 2352 222 2411 de
241 2351 450 2411 Unitate
475 2350 792 2411 Ecclesiae.
825 2353 1119 2431 Denique,
1143 2352 1343 2412 sinon
1362 2368 1530 2426 vere,
1561 2350 1668 2411 sed

166 2448 466 2521 arroganter
521 2442 898 2517 scriberent,
944 2444 1321 2523 antiquiores
1360 2448 1524 2505 certe
1551 2444 1670 2505 Ec-

169 2535 313 2595 clesiae
335 2535 611 2615 Episcopi
643 2541 707 2597 et
738 2536 1106 2598 Patriarchae
1145 2536 1272 2597 illis
1316 2554 1444 2597 sese
1482 2554 1672 2615 oppo-

169 2634 354 2702 nerent,
378 2636 438 2690 et
479 2648 711 2692 eorum
764 2630 1088 2692 audaciam
1131 2635 1448 2705 taxarent;
1503 2629 1672 2709 quod

173 2729 326 2782 tamen
370 2741 700 2803 nunquam
746 2724 1042 2800 fecerunt,
1083 2724 1191 2785 sed
1225 2724 1424 2803 magis
1465 2723 1674 2801 potius

176 2834 274 2875 cum
302 2818 692 2879 veneratione
720 2818 964 2881 decreta
1008 2816 1115 2878 illa
1151 2820 1572 2895 susceperunt,
1605 2819 1679 2901 ut

183 2909 231 2967 in
247 2908 596 2989 sequentibus
631 2911 1001 2972 videbimus.
1025 2912 1234 2989 Neque
1256 2910 1446 2972 ctiam
1477 2908 1680 2969 obstat

191 3001 684 3079 quodaliihaeretici
703 3004 1185 3080 calumniantur,
1209 3002 1518 3082 epistolas,
1543 3018 1680 3081 quae

185 3094 230 3153 in
255 3097 386 3157 tomis
427 3098 856 3161 Conciliorum
906 3104 1015 3159 aut
1041 3098 1294 3158 seorsim
1324 3096 1511 3158 etiam
1561 3096 1678 3155 eir-

177 3188 554 3266 enmleruntur,
581 3210 724 3251 non
748 3192 934 3253 fuisse
953 3192 1032 3252 ab
1051 3191 1126 3251 iis
1143 3190 1370 3271 quibus
1390 3189 1678 3250 tribuun-

173 3286 241 3339 tur
263 3284 648 3363 conscriptaS,
690 3284 795 3345 sed
823 3291 968 3345 ante
997 3286 1117 3345 400
1143 3301 1337 3345 annos
1361 3282 1548 3343 fuisse
1577 3281 1676 3343 in·

171 3381 326 3435 ventas
343 3374 762 3455 confictasque
785 3375 864 3437 ab
883 3375 1306 3439 adulatoribus
1331 3373 1674 3451 monachis,

168 3485 306 3543 quam
347 3488 468 3531 esse
516 3470 926 3533 manifestam
981 3471 1358 3533 calumniam
1411 3474 1675 3531 constat.

165 3562 278 3622 Nam
303 3564 558 3627 Isidorus
603 3566 724 3645 qui
753 3566 962 3627 floruit
995 3572 1276 3646 tempore
1293 3564 1502 3643 Magni
1531 3564 1678 3627 Gre-

165 3657 304 3730 gorii,
326 3656 436 3719 hoc
461 3666 556 3721 est
583 3666 740 3721 aute
774 3659 943 3720 mille
965 3676 1184 3734 annos,
1219 3657 1468 3719 illarum
1500 3674 1679 3718 men-

166 3748 344 3811 tionem
367 3751 516 3815 fecit
528 3776 546 3830 ;
585 3753 839 3833 antiqui
879 3753 1068 3814 etiam
1105 3751 1458 3813 collectores
1487 3750 1680 3811 Cano-

163 3858 296 3913 num,
325 3844 720 3907 Bruchardus
761 3852 824 3907 et
861 3846 995 3920 alii,
1045 3863 1148 3905 eas
1201 3842 1502 3917 referunt,
1553 3861 1682 3905 non

163 3940 404 4015 tanquam
445 3957 562 3999 suo
591 3945 879 4018 tempore
905 3944 1184 3999 recenter
1222 3942 1420 4011 natas,
1453 3933 1561 3996 sed
1611 3935 1680 3995 in

161 4031 538 4091 vetustissimis
557 4030 880 4093 codicibus
898 4035 1194 4109 repertas.
1219 4030 1515 4089 Damasus
1529 4045 1683 4107 prae·

163 4122 310 4194 terea,
337 4121 400 4182 in
421 4122 584 4184 Vitis
614 4122 1012 4198 Pontificum,
1028 4139 1242 4184 earum
1271 4122 1584 4197 meminit,
1608 4139 1684 4182 ac

163 4212 314 4273 multa
335 4216 399 4273 in
429 4216 731 4277 Conciliis
753 4216 1144 4295 generalibus
1166 4233 1240 4275 ex
1269 4214 1391 4275 illis
1411 4215 1686 4277 referun-

163 4308 255 4373 tur,
301 4313 356 4367 et
391 4310 559 4387 apud
602 4309 896 4389 antiquos
932 4307 1460 4388 historiographos
1505 4326 1683 4389 repe-

161 4395 360 4459 riuntur
391 4401 652 4479 passim.
677 4402 954 4481 Denique
971 4402 1050 4463 de
1077 4401 1350 4481 epistolis
1378 4401 1598 4463 Leonis
1624 4408 1685 4463 et

161 4486 394 4569 Gregorii
439 4503 575 4555 tam
605 4502 702 4556 est
730 4495 983 4557 evidens
1027 4514 1106 4556 ex
1142 4492 1328 4575 stylo,
1371 4501 1434 4555 et
1472 4512 1688 4574 perpe-

159 4589 242 4643 tua
259 4586 608 4664 traditione,
634 4593 709 4650 ut
743 4588 953 4649 nullus
992 4606 1272 4669 unquam
1301 4588 1380 4650 de
1407 4589 1484 4649 iis
1510 4588 1688 4650 dubi-

161 4679 362 4755 tavei-it,
397 4699 606 4763 neque
654 4683 766 4765 qui
795 4700 965 4745 sanae
1009 4683 1234 4745 mentis
1281 4682 1364 4743 sit
1405 4680 1689 4744 dubitare

159 4775 404 4847 pomerit.

221 4868 272 4925 ὅ.
313 4866 664 4933 Secundam
685 4887 877 4952 aeaut
907 4869 1168 4944 testium,
1209 4868 1485 4935 Consilia
1519 4886 1690 4952 qene-

160 4958 391 5023 razia.—
402 4964 692 5025 Secundo
719 4962 1004 5043 arguitur
1031 4981 1109 5025 ex
1137 4961 1444 5037 Conciliis‚
1475 4968 1539 5023 et
1567 4962 1691 5043 pri-

165 5067 248 5111 mo
267 5070 331 5114 ex
351 5055 628 5133 Nicaeno,
657 5056 721 5117 in
757 5056 936 5135 cujus
968 5073 1205 5117 canone
1233 5059 1272 5117 6
1297 5054 1387 5117 ita
1415 5072 1692 5134 pronun-

168 5146 359 5209 tiatur:
395 5149 692 5215 Ecclesia
719 5148 1000 5213 Romam
1039 5164 1272 5231 semper
1311 5149 1519 5213 habuit
1555 5149 1693 5229 pri-

169 5246 380 5315 matum,
405 5250 522 5305 etc.
549 5242 633 5304 Et
667 5242 948 5322 quamvis
975 5242 1042 5303 in
1070 5242 1523 5323 exemplaribus
1550 5258 1690 5321 quoe.

168 5340 284 5391 sunt
305 5334 366 5394 in
391 5336 708 5411 manibus,
737 5336 1295 5417 praetermittantur
1333 5334 1524 5396 verba
1561 5335 1696 5397 haec

171 5422 220 5478 in
245 5423 388 5487 dicto
414 5446 681 5503 canone,
724 5436 997 5489 attamen
1045 5430 1112 5488 in
1143 5426 1411 5489 Concilio
1450 5427 1695 5489 Chalce-

173 5512 390 5581 donensi
425 5522 562 5585 Act.
608 5520 710 5599 16,
737 5522 900 5585 dicto
929 5522 1112 5585 modo
1139 5522 1432 5597 citantur,
1463 5522 1696 5583 Patres-

3187 374 3305 435 293

1742 500 1862 561 que
1901 480 1990 543 ibi
2016 480 2345 543 existentes
2374 478 2721 561 approbant
2734 496 2755 557 ;
2788 486 2973 561 atque
3000 479 3087 542 ita
3116 480 3307 541 etiam

1741 576 1928 637 vertit
1956 574 2306 654 DionysiuS,
2347 579 2421 635 ut
2444 574 2686 635 notavit
2712 573 2967 651 Alauna,
3010 576 3074 636 in
3104 578 3145 637 2
3175 575 3308 637 dia-

1742 669 1906 747 logo.
1931 669 2118 729 Extat
2143 669 2333 729 etiam
2360 686 2498 729 can.
2524 671 2588 744 2,
2616 669 2780 746 quod
2808 670 3095 731 omnibus
3121 670 3308 731 liceat

1743 766 1820 827 ad
1841 765 2207 846 Episcopum
2225 764 2575 825 Romanum
2592 762 2901 843 appellare
2911 777 2934 840 3
2957 782 3095 825 can.
3118 764 3307 825 etiam

1739 860 1845 930 44,
1871 875 2071 936 nuper
2094 875 2171 917 ex
2194 856 2444 919 arabico
2468 873 2824 931 conversus,
2844 856 3123 935 ejusdem
3152 856 3307 917 Con-

1741 951 1869 1012 cilii
1905 950 2159 1026 Nicaeni,
2190 949 2532 1030 primatum
2571 948 2734 1010 Petri
2774 955 2836 1010 et
2878 950 3159 1029 Episcopi
3188 950 3310 1011 Ro·

1721 1042 1915 1103 mani
1976 1043 2155 1104 Petro
2212 1042 2593 1105 succedentis
2642 1041 2941 1117 declarat,
2997 1048 3069 1101 ut
3121 1042 3309 1103 refert

1740 1136 2055 1210 Turi-ian„
2091 1135 2251 1197 libro
2295 1139 2333 1198 3
2379 1135 2455 1197 de
2498 1136 2779 1215 Dogmat.
2826 1136 3303 1199 characteribus,

1741 1233 2073 1295 Sciendum
2120 1239 2211 1293 est
2256 1232 2426 1294 enim
2463 1250 2541 1293 ex
2585 1232 2845 1311 epistola
2887 1232 3213 1295 Athanasii
3248 1240 3313 1295 et

1741 1325 2177 1405 Episcoporum
2202 1325 2459 1405 AEgypti
2485 1324 2563 1386 ad
2588 1326 2867 1387 Marcum
2894 1326 3149 1405 Papam,
3170 1334 3309 1389 acta

1744 1419 1912 1479 illius
1978 1418 2231 1479 Concilii
2288 1418 2477 1479 fuisse
2534 1416 2853 1479 combusta
2910 1416 2988 1479 ab
3038 1418 3305 1481 Arianis.
3386 1480 3397 1497 ,

1745 1511 1920 1574 Unde
1949 1512 2016 1572 in
2042 1510 2300 1573 historia
2324 1512 2677 1573 Graecorum
2704 1518 2929 1591 praeter
2952 1510 3307 1591 symbolum

1745 1611 1806 1667 et
1841 1606 1922 1667 20
1948 1623 2217 1667 canones
2246 1604 2405 1667 nihil
2432 1604 2601 1666 aliud
2628 1604 2913 1666 habetur.
2941 1605 3313 1667 Athanasius

1746 1716 1894 1761 vero
1922 1698 2115 1759 refert
2140 1698 2365 1776 viginti
2386 1716 2653 1760 canones
2674 1700 2741 1759 in
2764 1716 2837 1759 eo
2867 1698 3137 1759 Concilio
3162 1699 3313 1761 fuis-

1745 1810 1810 1853 se
1837 1792 2055 1867 editos,
2087 1792 2153 1853 in
2195 1788 2421 1871 quibus
2454 1790 2779 1872 privilegia
2819 1792 3114 1853 Romanas
3141 1794 3315 1855 Sedis

1747 1886 2213 1966 explicabantur
2230 1930 2249 1960 ‚
2300 1885 2611 1965 simulque
2664 1888 2997 1949 auctoritas
3050 1906 3315 1967 congre-

1747 1980 1943 2059 gandi
1996 1986 2061 2041 et
2114 1978 2527 2041 confirmandi
2589 1980 2852 2042 concilia
2904 1982 3309 2046 asserebatur.

1749 2074 1925 2149 Quod
1958 2072 2315 2151 juramento
2342 2073 2533 2135 etiam
2558 2074 2887 2136 confirmat
2914 2076 3307 2150 Athanasius,

1749 2186 1891 2229 cum
1925 2166 2197 2229 Concilio
2226 2166 2645 2229 Alexandrino
2674 2169 2735 2229 in
2768 2169 3023 2249 epistola
3051 2169 3130 2229 ad
3158 2169 3316 2231 Feli-

1748 2279 1881 2323 cem
1917 2261 1969 2322 11
1984 2283 2003 2335 ;
2034 2260 2323 2339 idemque
2350 2259 2618 2321 habetur
2648 2261 2717 2322 in
2745 2262 3041 2341 rescripto
3068 2263 3311 2337 Felicis,

1748 2360 1810 2415 et
1837 2354 2025 2415 tradit
2048 2352 2343 2432 Lyberius
2366 2355 2530 2433 Papa
2552 2353 2618 2415 in
2643 2372 2755 2415 sua
2772 2354 3049 2437 epistola.
3074 2358 3315 2417 Etcum

1749 2446 2087 2526 aliquando
2143 2452 2533 2508 accusaretur
2584 2445 2957 2509 Athanasius
3006 2447 3085 2509 ab
3141 2449 3315 2523 Ario,

1751 2541 1944 2619 quod,
1989 2539 2321 2601 damnatus
2358 2538 2426 2602 in
2464 2539 2737 2601 Concilio
2782 2540 3194 2618 Antiocheno,
3234 2542 3316 2603 ad

1749 2634 1987 2695 Julium
2018 2632 2247 2712 Papam
2272 2632 2662 2712 appellasset,
2690 2634 3032 2696 canonibus
3060 2635 3318 2697 Concilii

1754 2727 1989 2789 Nicaeni
2017 2744 2083 2787 se
2122 2726 2421 2803 defendit,
2464 2744 2617 2806 quos
2658 2745 2697 2788 a
2734 2729 2941 2790 Marco
2970 2730 3134 2809 Papa
3161 2729 3319 2790 inte·

1757 2838 1898 2901 gros
1925 2820 2391 2900 impetraverat,
2423 2826 2495 2882 ut
2534 2820 2599 2881 iu
2630 2821 2896 2883 Concilio
2936 2822 3317 2897 Florentino,

1758 2912 2025 2975 sectione
2051 2914 2153 2988 70,
2184 2912 2293 2973 ubi
2328 2913 2463 2975 haec
2503 2914 2759 2993 quaestio
2800 2916 3036 2993 agitata
3067 2921 3181 2990 est,
3211 2933 3319 2994 pa·

1759 3006 1886 3069 lam
1909 3005 2198 3067 refertur.
2222 3006 2391 3067 Idem
2413 3005 2723 3086 colligitur
2740 3027 2817 3069 ex
2836 3008 3095 3087 epistola
3115 3010 3321 3089 prima

1759 3106 1822 3161 et
1846 3099 2115 3161 secunda
2138 3098 2171 3159 J
2177 3098 2288 3159 ulii
2315 3100 2341 3161 Ι
2366 3098 2449 3159 ad
2472 3100 2801 3181 Episcopos
2822 3102 3181 3165 orientales·
3204 3104 3321 3165 Eo-

1756 3192 2044 3253 rumdem
2073 3210 2383 3255 canonum
2408 3194 2695 3255 meminit
2726 3194 3069 3257 Concilium
3090 3197 3323 3261 Mauri-

1757 3292 1978 3347 tanum
2018 3286 2275 3347 Damaso
2324 3285 2620 3362 scribens,
2664 3305 2735 3347 ac
2780 3288 3074 3350 Damasus
3107 3290 3175 3349 in
3208 3308 3319 3351 suo

1757 3378 2077 3459 rescripto.
2108 3376 2504 3439 Innocentius
2546 3378 2595 3454 Ῑ,
2640 3380 2895 3459 epistola
2922 3382 3001 3443 ad
3040 3382 3317 3461 Victor.;

1757 3470 2307 3548 Carthaginensem
2350 3470 2743 3552 Episcopum,
2782 3492 2919 3555 cap.
2956 3478 3013 3549 3,
3045 3482 3108 3536 et
3138 3477 3316 3556 epist.

1757 3563 1836 3624 ad
1870 3563 2193 3639 Oriental.,
2216 3582 2405 3644 quam
2436 3564 2625 3628 refert
2649 3566 2928 3647 Niceph„
2958 3569 2999 3631 l.
3033 3571 3110 3630 13
3138 3577 3199 3631 et
3217 3573 3315 3633 32.

1840 3659 1902 3719 6.
1949 3656 2211 3737 objectio
2240 3664 2452 3723 contra
2486 3658 2739 3723 citatum
2774 3678 3076 3725 canonem.
3102 3697 3183 3707 —-
3209 3664 3325 3727 Ob-

1746 3751 2040 3831 ,iectionis
2066 3749 2367 3815 ova-tiones
2392 3752 2526 3815 duce
2546 3752 2981 3833 improbantur.
2984 3757 3186 3818 —Sed
3216 3757 3324 3819 ob-

1754 3844 1985 3923 jiciunt
2034 3842 2101 3903 in
2148 3843 2257 3904 illo
2298 3860 2533 3907 canone
2568 3846 2607 3906 5
2651 3844 2739 3907 sic
2764 3845 3023 3909 ulterius
3053 3848 3318 3911 haberi.

1759 3934 2033 4017 Antiqua
2081 3938 2437 4000 consuetudo
2485 3944 2756 4003 servam·
2792 3957 2903 4020 per
2943 3940 3319 4024 AEyyptum,

1761 4030 2019 4110 lybiam
2044 4034 2101 4092 et
2122 4023 2531 4113 Pentapolim,
2556 4037 2628 4095 ut
2654 4031 3109 4099 Amandrinus
3134 4037 3325 4118 Epia-

1763 4141 1940 4205 copus
1978 4123 2191 4186 korwm
2227 4124 2493 4187 omnium
2522 4126 2733 4189 habeat
2758 4131 3135 4206 potestatem,
3180 4132 3325 4211 quia

1762 4226 1818 4281 oc
1839 4215 2009 4280 urbis
2034 4218 2246 4281 Romoe
2269 4216 2563 4299 Episcopi
2581 4220 2807 4299 parilis
2833 4239 2962 4284 mos
2989 4228 3081 4287 est
3094 4248 3119 4296 ;
3147 4225 3325 4303 cujus

1763 4310 2019 4373 canonis
2046 4328 2261 4371 sensus
2288 4326 2420 4371 esse
2454 4311 2718 4387 videtur,
2746 4313 3159 4375 Patriarcham
3188 4316 3326 4377 Ale-

1763 4402 2140 4464 xandrinum
2178 4420 2312 4464 esse
2357 4419 2717 4483 supremum
2749 4411 2935 4484 caput
2966 4407 3033 4467 in
3078 4424 3189 4467 suo
3221 4425 3329 4486 pa-

1764 4495 2131 4572 triarchatu,
2176 4496 2336 4557 sicut
2386 4502 2479 4558 est
2524 4497 2855 4577 Episcopus
2899 4499 3215 4560 Romanus
3258 4500 3327 4561 in

1767 4608 1901 4651 suo.
1948 4590 2129 4665 Nam,
2172 4587 2317 4651 licet
2356 4590 2425 4650 in
2465 4588 2835 4669 quibusdam
2872 4590 3328 4672 exemplaribus

1767 4681 2092 4744 omittatur
2137 4699 2257 4743 vox
2299 4682 2560 4762 parilia,
2610 4687 2680 4743 ut
2706 4688 2894 4763 «patet
2934 4701 3013 4744 ex
3060 4684 3329 4749 Concilio

1769 4774 2273 4849 Chalcedonensi,
2297 4780 2419 4839 act.
2453 4768 2617 4836 illius
2648 4776 2746 4849 16,
2776 4775 2843 4836 id
2872 4794 3022 4838 vero
3047 4776 3206 4839 nihil
3234 4798 3331 4841 re—

1767 4868 1913 4943 fert,
1943 4868 2092 4947 quia
2118 4867 2283 4929 idem
2312 4859 2527 4929 sensus
2551 4868 2875 4930 retinetur.
2903 4870 3116 4950 Neque
3142 4871 3329 4931 etiam

1769 4961 1975 5042 placet
1997 4960 2163 5040 quod
2190 4952 2586 5037 Miranda,fin
2608 4961 2865 5023 Summa
2894 4962 3332 5041 Conciliorum,

1771 5073 1848 5117 ex
1875 5043 2169 5133 quodam,
2192 5060 2265 5116 ut
2294 5054 2426 5135 ipse
2452 5054 2666 5129 refert,
2687 5056 3099 5119 vetustissimo
3126 5075 3337 5118 exem—

1771 5146 1954 5227 plari,
1986 5149 2073 5209 ait
2107 5165 2236 5209 non
2264 5164 2395 5209 esse
2421 5146 2754 5227 legendum
2780 5149 3051 5214 Romano
3076 5150 3337 5231 Pontifi-

1774 5237 1850 5307 α’
1880 5241 1984 5303 sed
2013 5239 2509 5321 Metropolitae,
2536 5239 2835 5320 quoniam
2858 5242 3145 5319 vulgares
3170 5244 3335 5303 codi-

1773 5349 1874 5393 ces
1919 5349 2131 5394 omnes
2178 5332 2412 5394 habent
2458 5333 2758 5411 Pontifici
2802 5334 3107 5411 Romano,
3156 5341 3220 5396 et
3267 5336 3337 5397 in

1773 5425 2045 5489 Concilio
2079 5425 2555 5489 chalcedonensi
2604 5427 2735 5509 ipse
2774 5426 3015 5561 legatus
3050 5381 3270 5491 Leonis
3308 5430 3335 5490 1

1776 5519 2063 5583 similiter
2088 5519 2261 5601 legit.
