3900 6217
559 382 682 445 528

559 489 678 551 rali
717 487 957 549 ratione
997 488 1213 549 secreti
1253 488 1552 549 naturalis
1583 532 1602 562 ,
1648 487 1814 567 quod
1849 488 1916 547 in
1967 504 2125 567 prae-

559 579 716 642 senti
761 599 888 641 non
927 580 1156 643 sufficit
1179 626 1198 655 ,
1241 586 1312 642 ut
1357 581 1544 643 etiam
1595 581 1926 642 advertunt
1972 578 2125 639 dicti

558 674 866 749 Doctores,
907 680 970 735 et
996 673 1376 753 generaliter
1403 674 1664 737 tractavi
1691 675 1758 735 in
1785 675 1948 735 dicto
1987 673 2123 734 loco

560 768 766 847 quarti
790 768 967 829 tomi.

641 861 741 923 18.
787 860 885 921 Aa
921 862 1138 925 saltem
1177 858 1427 924 ltoeresis
1459 878 1729 941 personae
1762 858 2125 941 conjunctis-

557 954 720 1015 sima
759 953 832 1015 ab
875 954 1074 1015 eadem
1117 955 1447 1017 assertione
1491 953 1858 1035 excipiatur,
1905 954 2126 1034 duple&

559 1045 788 1127 regula.
816 1076 900 1091 --
925 1046 1215 1125 Superest
1241 1044 1570 1106 dicendum
1612 1046 1688 1106 de
1729 1044 1999 1106 secundo
2027 1062 2127 1105 ca·

558 1140 707 1218 pite,
746 1156 854 1200 seu
889 1142 1128 1201 ratione
1169 1138 1540 1199 admittendi
1567 1136 1782 1197 in·hoc
1819 1143 2123 1217 praecepto

559 1234 983 1312 exceptionem
1019 1237 1272 1311 propter
1304 1247 1706 1311 personarum
1743 1230 1878 1308 conj
1887 1230 2125 1289 unctio-

557 1341 725 1385 nem.
758 1325 829 1386 In
857 1342 980 1404 quo
1002 1323 1127 1384 duo
1161 1322 1284 1383 alia
1312 1324 1729 1403 pronuntiata,
1761 1341 1870 1383 seu
1891 1322 2125 1400 regulae

557 1416 898 1479 statuendae
916 1422 1061 1477 sunt
1084 1432 1101 1475 ε
1129 1433 1260 1477 una
1278 1423 1368 1477 est
1395 1415 1758 1477 haereticum
1778 1433 1906 1475 non
1925 1414 2123 1476 teneri

557 1510 926 1571 denuntiare
947 1509 1251 1589 seipsum3
1279 1508 1402 1570 alia
1429 1516 1523 1570 est
1547 1509 1749 1570 teneri
1775 1508 1856 1569 ad
1881 1508 2125 1570 denun-

557 1602 841 1663 tiandum
879 1620 1129 1664 omnem
1161 1602 1358 1663 alium
1387 1600 1506 1662 sibi
1537 1602 1726 1662 etiam
1755 1600 2125 1680 conjunctis·

557 1696 809 1756 simum.
850 1695 1122 1756 Primam
1164 1694 1446 1773 regulam
1475 1692 1730 1755 tradimt
1771 1710 1988 1753 omnes
2014 1710 2125 1752 au·

557 1796 752 1849 ctores
805 1789 998 1864 citati,
1070 1791 1180 1868 qui
1235 1788 1425 1849 etiam
1486 1786 1640 1848 alios
1699 1786 2003 1860 referunt,
2062 1790 2125 1845 et

561 1880 907 1959 specialiter
943 1880 1141 1942 videri
1175 1885 1432 1961 possunt
1465 1878 1695 1955 Penha,
1730 1878 1892 1938 dicta
1914 1879 1952 1939 3
1986 1895 2125 1957 par-

557 1982 644 2048 te,
679 1980 1013 2035 comment.
1063 1977 1140 2035 12
1159 1989 1182 2051 3
1239 1979 1302 2035 et
1351 1973 1706 2047 Simancas,
1764 1970 1946 2031 titulo
2002 1972 2120 2045 44,

555 2084 734 2127 num.
767 2068 838 2141 3,
869 2074 931 2129 et
955 2066 1224 2127 sumitur
1251 2084 1327 2127 ex
1354 2066 1462 2127 illa
1494 2064 1712 2143 regula
1736 2063 1897 2142 juris
1923 2085 1938 2123 ε
1976 2063 2122 2128 Non

555 2157 686 2223 dico
703 2162 775 2221 ut
802 2166 859 2223 te
877 2160 1125 2241 prodas,
1151 2176 1287 2238 cap.
1321 2158 1846 2239 Quidaziquando,
1875 2155 1950 2215 de
1981 2156 2118 2216 1²oe-

555 2250 844 2327 nitentia,
885 2252 1156 2312 distinct.
1194 2258 1260 2325 1,
1289 2266 1367 2311 ex
1407 2251 1746 2329 Chrysost„
1790 2248 2007 2309 homil.
2040 2250 2109 2310 31

555 2342 636 2403 ad
665 2343 994 2419 Hebraeos,
1023 2351 1086 2405 et
1113 2346 1188 2405 41
1223 2344 1301 2403 ad
1332 2344 1633 2422 Populum
1658 2364 1677 2417 3
1710 2349 1772 2403 et
1809 2342 1969 2403 ratio
2006 2348 2118 2416 est,

553 2436 703 2515 quia
729 2453 914 2498 nemo
937 2437 1178 2517 cogitur
1197 2454 1382 2515 agere
1405 2444 1619 2498 contra
1641 2439 1932 2513 seipsum,
1964 2440 2123 2495 esset

555 2529 723 2590 enim
765 2529 1062 2609 obligatio
1091 2532 1274 2592 valde
1307 2547 1662 2609 repugnans
1699 2530 1816 2609 ipsi
1855 2535 2117 2589 naturas.

449 2692 456 2699 ,
554 2618 729 2683 Unde
756 2622 873 2685 hoc
900 2625 1254 2686 extenditur
1280 2631 1350 2683 ut
1372 2624 1576 2685 locum
1603 2622 1852 2697 habeat,
1878 2622 2123 2683 etiamsi

551 2714 878 2779 haereticus
925 2717 1194 2779 occultus
1241 2717 1615 2796 generaliter
1664 2716 2115 2793 interrogetur3

552 2826 683 2870 non
725 2811 894 2871 enim
947 2816 1216 2887 tenetur,
1270 2810 1459 2871 etiam
1503 2816 1676 2883 tunc,
1723 2826 1788 2869 se
1833 2807 2115 2889 prodere,

553 2903 700 2981 quia
739 2922 868 2964 non
906 2903 1330 2982 interrogatur
1365 2910 1437 2963 ut
1472 2920 1638 2979 reus,
1683 2901 1786 2963 sed
1826 2907 1896 2961 ut
1923 2901 2115 2975 testis,

553 3012 665 3054 seu
702 2995 1102 3058 denuntiator
1133 3014 1148 3056 ε
1180 2998 1266 3057 ita
1300 2998 1522 3059 docent
1548 2994 1696 3055 dicti
1723 3000 2025 3067 auctores,
2055 3001 2119 3055 et

552 3090 753 3151 videri
803 3090 990 3151 etiam
1035 3097 1288 3171 possunt
1331 3090 1656 3169 cajetanus
1696 3092 1754 3151 2.
1803 3092 1864 3165 2,
1911 3107 1972 3167 q.
2014 3087 2119 3163 70,

552 3188 672 3245 art.
722 3188 798 3260 13
843 3189 907 3243 et
951 3184 1119 3259 Sot0,
1166 3184 1328 3243 dicta
1371 3182 1702 3245 relectione
1735 3181 1815 3243 de
1844 3182 2119 3257 Secreta,

554 3276 785 3337 memb.
816 3276 880 3351 2,
919 3280 1138 3355 quaest.
1171 3279 1246 3351 7;
1277 3276 1542 3351 Siman.,
1567 3274 1748 3337 titulo
1776 3277 1879 3351 41,
1915 3294 1983 3335 n.
2016 3276 2116 3336 13.

558 3371 815 3432 Possunt
855 3386 1000 3430 vero
1047 3368 1235 3445 objici
1276 3368 1466 3429 verba
1503 3368 1822 3447 cujusdam
1864 3368 2120 3429 Concilii

555 3462 942 3537 Biterrensis‚
969 3479 1106 3541 cap.
1141 3464 1201 3536 1,
1231 3462 1396 3541 quod
1420 3460 1629 3521 Penha
1651 3479 1838 3541 supra
1857 3458 2085 3539 allegat
2098 3482 2116 3536 ;

555 3554 707 3615 dicit
752 3554 947 3630 enim,
993 3561 1065 3614 ut
1105 3554 1299 3617 omnis
1335 3555 1440 3635 qui
1467 3553 1715 3616 sciverit
1743 3571 1807 3615 se
1841 3552 1934 3615 vel
1966 3554 2121 3615 alios

555 3649 628 3709 in
651 3648 902 3711 erimine
923 3648 1081 3710 labis
1107 3644 1403 3709 Itoeretieoe
1421 3644 1756 3725 deliquisse,
1781 3650 2123 3726 compareat

557 3740 872 3805 veritatem
937 3740 1234 3803 Maturus.
1308 3738 1752 3801 Verumtamen
1821 3736 2003 3799 aliter
2057 3738 2119 3800 id

557 3833 986 3914 accipiendum
1057 3840 1149 3893 est
1206 3837 1484 3911 respectu
1537 3832 1665 3907 sui,
1728 3838 1789 3892 et
1838 3837 2122 3911 respectu

559 3926 822 3989 aliorum
827 3942 848 4004 3
873 3944 1018 3987 nam
1041 3931 1322 4005 respectu
1344 3925 1607 3985 aliorum
1631 3930 1719 3985 oet
1737 3929 2121 4003 praeceptum

556 4018 931 4095 absolutum,
958 4024 1027 4079 ut
1057 4018 1225 4094 dixi3
1251 4024 1531 4097 respectu
1558 4033 1701 4079 vero
1724 4016 1823 4078 sui
1843 4023 1933 4078 est
1954 4035 2120 4095 quae-

559 4116 704 4175 dam
743 4112 1047 4175 concessio
1097 4110 1554 4183 conditionata3
1600 4128 1746 4170 nam
1789 4126 1993 4171 sermo
2032 4108 2122 4171 ibi

559 4215 654 4271 est
679 4206 758 4269 de
785 4214 1095 4286 tempore,
1125 4204 1288 4284 quod
1327 4203 1721 4283 Inquisitores
1752 4202 1977 4283 qratioe
2013 4219 2121 4262 vo-

559 4308 726 4381 cant,
761 4302 930 4365 intra
953 4298 1120 4379 quod
1146 4316 1376 4378 magna
1400 4296 1790 4375 indulgentia
1815 4295 2123 4375 promitti-

557 4401 687 4470 tur,
739 4393 862 4456 illis
914 4394 1024 4473 qui
1066 4397 1282 4471 sponte
1326 4407 1440 4452 sua
1487 4408 1552 4451 se
1595 4388 2015 4449 accusaverint
2060 4395 2123 4449 et

559 4487 960 4562 correxerint,
999 4491 1070 4547 ut
1103 4484 1290 4545 latius
1315 4480 1550 4558 Penba,
1579 4481 1744 4543 dicto
1771 4481 2115 4543 Comment.

563 4582 662 4657 12,
692 4580 966 4660 exponit.

641 4674 740 4734 19.
789 4672 950 4747 Quid
973 4674 1040 4735 de
1067 4672 1253 4735 sociis
1281 4669 1555 4745 koeresis,
1585 4687 1688 4733 seu
1717 4668 2115 4751 complicibus.

555 4798 642 4813 -
663 4766 784 4827 Sed
831 4784 1068 4846 qureres
1113 4764 1263 4845 quid
1311 4764 1637 4825 dicendum
1689 4763 1768 4823 sit
1814 4763 1892 4823 de
1945 4762 2123 4824 sociis

558 4858 859 4936 criminis,
887 4877 996 4919 seu
1023 4857 1441 4937 complicibus,
1483 4875 1563 4917 an
1599 4854 1831 4917 scilicet
1861 4855 1975 4917 sub
2005 4856 2123 4917 hac

557 4952 777 5030 regula
817 4950 1438 5032 comprehendantur.
1490 4948 1847 5028 Respondeo
1876 4970 1892 5009 :
1925 4967 2123 5029 quan-

558 5045 668 5105 diu
718 5045 940 5125 aliquis
995 5063 1121 5106 non
1182 5046 1601 5123 interrogatur
1654 5050 1725 5103 ut
1771 5061 1939 5118 reuS,
1993 5061 2120 5103 non

557 5143 807 5201 tenetur
859 5140 1054 5205 socios
1107 5137 1386 5199 criminis
1450 5136 1868 5212 manifestare,
1923 5136 2123 5215 magis

557 5248 748 5311 quam
775 5250 838 5293 se
867 5234 1096 5312 ipsum,
1126 5237 1188 5293 et
1213 5232 1302 5291 ita
1330 5230 1534 5310 quoad
1561 5230 1724 5291 banc
1743 5236 1981 5310 partem
2008 5227 2123 5290 sub

555 5324 722 5385 dicta
742 5324 960 5403 regula
982 5321 1613 5403 comprehenduntur.
1637 5322 1818 5384 Ratio
1839 5329 1957 5398 est,
1976 5321 2125 5402 quia

557 5420 878 5484 moraliter
921 5419 1229 5502 loquendo
1273 5437 1399 5480 non
1435 5423 1634 5499 potest
1669 5419 1809 5499 quis
1835 5420 2121 5479 manifes-

555 5522 691 5579 tare
739 5516 958 5593 socios,
1013 5516 1165 5596 quin
1217 5513 1570 5575 manifestet
1618 5514 1934 5593 seipsum;
1986 5518 2123 5575 tum

1022 388 1257 441 mSPU‘r.
1293 388 1401 440 XX.
1438 388 1517 439 DE
1550 388 1838 441 animulis
1869 386 2187 439 EGCLESIAE
2216 386 2463 439 CONTRA
2494 388 2792 441 HAERESBS
2820 388 2903 441 m·
2934 388 3311 441 mammos.

2206 488 2354 564 quia
2382 486 2646 567 ipsamet
2684 489 2845 551 ratio
2884 487 3197 567 complicis
3234 506 3343 549 seu
3374 490 3511 551 socii
3534 492 3693 555 delicti

2204 578 2469 641 includit
2508 582 2877 643 relationem
2916 580 2997 641 ad
3032 580 3319 655 alterum,
3358 587 3417 642 et
3454 582 3529 643 ita
3566 594 3693 661 sunt,

2204 680 2273 733 ut
2327 674 2415 733 sie
2458 674 2683 751 dicam,
2732 673 2920 735 simul
2972 672 3353 751 cognitione3
3396 681 3517 735 tum
3556 679 3699 739 etiam

2204 769 2351 847 quia
2371 770 2423 829 si
2446 770 2686 844 Petrus,
2713 768 2887 829 verbi
2908 769 3131 848 gratia,
3160 768 3477 831 denuntiat
3497 772 3701 834 Paulum

2205 862 2441 923 socium
2487 863 2585 923 sui
2630 861 2930 937 criminis,
2966 867 3176 940 postca
3219 860 3460 936 Paulus,
3498 862 3703 925 interro-

2206 962 2387 1035 gatus
2426 962 2497 1015 ut
2522 973 2687 1029 rem,
2725 954 3039 1015 tenebitur
3070 954 3433 1015 denuntiare
3462 957 3701 1033 Petrum

2207 1065 2357 1125 ergo
2405 1049 2621 1109 Petrus
2670 1047 3044 1109 denuntians
3089 1046 3351 1107 Paulum
3396 1048 3597 1109 virtute
3628 1050 3705 1111 de·

2202 1141 2453 1201 nuntiat
2508 1141 2777 1221 seipsum
2813 1162 2832 1215 ς
2880 1140 3029 1220 quia
3076 1157 3227 1217 ergo
3274 1139 3403 1201 haec
3448 1140 3707 1203 moraliter
3799 1150 3800 1157 ’

2202 1252 2332 1295 non
2370 1240 2518 1295 sunt
2554 1232 2947 1315 separabilia,
2982 1232 3199 1295 omnia
3234 1232 3705 1312 comprehendun-

2202 1334 2305 1387 tur
2358 1327 2479 1389 sub
2536 1328 2937 1389 excusatione
3002 1325 3417 1388 denuntiandi
3469 1326 3705 1405 seipsum.

2202 1420 2345 1481 Dixi
2364 1419 2482 1481 hoc
2506 1438 2638 1481 esse
2660 1419 3164 1499 intelligendum,
3186 1418 3435 1497 quando
3448 1417 3711 1481 haereticus

2204 1530 2331 1573 non
2380 1512 2795 1592 interrogatur
2846 1518 2919 1572 ut
2960 1528 3149 1589 reus;
3208 1513 3359 1591 quia
3408 1510 3459 1571 si
3506 1517 3568 1571 ut
3604 1511 3710 1571 talis

2203 1605 2643 1685 interrogetur,
2696 1613 2849 1667 tunc
2908 1607 3043 1666 sine
3088 1604 3219 1665 ulla
3254 1604 3614 1665 dubitatione
3646 1612 3711 1665 te-

2204 1703 2390 1759 netur
2438 1698 2634 1758 socios
2686 1699 2786 1758 sui
2830 1697 3109 1759 criminis
3156 1696 3559 1763 manifestare.
3600 1697 3710 1775 quia

2202 1795 2354 1851 tunc
2382 1791 2573 1852 etiam
2602 1791 3113 1853 tenetur‘crimen
3142 1807 3327 1850 sunm
3354 1790 3579 1868 integre
3600 1806 3707 1850 con·
3801 1788 3802 1809 l

2202 1882 2393 1958 fiteri,
2432 1902 2573 1945 cum
2600 1884 2868 1963 juridice
2894 1883 3356 1961 interrogatum
3388 1899 3528 1959 ergo
3554 1888 3605 1941 et
3626 1881 3709 1941 cir-

2203 1977 2610 2037 cumstantias
2628 1976 2923 2051 criminis,
2940 1976 3285 2057 praesertim
3302 1977 3389 2035 ita
3402 1975 3709 2037 necessarias

2202 2068 2280 2129 ad
2322 2070 2667 2131 remedium
2695 2068 2972 2148 ejusdem
3002 2068 3307 2144 criminis,
3339 2066 3623 2129 declarare
3650 2074 3706 2125 te·

2201 2169 2408 2224 netur.
2435 2164 2587 2225 Item
2621 2164 2771 2241 quia
2792 2169 2941 2223 tunc
2970 2163 3101 2241 iam
3131 2162 3262 2240 ipse
3288 2178 3419 2221 non
3448 2177 3509 2220 se
3534 2156 3708 2238 prodit,

2200 2272 2344 2316 cum
2383 2256 2781 2317 denuntiatus
2824 2254 2923 2315 vel
2968 2254 3311 2315 infamatus
3340 2264 3710 2332 supponatur;

2202 2366 2353 2427 ergo
2382 2347 2557 2408 nulla
2574 2355 2850 2429 superest
2871 2348 3183 2408 excusatio
3210 2347 3539 2425 quominus
3562 2343 3713 2405 socios

2201 2440 2599 2501 manifestare
2645 2448 2951 2501 teneatur.
3006 2440 3288 2517 Denique
3334 2437 3566 2499 etiamsi
3602 2438 3713 2497 socii

2200 2550 2331 2593 non
2358 2540 2586 2607 essent,
2616 2538 2933 2593 teneretur
2960 2530 3099 2593 illos
3126 2529 3553 2605 manifestare,
3580 2536 3713 2589 uter

2200 2643 2385 2705 supra
2416 2626 2593 2687 dictis
2621 2632 2833 2705 patet3
2862 2631 2925 2686 et
2944 2627 3200 2687 societas
3232 2642 3369 2685 non
3394 2630 3643 2691 excusat,
3665 2627 3717 2681 ut
3802 2630 3804 2655 ³

2198 2719 2458 2799 probavi
2472 2736 2493 2797 ;
2536 2720 2667 2780 imo
2710 2719 2909 2798 magis
2950 2718 3130 2797 juvat
3160 2724 3413 2797 propter
3441 2716 3716 2795 obligatio·

2198 2830 2344 2874 nem
2374 2812 2711 2875 confitendi
2738 2814 2983 2891 integre
3016 2812 3339 2873 delictum.
3378 2810 3546 2871 Unde
3566 2810 3714 2870 etiam

2198 2906 2265 2967 in
2294 2906 2433 2966 aliis
2462 2906 2851 2981 criminibus,
2881 2906 3222 2985 praesertim
3264 2902 3607 2985 perniciosis
3628 2900 3714 2961 rei·

2201 2998 2463 3078 publicas
2490 2999 2675 3059 datur
2701 2998 2837 3059 haec
2866 2998 3164 3078 obligatio
3178 3013 3200 3076 3
3231 3015 3387 3076 ergo
3415 2997 3593 3058 multo
3616 3014 3719 3055 ma-

2200 3092 2295 3171 gis
2322 3092 2392 3151 in
2411 3092 2669 3153 crimine
2690 3092 2961 3154 haeresis.
2986 3091 3441 3173 Consequentia
3462 3096 3550 3151 est
3564 3088 3718 3161 clara,

2201 3202 2315 3265 pro
2343 3203 2465 3264 qua
2493 3186 2693 3248 videri
2724 3192 2924 3265 potest
2952 3186 3206 3260 Navar„
3232 3186 3309 3245 in
3338 3184 3531 3259 Sum„
3565 3201 3611 3242 c.
3642 3181 3717 3254 18,

2202 3295 2377 3338 num.
2432 3280 2511 3341 58
2530 3300 2550 3354 3
2604 3285 2667 3340 et
2716 3277 2948 3355 Sairus,
3002 3297 3145 3340 cum
3189 3278 3293 3337 his
3340 3294 3491 3356 quos
3534 3274 3721 3352 allegat
3804 3258 3806 3305 ³

2198 3371 2268 3431 in
2301 3370 2469 3432 Clavi
2498 3372 2691 3450 regia,
2721 3371 2767 3432 l.
2797 3374 2895 3447 12,
2927 3390 3062 3451 cap.
3100 3373 3201 3449 14,
3232 3387 3417 3431 num.
3446 3370 3523 3431 29
3552 3374 3608 3429 et
3646 3384 3716 3427 se-
3804 3379 3806 3387 ·

2201 3463 2555 3544 quentibus.

2282 3558 2382 3619 20.
2432 3554 2784 3620 ostenditur
2830 3558 3089 3621 secunda
3128 3556 3370 3636 reyula.
3392 3588 3473 3602 —
3486 3552 3719 3617 Primum

2200 3649 2513 3713 monitum.
2539 3682 2620 3697 -—
2643 3649 3009 3714 Secundwm.
3034 3684 3115 3695 -
3133 3649 3433 3714 Tertium.
3455 3680 3532 3694 —
3554 3646 3721 3707 Altera

2201 3760 2367 3823 pars,
2399 3760 2506 3805 seu
2528 3744 2743 3823 regula
2773 3744 2851 3805 de
2883 3742 3155 3822 personis
3190 3740 3549 3821 conjunctis,
3574 3754 3721 3817 gene-

2200 3836 2387 3896 ratim
2417 3836 2748 3916 loquend0,
2778 3835 2911 3897 sine
2948 3836 3371 3896 controversia
3402 3838 3624 3911 recepta
3648 3836 3721 3889 est

2200 3926 2605 4005 abomnibus,
2626 3935 2689 3989 et
2706 3928 2973 3989 sumitur
2995 3945 3074 3988 ex
3100 3927 3239 4006 lege
3264 3928 3443 3989 Dent.
3466 3926 3559 4002 13,
3586 3938 3715 4001 quae,

2202 4029 2273 4081 ut
2300 4038 2487 4101 supra
2511 4020 2818 4098 dicebam,
2840 4020 3043 4101 quoad
3066 4020 3229 4081 hanc
3248 4027 3491 4100 partem
3514 4014 3717 4078 moralis

2200 4118 2332 4190 est3
2364 4119 2510 4174 sunt
2554 4118 2765 4174 autem
2804 4114 2943 4191 ejus
2978 4112 3169 4174 verba
3206 4110 3481 4173 notanda
3513 4112 3715 4189 propter

2200 4223 2275 4267 ea
2312 4222 2451 4287 quas
2485 4204 2802 4267 dicemus:
2841 4204 2925 4270 Si
2965 4205 3076 4267 tibi
3104 4205 3472 4287 persuadere
3508 4196 3715 4264 voluerit

2200 4305 2397 4377 trater
2428 4304 2594 4375 ivus,
2629 4298 2805 4380 filius
2830 4298 3053 4361 matris
3084 4301 3223 4374 tuce,
3260 4303 3374 4361 aut
3396 4295 3563 4373 filius
3586 4298 3710 4360 tuus,

2166 4464 2175 4475 ,
2202 4394 2296 4457 vel
2326 4394 2490 4473 filia,
2532 4393 2658 4455 sive
2682 4408 2862 4465 πον,
2904 4409 3037 4473 quoe
3064 4394 3156 4454 est
3194 4391 3263 4453 ia
3298 4392 3442 4454 siau
3486 4393 3597 4462 tuo,
3634 4386 3717 4445 aut

2202 4490 2458 4565 amicus,
2496 4505 2667 4569 quem
2702 4485 2916 4566 diliyis
2956 4492 3026 4549 ut
3058 4485 3329 4549 animam
3374 4488 3557 4557 maen,
3596 4478 3716 4542 clam

2204 4585 2441 4647 diceas:
2464 4582 2703 4645 Eamus
2730 4583 2788 4643 et
2814 4582 3149 4643 serviamus
3178 4577 3321 4641 Diis
3348 4577 3576 4647 alienis,
3602 4579 3713 4632 etc.

2200 4692 2321 4738 aon
2367 4674 2716 4739 miserearis
2763 4678 2837 4736 ici
2886 4672 3141 4736 occidtes
3195 4689 3351 4734 eum,
3404 4672 3495 4731 Ex
3534 4662 3717 4746 quibus

2200 4767 2404 4829 verbis
2427 4769 2573 4828 satis
2596 4771 2838 4827 constat
2854 4770 3086 4844 quanto
3112 4764 3317 4841 rigore
3343 4768 3405 4824 et
3430 4770 3717 4837 exaggera-

2203 4861 2371 4923 tione
2409 4859 2527 4923 hoc
2570 4860 2982 4941 praecipiatur.
3018 4857 3200 4919 Ratio
3230 4873 3379 4917 vero
3412 4851 3625 4935 patebit
3658 4862 3719 4907 ex

2200 4952 2503 5015 dicendis.
2540 4954 2646 5014 Est
2673 4960 2883 5014 tamen
2916 4952 2983 5011 in
3016 4950 3135 5011 hoc
3160 4946 3481 5029 peculiaris
3512 4940 3719 5005 dubita·

2200 5046 2313 5123 tio,
2344 5064 2428 5107 an
2456 5046 2589 5107 haec
2606 5045 2901 5124 obligatio
2922 5042 3293 5104 extendatur
3308 5040 3388 5102 ad
3414 5038 3621 5109 filium,
3650 5034 3722 5091 ita

2202 5144 2274 5200 ut
2302 5144 2543 5219 patrem
2572 5155 2754 5199 suum
2780 5136 3149 5198 denuntiare
3188 5138 3487 5207 teneatur,
3524 5130 3585 5189 in
3620 5140 3722 5205 qua

2203 5231 2559 5312 negativam
2596 5238 2834 5310 partem
2862 5228 3164 5291 tenaciter
3201 5226 3407 5288 docuit
3436 5220 3628 5295 Abul„
3664 5217 3721 5274 in

2204 5325 2437 5386 dictum
2470 5342 2632 5405 cap„
2668 5322 3012 5405 quaestione
3034 5320 3241 5397 tertia,
3274 5334 3455 5399 quem
3478 5312 3720 5393 sequitur

2202 5418 2500 5493 Simanc.‚
2530 5422 2627 5478 tit.
2658 5419 2763 5491 29,
2796 5433 2970 5477 num.
2998 5417 3099 5475 27.
3146 5413 3498 5473 Fundantur
3524 5406 3715 5485 primo,

2202 5512 2270 5573 in
2296 5513 2498 5575 verbis
2526 5510 2681 5591 legis
2710 5509 2938 5585 citatis3
2974 5527 3119 5571 uam
3162 5524 3303 5569 cum
3330 5510 3561 5566 meteres
3590 5512 3716 5557 con-
