3900 6217
645 432 811 485 SECT.
848 434 936 486 111.
972 432 1055 484 AN
1088 430 1480 485 CHRlSTlANAE
1510 430 1677 483 Fmffl
1708 428 2022 481 mrs'rfflus
2057 428 2196 482 smT
2227 428 2598 489 EwnENTER,
2635 428 2771 479 Em.

180 546 440 615 testatem,
464 542 525 599 et
548 534 699 597 nihil
725 534 819 595 illi
846 533 1229 596 contrarium
1256 534 1325 595 in
1348 533 1439 595 eis
1464 537 1667 593 osten·

181 636 219 697 d
242 638 431 715 potest,
466 636 525 691 et
552 628 779 708 alioqui
820 635 971 689 sunt
1008 633 1427 689 consentanea
1469 623 1669 687 excel·

180 728 337 789 lentie
356 722 591 796 divium,
618 728 688 782 ut
716 738 791 783 ea
820 738 963 801 quai
985 721 1301 803 pertinent
1324 719 1406 781 ad
1437 717 1671 800 perfec·-

180 824 359 883 tionem
394 816 617 877 amoris
654 815 809 894 ejus,
849 820 911 875 et
936 814 1017 876 ad
1061 814 1429 894 gravitatem
1474 810 1671 873 offen-

181 914 321 975 sionis
354 910 537 985 illins3
574 912 639 968 et
680 914 1129 987 consequenter
1176 925 1316 987 quse
1357 904 1671 985 pertinent

181 1008 235 1069 ad
256 1002 581 1084 supplicium
612 1006 1025 1081 peccatorum,
1050 1005 1169 1062 etc.
1194 1000 1471 1080 Denique
1496 1016 1671 1059 sanc-

180 1104 285 1161 titas
302 1098 423 1158 vitm
454 1094 705 1157 illorum
732 1094 1086 1171 hominum,
1118 1094 1227 1175 qui
1254 1094 1419 1156 hanc
1445 1093 1671 1155 doctri·

179 1208 283 1253 nam
309 1194 657 1268 sequnntur,
702 1187 883 1268 eique
922 1193 1167 1267 parent,
1214 1186 1541 1249 manifeste
1572 1204 1673 1247 os-

179 1284 327 1345 tendit
354 1280 619 1361 ejusdem
652 1280 949 1343 doctrinm
991 1281 1329 1363 puritatem
1368 1286 1431 1343 et
1474 1281 1673 1343 excel·

177 1378 398 1451 lentiam,
416 1392 553 1455 qum
566 1374 741 1436 illam
766 1374 969 1437 reddit
992 1373 1265 1437 maxime
1286 1373 1669 1437 credibilem.

176 1474 291 1534 Nam
326 1469 453 1531 licet
488 1468 661 1529 inter
685 1468 1052 1549 professores
1079 1468 1267 1549 huius
1296 1468 1443 1531 fidei
1490 1469 1673 1532 multi

176 1566 268 1624 sint
302 1562 478 1642 pravi,
520 1558 689 1623 nihil
730 1562 990 1641 derogat
1022 1562 1303 1642 puritati,
1334 1568 1397 1623 et
1424 1562 1675 1624 veritati

176 1657 319 1738 ipsius
350 1654 665 1728 doctrinae3
695 1661 831 1715 tum
878 1656 1027 1735 quia
1057 1655 1191 1735 ipsa
1232 1673 1361 1716 non
1392 1654 1558 1716 tollit
1600 1655 1674 1716 li-

176 1752 413 1811 bertatem
438 1748 705 1824 arbitrii,
726 1766 767 1809 a
786 1766 913 1829 qna
936 1748 1047 1809 illa
1071 1749 1239 1811 mala
1263 1749 1641 1830 proveniunt
1652 1770 1672 1825 ;

180 1852 273 1905 tum
294 1844 459 1904 etiam
476 1842 629 1923 quia
656 1843 789 1923 ipsa
809 1842 1181 1904 condemnat
1200 1849 1264 1904 et
1278 1842 1679 1924 reprehendit

182 1937 349 1998 similia
372 1942 635 2015 peccata,
664 1934 827 2015 quod
850 1936 1121 2017 pertinet
1144 1936 1223 1998 ad
1252 1937 1677 2016 integritatem

181 2040 223 2092 et
242 2030 517 2092 veritatem
544 2030 710 2109 ejus.
734 2029 787 2089 E
812 2028 1121 2090 contrario
1145 2047 1315 2105 vero,
1342 2028 1675 2091 multitudo

182 2134 223 2187 et
254 2124 579 2185 excellentia
626 2126 1002 2187 Sanctorum
1047 2123 1471 2204 profitentium
1512 2123 1677 2185 hauc

183 2218 335 2293 iidem,
354 2216 671 2278 evidenter
686 2215 963 2279 ostendit
988 2216 1375 2278 sanctitatem
1399 2218 1585 2278 otiam
1614 2221 1680 2277 et

183 2312 440 2391 puritatem
488 2310 693 2390 ipsius
746 2311 1063 2372 doctrinas.
1120 2310 1275 2372 Nam
1335 2306 1679 2370 obediendo

184 2403 451 2485 preceptis,
490 2407 553 2463 et
596 2402 927 2483 sequendo
970 2401 1225 2464 consilia
1271 2401 1459 2479 illius,
1504 2406 1681 2462 tanta

184 2498 405 2557 metitus
427 2503 788 2575 comparata
814 2505 929 2572 est,
958 2502 1021 2557 et
1054 2495 1125 2557 in
1152 2496 1461 2556 mundum
1490 2495 1683 2555 intro-

188 2592 339 2665 ducta,
364 2600 429 2649 ut
454 2588 747 2651 infideles
770 2590 931 2651 nihil
974 2589 1243 2651 habeant
1268 2588 1437 2669 quod
1476 2605 1685 2669 repre-

186 2685 395 2744 hendant
409 2684 469 2743 in
485 2683 858 2763 hujusmodi
874 2682 1255 2759 hominibus,
1276 2682 1401 2743 nisi
1424 2682 1685 2743 nimiam

190 2778 513 2851 sanctitatem,
538 2782 611 2837 ut
646 2776 811 2837 dixit
834 2776 1234 2856 Augustinus,
1258 2774 1369 2837 lib.
1398 2774 1476 2836 de
1500 2775 1685 2837 Mori-

193 2868 275 2927 bus
294 2869 509 2944 Eccles„
536 2887 687 2949 cap.
721 2870 821 2941 31,
860 2882 921 2931 et
949 2868 1342 2949 prosequitur
1368 2887 1563 2949 usque
1602 2866 1685 2929 ad

204 2960 333 3021 linem
354 2961 496 3039 libri,
531 2968 599 3025 et
634 2962 895 3042 attingit
920 2961 1029 3023 lib.
1066 2964 1107 3022 2
1135 2974 1297 3024 cont.
1326 2960 1589 3037 Julian.;
1622 2967 1686 3024 et

210 3054 401 3115 eumdem
430 3055 645 3116 locum
682 3060 903 3116 tmctat
936 3054 1427 3135 chrysostomus,
1460 3054 1681 3117 homil.

204 3145 297 3205 liin
328 3151 349 3209 l
390 3148 462 3208 ad
498 3148 816 3218 Corinth„
850 3155 913 3210 et
956 3147 1157 3209 videri
1198 3152 1399 3229 potest
1445 3147 1683 3224 Rosius,

198 3239 269 3301 lib.
294 3245 338 3315 1,
360 3260 393 3302 a
418 3260 545 3322 cap.
576 3244 649 3319 3,
682 3260 880 3321 usque
906 3241 987 3303 ad
1020 3244 1114 3304 11.

248 3335 293 3394 l.
330 3336 519 3397 Tertia
542 3337 995 3415 proeroyativa.
1014 3370 1097 3381 --
1113 3335 1320 3396 Tertia
1346 3334 1689 3415 proprietas

192 3424 325 3505 hujus
344 3427 619 3489 doctrinm
666 3432 761 3491 est
794 3428 1063 3489 efficacia
1085 3428 1221 3507 ejus
1240 3448 1381 3509 quai
1407 3429 1691 3491 cernitur

193 3518 237 3577 in
256 3520 404 3582 modo
423 3540 540 3601 quo
558 3523 633 3582 in
663 3521 971 3581 mundum
992 3521 1349 3583 introducta
1368 3527 1493 3600 est;
1512 3538 1685 3597 nam,

188 3619 239 3670 nt
256 3613 385 3674 dixit
415 3614 831 3693 Augustinus,
859 3612 1003 3675 libr.
1032 3616 1115 3675 22
1141 3615 1219 3675 de
1246 3614 1521 3691 Civitat„
1549 3632 1684 3695 cap.

190 3708 231 3777 ⁸1,
252 3708 385 3785 quod
414 3708 694 3769 mundus
718 3709 787 3769 in
818 3707 1133 3769 Christum
1174 3707 1530 3783 crediderit,
1558 3708 1691 3770 vir-

190 3802 297 3861 tutis
316 3803 431 3876 fuit
464 3802 719 3877 divim,
756 3818 877 3862 non
914 3801 1329 3879 persuasionis·
1372 3802 1651 3863 humana·
1664 3824 1691 3872 ;

192 3893 309 3967 quod
328 3912 395 3953 ex
432 3894 837 3974 sequentibus
868 3894 1351 3955 circumstantiis
1376 3893 1555 3955 facile
1594 3893 1692 3955 in-

190 3984 333 4063 telligi
360 3992 573 4067 potoet,
602 4006 763 4049 nam
790 3988 974 4063 pauci
1021 3986 1330 4063 homines,
1364 4005 1687 4068 pauperes,

192 4076 414 4156 inoemes,
439 4088 502 4142 et
536 4081 731 4161 paulo
770 4088 959 4142 antea
1000 4080 1230 4159 idiotas,
1270 4082 1401 4143 imo
1428 4099 1541 4162 per
1568 4080 1691 4144 hu-

192 4188 380 4234 manam
408 4174 779 4254 sapientiam
822 4192 952 4236 non
990 4174 1301 4250 instructi,
1344 4192 1454 4255 per
1502 4176 1691 4254 hujus

190 4262 422 4327 donnum
432 4267 935 4347 praedicationem
958 4268 1265 4329 mundum
1283 4274 1688 4348 superarunt3

190 4374 279 4416 non
314 4376 443 4439 ergo
466 4361 536 4422 in
573 4362 857 4423 humana
888 4361 1207 4439 sapientia?
1230 4362 1451 4435 verbis,
1482 4362 1585 4424 sed
1622 4362 1693 4425 iu

191 4449 357 4511 virtue
392 4452 697 4531 Spiritus,
720 4459 791 4515 ut
814 4452 973 4515 dixit
1012 4452 1262 4528 Paulus,
1288 4458 1317 4515 1
1364 4454 1445 4515 ad
1478 4453 1692 4515 Corin-

190 4541 325 4620 thios,
351 4547 402 4606 Ξ.
430 4547 587 4607 Nam
616 4565 753 4627 quoe
778 4546 1033 4625 infirma
1058 4553 1199 4609 sunt
1233 4546 1373 4622 Dei,
1420 4547 1693 4623 fortiora

190 4644 293 4697 snt
312 4639 655 4711 minans,
682 4644 755 4699 ut
786 4638 953 4701 idem
980 4639 1161 4715 dixit,
1182 4640 1248 4701 in
1280 4638 1497 4701 eadem
1522 4640 1693 4721 Epis-

190 4728 307 4805 tola3
330 4736 387 4793 et
418 4732 487 4793 in
536 4732 833 4807 secunda,
862 4732 1133 4813 capitulo
1170 4732 1449 4795 decimo:
1494 4735 1694 4797 Arma

190 4824 381 4886 militioe
414 4832 657 4901 nostro-2,
680 4844 800 4889 m
844 4826 1125 4891 carnalia
1168 4832 1336 4899 sunt,
1368 4828 1471 4891 sed
1500 4829 1694 4907 epiri-

192 4915 345 4978 aazia
380 4920 641 4997 „tatia
674 4919 797 4981 Deo
806 4941 836 4989 ;
860 4923 925 4981 et
960 4918 1083 4979 hoc
1132 4918 1400 4981 maxime
1446 4938 1695 5000 persua-

196 5004 289 5080 det,
330 5010 481 5089 quod
522 5010 883 5091 hujusmodi
926 5010 1233 5087 homines,
1280 5028 1397 5073 nec
1450 5020 1692 5092 tempo·-

196 5098 311 5161 ralia
339 5106 577 5181 premia
606 5110 717 5167 aut
758 5101 1027 5166 honores
1070 5102 1455 5183 quau-ebant,
1492 5122 1693 5185 neque

200 5190 279 5253 ills
310 5198 417 5258 suis
458 5198 769 5280 discipulis
822 5196 1291 5279 promittebant,
1340 5216 1455 5261 nec
1503 5198 1693 5260 etiam

202 5286 549 5360 {emicabant
572 5292 917 5355 doctrinam
944 5290 1195 5353 delicias
1216 5297 1327 5353 aut
1344 5290 1691 5371 voluptates

202 5376 475 5459 foventem,
502 5386 609 5447 sed
654 5387 857 5467 potius
880 5384 1005 5447 illis
1032 5384 1305 5447 maxime
1338 5401 1689 5464 repugnan-

206 5476 325 5550 tem3
348 5484 405 5537 et
422 5479 821 5541 nihilominus
850 5478 1024 5541 illam
1066 5477 1411 5539 doctrinam
1452 5476 1691 5538 mundo

206 5580 603 5649 persiam-nnn
628 5592 771 5655 ergo
798 5573 1051 5654 signnm
1076 5578 1317 5635 estnon
1344 5570 1533 5633 fuisse
1554 5587 1689 5633 ver-

3201 420 3310 481 121

1747 528 1899 591 bum
1928 528 2281 604 hominum,
2311 528 2418 589 sed
2453 527 2714 591 verbum
2743 527 2874 603 Dei,
2905 526 3072 607 quod
3105 526 3318 589 effica-

1749 622 2066 685 cissimum
2097 623 2300 685 estad
2325 622 2740 685 convertendas
2781 620 3044 695 animas,
3088 620 3312 682 Psalm.

1752 718 1861 794 185
1882 722 1947 779 et
1971 717 2202 780 Jerem.
2224 718 2304 779 23
2327 715 2554 779 dicitur
2577 734 2710 779 esse
2735 714 2990 777 mcum
3017 720 3319 779 oonterm

1742 817 1956 893 petrae
1965 837 1992 887 ;
2021 817 2084 874 et
2107 812 2189 873 ad
2215 811 2406 875 Hebr.
2437 816 2684 891 quarto,
2707 809 2937 872 dicitur
2962 826 3154 873 sermo
3175 810 3318 887 effi-

1750 924 1881 979 caoe,
1906 911 1962 969 ot
1985 905 2418 986 penetrabilior
2445 905 2604 967 omni
2629 904 2834 985 aladio
2863 902 3144 983 ancipiti,
3171 908 3315 979 etc„

1752 999 1829 1063 de
1854 1018 1982 1081 quo
2007 1000 2204 1063 videri
2235 1004 2436 1079 potest
2460 998 2953 1079 chrysostomus,
2989 996 3206 1057 homil.
3237 998 3320 1057 66

1751 1096 1831 1157 ad
1860 1094 2190 1177 Populum.
2218 1094 2350 1155 Huc
2369 1091 2603 1157 accedit
2629 1092 2818 1173 qnod,
2843 1109 2954 1171 per
2981 1090 3318 1153 efficaciam

1751 1189 1941 1268 hujus
1977 1188 2172 1265 verbi,
2203 1185 2378 1249 brevi
2413 1191 2692 1267 tempore
2724 1185 2892 1247 idola
2930 1184 3183 1247 fuerunt
3215 1184 3320 1245 de·

1754 1288 2008 1360 structa,
2033 1289 2097 1345 et
2123 1281 2323 1344 cultus
2346 1282 2478 1343 veri
2505 1281 2616 1343 Dei
2643 1281 2806 1343 inter
2829 1280 3114 1345 homines
3142 1279 3320 1341 resti·

1753 1382 1961 1453 tutus3
1987 1376 2066 1437 de
2097 1394 2221 1457 quo
2251 1375 2446 1437 videri
2473 1378 2732 1456 possunt
2759 1374 3156 1450 Athanasius,
3177 1373 3220 1437 1.
3241 1372 3320 1437 de

1755 1468 2160 1533 Humanitate
2179 1465 2390 1543 Verbi,
2411 1472 2476 1529 et
2496 1466 2772 1529 historias
2793 1466 3250 1531 Ecclesiastico.

1836 1566 1895 1625 5.
1944 1561 2287 1625 Secundum
2325 1560 2616 1624 motivum
2649 1560 2944 1635 credendi,
2991 1560 3318 1625 multitudo

1752 1656 2316 1739 probatissimorum
2343 1654 2954 1719 testium—Primus
2991 1654 3166 1717 testis
3191 1654 3322 1733 ipso

1761 1752 2071 1817 Christus.
2099 1782 2178 1795 -
2197 1749 2426 1813 Deinde
2459 1750 2700 1827 Moyses
2730 1748 2908 1811 Dent.
2935 1749 3032 1809 18.
3053 1780 3140 1795 -
3162 1748 3322 1811 Item

1755 1848 1811 1910 J
1812 1862 2030 1907 oannes
2055 1842 2760 1923 Baptistae-Pruna
2793 1841 3321 1921 Apostoli.—1psi

1756 1956 1982 2021 quoqu
2027 1938 2338 2011 daemonas,
2368 1935 2462 1999 vel
2501 1937 2709 2012 inviti,
2741 1940 2916 1999 testes
2941 1941 3104 1997 sunt.
3121 1936 3324 1996 -Se-

1755 2033 2034 2095 cundum
2050 2030 2388 2112 principale
2403 2029 2708 2091 motivum
2729 2028 2998 2092 sumitur
3015 2047 3090 2091 ex
3111 2029 3324 2091 multi·-

1754 2126 1972 2188 tudine
1989 2132 2051 2189 et
2067 2124 2434 2187 auctoritate
2451 2124 2700 2185 testium
2719 2123 2910 2203 hujus
2921 2123 3240 2199 doctrinm,
3251 2123 3322 2185 in

1756 2237 1879 2300 quo
1902 2218 2122 2279 ordine
2155 2234 2474 2298 possemus
2501 2216 2706 2297 primo
2732 2216 2866 2278 loco
2903 2234 3130 2297 ponere
3155 2217 3326 2279 testi-

1759 2312 2041 2375 monium
2057 2311 2248 2390 ipsius
2260 2310 2582 2372 Trinitatis
2600 2308 2668 2371 in
2678 2309 2904 2371 Christi
2923 2309 3320 2389 baptismate,

1761 2413 1824 2469 et
1848 2405 2192 2487 prmsertim
2217 2403 2641 2465 testimonium
2673 2402 2889 2464 aeterni
2909 2402 3128 2478 Patris,
3157 2403 3324 2483 quod

1760 2499 1831 2562 in
1874 2498 2344 2562 confirmatione
2389 2514 2518 2559 suae
2563 2496 2862 2558 doctrinm
2903 2494 3178 2557 Christus
3206 2495 3287 2557 ad
3301 2530 3326 2540 -

1762 2593 1965 2669 duxit,
2007 2592 2188 2655 Joan.
2241 2596 2477 2652 octavo.
2529 2592 2680 2651 Item
2744 2606 3062 2669 possemus
3101 2588 3325 2651 afferre

1763 2684 2122 2749 testimonia
2161 2684 2542 2763 Angelorum
2589 2682 2656 2744 in
2705 2682 2928 2745 Christi
2973 2680 3321 2759 nativitate,

1764 2787 1829 2843 et
1865 2780 2006 2841 aliis
2051 2778 2362 2859 mysteriis
2395 2800 2414 2854 3
2467 2784 2680 2839 tamen
2699 2818 2722 2853 ,
2767 2777 2918 2857 quia
2963 2776 3324 2855 hujusmodi

1762 2892 2045 2955 personae
2073 2871 2470 2935 testificantes
2503 2890 2630 2933 non
2671 2876 2854 2947 erant
2893 2870 3168 2933 visibiles
3189 2889 3330 2933 sen-

1765 2966 1933 3029 sibus
1962 2965 2275 3041 humanis,
2307 2964 2448 3027 ideo
2485 2982 2652 3026 nunc
2677 2964 2776 3025 his
2801 2964 3172 3027 testimoniis
3200 2982 3330 3027 non

1766 3060 2032 3122 utimur.
2061 3059 2339 3120 Primum
2379 3076 2530 3136 ergo
2558 3063 2622 3119 et
2649 3058 3028 3138 praecipuum
3057 3056 3332 3119 testimo-

1766 3152 1947 3215 nium
1985 3152 2066 3213 sit
2093 3151 2416 3232 ipsiusmet
2453 3150 2700 3224 Christi,
2747 3149 2858 3230 qui
2891 3149 3332 3228 Evangelicam

1768 3245 2118 3307 doctrinam
2141 3243 2526 3326 praedicavit,
2551 3258 2742 3323 quem
2785 3244 3001 3317 etiam,
3036 3250 3106 3305 ut
3133 3242 3332 3306 homi-

1766 3358 1939 3415 nem,
1986 3357 2117 3401 aese
2151 3338 2272 3401 fide
2317 3338 2775 3417 dignissimum,
2814 3336 3058 3399 externi
3087 3354 3334 3417 quoque

1768 3431 2054 3494 homines
2098 3430 2471 3493 confitentur
2485 3476 2506 3509 ,
2549 3436 2614 3493 et
2650 3430 2956 3511 praecipue
3003 3428 3330 3509 Josephus,

1770 3524 1931 3587 libro
1967 3524 2210 3587 decimo
2237 3530 2454 3587 octavo
2485 3523 2970 3603 Antiquitatum,
2993 3529 3060 3584 et
3095 3526 3336 3583 constat

1771 3636 1849 3679 ex
1874 3617 2204 3679 sanctitate
2225 3624 2287 3679 et
2312 3616 2580 3698 puritate
2608 3616 2752 3679 vitm
2779 3616 2950 3695 ejus3
2981 3615 3150 3677 unde
3178 3632 3336 3694 prm-

1770 3711 1935 3775 sumi
1992 3728 2120 3771 non
2172 3717 2372 3791 potest
2413 3710 2579 3791 quod
2627 3728 2739 3791 per
2793 3708 3100 3771 malitiam
3144 3708 3336 3769 talem

1770 3804 2117 3866 doctrinam
2171 3804 2600 3886 praedicaverit
2623 3847 2644 3880 ‚
2699 3821 2902 3883 neque
2961 3802 3152 3865 etiam
3226 3820 3336 3881 per

1773 3896 2216 3977 ignorantiam,
2255 3898 2404 3978 quia
2443 3897 2718 3977 ipsamet
2762 3895 3045 3957 doctrina
3093 3912 3222 3973 prm
3269 3912 3337 3955 se

1770 3990 1895 4053 fert
1935 3990 2343 4054 excellentem
2393 3990 2760 4071 sapientiam
2777 4034 2800 4065 ,
2835 4006 3024 4069 quam
3062 3986 3338 4051 Christus

1772 4084 1960 4147 etiam
2005 4102 2250 4165 semper
2275 4084 2547 4147 ostendit
2587 4084 2654 4145 in
2683 4081 2992 4163 responsis
3029 4086 3094 4143 et
3119 4081 3338 4163 praedi-

1773 4177 2121 4239 cationibus
2157 4177 2308 4239 suis.
2339 4176 2570 4239 Deinde
2599 4176 2788 4239 etiam
2831 4180 2976 4236 ante
2999 4173 3337 4235 adventum

1773 4270 2000 4334 Christi
2049 4270 2270 4333 habuit
2309 4270 2442 4331 haec
2497 4269 2776 4331 doctrina
2829 4266 3252 4329 testimonium
3300 4284 3339 4327 a

1770 4362 1909 4442 lege
1955 4369 2017 4425 et
2043 4364 2384 4444 Prophetis,
2427 4368 2490 4425 et
2525 4362 2876 4443 specialiter
2899 4360 3140 4439 Moyses
3185 4377 3339 4440 proe-

1770 4457 2015 4518 monuit
2046 4473 2063 4517 ε
2114 4458 2482 4537 Prophetam
2525 4456 2683 4519 siout
2729 4473 2820 4519 me
2865 4450 3178 4517 suscitabit
3221 4453 3338 4515 tibi

1772 4550 2094 4625 Dominus,
2129 4551 2329 4629 ipsum
2365 4549 2593 4613 audies.
2635 4546 2947 4611 Praecessit
2985 4546 3174 4607 etiam
3217 4550 3338 4607 tes-

1773 4642 2106 4703 timonium
2171 4642 2428 4705 ,Ioannis
2471 4642 2760 4721 Baptistoe
2777 4685 2800 4715 ,
2855 4638 3022 4721 quod
3069 4637 3340 4701 maxime

1772 4742 2025 4816 propter
2061 4736 2206 4798 vitm
2243 4734 2724 4797 admirationem
2764 4732 2884 4795 fuit
2913 4732 3226 4795 sufficiens
3263 4734 3340 4797 de

1771 4846 1836 4891 se
1872 4828 1950 4891 ad
2000 4828 2500 4909 persuadendum
2546 4833 2610 4889 et
2651 4825 3126 4908 praeparandum
3160 4845 3342 4889 mun-

1774 4920 1949 4998 dum,
1979 4920 2322 5001 praesertim
2345 4938 2492 4983 vero
2520 4920 2820 5002 populum
2859 4920 3222 4983 Judaeorum
3259 4918 3340 4981 ad

1773 5014 2000 5077 Christi
2029 5014 2392 5077 adventum.
2427 5015 2568 5077 Post
2600 5014 2804 5093 ipsum
2828 5032 2974 5077 vero
3001 5013 3338 5086 Christum,

1772 5107 2050 5188 Apostoli
2080 5107 2338 5169 fuerunt
2368 5106 2716 5187 gravissimi
2761 5113 2944 5169 testes
2979 5105 3172 5185 hujus
3197 5105 3340 5167 doc-

1774 5201 1988 5277 trinae3
2035 5200 2114 5263 de
2143 5200 2266 5261 illis
2303 5201 2475 5263 enim
2509 5200 2700 5263 etiam
2737 5198 3032 5281 praesumi
3071 5215 3200 5259 nou
3228 5216 3334 5276 po-

1776 5298 1897 5355 test
1943 5292 2112 5373 quod
2157 5312 2269 5374 per
2297 5293 2602 5355 malitiam
2653 5289 3127 5371 proedicaverint
3139 5336 3160 5367 ,
3191 5308 3338 5352 cum

1774 5392 1980 5447 essent
2005 5392 2458 5467 contemptores
2481 5386 2764 5447 omnium
2793 5402 3004 5445 rerum
3031 5382 3338 5446 humana·

1774 5497 1914 5541 rum
1938 5522 1958 5553 ,
2021 5498 2136 5541 nec
2183 5481 2374 5542 etiam
2422 5498 2533 5559 per
2583 5476 3041 5557 ignorantiam,
3088 5482 3339 5558 propter

1770 5572 2019 5637 easdem
2044 5573 2176 5637 fere
2215 5573 2510 5650 rationeS,
2539 5571 2792 5649 scilicet,
2833 5570 2986 5652 quia
3031 5572 3169 5653 ipsa
3194 5570 3337 5633 doc-
