<?xml version="1.0" encoding="UTF-8"?>
<!DOCTYPE html PUBLIC "-//W3C//DTD XHTML 1.0 Transitional//EN"
    "http://www.w3.org/TR/xhtml1/DTD/xhtml1-transitional.dtd">
<html xmlns="http://www.w3.org/1999/xhtml" xml:lang="en" lang="en">
 <head>
  <title>
</title>
<meta http-equiv="Content-Type" content="text/html;charset=utf-8" />
  <meta name='ocr-system' content='tesseract 3.04.00' />
  <meta name='ocr-capabilities' content='ocr_page ocr_carea ocr_par ocr_line ocrx_word'/>
</head>
<body>
  <div class='ocr_page' id='page_1' title='image "./rpfranciscisuar00duvagoog_0589.png"; bbox 0 0 3900 6217; ppageno 0'>
   <div class='ocr_carea' id='block_1_1' title="bbox 647 378 2963 453">
    <p class='ocr_par' dir='ltr' id='par_1_1' title="bbox 647 378 2963 453">
     <span class='ocr_line' id='line_1_1' title="bbox 647 378 2963 453; baseline 0.001 -10"><span class='ocrx_word' id='word_1_1' title='bbox 647 378 816 444; x_wconf 74' lang='lat' dir='ltr'><strong>SEGT.</strong></span> <span class='ocrx_word' id='word_1_2' title='bbox 857 389 914 444; x_wconf 77' lang='lat' dir='ltr'><strong>V.</strong></span> <span class='ocrx_word' id='word_1_3' title='bbox 947 386 1092 453; x_wconf 74' lang='lat' dir='ltr'><strong>QUAE</strong></span> <span class='ocrx_word' id='word_1_4' title='bbox 1124 387 1286 442; x_wconf 67' lang='lat' dir='ltr'>BONA</span> <span class='ocrx_word' id='word_1_5' title='bbox 1317 391 1624 444; x_wconf 68' lang='lat' dir='ltr'><strong>HJERE&#39;l&#39;lCl</strong></span> <span class='ocrx_word' id='word_1_6' title='bbox 1657 391 1772 443; x_wconf 79' lang='lat' dir='ltr'><strong>SUB</strong></span> <span class='ocrx_word' id='word_1_7' title='bbox 1803 389 2285 444; x_wconf 61' lang='lat' dir='ltr'><strong>cosmscarloNE</strong></span> <span class='ocrx_word' id='word_1_8' title='bbox 2320 393 2963 446; x_wconf 72' lang='lat' dir='ltr'><strong>conPnEnENDANTUR.</strong></span> 
     </span>
    </p>
   </div>
   <div class='ocr_carea' id='block_1_2' title="bbox 213 489 1775 5236">
    <p class='ocr_par' dir='ltr' id='par_1_2' title="bbox 213 489 1772 3092">
     <span class='ocr_line' id='line_1_2' title="bbox 215 489 1766 578; baseline -0.002 -22"><span class='ocrx_word' id='word_1_9' title='bbox 215 498 369 578; x_wconf 84' lang='lat' dir='ltr'><strong>jura,</strong></span> <span class='ocrx_word' id='word_1_10' title='bbox 404 492 500 554; x_wconf 81' lang='lat' dir='ltr'><strong>vel</strong></span> <span class='ocrx_word' id='word_1_11' title='bbox 529 489 822 553; x_wconf 85' lang='lat' dir='ltr'><strong>actiones.</strong></span> <span class='ocrx_word' id='word_1_12' title='bbox 853 493 944 552; x_wconf 85' lang='lat' dir='ltr'><strong>Ita</strong></span> <span class='ocrx_word' id='word_1_13' title='bbox 973 491 1196 553; x_wconf 79' lang='lat' dir='ltr'>docent</span> <span class='ocrx_word' id='word_1_14' title='bbox 1225 508 1439 553; x_wconf 88' lang='lat' dir='ltr'><strong>omnes</strong></span> <span class='ocrx_word' id='word_1_15' title='bbox 1468 499 1766 554; x_wconf 76' lang='lat' dir='ltr'><strong>auctores.</strong></span> 
     </span>
     <span class='ocr_line' id='line_1_3' title="bbox 219 582 1770 665; baseline -0.003 -14"><span class='ocrx_word' id='word_1_16' title='bbox 219 593 287 652; x_wconf 90' lang='lat' dir='ltr'><strong>Et</strong></span> <span class='ocrx_word' id='word_1_17' title='bbox 323 591 475 648; x_wconf 83' lang='lat' dir='ltr'><strong>ratio</strong></span> <span class='ocrx_word' id='word_1_18' title='bbox 503 591 618 660; x_wconf 84' lang='lat' dir='ltr'><strong>est,</strong></span> <span class='ocrx_word' id='word_1_19' title='bbox 651 585 800 664; x_wconf 79' lang='lat' dir='ltr'><strong>quia</strong></span> <span class='ocrx_word' id='word_1_20' title='bbox 844 583 994 645; x_wconf 83' lang='lat' dir='ltr'><strong>licet</strong></span> <span class='ocrx_word' id='word_1_21' title='bbox 1024 585 1100 645; x_wconf 91' lang='lat' dir='ltr'><strong>de</strong></span> <span class='ocrx_word' id='word_1_22' title='bbox 1145 582 1244 646; x_wconf 90' lang='lat' dir='ltr'><strong>his</strong></span> <span class='ocrx_word' id='word_1_23' title='bbox 1272 585 1475 661; x_wconf 86' lang='lat' dir='ltr'><strong>bonis,</strong></span> <span class='ocrx_word' id='word_1_24' title='bbox 1519 585 1770 665; x_wconf 82' lang='lat' dir='ltr'><strong>quando</strong></span> 
     </span>
     <span class='ocr_line' id='line_1_4' title="bbox 219 677 1769 759; baseline -0.003 -14"><span class='ocrx_word' id='word_1_25' title='bbox 219 701 346 745; x_wconf 88' lang='lat' dir='ltr'><strong>cum</strong></span> <span class='ocrx_word' id='word_1_26' title='bbox 381 679 586 759; x_wconf 69' lang='lat' dir='ltr'><strong>aliquo</strong></span> <span class='ocrx_word' id='word_1_27' title='bbox 611 677 827 739; x_wconf 78' lang='lat' dir='ltr'><strong>addito</strong></span> <span class='ocrx_word' id='word_1_28' title='bbox 876 677 943 739; x_wconf 84' lang='lat' dir='ltr'><strong>in</strong></span> <span class='ocrx_word' id='word_1_29' title='bbox 985 677 1122 757; x_wconf 85' lang='lat' dir='ltr'><strong>lege</strong></span> <span class='ocrx_word' id='word_1_30' title='bbox 1169 677 1269 740; x_wconf 79' lang='lat' dir='ltr'><strong>vel</strong></span> <span class='ocrx_word' id='word_1_31' title='bbox 1303 679 1370 740; x_wconf 85' lang='lat' dir='ltr'><strong>in</strong></span> <span class='ocrx_word' id='word_1_32' title='bbox 1401 685 1769 741; x_wconf 71' lang='lat' dir='ltr'><strong>testamento</strong></span> 
     </span>
     <span class='ocr_line' id='line_1_5' title="bbox 213 771 1761 852; baseline -0.002 -16"><span class='ocrx_word' id='word_1_33' title='bbox 213 775 622 848; x_wconf 79' lang='lat' dir='ltr'><strong>nominantur,</strong></span> <span class='ocrx_word' id='word_1_34' title='bbox 673 789 886 832; x_wconf 86' lang='lat' dir='ltr'><strong>verum</strong></span> <span class='ocrx_word' id='word_1_35' title='bbox 939 773 1018 832; x_wconf 85' lang='lat' dir='ltr'><strong>sit</strong></span> <span class='ocrx_word' id='word_1_36' title='bbox 1067 772 1230 852; x_wconf 88' lang='lat' dir='ltr'><strong>quod</strong></span> <span class='ocrx_word' id='word_1_37' title='bbox 1285 773 1524 832; x_wconf 87' lang='lat' dir='ltr'><strong>ratione</strong></span> <span class='ocrx_word' id='word_1_38' title='bbox 1567 771 1761 833; x_wconf 85' lang='lat' dir='ltr'><strong>additi</strong></span> 
     </span>
     <span class='ocr_line' id='line_1_6' title="bbox 217 865 1766 946; baseline -0.003 -16"><span class='ocrx_word' id='word_1_39' title='bbox 217 869 338 931; x_wconf 84' lang='lat' dir='ltr'><strong>fieri</strong></span> <span class='ocrx_word' id='word_1_40' title='bbox 365 866 516 926; x_wconf 79' lang='lat' dir='ltr'><strong>solet</strong></span> <span class='ocrx_word' id='word_1_41' title='bbox 535 865 848 940; x_wconf 80' lang='lat' dir='ltr'><strong>limitatio,</strong></span> <span class='ocrx_word' id='word_1_42' title='bbox 869 871 943 925; x_wconf 88' lang='lat' dir='ltr'><strong>nt</strong></span> <span class='ocrx_word' id='word_1_43' title='bbox 961 868 1021 925; x_wconf 85' lang='lat' dir='ltr'><strong>si</strong></span> <span class='ocrx_word' id='word_1_44' title='bbox 1053 867 1190 946; x_wconf 82' lang='lat' dir='ltr'><strong>quis</strong></span> <span class='ocrx_word' id='word_1_45' title='bbox 1213 869 1580 926; x_wconf 81' lang='lat' dir='ltr'><strong>testamento</strong></span> <span class='ocrx_word' id='word_1_46' title='bbox 1603 865 1766 943; x_wconf 86' lang='lat' dir='ltr'><strong>leget</strong></span> 
     </span>
     <span class='ocr_line' id='line_1_7' title="bbox 215 957 1766 1034; baseline -0.004 -9"><span class='ocrx_word' id='word_1_47' title='bbox 215 961 362 1026; x_wconf 72' lang='lat' dir='ltr'><strong>hona</strong></span> <span class='ocrx_word' id='word_1_48' title='bbox 408 957 685 1034; x_wconf 78' lang='lat' dir='ltr'><strong>mobilia,</strong></span> <span class='ocrx_word' id='word_1_49' title='bbox 733 974 858 1019; x_wconf 84' lang='lat' dir='ltr'><strong>non</strong></span> <span class='ocrx_word' id='word_1_50' title='bbox 899 959 1154 1022; x_wconf 73' lang='lat' dir='ltr'><strong>mandat</strong></span> <span class='ocrx_word' id='word_1_51' title='bbox 1197 957 1566 1034; x_wconf 76' lang='lat' dir='ltr'><strong>immobilia,</strong></span> <span class='ocrx_word' id='word_1_52' title='bbox 1595 959 1694 1020; x_wconf 79' lang='lat' dir='ltr'><strong>vel</strong></span> <span class='ocrx_word' id='word_1_53' title='bbox 1730 977 1766 1019; x_wconf 85' lang='lat' dir='ltr'><strong>e</strong></span> 
     </span>
     <span class='ocr_line' id='line_1_8' title="bbox 215 1051 1766 1132; baseline -0.001 -16"><span class='ocrx_word' id='word_1_54' title='bbox 215 1052 540 1124; x_wconf 73' lang='lat' dir='ltr'><strong>contrario,</strong></span> <span class='ocrx_word' id='word_1_55' title='bbox 587 1051 994 1113; x_wconf 70' lang='lat' dir='ltr'>nihilominus</span> <span class='ocrx_word' id='word_1_56' title='bbox 1048 1051 1295 1132; x_wconf 88' lang='lat' dir='ltr'><strong>quando</strong></span> <span class='ocrx_word' id='word_1_57' title='bbox 1343 1051 1444 1114; x_wconf 83' lang='lat' dir='ltr'><strong>lex</strong></span> <span class='ocrx_word' id='word_1_58' title='bbox 1488 1052 1766 1114; x_wconf 82' lang='lat' dir='ltr'><strong>absolute</strong></span> 
     </span>
     <span class='ocr_line' id='line_1_9' title="bbox 219 1143 1768 1227; baseline -0.001 -18"><span class='ocrx_word' id='word_1_59' title='bbox 219 1146 473 1227; x_wconf 79' lang='lat' dir='ltr'>disponit</span> <span class='ocrx_word' id='word_1_60' title='bbox 495 1143 574 1206; x_wconf 86' lang='lat' dir='ltr'><strong>de</strong></span> <span class='ocrx_word' id='word_1_61' title='bbox 601 1145 777 1205; x_wconf 80' lang='lat' dir='ltr'><strong>bonis</strong></span> <span class='ocrx_word' id='word_1_62' title='bbox 799 1147 930 1206; x_wconf 86' lang='lat' dir='ltr'><strong>sine</strong></span> <span class='ocrx_word' id='word_1_63' title='bbox 957 1144 1348 1222; x_wconf 75' lang='lat' dir='ltr'><strong>limitatione,</strong></span> <span class='ocrx_word' id='word_1_64' title='bbox 1374 1147 1584 1206; x_wconf 83' lang='lat' dir='ltr'><strong>omnia</strong></span> <span class='ocrx_word' id='word_1_65' title='bbox 1603 1143 1768 1207; x_wconf 86' lang='lat' dir='ltr'><strong>bona</strong></span> 
     </span>
     <span class='ocr_line' id='line_1_10' title="bbox 219 1235 1764 1320; baseline -0.002 -19"><span class='ocrx_word' id='word_1_66' title='bbox 219 1235 696 1319; x_wconf 75' lang='lat' dir='ltr'><strong>comprehendit.</strong></span> <span class='ocrx_word' id='word_1_67' title='bbox 739 1238 912 1312; x_wconf 81' lang='lat' dir='ltr'><strong>Quod</strong></span> <span class='ocrx_word' id='word_1_68' title='bbox 947 1239 1197 1320; x_wconf 82' lang='lat' dir='ltr'><strong>quidem</strong></span> <span class='ocrx_word' id='word_1_69' title='bbox 1243 1239 1352 1300; x_wconf 84' lang='lat' dir='ltr'><strong>fiet</strong></span> <span class='ocrx_word' id='word_1_70' title='bbox 1400 1239 1764 1318; x_wconf 82' lang='lat' dir='ltr'><strong>expressius,</strong></span> 
     </span>
     <span class='ocr_line' id='line_1_11' title="bbox 215 1331 1766 1412; baseline -0.001 -18"><span class='ocrx_word' id='word_1_71' title='bbox 215 1333 262 1394; x_wconf 86' lang='lat' dir='ltr'><strong>si</strong></span> <span class='ocrx_word' id='word_1_72' title='bbox 303 1333 548 1412; x_wconf 82' lang='lat' dir='ltr'><strong>signum</strong></span> <span class='ocrx_word' id='word_1_73' title='bbox 599 1331 1083 1407; x_wconf 76' lang='lat' dir='ltr'><strong>distributivum,</strong></span> <span class='ocrx_word' id='word_1_74' title='bbox 1115 1333 1338 1405; x_wconf 75' lang='lat' dir='ltr'><strong>omnia,</strong></span> <span class='ocrx_word' id='word_1_75' title='bbox 1369 1331 1668 1409; x_wconf 70' lang='lat' dir='ltr'><strong>addatur-3</strong></span> <span class='ocrx_word' id='word_1_76' title='bbox 1697 1333 1766 1393; x_wconf 93' lang='lat' dir='ltr'><strong>in</strong></span> 
     </span>
     <span class='ocr_line' id='line_1_12' title="bbox 217 1422 1768 1503; baseline -0.001 -15"><span class='ocrx_word' id='word_1_77' title='bbox 217 1427 403 1503; x_wconf 82' lang='lat' dir='ltr'><strong>rigore</strong></span> <span class='ocrx_word' id='word_1_78' title='bbox 439 1431 652 1486; x_wconf 78' lang='lat' dir='ltr'><strong>tamen</strong></span> <span class='ocrx_word' id='word_1_79' title='bbox 698 1423 983 1501; x_wconf 84' lang='lat' dir='ltr'><strong>sufficiet,</strong></span> <span class='ocrx_word' id='word_1_80' title='bbox 1021 1426 1075 1486; x_wconf 80' lang='lat' dir='ltr'><strong>si</strong></span> <span class='ocrx_word' id='word_1_81' title='bbox 1121 1423 1441 1487; x_wconf 82' lang='lat' dir='ltr'><strong>indefinite</strong></span> <span class='ocrx_word' id='word_1_82' title='bbox 1471 1427 1549 1487; x_wconf 90' lang='lat' dir='ltr'><strong>de</strong></span> <span class='ocrx_word' id='word_1_83' title='bbox 1589 1422 1768 1487; x_wconf 84' lang='lat' dir='ltr'><strong>bonis</strong></span> 
     </span>
     <span class='ocr_line' id='line_1_13' title="bbox 215 1518 1766 1598; baseline 0.001 -19"><span class='ocrx_word' id='word_1_84' title='bbox 215 1520 518 1598; x_wconf 69' lang='lat' dir='ltr'><strong>loquatur-3</strong></span> <span class='ocrx_word' id='word_1_85' title='bbox 543 1521 680 1579; x_wconf 80' lang='lat' dir='ltr'><strong>tum</strong></span> <span class='ocrx_word' id='word_1_86' title='bbox 702 1518 859 1597; x_wconf 73' lang='lat' dir='ltr'><strong>-qtria</strong></span> <span class='ocrx_word' id='word_1_87' title='bbox 878 1536 1007 1579; x_wconf 87' lang='lat' dir='ltr'><strong>non</strong></span> <span class='ocrx_word' id='word_1_88' title='bbox 1034 1525 1124 1579; x_wconf 81' lang='lat' dir='ltr'><strong>est</strong></span> <span class='ocrx_word' id='word_1_89' title='bbox 1149 1521 1349 1598; x_wconf 86' lang='lat' dir='ltr'><strong>major</strong></span> <span class='ocrx_word' id='word_1_90' title='bbox 1375 1520 1538 1581; x_wconf 86' lang='lat' dir='ltr'><strong>ratio</strong></span> <span class='ocrx_word' id='word_1_91' title='bbox 1559 1521 1640 1580; x_wconf 81' lang='lat' dir='ltr'><strong>de</strong></span> <span class='ocrx_word' id='word_1_92' title='bbox 1669 1518 1766 1580; x_wconf 89' lang='lat' dir='ltr'><strong>his</strong></span> 
     </span>
     <span class='ocr_line' id='line_1_14' title="bbox 217 1609 1768 1692; baseline 0.002 -23"><span class='ocrx_word' id='word_1_93' title='bbox 217 1629 388 1691; x_wconf 84' lang='lat' dir='ltr'><strong>quam</strong></span> <span class='ocrx_word' id='word_1_94' title='bbox 417 1609 496 1672; x_wconf 71' lang='lat' dir='ltr'><strong>de</strong></span> <span class='ocrx_word' id='word_1_95' title='bbox 529 1611 650 1672; x_wconf 85' lang='lat' dir='ltr'><strong>illis</strong></span> <span class='ocrx_word' id='word_1_96' title='bbox 677 1611 878 1688; x_wconf 84' lang='lat' dir='ltr'><strong>bonis,</strong></span> <span class='ocrx_word' id='word_1_97' title='bbox 909 1617 972 1673; x_wconf 86' lang='lat' dir='ltr'><strong>et</strong></span> <span class='ocrx_word' id='word_1_98' title='bbox 999 1613 1138 1673; x_wconf 88' lang='lat' dir='ltr'><strong>ideo</strong></span> <span class='ocrx_word' id='word_1_99' title='bbox 1167 1617 1236 1672; x_wconf 86' lang='lat' dir='ltr'><strong>ut</strong></span> <span class='ocrx_word' id='word_1_100' title='bbox 1263 1612 1583 1692; x_wconf 76' lang='lat' dir='ltr'><strong>dispositio</strong></span> <span class='ocrx_word' id='word_1_101' title='bbox 1611 1612 1768 1690; x_wconf 80' lang='lat' dir='ltr'><strong>legis</strong></span> 
     </span>
     <span class='ocr_line' id='line_1_15' title="bbox 215 1703 1767 1779; baseline 0.002 -16"><span class='ocrx_word' id='word_1_102' title='bbox 215 1705 284 1764; x_wconf 84' lang='lat' dir='ltr'><strong>sit</strong></span> <span class='ocrx_word' id='word_1_103' title='bbox 303 1707 487 1779; x_wconf 75' lang='lat' dir='ltr'><strong>certa,</strong></span> <span class='ocrx_word' id='word_1_104' title='bbox 513 1705 671 1765; x_wconf 65' lang='lat' dir='ltr'><strong>Sicut</strong></span> <span class='ocrx_word' id='word_1_105' title='bbox 695 1713 824 1766; x_wconf 81' lang='lat' dir='ltr'><strong>esse</strong></span> <span class='ocrx_word' id='word_1_106' title='bbox 851 1703 1053 1779; x_wconf 86' lang='lat' dir='ltr'><strong>debet,</strong></span> <span class='ocrx_word' id='word_1_107' title='bbox 1077 1721 1321 1766; x_wconf 79' lang='lat' dir='ltr'><strong>necesse</strong></span> <span class='ocrx_word' id='word_1_108' title='bbox 1345 1711 1436 1766; x_wconf 89' lang='lat' dir='ltr'><strong>est</strong></span> <span class='ocrx_word' id='word_1_109' title='bbox 1459 1713 1532 1766; x_wconf 84' lang='lat' dir='ltr'><strong>nt</strong></span> <span class='ocrx_word' id='word_1_110' title='bbox 1555 1705 1767 1767; x_wconf 85' lang='lat' dir='ltr'><strong>omnia</strong></span> 
     </span>
     <span class='ocr_line' id='line_1_16' title="bbox 215 1794 1767 1878; baseline 0 -20"><span class='ocrx_word' id='word_1_111' title='bbox 215 1794 720 1875; x_wconf 51' lang='lat' dir='ltr'><strong>comprehendam</strong></span> <span class='ocrx_word' id='word_1_112' title='bbox 759 1801 895 1858; x_wconf 88' lang='lat' dir='ltr'><strong>tum</strong></span> <span class='ocrx_word' id='word_1_113' title='bbox 935 1798 1125 1858; x_wconf 78' lang='lat' dir='ltr'><strong>etism</strong></span> <span class='ocrx_word' id='word_1_114' title='bbox 1172 1798 1318 1878; x_wconf 85' lang='lat' dir='ltr'><strong>quia</strong></span> <span class='ocrx_word' id='word_1_115' title='bbox 1372 1798 1438 1857; x_wconf 88' lang='lat' dir='ltr'><strong>in</strong></span> <span class='ocrx_word' id='word_1_116' title='bbox 1483 1807 1767 1859; x_wconf 78' lang='lat' dir='ltr'><strong>sermone</strong></span> 
     </span>
     <span class='ocr_line' id='line_1_17' title="bbox 213 1889 1768 1971; baseline 0.001 -22"><span class='ocrx_word' id='word_1_117' title='bbox 213 1889 530 1950; x_wconf 72' lang='lat' dir='ltr'><strong>doctrinali</strong></span> <span class='ocrx_word' id='word_1_118' title='bbox 566 1889 664 1950; x_wconf 82' lang='lat' dir='ltr'><strong>vel</strong></span> <span class='ocrx_word' id='word_1_119' title='bbox 705 1889 1082 1970; x_wconf 79' lang='lat' dir='ltr'><strong>dispositivo,</strong></span> <span class='ocrx_word' id='word_1_120' title='bbox 1129 1889 1525 1952; x_wconf 77' lang='lat' dir='ltr'><strong>indefinitum</strong></span> <span class='ocrx_word' id='word_1_121' title='bbox 1575 1892 1768 1971; x_wconf 81' lang='lat' dir='ltr'><strong>aeqni-</strong></span> 
     </span>
     <span class='ocr_line' id='line_1_18' title="bbox 213 1982 1767 2066; baseline 0.003 -24"><span class='ocrx_word' id='word_1_122' title='bbox 213 1982 364 2043; x_wconf 75' lang='lat' dir='ltr'><strong>valet</strong></span> <span class='ocrx_word' id='word_1_123' title='bbox 398 1983 761 2045; x_wconf 74' lang='lat' dir='ltr'><strong>universali.</strong></span> <span class='ocrx_word' id='word_1_124' title='bbox 798 1985 877 2044; x_wconf 72' lang='lat' dir='ltr'><strong>At</strong></span> <span class='ocrx_word' id='word_1_125' title='bbox 906 1997 1057 2046; x_wconf 64' lang='lat' dir='ltr'><strong>vero</strong></span> <span class='ocrx_word' id='word_1_126' title='bbox 1083 1985 1152 2046; x_wconf 89' lang='lat' dir='ltr'><strong>in</strong></span> <span class='ocrx_word' id='word_1_127' title='bbox 1191 1985 1476 2066; x_wconf 77' lang='lat' dir='ltr'><strong>praesenti</strong></span> <span class='ocrx_word' id='word_1_128' title='bbox 1506 1983 1767 2046; x_wconf 83' lang='lat' dir='ltr'><strong>materia</strong></span> 
     </span>
     <span class='ocr_line' id='line_1_19' title="bbox 215 2074 1767 2155; baseline -0.001 -13"><span class='ocrx_word' id='word_1_129' title='bbox 215 2081 362 2142; x_wconf 85' lang='lat' dir='ltr'><strong>hona</strong></span> <span class='ocrx_word' id='word_1_130' title='bbox 401 2075 847 2140; x_wconf 63' lang='lat' dir='ltr'><strong>haereticorum</strong></span> <span class='ocrx_word' id='word_1_131' title='bbox 897 2077 1172 2142; x_wconf 69' lang='lat' dir='ltr'><strong>absolute</strong></span> <span class='ocrx_word' id='word_1_132' title='bbox 1219 2074 1652 2155; x_wconf 82' lang='lat' dir='ltr'><strong>confiscantur,</strong></span> <span class='ocrx_word' id='word_1_133' title='bbox 1695 2078 1767 2141; x_wconf 88' lang='lat' dir='ltr'><strong>in</strong></span> 
     </span>
     <span class='ocr_line' id='line_1_20' title="bbox 213 2169 1766 2255; baseline 0.001 -21"><span class='ocrx_word' id='word_1_134' title='bbox 213 2175 358 2234; x_wconf 81' lang='lat' dir='ltr'><strong>dicto</strong></span> <span class='ocrx_word' id='word_1_135' title='bbox 387 2189 527 2250; x_wconf 82' lang='lat' dir='ltr'><strong>cap.</strong></span> <span class='ocrx_word' id='word_1_136' title='bbox 574 2169 722 2236; x_wconf 67' lang='lat' dir='ltr'><strong>Cum</strong></span> <span class='ocrx_word' id='word_1_137' title='bbox 759 2175 1078 2237; x_wconf 67' lang='lat' dir='ltr'><strong>secundum</strong></span> <span class='ocrx_word' id='word_1_138' title='bbox 1117 2169 1295 2255; x_wconf 67' lang='lat' dir='ltr'><strong>loyes,</strong></span> <span class='ocrx_word' id='word_1_139' title='bbox 1329 2180 1390 2234; x_wconf 89' lang='lat' dir='ltr'><strong>et</strong></span> <span class='ocrx_word' id='word_1_140' title='bbox 1432 2173 1500 2234; x_wconf 86' lang='lat' dir='ltr'><strong>in</strong></span> <span class='ocrx_word' id='word_1_141' title='bbox 1527 2173 1766 2252; x_wconf 82' lang='lat' dir='ltr'><strong>legibus</strong></span> 
     </span>
     <span class='ocr_line' id='line_1_21' title="bbox 215 2265 1768 2346; baseline 0.001 -20"><span class='ocrx_word' id='word_1_142' title='bbox 215 2284 336 2346; x_wconf 80' lang='lat' dir='ltr'><strong>quse</strong></span> <span class='ocrx_word' id='word_1_143' title='bbox 365 2265 430 2325; x_wconf 83' lang='lat' dir='ltr'><strong>in</strong></span> <span class='ocrx_word' id='word_1_144' title='bbox 457 2266 609 2346; x_wconf 79' lang='lat' dir='ltr'><strong>‘ipso</strong></span> <span class='ocrx_word' id='word_1_145' title='bbox 635 2265 1008 2345; x_wconf 75' lang='lat' dir='ltr'><strong>allegantur,</strong></span> <span class='ocrx_word' id='word_1_146' title='bbox 1033 2266 1133 2327; x_wconf 81' lang='lat' dir='ltr'><strong>vel</strong></span> <span class='ocrx_word' id='word_1_147' title='bbox 1171 2267 1400 2327; x_wconf 80' lang='lat' dir='ltr'><strong>eodem</strong></span> <span class='ocrx_word' id='word_1_148' title='bbox 1432 2265 1634 2340; x_wconf 86' lang='lat' dir='ltr'><strong>modo,</strong></span> <span class='ocrx_word' id='word_1_149' title='bbox 1667 2267 1768 2328; x_wconf 81' lang='lat' dir='ltr'><strong>vel</strong></span> 
     </span>
     <span class='ocr_line' id='line_1_22' title="bbox 215 2357 1769 2420; baseline -0.001 0"><span class='ocrx_word' id='word_1_150' title='bbox 215 2358 515 2420; x_wconf 83' lang='lat' dir='ltr'><strong>interdum</strong></span> <span class='ocrx_word' id='word_1_151' title='bbox 543 2357 730 2419; x_wconf 86' lang='lat' dir='ltr'><strong>etiam</strong></span> <span class='ocrx_word' id='word_1_152' title='bbox 755 2358 968 2420; x_wconf 81' lang='lat' dir='ltr'><strong>addita</strong></span> <span class='ocrx_word' id='word_1_153' title='bbox 996 2357 1430 2420; x_wconf 80' lang='lat' dir='ltr'><strong>distributione</strong></span> <span class='ocrx_word' id='word_1_154' title='bbox 1456 2357 1527 2419; x_wconf 86' lang='lat' dir='ltr'><strong>fit</strong></span> <span class='ocrx_word' id='word_1_155' title='bbox 1548 2359 1769 2419; x_wconf 83' lang='lat' dir='ltr'><strong>contis-</strong></span> 
     </span>
     <span class='ocr_line' id='line_1_23' title="bbox 213 2449 1772 2530; baseline 0 -17"><span class='ocrx_word' id='word_1_156' title='bbox 213 2453 385 2526; x_wconf 80' lang='lat' dir='ltr'><strong>cati03</strong></span> <span class='ocrx_word' id='word_1_157' title='bbox 433 2469 594 2530; x_wconf 76' lang='lat' dir='ltr'><strong>ergo</strong></span> <span class='ocrx_word' id='word_1_158' title='bbox 625 2451 996 2530; x_wconf 75' lang='lat' dir='ltr'><strong>simpliciter</strong></span> <span class='ocrx_word' id='word_1_159' title='bbox 1037 2449 1389 2513; x_wconf 80' lang='lat' dir='ltr'><strong>extenditur</strong></span> <span class='ocrx_word' id='word_1_160' title='bbox 1433 2450 1512 2511; x_wconf 84' lang='lat' dir='ltr'><strong>ad</strong></span> <span class='ocrx_word' id='word_1_161' title='bbox 1559 2451 1772 2514; x_wconf 83' lang='lat' dir='ltr'><strong>omnia</strong></span> 
     </span>
     <span class='ocr_line' id='line_1_24' title="bbox 213 2541 1772 2625; baseline 0.001 -19"><span class='ocrx_word' id='word_1_162' title='bbox 213 2543 378 2606; x_wconf 86' lang='lat' dir='ltr'><strong>bona.</strong></span> <span class='ocrx_word' id='word_1_163' title='bbox 405 2541 482 2605; x_wconf 86' lang='lat' dir='ltr'><strong>Et</strong></span> <span class='ocrx_word' id='word_1_164' title='bbox 521 2543 876 2604; x_wconf 79' lang='lat' dir='ltr'><strong>confirmari</strong></span> <span class='ocrx_word' id='word_1_165' title='bbox 901 2543 1017 2605; x_wconf 85' lang='lat' dir='ltr'><strong>hoc</strong></span> <span class='ocrx_word' id='word_1_166' title='bbox 1047 2550 1247 2625; x_wconf 83' lang='lat' dir='ltr'><strong>potest</strong></span> <span class='ocrx_word' id='word_1_167' title='bbox 1279 2562 1356 2605; x_wconf 87' lang='lat' dir='ltr'><strong>ex</strong></span> <span class='ocrx_word' id='word_1_168' title='bbox 1382 2543 1518 2623; x_wconf 85' lang='lat' dir='ltr'><strong>lege</strong></span> <span class='ocrx_word' id='word_1_169' title='bbox 1553 2543 1634 2608; x_wconf 69' lang='lat' dir='ltr'><strong>Si</strong></span> <span class='ocrx_word' id='word_1_170' title='bbox 1665 2547 1772 2608; x_wconf 78' lang='lat' dir='ltr'><strong>ad-</strong></span> 
     </span>
     <span class='ocr_line' id='line_1_25' title="bbox 213 2637 1765 2718; baseline -0.002 -16"><span class='ocrx_word' id='word_1_171' title='bbox 213 2638 428 2718; x_wconf 71' lang='lat' dir='ltr'><strong>emptis,</strong></span> <span class='ocrx_word' id='word_1_172' title='bbox 451 2656 518 2700; x_wconf 85' lang='lat' dir='ltr'><strong>c-</strong></span> <span class='ocrx_word' id='word_1_173' title='bbox 545 2637 620 2698; x_wconf 80' lang='lat' dir='ltr'><strong>de</strong></span> <span class='ocrx_word' id='word_1_174' title='bbox 643 2637 1025 2699; x_wconf 79' lang='lat' dir='ltr'><strong>Sententiam</strong></span> <span class='ocrx_word' id='word_1_175' title='bbox 1046 2639 1259 2718; x_wconf 86' lang='lat' dir='ltr'><strong>passis,</strong></span> <span class='ocrx_word' id='word_1_176' title='bbox 1283 2638 1351 2698; x_wconf 90' lang='lat' dir='ltr'><strong>in</strong></span> <span class='ocrx_word' id='word_1_177' title='bbox 1369 2655 1496 2716; x_wconf 81' lang='lat' dir='ltr'><strong>qua</strong></span> <span class='ocrx_word' id='word_1_178' title='bbox 1516 2638 1765 2714; x_wconf 87' lang='lat' dir='ltr'><strong>dicitur,</strong></span> 
     </span>
     <span class='ocr_line' id='line_1_26' title="bbox 215 2731 1769 2810; baseline 0.001 -19"><span class='ocrx_word' id='word_1_179' title='bbox 215 2731 412 2792; x_wconf 84' lang='lat' dir='ltr'><strong>ablatis</strong></span> <span class='ocrx_word' id='word_1_180' title='bbox 459 2732 651 2792; x_wconf 83' lang='lat' dir='ltr'><strong>bonis</strong></span> <span class='ocrx_word' id='word_1_181' title='bbox 701 2749 814 2810; x_wconf 87' lang='lat' dir='ltr'><strong>per</strong></span> <span class='ocrx_word' id='word_1_182' title='bbox 858 2731 1250 2806; x_wconf 84' lang='lat' dir='ltr'><strong>senteutiam,</strong></span> <span class='ocrx_word' id='word_1_183' title='bbox 1299 2731 1532 2793; x_wconf 74' lang='lat' dir='ltr'><strong>aulerri</strong></span> <span class='ocrx_word' id='word_1_184' title='bbox 1582 2731 1769 2794; x_wconf 89' lang='lat' dir='ltr'><strong>etiam</strong></span> 
     </span>
     <span class='ocr_line' id='line_1_27' title="bbox 221 2823 1770 2904; baseline 0.001 -20"><span class='ocrx_word' id='word_1_185' title='bbox 221 2825 487 2899; x_wconf 77' lang='lat' dir='ltr'><strong>actiones,</strong></span> <span class='ocrx_word' id='word_1_186' title='bbox 537 2843 612 2885; x_wconf 83' lang='grc'><strong>80</strong></span> <span class='ocrx_word' id='word_1_187' title='bbox 640 2825 900 2904; x_wconf 77' lang='lat' dir='ltr'><strong>proinde</strong></span> <span class='ocrx_word' id='word_1_188' title='bbox 937 2825 1214 2885; x_wconf 72' lang='lat' dir='ltr'><strong>notiones</strong></span> <span class='ocrx_word' id='word_1_189' title='bbox 1248 2823 1363 2884; x_wconf 88' lang='lat' dir='ltr'><strong>sub</strong></span> <span class='ocrx_word' id='word_1_190' title='bbox 1400 2823 1578 2885; x_wconf 85' lang='lat' dir='ltr'><strong>honis</strong></span> <span class='ocrx_word' id='word_1_191' title='bbox 1605 2841 1770 2885; x_wconf 84' lang='lat' dir='ltr'><strong>com·</strong></span> 
     </span>
     <span class='ocr_line' id='line_1_28' title="bbox 221 2917 1772 2999; baseline 0.001 -21"><span class='ocrx_word' id='word_1_192' title='bbox 221 2917 536 2998; x_wconf 81' lang='lat' dir='ltr'><strong>‘prehendi3</strong></span> <span class='ocrx_word' id='word_1_193' title='bbox 587 2917 804 2980; x_wconf 77' lang='lat' dir='ltr'><strong>eadem</strong></span> <span class='ocrx_word' id='word_1_194' title='bbox 851 2933 999 2998; x_wconf 79' lang='lat' dir='ltr'><strong>ergo</strong></span> <span class='ocrx_word' id='word_1_195' title='bbox 1032 2921 1192 2980; x_wconf 87' lang='lat' dir='ltr'><strong>ratio</strong></span> <span class='ocrx_word' id='word_1_196' title='bbox 1239 2923 1333 2980; x_wconf 84' lang='lat' dir='ltr'><strong>est</strong></span> <span class='ocrx_word' id='word_1_197' title='bbox 1379 2917 1457 2979; x_wconf 83' lang='lat' dir='ltr'><strong>de</strong></span> <span class='ocrx_word' id='word_1_198' title='bbox 1497 2917 1772 2999; x_wconf 69' lang='lat' dir='ltr'><strong>qualibet</strong></span> 
     </span>
     <span class='ocr_line' id='line_1_29' title="bbox 221 3009 906 3092; baseline 0.001 -22"><span class='ocrx_word' id='word_1_199' title='bbox 221 3009 324 3070; x_wconf 83' lang='lat' dir='ltr'><strong>alia</strong></span> <span class='ocrx_word' id='word_1_200' title='bbox 347 3010 660 3072; x_wconf 84' lang='lat' dir='ltr'><strong>bonorum</strong></span> <span class='ocrx_word' id='word_1_201' title='bbox 682 3011 906 3092; x_wconf 76' lang='lat' dir='ltr'><strong>specie.</strong></span> 
     </span>
    </p>

    <p class='ocr_par' dir='ltr' id='par_1_3' title="bbox 215 3103 1775 5236">
     <span class='ocr_line' id='line_1_30' title="bbox 283 3103 1764 3170; baseline 0.001 -6"><span class='ocrx_word' id='word_1_202' title='bbox 283 3105 338 3164; x_wconf 75' lang='lat'><strong>2.</strong></span> <span class='ocrx_word' id='word_1_203' title='bbox 388 3103 678 3168; x_wconf 75' lang='lat' dir='ltr'><strong>Secunda</strong></span> <span class='ocrx_word' id='word_1_204' title='bbox 705 3107 979 3169; x_wconf 71' lang='lat' dir='ltr'><strong>assm‘eio.</strong></span> <span class='ocrx_word' id='word_1_205' title='bbox 1010 3137 1092 3152; x_wconf 90' lang='lat'>—</span> <span class='ocrx_word' id='word_1_206' title='bbox 1122 3105 1472 3169; x_wconf 72' lang='lat' dir='ltr'><strong>Ostenditwr</strong></span> <span class='ocrx_word' id='word_1_207' title='bbox 1503 3105 1764 3170; x_wconf 68' lang='lat' dir='ltr'><strong>ratione.</strong></span> 
     </span>
     <span class='ocr_line' id='line_1_31' title="bbox 217 3197 1768 3278; baseline 0.001 -19"><span class='ocrx_word' id='word_1_208' title='bbox 217 3225 285 3242; x_wconf 90' lang='lat'><em>-</em></span> <span class='ocrx_word' id='word_1_209' title='bbox 310 3197 682 3261; x_wconf 76' lang='lat' dir='ltr'><strong>Declaratur</strong></span> <span class='ocrx_word' id='word_1_210' title='bbox 708 3199 1014 3278; x_wconf 70' lang='lat' dir='ltr'><strong>eoeemplis.</strong></span> <span class='ocrx_word' id='word_1_211' title='bbox 1046 3231 1130 3244; x_wconf 91' lang='lat'><strong>--</strong></span> <span class='ocrx_word' id='word_1_212' title='bbox 1155 3197 1307 3260; x_wconf 83' lang='lat' dir='ltr'><strong>Dico</strong></span> <span class='ocrx_word' id='word_1_213' title='bbox 1342 3197 1612 3260; x_wconf 85' lang='lat' dir='ltr'><strong>secundo</strong></span> <span class='ocrx_word' id='word_1_214' title='bbox 1643 3213 1661 3258; x_wconf 72' lang='grc' dir='ltr'><strong>ε</strong></span> <span class='ocrx_word' id='word_1_215' title='bbox 1691 3215 1768 3260; x_wconf 86' lang='lat' dir='ltr'><strong>ex</strong></span> 
     </span>
     <span class='ocr_line' id='line_1_32' title="bbox 215 3288 1760 3369; baseline 0.001 -17"><span class='ocrx_word' id='word_1_216' title='bbox 215 3296 370 3369; x_wconf 85' lang='lat' dir='ltr'><strong>parte</strong></span> <span class='ocrx_word' id='word_1_217' title='bbox 417 3289 696 3352; x_wconf 79' lang='lat' dir='ltr'><strong>haeretici</strong></span> <span class='ocrx_word' id='word_1_218' title='bbox 734 3288 1022 3353; x_wconf 80' lang='lat' dir='ltr'><strong>habentis</strong></span> <span class='ocrx_word' id='word_1_219' title='bbox 1073 3291 1223 3353; x_wconf 86' lang='lat' dir='ltr'><strong>talia</strong></span> <span class='ocrx_word' id='word_1_220' title='bbox 1265 3289 1453 3367; x_wconf 87' lang='lat' dir='ltr'><strong>bona,</strong></span> <span class='ocrx_word' id='word_1_221' title='bbox 1495 3305 1760 3354; x_wconf 87' lang='lat' dir='ltr'><strong>necessa·</strong></span> 
     </span>
     <span class='ocr_line' id='line_1_33' title="bbox 217 3385 1767 3464; baseline 0.002 -21"><span class='ocrx_word' id='word_1_222' title='bbox 217 3385 362 3443; x_wconf 87' lang='lat' dir='ltr'><strong>rium</strong></span> <span class='ocrx_word' id='word_1_223' title='bbox 393 3391 484 3445; x_wconf 80' lang='lat' dir='ltr'><strong>est</strong></span> <span class='ocrx_word' id='word_1_224' title='bbox 521 3390 598 3444; x_wconf 86' lang='lat' dir='ltr'><strong>ut</strong></span> <span class='ocrx_word' id='word_1_225' title='bbox 631 3391 909 3464; x_wconf 86' lang='lat' dir='ltr'><strong>tempore</strong></span> <span class='ocrx_word' id='word_1_226' title='bbox 937 3385 1143 3446; x_wconf 82' lang='lat' dir='ltr'><strong>delicti</strong></span> <span class='ocrx_word' id='word_1_227' title='bbox 1191 3385 1427 3446; x_wconf 82' lang='lat' dir='ltr'><strong>fuerint</strong></span> <span class='ocrx_word' id='word_1_228' title='bbox 1455 3401 1587 3454; x_wconf 87' lang='lat' dir='ltr'><strong>sua,</strong></span> <span class='ocrx_word' id='word_1_229' title='bbox 1614 3403 1767 3464; x_wconf 88' lang='lat' dir='ltr'><strong>pro·</strong></span> 
     </span>
     <span class='ocr_line' id='line_1_34' title="bbox 219 3477 1769 3557; baseline 0.001 -21"><span class='ocrx_word' id='word_1_230' title='bbox 219 3477 534 3557; x_wconf 77' lang='lat' dir='ltr'><strong>priumque</strong></span> <span class='ocrx_word' id='word_1_231' title='bbox 577 3478 680 3556; x_wconf 78' lang='lat' dir='ltr'><strong>jus</strong></span> <span class='ocrx_word' id='word_1_232' title='bbox 707 3479 776 3538; x_wconf 84' lang='lat' dir='ltr'><strong>in</strong></span> <span class='ocrx_word' id='word_1_233' title='bbox 815 3477 921 3539; x_wconf 88' lang='lat' dir='ltr'><strong>illa</strong></span> <span class='ocrx_word' id='word_1_234' title='bbox 963 3477 1274 3553; x_wconf 82' lang='lat' dir='ltr'><strong>hahuerit,</strong></span> <span class='ocrx_word' id='word_1_235' title='bbox 1307 3477 1408 3538; x_wconf 86' lang='lat' dir='ltr'><strong>vel</strong></span> <span class='ocrx_word' id='word_1_236' title='bbox 1446 3477 1664 3540; x_wconf 85' lang='lat' dir='ltr'><strong>saltem</strong></span> <span class='ocrx_word' id='word_1_237' title='bbox 1695 3483 1769 3539; x_wconf 89' lang='lat' dir='ltr'><strong>ut</strong></span> 
     </span>
     <span class='ocr_line' id='line_1_35' title="bbox 220 3570 1769 3648; baseline 0.002 -19"><span class='ocrx_word' id='word_1_238' title='bbox 220 3576 340 3648; x_wconf 88' lang='lat' dir='ltr'><strong>post</strong></span> <span class='ocrx_word' id='word_1_239' title='bbox 385 3570 684 3630; x_wconf 89' lang='lat' dir='ltr'><strong>delictum</strong></span> <span class='ocrx_word' id='word_1_240' title='bbox 739 3578 803 3632; x_wconf 89' lang='lat' dir='ltr'><strong>et</strong></span> <span class='ocrx_word' id='word_1_241' title='bbox 854 3576 999 3633; x_wconf 85' lang='lat' dir='ltr'><strong>ante</strong></span> <span class='ocrx_word' id='word_1_242' title='bbox 1045 3572 1412 3633; x_wconf 86' lang='lat' dir='ltr'><strong>sententiam</strong></span> <span class='ocrx_word' id='word_1_243' title='bbox 1459 3570 1568 3632; x_wconf 83' lang='lat' dir='ltr'><strong>illa</strong></span> <span class='ocrx_word' id='word_1_244' title='bbox 1604 3572 1769 3632; x_wconf 88' lang='lat' dir='ltr'><strong>dicto</strong></span> 
     </span>
     <span class='ocr_line' id='line_1_36' title="bbox 223 3663 1770 3726; baseline 0.003 -4"><span class='ocrx_word' id='word_1_245' title='bbox 223 3663 392 3723; x_wconf 89' lang='lat' dir='ltr'><strong>modo</strong></span> <span class='ocrx_word' id='word_1_246' title='bbox 416 3663 898 3725; x_wconf 84' lang='lat' dir='ltr'><strong>obtinuerit.·1n</strong></span> <span class='ocrx_word' id='word_1_247' title='bbox 941 3663 1058 3726; x_wconf 85' lang='lat' dir='ltr'><strong>hoc</strong></span> <span class='ocrx_word' id='word_1_248' title='bbox 1097 3667 1285 3725; x_wconf 85' lang='lat' dir='ltr'><strong>etiam</strong></span> <span class='ocrx_word' id='word_1_249' title='bbox 1313 3677 1528 3725; x_wconf 85' lang='lat' dir='ltr'><strong>omnes</strong></span> <span class='ocrx_word' id='word_1_250' title='bbox 1555 3682 1770 3726; x_wconf 80' lang='lat' dir='ltr'><strong>conve·</strong></span> 
     </span>
     <span class='ocr_line' id='line_1_37' title="bbox 221 3755 1772 3837; baseline 0.002 -23"><span class='ocrx_word' id='word_1_251' title='bbox 221 3757 408 3816; x_wconf 84' lang='lat' dir='ltr'><strong>niunt.</strong></span> <span class='ocrx_word' id='word_1_252' title='bbox 435 3757 520 3818; x_wconf 76' lang='lat' dir='ltr'><strong>Et</strong></span> <span class='ocrx_word' id='word_1_253' title='bbox 549 3757 708 3817; x_wconf 83' lang='lat' dir='ltr'><strong>ratio</strong></span> <span class='ocrx_word' id='word_1_254' title='bbox 735 3755 904 3818; x_wconf 82' lang='lat' dir='ltr'><strong>clara</strong></span> <span class='ocrx_word' id='word_1_255' title='bbox 945 3762 1056 3833; x_wconf 90' lang='lat' dir='ltr'><strong>est,</strong></span> <span class='ocrx_word' id='word_1_256' title='bbox 1087 3759 1232 3837; x_wconf 70' lang='lat' dir='ltr'><strong>qnia</strong></span> <span class='ocrx_word' id='word_1_257' title='bbox 1271 3756 1370 3816; x_wconf 81' lang='lat' dir='ltr'><strong>lex</strong></span> <span class='ocrx_word' id='word_1_258' title='bbox 1401 3773 1526 3817; x_wconf 89' lang='lat' dir='ltr'><strong>non</strong></span> <span class='ocrx_word' id='word_1_259' title='bbox 1555 3755 1772 3817; x_wconf 86' lang='lat' dir='ltr'><strong>confis-</strong></span> 
     </span>
     <span class='ocr_line' id='line_1_38' title="bbox 223 3847 1768 3931; baseline 0.002 -23"><span class='ocrx_word' id='word_1_260' title='bbox 223 3855 308 3908; x_wconf 85' lang='lat' dir='ltr'><strong>cat</strong></span> <span class='ocrx_word' id='word_1_261' title='bbox 321 3847 484 3910; x_wconf 77' lang='lat' dir='ltr'><strong>bona</strong></span> <span class='ocrx_word' id='word_1_262' title='bbox 506 3849 739 3927; x_wconf 71' lang='lat' dir='ltr'><strong>alienu,</strong></span> <span class='ocrx_word' id='word_1_263' title='bbox 759 3851 866 3912; x_wconf 84' lang='lat' dir='ltr'><strong>sed</strong></span> <span class='ocrx_word' id='word_1_264' title='bbox 889 3851 1137 3931; x_wconf 81' lang='lat' dir='ltr'><strong>propria</strong></span> <span class='ocrx_word' id='word_1_265' title='bbox 1154 3850 1286 3930; x_wconf 82' lang='lat' dir='ltr'><strong>ejus</strong></span> <span class='ocrx_word' id='word_1_266' title='bbox 1305 3851 1412 3930; x_wconf 86' lang='lat' dir='ltr'><strong>qui</strong></span> <span class='ocrx_word' id='word_1_267' title='bbox 1435 3851 1735 3930; x_wconf 80' lang='lat' dir='ltr'><strong>delinquit</strong></span> <span class='ocrx_word' id='word_1_268' title='bbox 1747 3867 1768 3930; x_wconf 92' lang='lat'>;</span> 
     </span>
     <span class='ocr_line' id='line_1_39' title="bbox 223 3943 1767 4024; baseline 0.003 -22"><span class='ocrx_word' id='word_1_269' title='bbox 223 3959 353 4021; x_wconf 83' lang='lat' dir='ltr'><strong>ergo</strong></span> <span class='ocrx_word' id='word_1_270' title='bbox 379 3961 528 4024; x_wconf 78' lang='lat' dir='ltr'><strong>qnae</strong></span> <span class='ocrx_word' id='word_1_271' title='bbox 563 3943 714 4005; x_wconf 82' lang='lat' dir='ltr'><strong>talia</strong></span> <span class='ocrx_word' id='word_1_272' title='bbox 735 3960 868 4006; x_wconf 87' lang='lat' dir='ltr'><strong>non</strong></span> <span class='ocrx_word' id='word_1_273' title='bbox 895 3943 1148 4019; x_wconf 67' lang='lat' dir='ltr'><strong>fuerint,</strong></span> <span class='ocrx_word' id='word_1_274' title='bbox 1179 3961 1306 4005; x_wconf 89' lang='lat' dir='ltr'><strong>non</strong></span> <span class='ocrx_word' id='word_1_275' title='bbox 1335 3943 1767 4006; x_wconf 82' lang='lat' dir='ltr'><strong>confiscantur.</strong></span> 
     </span>
     <span class='ocr_line' id='line_1_40' title="bbox 221 4037 1772 4120; baseline 0.003 -25"><span class='ocrx_word' id='word_1_276' title='bbox 221 4037 444 4099; x_wconf 81' lang='lat' dir='ltr'><strong>Dictum</strong></span> <span class='ocrx_word' id='word_1_277' title='bbox 490 4045 591 4101; x_wconf 81' lang='lat' dir='ltr'><strong>est</strong></span> <span class='ocrx_word' id='word_1_278' title='bbox 637 4039 828 4100; x_wconf 86' lang='lat' dir='ltr'><strong>etiam</strong></span> <span class='ocrx_word' id='word_1_279' title='bbox 874 4053 1059 4120; x_wconf 81' lang='lat' dir='ltr'><strong>supra</strong></span> <span class='ocrx_word' id='word_1_280' title='bbox 1099 4037 1594 4100; x_wconf 72' lang='lat' dir='ltr'><strong>confiscationem</strong></span> <span class='ocrx_word' id='word_1_281' title='bbox 1644 4054 1772 4100; x_wconf 88' lang='lat' dir='ltr'><strong>non</strong></span> 
     </span>
     <span class='ocr_line' id='line_1_41' title="bbox 224 4131 1768 4212; baseline 0.002 -23"><span class='ocrx_word' id='word_1_282' title='bbox 224 4132 452 4192; x_wconf 75' lang='lat' dir='ltr'><strong>extendi</strong></span> <span class='ocrx_word' id='word_1_283' title='bbox 485 4132 566 4192; x_wconf 86' lang='lat' dir='ltr'><strong>ad</strong></span> <span class='ocrx_word' id='word_1_284' title='bbox 601 4131 766 4192; x_wconf 83' lang='lat' dir='ltr'><strong>bona</strong></span> <span class='ocrx_word' id='word_1_285' title='bbox 802 4131 1174 4212; x_wconf 81' lang='lat' dir='ltr'><strong>acquirenda</strong></span> <span class='ocrx_word' id='word_1_286' title='bbox 1203 4138 1342 4212; x_wconf 85' lang='lat' dir='ltr'><strong>post</strong></span> <span class='ocrx_word' id='word_1_287' title='bbox 1375 4131 1768 4207; x_wconf 85' lang='lat' dir='ltr'><strong>sententiam,</strong></span> 
     </span>
     <span class='ocr_line' id='line_1_42' title="bbox 225 4225 1771 4306; baseline 0.001 -22"><span class='ocrx_word' id='word_1_288' title='bbox 225 4225 730 4303; x_wconf 70' lang='lat' dir='ltr'><strong>comprehendere</strong></span> <span class='ocrx_word' id='word_1_289' title='bbox 761 4232 978 4287; x_wconf 73' lang='lat' dir='ltr'><strong>nutem</strong></span> <span class='ocrx_word' id='word_1_290' title='bbox 1020 4227 1220 4286; x_wconf 78' lang='lat' dir='ltr'><strong>totum</strong></span> <span class='ocrx_word' id='word_1_291' title='bbox 1249 4228 1494 4306; x_wconf 81' lang='lat' dir='ltr'><strong>&#39;tempus</strong></span> <span class='ocrx_word' id='word_1_292' title='bbox 1535 4240 1572 4285; x_wconf 88' lang='grc'>8</span> <span class='ocrx_word' id='word_1_293' title='bbox 1604 4241 1771 4287; x_wconf 89' lang='lat' dir='ltr'><strong>com-</strong></span> 
     </span>
     <span class='ocr_line' id='line_1_43' title="bbox 221 4317 1773 4398; baseline 0.001 -22"><span class='ocrx_word' id='word_1_294' title='bbox 221 4319 392 4378; x_wconf 84' lang='lat' dir='ltr'><strong>misso</strong></span> <span class='ocrx_word' id='word_1_295' title='bbox 419 4318 684 4379; x_wconf 83' lang='lat' dir='ltr'><strong>crimine</strong></span> <span class='ocrx_word' id='word_1_296' title='bbox 717 4334 916 4398; x_wconf 86' lang='lat' dir='ltr'><strong>usqne</strong></span> <span class='ocrx_word' id='word_1_297' title='bbox 945 4317 1022 4380; x_wconf 79' lang='lat' dir='ltr'><strong>ad</strong></span> <span class='ocrx_word' id='word_1_298' title='bbox 1052 4319 1460 4393; x_wconf 79' lang='lat' dir='ltr'><strong>sententiam3</strong></span> <span class='ocrx_word' id='word_1_299' title='bbox 1499 4334 1646 4398; x_wconf 82' lang='lat' dir='ltr'><strong>ergo</strong></span> <span class='ocrx_word' id='word_1_300' title='bbox 1677 4319 1773 4378; x_wconf 87' lang='lat' dir='ltr'><strong>in-</strong></span> 
     </span>
     <span class='ocr_line' id='line_1_44' title="bbox 219 4405 1774 4492; baseline 0.002 -23"><span class='ocrx_word' id='word_1_301' title='bbox 219 4413 308 4470; x_wconf 82' lang='lat' dir='ltr'><strong>tra</strong></span> <span class='ocrx_word' id='word_1_302' title='bbox 326 4409 474 4472; x_wconf 89' lang='lat' dir='ltr'><strong>illud</strong></span> <span class='ocrx_word' id='word_1_303' title='bbox 511 4421 758 4474; x_wconf 81' lang='lat' dir='ltr'><strong>necesse</strong></span> <span class='ocrx_word' id='word_1_304' title='bbox 785 4416 876 4473; x_wconf 79' lang='lat' dir='ltr'><strong>est</strong></span> <span class='ocrx_word' id='word_1_305' title='bbox 904 4419 966 4474; x_wconf 90' lang='lat' dir='ltr'><strong>et</strong></span> <span class='ocrx_word' id='word_1_306' title='bbox 991 4405 1237 4486; x_wconf 75' lang='lat' dir='ltr'><strong>sufficit,</strong></span> <span class='ocrx_word' id='word_1_307' title='bbox 1266 4411 1429 4492; x_wconf 87' lang='lat' dir='ltr'><strong>quod</strong></span> <span class='ocrx_word' id='word_1_308' title='bbox 1445 4405 1617 4471; x_wconf 67' lang='lat' dir='ltr'><strong>‘bon-a</strong></span> <span class='ocrx_word' id='word_1_309' title='bbox 1642 4412 1774 4472; x_wconf 82' lang='lat' dir='ltr'><strong>fue-</strong></span> 
     </span>
     <span class='ocr_line' id='line_1_45' title="bbox 219 4502 1774 4585; baseline 0.003 -24"><span class='ocrx_word' id='word_1_310' title='bbox 219 4502 336 4563; x_wconf 84' lang='lat' dir='ltr'><strong>rint</strong></span> <span class='ocrx_word' id='word_1_311' title='bbox 358 4505 552 4584; x_wconf 81' lang='lat' dir='ltr'><strong>ipsins</strong></span> <span class='ocrx_word' id='word_1_312' title='bbox 575 4503 846 4566; x_wconf 73' lang='lat' dir='ltr'><strong>haeretici</strong></span> <span class='ocrx_word' id='word_1_313' title='bbox 877 4507 1142 4585; x_wconf 83' lang='lat' dir='ltr'><strong>propria.</strong></span> <span class='ocrx_word' id='word_1_314' title='bbox 1166 4503 1398 4566; x_wconf 70' lang='lat' dir='ltr'><strong>&#39;Deinde</strong></span> <span class='ocrx_word' id='word_1_315' title='bbox 1426 4503 1774 4566; x_wconf 85' lang='lat' dir='ltr'><strong>declaratur</strong></span> 
     </span>
     <span class='ocr_line' id='line_1_46' title="bbox 225 4596 1772 4677; baseline 0.003 -22"><span class='ocrx_word' id='word_1_316' title='bbox 225 4597 522 4658; x_wconf 81' lang='lat' dir='ltr'><strong>nonnullis</strong></span> <span class='ocrx_word' id='word_1_317' title='bbox 572 4599 870 4677; x_wconf 82' lang='lat' dir='ltr'><strong>exemplis</strong></span> <span class='ocrx_word' id='word_1_318' title='bbox 903 4620 918 4658; x_wconf 71' lang='grc' dir='ltr'><em>τ</em></span> <span class='ocrx_word' id='word_1_319' title='bbox 965 4614 1112 4659; x_wconf 84' lang='lat' dir='ltr'><strong>nam</strong></span> <span class='ocrx_word' id='word_1_320' title='bbox 1160 4599 1212 4658; x_wconf 91' lang='lat' dir='ltr'><strong>si</strong></span> <span class='ocrx_word' id='word_1_321' title='bbox 1249 4596 1581 4658; x_wconf 75' lang='lat' dir='ltr'><strong>&#39;haereticus</strong></span> <span class='ocrx_word' id='word_1_322' title='bbox 1627 4601 1772 4659; x_wconf 82' lang='lat' dir='ltr'><strong>ante.</strong></span> 
     </span>
     <span class='ocr_line' id='line_1_47' title="bbox 225 4689 1772 4769; baseline 0.002 -21"><span class='ocrx_word' id='word_1_323' title='bbox 225 4691 608 4750; x_wconf 82' lang='lat' dir='ltr'><strong>commissum</strong></span> <span class='ocrx_word' id='word_1_324' title='bbox 659 4692 919 4764; x_wconf 72' lang='lat' dir='ltr'><strong>crimen,</strong></span> <span class='ocrx_word' id='word_1_325' title='bbox 969 4689 1248 4752; x_wconf 75' lang='lat' dir='ltr'><strong>absolute</strong></span> <span class='ocrx_word' id='word_1_326' title='bbox 1296 4695 1358 4750; x_wconf 86' lang='lat' dir='ltr'><strong>et</strong></span> <span class='ocrx_word' id='word_1_327' title='bbox 1410 4689 1772 4769; x_wconf 82' lang='lat' dir='ltr'><strong>simpliciter</strong></span> 
     </span>
     <span class='ocr_line' id='line_1_48' title="bbox 223 4781 1772 4864; baseline 0.002 -25"><span class='ocrx_word' id='word_1_328' title='bbox 223 4781 459 4843; x_wconf 79' lang='lat' dir='ltr'><strong>donavit</strong></span> <span class='ocrx_word' id='word_1_329' title='bbox 496 4784 730 4864; x_wconf 86' lang='lat' dir='ltr'><strong>aliquid</strong></span> <span class='ocrx_word' id='word_1_330' title='bbox 774 4784 850 4844; x_wconf 91' lang='lat' dir='ltr'><strong>de</strong></span> <span class='ocrx_word' id='word_1_331' title='bbox 877 4783 1056 4844; x_wconf 89' lang='lat' dir='ltr'><strong>honis</strong></span> <span class='ocrx_word' id='word_1_332' title='bbox 1087 4783 1213 4844; x_wconf 87' lang='lat' dir='ltr'><strong>suis</strong></span> <span class='ocrx_word' id='word_1_333' title='bbox 1241 4781 1442 4857; x_wconf 88' lang='lat' dir='ltr'><strong>alteri,</strong></span> <span class='ocrx_word' id='word_1_334' title='bbox 1488 4781 1772 4862; x_wconf 82' lang='lat' dir='ltr'><strong>quamvis</strong></span> 
     </span>
     <span class='ocr_line' id='line_1_49' title="bbox 223 4873 1770 4952; baseline -0.001 -17"><span class='ocrx_word' id='word_1_335' title='bbox 223 4883 418 4952; x_wconf 81' lang='lat' dir='ltr'><strong>postea</strong></span> <span class='ocrx_word' id='word_1_336' title='bbox 444 4875 680 4936; x_wconf 74' lang='lat' dir='ltr'><strong>inc-idat</strong></span> <span class='ocrx_word' id='word_1_337' title='bbox 715 4875 781 4936; x_wconf 87' lang='lat' dir='ltr'><strong>in</strong></span> <span class='ocrx_word' id='word_1_338' title='bbox 811 4875 1111 4947; x_wconf 79' lang='lat' dir='ltr'><strong>haercsim,</strong></span> <span class='ocrx_word' id='word_1_339' title='bbox 1139 4874 1295 4935; x_wconf 88' lang='lat' dir='ltr'><strong>illud</strong></span> <span class='ocrx_word' id='word_1_340' title='bbox 1323 4890 1450 4935; x_wconf 78' lang='lat' dir='ltr'><strong>non</strong></span> <span class='ocrx_word' id='word_1_341' title='bbox 1479 4873 1770 4934; x_wconf 80' lang='lat' dir='ltr'><strong>confisca-</strong></span> 
     </span>
     <span class='ocr_line' id='line_1_50' title="bbox 224 4965 1774 5049; baseline 0.001 -23"><span class='ocrx_word' id='word_1_342' title='bbox 224 4973 337 5040; x_wconf 88' lang='lat' dir='ltr'><strong>tur,</strong></span> <span class='ocrx_word' id='word_1_343' title='bbox 367 4968 514 5048; x_wconf 82' lang='lat' dir='ltr'><strong>quia</strong></span> <span class='ocrx_word' id='word_1_344' title='bbox 553 4969 683 5049; x_wconf 78' lang='lat' dir='ltr'><strong>jam</strong></span> <span class='ocrx_word' id='word_1_345' title='bbox 715 4985 841 5030; x_wconf 89' lang='lat' dir='ltr'><strong>non</strong></span> <span class='ocrx_word' id='word_1_346' title='bbox 885 4973 980 5029; x_wconf 86' lang='lat' dir='ltr'><strong>est</strong></span> <span class='ocrx_word' id='word_1_347' title='bbox 1013 4969 1080 5028; x_wconf 85' lang='lat' dir='ltr'><strong>in</strong></span> <span class='ocrx_word' id='word_1_348' title='bbox 1107 4965 1287 5028; x_wconf 85' lang='lat' dir='ltr'><strong>bonis</strong></span> <span class='ocrx_word' id='word_1_349' title='bbox 1325 4967 1479 5046; x_wconf 67' lang='lat' dir='ltr'><strong>eim,</strong></span> <span class='ocrx_word' id='word_1_350' title='bbox 1512 4973 1574 5028; x_wconf 89' lang='lat' dir='ltr'><strong>et</strong></span> <span class='ocrx_word' id='word_1_351' title='bbox 1611 4966 1774 5046; x_wconf 85' lang='lat' dir='ltr'><strong>quod</strong></span> 
     </span>
     <span class='ocr_line' id='line_1_51' title="bbox 221 5058 1775 5142; baseline 0.003 -22"><span class='ocrx_word' id='word_1_352' title='bbox 221 5061 397 5122; x_wconf 75' lang='lat' dir='ltr'><strong>fuerit</strong></span> <span class='ocrx_word' id='word_1_353' title='bbox 418 5074 640 5142; x_wconf 77' lang='lat' dir='ltr'><strong>pamm</strong></span> <span class='ocrx_word' id='word_1_354' title='bbox 669 5061 880 5123; x_wconf 84' lang='lat' dir='ltr'><strong>refert.</strong></span> <span class='ocrx_word' id='word_1_355' title='bbox 911 5058 1050 5122; x_wconf 84' lang='lat' dir='ltr'><strong>Dixi</strong></span> <span class='ocrx_word' id='word_1_356' title='bbox 1083 5067 1316 5136; x_wconf 82' lang='lat' dir='ltr'><strong>autem,</strong></span> <span class='ocrx_word' id='word_1_357' title='bbox 1342 5059 1402 5124; x_wconf 73' lang='lat' dir='ltr'><strong>si</strong></span> <span class='ocrx_word' id='word_1_358' title='bbox 1427 5059 1691 5125; x_wconf 74' lang='lat' dir='ltr'><strong>absolute</strong></span> <span class='ocrx_word' id='word_1_359' title='bbox 1716 5068 1775 5124; x_wconf 79' lang='lat' dir='ltr'><strong>et</strong></span> 
     </span>
     <span class='ocr_line' id='line_1_52' title="bbox 226 5153 1775 5236; baseline 0 -22"><span class='ocrx_word' id='word_1_360' title='bbox 226 5154 574 5236; x_wconf 75' lang='lat' dir='ltr'><strong>simpliciter</strong></span> <span class='ocrx_word' id='word_1_361' title='bbox 605 5155 869 5230; x_wconf 62' lang='grc' dir='ltr'><strong>ᾰοπαυῆ,</strong></span> <span class='ocrx_word' id='word_1_362' title='bbox 909 5155 1057 5234; x_wconf 84' lang='lat' dir='ltr'><strong>quia</strong></span> <span class='ocrx_word' id='word_1_363' title='bbox 1091 5153 1154 5214; x_wconf 84' lang='lat' dir='ltr'><strong>si</strong></span> <span class='ocrx_word' id='word_1_364' title='bbox 1199 5153 1452 5215; x_wconf 85' lang='lat' dir='ltr'><strong>donatio</strong></span> <span class='ocrx_word' id='word_1_365' title='bbox 1497 5154 1663 5215; x_wconf 80' lang='lat' dir='ltr'><strong>&#39;facta</strong></span> <span class='ocrx_word' id='word_1_366' title='bbox 1693 5155 1775 5215; x_wconf 90' lang='lat' dir='ltr'><strong>sit</strong></span> 
     </span>
    </p>
   </div>
   <div class='ocr_carea' id='block_1_3' title="bbox 223 5247 1783 5324">
    <p class='ocr_par' dir='ltr' id='par_1_4' title="bbox 223 5247 1783 5324">
     <span class='ocr_line' id='line_1_53' title="bbox 223 5247 1783 5324; baseline 0.001 -17"><span class='ocrx_word' id='word_1_367' title='bbox 223 5251 459 5309; x_wconf 85' lang='lat' dir='ltr'><strong>tantum</strong></span> <span class='ocrx_word' id='word_1_368' title='bbox 491 5248 608 5309; x_wconf 87' lang='lat' dir='ltr'><strong>sub</strong></span> <span class='ocrx_word' id='word_1_369' title='bbox 649 5247 1025 5324; x_wconf 77' lang='lat' dir='ltr'><strong>conditione,</strong></span> <span class='ocrx_word' id='word_1_370' title='bbox 1068 5253 1130 5308; x_wconf 87' lang='lat' dir='ltr'><strong>ct</strong></span> <span class='ocrx_word' id='word_1_371' title='bbox 1164 5247 1435 5308; x_wconf 84' lang='lat' dir='ltr'><strong>conditio</strong></span> <span class='ocrx_word' id='word_1_372' title='bbox 1482 5263 1609 5308; x_wconf 87' lang='lat' dir='ltr'><strong>non</strong></span> <span class='ocrx_word' id='word_1_373' title='bbox 1651 5247 1783 5309; x_wconf 82' lang='lat' dir='ltr'><strong>&#39;fnit</strong></span> 
     </span>
    </p>
   </div>
   <div class='ocr_carea' id='block_1_4' title="bbox 227 5337 1777 5606">
    <p class='ocr_par' dir='ltr' id='par_1_5' title="bbox 227 5337 1777 5606">
     <span class='ocr_line' id='line_1_54' title="bbox 227 5337 1777 5420; baseline 0.003 -22"><span class='ocrx_word' id='word_1_374' title='bbox 227 5337 467 5419; x_wconf 81' lang='lat' dir='ltr'><strong>impleta</strong></span> <span class='ocrx_word' id='word_1_375' title='bbox 517 5346 660 5402; x_wconf 82' lang='lat' dir='ltr'><strong>ante</strong></span> <span class='ocrx_word' id='word_1_376' title='bbox 701 5340 1020 5415; x_wconf 65' lang='lat' dir='ltr'><strong>delictum,</strong></span> <span class='ocrx_word' id='word_1_377' title='bbox 1070 5341 1356 5420; x_wconf 64' lang='lat' dir='ltr'><strong>quamvis</strong></span> <span class='ocrx_word' id='word_1_378' title='bbox 1401 5345 1612 5420; x_wconf 76' lang='lat' dir='ltr'><strong>postea</strong></span> <span class='ocrx_word' id='word_1_379' title='bbox 1659 5340 1777 5402; x_wconf 89' lang='lat' dir='ltr'><strong>im-</strong></span> 
     </span>
     <span class='ocr_line' id='line_1_55' title="bbox 227 5431 1772 5511; baseline 0 -19"><span class='ocrx_word' id='word_1_380' title='bbox 227 5431 478 5511; x_wconf 87' lang='lat' dir='ltr'><strong>pleatur,</strong></span> <span class='ocrx_word' id='word_1_381' title='bbox 505 5431 669 5496; x_wconf 76' lang='lat' dir='ltr'><strong>bona</strong></span> <span class='ocrx_word' id='word_1_382' title='bbox 713 5434 801 5495; x_wconf 86' lang='lat' dir='ltr'><strong>sic</strong></span> <span class='ocrx_word' id='word_1_383' title='bbox 842 5434 1071 5495; x_wconf 67' lang='lat' dir='ltr'><strong>donata</strong></span> <span class='ocrx_word' id='word_1_384' title='bbox 1119 5431 1449 5494; x_wconf 76' lang='lat' dir='ltr'><strong>confiscata</strong></span> <span class='ocrx_word' id='word_1_385' title='bbox 1494 5439 1772 5510; x_wconf 79' lang='lat' dir='ltr'><strong>manent,</strong></span> 
     </span>
     <span class='ocr_line' id='line_1_56' title="bbox 228 5527 1776 5606; baseline 0.001 -20"><span class='ocrx_word' id='word_1_386' title='bbox 228 5527 362 5606; x_wconf 82' lang='lat' dir='ltr'><strong>quia</strong></span> <span class='ocrx_word' id='word_1_387' title='bbox 397 5527 646 5590; x_wconf 81' lang='lat' dir='ltr'><strong>donatio</strong></span> <span class='ocrx_word' id='word_1_388' title='bbox 687 5527 804 5592; x_wconf 77' lang='lat' dir='ltr'><strong>suh</strong></span> <span class='ocrx_word' id='word_1_389' title='bbox 831 5527 1194 5596; x_wconf 57' lang='lat' dir='ltr'><strong>‘conditione</strong></span> <span class='ocrx_word' id='word_1_390' title='bbox 1235 5537 1362 5592; x_wconf 83' lang='lat' dir='ltr'><strong>non</strong></span> <span class='ocrx_word' id='word_1_391' title='bbox 1395 5531 1490 5590; x_wconf 80' lang='lat' dir='ltr'><strong>est</strong></span> <span class='ocrx_word' id='word_1_392' title='bbox 1525 5527 1776 5595; x_wconf 79' lang='lat' dir='ltr'><strong>donatio</strong></span> 
     </span>
    </p>
   </div>
   <div class='ocr_carea' id='block_1_5' title="bbox 3296 393 3407 453">
    <p class='ocr_par' dir='ltr' id='par_1_6' title="bbox 3296 393 3407 453">
     <span class='ocr_line' id='line_1_57' title="bbox 3296 393 3407 453; baseline 0 0"><span class='ocrx_word' id='word_1_393' title='bbox 3296 393 3407 453; x_wconf 77' lang='lat'><strong>571</strong></span> 
     </span>
    </p>
   </div>
   <div class='ocr_carea' id='block_1_6' title="bbox 1843 491 3419 5611">
    <p class='ocr_par' dir='ltr' id='par_1_7' title="bbox 1843 491 3415 2064">
     <span class='ocr_line' id='line_1_58' title="bbox 1851 491 3415 572; baseline 0.001 -20"><span class='ocrx_word' id='word_1_394' title='bbox 1851 491 2235 572; x_wconf 89' lang='lat' dir='ltr'><strong>simpliciter,</strong></span> <span class='ocrx_word' id='word_1_395' title='bbox 2275 510 2389 555; x_wconf 89' lang='lat' dir='ltr'><strong>nec</strong></span> <span class='ocrx_word' id='word_1_396' title='bbox 2434 495 2723 556; x_wconf 76' lang='lat' dir='ltr'><strong>transfert</strong></span> <span class='ocrx_word' id='word_1_397' title='bbox 2759 493 3127 572; x_wconf 88' lang='lat' dir='ltr'><strong>dominium,</strong></span> <span class='ocrx_word' id='word_1_398' title='bbox 3158 501 3230 558; x_wconf 87' lang='lat' dir='ltr'><strong>ut</strong></span> <span class='ocrx_word' id='word_1_399' title='bbox 3270 517 3415 560; x_wconf 90' lang='lat' dir='ltr'><strong>con.</strong></span> 
     </span>
     <span class='ocr_line' id='line_1_59' title="bbox 1849 585 3415 670; baseline 0.005 -25"><span class='ocrx_word' id='word_1_400' title='bbox 1849 591 1971 646; x_wconf 85' lang='lat' dir='ltr'><strong>stat</strong></span> <span class='ocrx_word' id='word_1_401' title='bbox 2016 603 2092 646; x_wconf 83' lang='lat' dir='ltr'><strong>ex</strong></span> <span class='ocrx_word' id='word_1_402' title='bbox 2134 585 2180 647; x_wconf 92' lang='lat' dir='ltr'><strong>l.</strong></span> <span class='ocrx_word' id='word_1_403' title='bbox 2229 590 2288 663; x_wconf 84' lang='lat'><strong>1,</strong></span> <span class='ocrx_word' id='word_1_404' title='bbox 2322 586 2389 648; x_wconf 80' lang='lat' dir='ltr'><strong>ff.</strong></span> <span class='ocrx_word' id='word_1_405' title='bbox 2432 588 2509 648; x_wconf 89' lang='lat' dir='ltr'><strong>de</strong></span> <span class='ocrx_word' id='word_1_406' title='bbox 2554 588 2810 664; x_wconf 86' lang='lat' dir='ltr'><strong>Donat.‚</strong></span> <span class='ocrx_word' id='word_1_407' title='bbox 2842 588 3038 649; x_wconf 88' lang='lat' dir='ltr'><strong>donec</strong></span> <span class='ocrx_word' id='word_1_408' title='bbox 3083 589 3415 670; x_wconf 86' lang='lat' dir='ltr'><strong>impleatur</strong></span> 
     </span>
     <span class='ocr_line' id='line_1_60' title="bbox 1849 677 3409 764; baseline 0.005 -26"><span class='ocrx_word' id='word_1_409' title='bbox 1849 677 2153 755; x_wconf 77' lang='lat' dir='ltr'><strong>con-diti03</strong></span> <span class='ocrx_word' id='word_1_410' title='bbox 2176 695 2285 758; x_wconf 87' lang='lat' dir='ltr'><strong>per</strong></span> <span class='ocrx_word' id='word_1_411' title='bbox 2317 679 2605 741; x_wconf 67' lang='lat' dir='ltr'><strong>&#39;haeresim</strong></span> <span class='ocrx_word' id='word_1_412' title='bbox 2633 685 2838 741; x_wconf 88' lang='lat' dir='ltr'><strong>autem</strong></span> <span class='ocrx_word' id='word_1_413' title='bbox 2868 681 3073 743; x_wconf 80' lang='lat' dir='ltr'><strong>ablata</strong></span> <span class='ocrx_word' id='word_1_414' title='bbox 3100 689 3190 743; x_wconf 85' lang='lat' dir='ltr'><strong>est</strong></span> <span class='ocrx_word' id='word_1_415' title='bbox 3210 689 3409 764; x_wconf 81' lang='lat' dir='ltr'><strong>potes-</strong></span> 
     </span>
     <span class='ocr_line' id='line_1_61' title="bbox 1847 769 3413 852; baseline 0.006 -23"><span class='ocrx_word' id='word_1_416' title='bbox 1847 775 1946 830; x_wconf 81' lang='lat' dir='ltr'><strong>tas</strong></span> <span class='ocrx_word' id='word_1_417' title='bbox 1994 769 2405 833; x_wconf 77' lang='lat' dir='ltr'><strong>transferendi</strong></span> <span class='ocrx_word' id='word_1_418' title='bbox 2446 774 2795 834; x_wconf 87' lang='lat' dir='ltr'><strong>dominium</strong></span> <span class='ocrx_word' id='word_1_419' title='bbox 2843 773 3217 852; x_wconf 78' lang='lat' dir='ltr'><strong>absolutum,</strong></span> <span class='ocrx_word' id='word_1_420' title='bbox 3260 784 3323 838; x_wconf 86' lang='lat' dir='ltr'><strong>et</strong></span> <span class='ocrx_word' id='word_1_421' title='bbox 3375 797 3413 839; x_wconf 91' lang='grc'>8</span> 
     </span>
     <span class='ocr_line' id='line_1_62' title="bbox 1845 863 3414 944; baseline 0.004 -20"><span class='ocrx_word' id='word_1_422' title='bbox 1845 863 2284 926; x_wconf 79' lang='lat' dir='ltr'><strong>confiscatione</strong></span> <span class='ocrx_word' id='word_1_423' title='bbox 2312 863 2599 944; x_wconf 89' lang='lat' dir='ltr'><strong>liberum,</strong></span> <span class='ocrx_word' id='word_1_424' title='bbox 2622 874 2684 928; x_wconf 92' lang='lat' dir='ltr'><strong>et</strong></span> <span class='ocrx_word' id='word_1_425' title='bbox 2711 867 2851 929; x_wconf 89' lang='lat' dir='ltr'><strong>ideo</strong></span> <span class='ocrx_word' id='word_1_426' title='bbox 2873 867 3225 929; x_wconf 85' lang='lat' dir='ltr'><strong>confiscatio</strong></span> <span class='ocrx_word' id='word_1_427' title='bbox 3248 870 3414 933; x_wconf 84' lang='lat' dir='ltr'><strong>circa</strong></span> 
     </span>
     <span class='ocr_line' id='line_1_63' title="bbox 1844 956 3412 1038; baseline 0.005 -22"><span class='ocrx_word' id='word_1_428' title='bbox 1844 956 1997 1017; x_wconf 85' lang='lat' dir='ltr'><strong>talia</strong></span> <span class='ocrx_word' id='word_1_429' title='bbox 2034 957 2199 1038; x_wconf 61' lang='lat' dir='ltr'><strong>hona</strong></span> <span class='ocrx_word' id='word_1_430' title='bbox 2240 959 2445 1020; x_wconf 88' lang='lat' dir='ltr'><strong>locum</strong></span> <span class='ocrx_word' id='word_1_431' title='bbox 2483 960 2688 1021; x_wconf 84' lang='lat' dir='ltr'><strong>habet&#39;.</strong></span> <span class='ocrx_word' id='word_1_432' title='bbox 2730 961 2901 1022; x_wconf 86' lang='lat' dir='ltr'><strong>Idem</strong></span> <span class='ocrx_word' id='word_1_433' title='bbox 2938 967 3027 1022; x_wconf 83' lang='lat' dir='ltr'><strong>est</strong></span> <span class='ocrx_word' id='word_1_434' title='bbox 3064 962 3115 1022; x_wconf 88' lang='lat' dir='ltr'><strong>si</strong></span> <span class='ocrx_word' id='word_1_435' title='bbox 3161 962 3412 1025; x_wconf 82' lang='lat' dir='ltr'><strong>donatio</strong></span> 
     </span>
     <span class='ocr_line' id='line_1_64' title="bbox 1843 1049 3414 1132; baseline 0.005 -23"><span class='ocrx_word' id='word_1_436' title='bbox 1843 1049 2007 1110; x_wconf 83' lang='lat' dir='ltr'><strong>facta</strong></span> <span class='ocrx_word' id='word_1_437' title='bbox 2034 1049 2156 1111; x_wconf 85' lang='lat' dir='ltr'><strong>fuit</strong></span> <span class='ocrx_word' id='word_1_438' title='bbox 2184 1069 2309 1113; x_wconf 89' lang='lat' dir='ltr'><strong>non</strong></span> <span class='ocrx_word' id='word_1_439' title='bbox 2333 1053 2693 1132; x_wconf 87' lang='lat' dir='ltr'><strong>simpliciter</strong></span> <span class='ocrx_word' id='word_1_440' title='bbox 2717 1055 2883 1115; x_wconf 87' lang='lat' dir='ltr'><strong>inter</strong></span> <span class='ocrx_word' id='word_1_441' title='bbox 2906 1054 3101 1130; x_wconf 73' lang='lat' dir='ltr'><strong>vivoS,</strong></span> <span class='ocrx_word' id='word_1_442' title='bbox 3128 1057 3233 1116; x_wconf 85' lang='lat' dir='ltr'><strong>sed</strong></span> <span class='ocrx_word' id='word_1_443' title='bbox 3269 1075 3414 1118; x_wconf 85' lang='lat' dir='ltr'><strong>cau-</strong></span> 
     </span>
     <span class='ocr_line' id='line_1_65' title="bbox 1847 1143 3414 1229; baseline 0.005 -26"><span class='ocrx_word' id='word_1_444' title='bbox 1847 1159 1916 1203; x_wconf 84' lang='lat' dir='ltr'><strong>sa</strong></span> <span class='ocrx_word' id='word_1_445' title='bbox 1946 1145 2163 1205; x_wconf 88' lang='lat' dir='ltr'><strong>mortis</strong></span> <span class='ocrx_word' id='word_1_446' title='bbox 2174 1162 2197 1223; x_wconf 88' lang='lat'>;</span> <span class='ocrx_word' id='word_1_447' title='bbox 2216 1163 2365 1206; x_wconf 88' lang='lat' dir='ltr'><strong>nam</strong></span> <span class='ocrx_word' id='word_1_448' title='bbox 2396 1143 2503 1207; x_wconf 74' lang='lat' dir='ltr'><strong>ina</strong></span> <span class='ocrx_word' id='word_1_449' title='bbox 2532 1146 2719 1207; x_wconf 70' lang='lat' dir='ltr'><strong>etiam</strong></span> <span class='ocrx_word' id='word_1_450' title='bbox 2746 1165 2871 1207; x_wconf 82' lang='lat' dir='ltr'><strong>non</strong></span> <span class='ocrx_word' id='word_1_451' title='bbox 2898 1153 2990 1208; x_wconf 88' lang='lat' dir='ltr'><strong>est</strong></span> <span class='ocrx_word' id='word_1_452' title='bbox 3010 1147 3280 1229; x_wconf 84' lang='lat' dir='ltr'><strong>perfecta</strong></span> <span class='ocrx_word' id='word_1_453' title='bbox 3306 1150 3414 1211; x_wconf 89' lang='lat' dir='ltr'><strong>do-</strong></span> 
     </span>
     <span class='ocr_line' id='line_1_66' title="bbox 1846 1237 3413 1314; baseline 0.004 -16"><span class='ocrx_word' id='word_1_454' title='bbox 1846 1237 2040 1314; x_wconf 86' lang='lat' dir='ltr'><strong>natio,</strong></span> <span class='ocrx_word' id='word_1_455' title='bbox 2072 1253 2188 1300; x_wconf 84' lang='lat' dir='ltr'><strong>nec</strong></span> <span class='ocrx_word' id='word_1_456' title='bbox 2232 1241 2525 1302; x_wconf 76' lang='lat' dir='ltr'><strong>transfert</strong></span> <span class='ocrx_word' id='word_1_457' title='bbox 2561 1239 2934 1314; x_wconf 81' lang='lat' dir='ltr'><strong>dominium,</strong></span> <span class='ocrx_word' id='word_1_458' title='bbox 2964 1240 3101 1302; x_wconf 83' lang='lat' dir='ltr'><strong>imo‘</strong></span> <span class='ocrx_word' id='word_1_459' title='bbox 3137 1243 3413 1306; x_wconf 82' lang='lat' dir='ltr'><strong>revocari</strong></span> 
     </span>
     <span class='ocr_line' id='line_1_67' title="bbox 1848 1333 3412 1412; baseline 0.005 -22"><span class='ocrx_word' id='word_1_460' title='bbox 1848 1345 2094 1410; x_wconf 78' lang='lat' dir='ltr'><strong>semper</strong></span> <span class='ocrx_word' id='word_1_461' title='bbox 2118 1337 2316 1412; x_wconf 85' lang='lat' dir='ltr'><strong>potest</strong></span> <span class='ocrx_word' id='word_1_462' title='bbox 2334 1340 2482 1394; x_wconf 84' lang='lat' dir='ltr'><strong>ante</strong></span> <span class='ocrx_word' id='word_1_463' title='bbox 2498 1341 2803 1410; x_wconf 81' lang='lat' dir='ltr'><strong>mortem3</strong></span> <span class='ocrx_word' id='word_1_464' title='bbox 2826 1341 2887 1395; x_wconf 78' lang='lat' dir='ltr'><strong>et</strong></span> <span class='ocrx_word' id='word_1_465' title='bbox 2904 1333 3049 1396; x_wconf 90' lang='lat' dir='ltr'><strong>ideo</strong></span> <span class='ocrx_word' id='word_1_466' title='bbox 3074 1336 3159 1396; x_wconf 88' lang='lat' dir='ltr'><strong>sic</strong></span> <span class='ocrx_word' id='word_1_467' title='bbox 3184 1336 3412 1398; x_wconf 86' lang='lat' dir='ltr'><strong>donata</strong></span> 
     </span>
     <span class='ocr_line' id='line_1_68' title="bbox 1847 1423 3408 1508; baseline 0.004 -25"><span class='ocrx_word' id='word_1_468' title='bbox 1847 1423 1963 1484; x_wconf 79' lang='lat' dir='ltr'><strong>sub</strong></span> <span class='ocrx_word' id='word_1_469' title='bbox 1992 1425 2233 1486; x_wconf 80' lang='lat' dir='ltr'><strong>donatis</strong></span> <span class='ocrx_word' id='word_1_470' title='bbox 2262 1423 2377 1486; x_wconf 85' lang='lat' dir='ltr'><strong>sub</strong></span> <span class='ocrx_word' id='word_1_471' title='bbox 2399 1425 2752 1488; x_wconf 80' lang='lat' dir='ltr'><strong>conditione</strong></span> <span class='ocrx_word' id='word_1_472' title='bbox 2776 1429 3408 1508; x_wconf 82' lang='lat' dir='ltr'><strong>comprehenduntur,</strong></span> 
     </span>
     <span class='ocr_line' id='line_1_69' title="bbox 1847 1519 3413 1604; baseline 0.005 -26"><span class='ocrx_word' id='word_1_473' title='bbox 1847 1522 1909 1579; x_wconf 77' lang='lat' dir='ltr'><strong>‘et</strong></span> <span class='ocrx_word' id='word_1_474' title='bbox 1941 1525 2079 1596; x_wconf 86' lang='lat' dir='ltr'><strong>post</strong></span> <span class='ocrx_word' id='word_1_475' title='bbox 2116 1525 2380 1580; x_wconf 85' lang='lat' dir='ltr'><strong>mortem</strong></span> <span class='ocrx_word' id='word_1_476' title='bbox 2416 1519 2720 1596; x_wconf 67' lang='lat' dir='ltr'><strong>haeretici,</strong></span> <span class='ocrx_word' id='word_1_477' title='bbox 2762 1521 2951 1582; x_wconf 81' lang='lat' dir='ltr'><strong>etiam</strong></span> <span class='ocrx_word' id='word_1_478' title='bbox 2987 1536 3025 1582; x_wconf 84' lang='lat' dir='ltr'><strong>a</strong></span> <span class='ocrx_word' id='word_1_479' title='bbox 3048 1521 3198 1583; x_wconf 79' lang='lat' dir='ltr'><strong>fisco</strong></span> <span class='ocrx_word' id='word_1_480' title='bbox 3238 1537 3413 1604; x_wconf 85' lang='lat' dir='ltr'><strong>repe·</strong></span> 
     </span>
     <span class='ocr_line' id='line_1_70' title="bbox 1845 1610 3405 1691; baseline 0.003 -20"><span class='ocrx_word' id='word_1_481' title='bbox 1845 1615 2084 1672; x_wconf 88' lang='lat' dir='ltr'><strong>tentur.</strong></span> <span class='ocrx_word' id='word_1_482' title='bbox 2117 1611 2207 1672; x_wconf 83' lang='lat' dir='ltr'><strong>lta</strong></span> <span class='ocrx_word' id='word_1_483' title='bbox 2243 1613 2583 1689; x_wconf 74' lang='lat' dir='ltr'><strong>SimancaS,</strong></span> <span class='ocrx_word' id='word_1_484' title='bbox 2628 1628 2877 1674; x_wconf 85' lang='lat' dir='ltr'><strong>numer.</strong></span> <span class='ocrx_word' id='word_1_485' title='bbox 2908 1617 2988 1691; x_wconf 81' lang='lat'><strong>93</strong></span> <span class='ocrx_word' id='word_1_486' title='bbox 3026 1610 3405 1690; x_wconf 80' lang='lat' dir='ltr'><strong>Farinacius,</strong></span> 
     </span>
     <span class='ocr_line' id='line_1_71' title="bbox 1847 1703 3413 1786; baseline 0.004 -23"><span class='ocrx_word' id='word_1_487' title='bbox 1847 1703 2009 1764; x_wconf 72' lang='lat' dir='ltr'><strong>elicta</strong></span> <span class='ocrx_word' id='word_1_488' title='bbox 2052 1707 2387 1784; x_wconf 77' lang='lat' dir='ltr'><strong>quaestione</strong></span> <span class='ocrx_word' id='word_1_489' title='bbox 2419 1706 2558 1782; x_wconf 78' lang='grc'>190,</span> <span class='ocrx_word' id='word_1_490' title='bbox 2586 1721 2833 1786; x_wconf 80' lang='lat' dir='ltr'><strong>paragr.</strong></span> <span class='ocrx_word' id='word_1_491' title='bbox 2864 1710 2922 1783; x_wconf 90' lang='grc'><strong>1,</strong></span> <span class='ocrx_word' id='word_1_492' title='bbox 2958 1723 3218 1768; x_wconf 89' lang='lat' dir='ltr'><strong>numero</strong></span> <span class='ocrx_word' id='word_1_493' title='bbox 3259 1708 3413 1770; x_wconf 87' lang='lat' dir='ltr'><strong>duo-</strong></span> 
     </span>
     <span class='ocr_line' id='line_1_72' title="bbox 1847 1796 3411 1879; baseline 0.003 -21"><span class='ocrx_word' id='word_1_494' title='bbox 1847 1797 2111 1872; x_wconf 83' lang='lat' dir='ltr'><strong>decimo,</strong></span> <span class='ocrx_word' id='word_1_495' title='bbox 2163 1802 2227 1858; x_wconf 86' lang='lat' dir='ltr'><strong>et</strong></span> <span class='ocrx_word' id='word_1_496' title='bbox 2270 1797 2402 1876; x_wconf 87' lang='lat' dir='ltr'><strong>alii,</strong></span> <span class='ocrx_word' id='word_1_497' title='bbox 2453 1803 2515 1860; x_wconf 92' lang='lat' dir='ltr'><strong>et</strong></span> <span class='ocrx_word' id='word_1_498' title='bbox 2558 1799 2825 1861; x_wconf 84' lang='lat' dir='ltr'><strong>sumitur</strong></span> <span class='ocrx_word' id='word_1_499' title='bbox 2878 1817 2953 1861; x_wconf 85' lang='lat' dir='ltr'><strong>ex</strong></span> <span class='ocrx_word' id='word_1_500' title='bbox 2996 1799 3120 1879; x_wconf 81' lang='lat' dir='ltr'><strong>leg.</strong></span> <span class='ocrx_word' id='word_1_501' title='bbox 3171 1796 3231 1877; x_wconf 89' lang='grc'><strong>1,</strong></span> <span class='ocrx_word' id='word_1_502' title='bbox 3268 1819 3411 1862; x_wconf 89' lang='lat' dir='ltr'><strong>cum</strong></span> 
     </span>
     <span class='ocr_line' id='line_1_73' title="bbox 1845 1889 3411 1956; baseline 0.004 -6"><span class='ocrx_word' id='word_1_503' title='bbox 1845 1889 2061 1950; x_wconf 87' lang='lat' dir='ltr'><strong>multis</strong></span> <span class='ocrx_word' id='word_1_504' title='bbox 2088 1891 2223 1951; x_wconf 83' lang='lat' dir='ltr'><strong>aliis</strong></span> <span class='ocrx_word' id='word_1_505' title='bbox 2263 1891 2341 1952; x_wconf 91' lang='lat' dir='ltr'><strong>de</strong></span> <span class='ocrx_word' id='word_1_506' title='bbox 2388 1891 2829 1953; x_wconf 82' lang='lat' dir='ltr'><strong>Donationibus</strong></span> <span class='ocrx_word' id='word_1_507' title='bbox 2856 1909 3039 1954; x_wconf 84' lang='lat' dir='ltr'><strong>cansa</strong></span> <span class='ocrx_word' id='word_1_508' title='bbox 3066 1893 3303 1956; x_wconf 84' lang='lat' dir='ltr'><strong>mortis.</strong></span> <span class='ocrx_word' id='word_1_509' title='bbox 3334 1893 3411 1956; x_wconf 87' lang='lat' dir='ltr'><strong>Et</strong></span> 
     </span>
     <span class='ocr_line' id='line_1_74' title="bbox 1847 1983 3169 2064; baseline 0.001 -19"><span class='ocrx_word' id='word_1_510' title='bbox 1847 1992 1924 2045; x_wconf 80' lang='lat' dir='ltr'><strong>ex</strong></span> <span class='ocrx_word' id='word_1_511' title='bbox 1951 1983 2225 2045; x_wconf 76' lang='lat' dir='ltr'><strong>dicendis</strong></span> <span class='ocrx_word' id='word_1_512' title='bbox 2244 1985 2515 2064; x_wconf 66' lang='lat' dir='ltr'><strong>amplius</strong></span> <span class='ocrx_word' id='word_1_513' title='bbox 2537 1983 2654 2046; x_wconf 86' lang='lat' dir='ltr'><strong>hoc</strong></span> <span class='ocrx_word' id='word_1_514' title='bbox 2680 1983 3169 2046; x_wconf 80' lang='lat' dir='ltr'><strong>confirmabitur.</strong></span> 
     </span>
    </p>

    <p class='ocr_par' dir='ltr' id='par_1_8' title="bbox 1845 2077 3419 5611">
     <span class='ocr_line' id='line_1_75' title="bbox 1927 2077 3414 2155; baseline 0.003 -17"><span class='ocrx_word' id='word_1_515' title='bbox 1927 2079 1987 2138; x_wconf 83' lang='lat'><strong>3.</strong></span> <span class='ocrx_word' id='word_1_516' title='bbox 2036 2077 2246 2140; x_wconf 74' lang='lat' dir='ltr'><strong>Per-tia</strong></span> <span class='ocrx_word' id='word_1_517' title='bbox 2288 2079 2544 2142; x_wconf 72' lang='lat' dir='ltr'><strong>assertio</strong></span> <span class='ocrx_word' id='word_1_518' title='bbox 2590 2083 2713 2155; x_wconf 77' lang='lat' dir='ltr'><strong>sere</strong></span> <span class='ocrx_word' id='word_1_519' title='bbox 2752 2079 3102 2142; x_wconf 72' lang='lat' dir='ltr'><strong>communis.</strong></span> <span class='ocrx_word' id='word_1_520' title='bbox 3134 2111 3218 2124; x_wconf 89' lang='grc'>-</span> <span class='ocrx_word' id='word_1_521' title='bbox 3242 2077 3414 2142; x_wconf 73' lang='lat' dir='ltr'><strong>Huic</strong></span> 
     </span>
     <span class='ocr_line' id='line_1_76' title="bbox 1846 2169 3414 2254; baseline 0.003 -22"><span class='ocrx_word' id='word_1_522' title='bbox 1846 2170 2173 2234; x_wconf 69' lang='lat' dir='ltr'><strong>assertioni</strong></span> <span class='ocrx_word' id='word_1_523' title='bbox 2214 2177 2511 2251; x_wconf 72' lang='lat' dir='ltr'><strong>repuynat</strong></span> <span class='ocrx_word' id='word_1_524' title='bbox 2547 2169 2739 2235; x_wconf 70' lang='lat' dir='ltr'><strong>Sanc.</strong></span> <span class='ocrx_word' id='word_1_525' title='bbox 2774 2203 2854 2218; x_wconf 92' lang='lat'><em>-</em></span> <span class='ocrx_word' id='word_1_526' title='bbox 2890 2173 3324 2254; x_wconf 59' lang='lat' dir='ltr'><strong>Immotum,</strong></span> <span class='ocrx_word' id='word_1_527' title='bbox 3354 2177 3414 2236; x_wconf 77' lang='lat' dir='ltr'><strong>et</strong></span> 
     </span>
     <span class='ocr_line' id='line_1_77' title="bbox 1845 2263 3415 2343; baseline 0.001 -19"><span class='ocrx_word' id='word_1_528' title='bbox 1845 2263 2077 2343; x_wconf 67' lang='lat' dir='ltr'><strong>satisfit</strong></span> <span class='ocrx_word' id='word_1_529' title='bbox 2104 2263 2279 2327; x_wconf 70' lang='lat' dir='ltr'><strong>illius</strong></span> <span class='ocrx_word' id='word_1_530' title='bbox 2313 2263 2731 2341; x_wconf 61' lang='lat' dir='ltr'><strong>fundamento.</strong></span> <span class='ocrx_word' id='word_1_531' title='bbox 2754 2264 2995 2325; x_wconf 86' lang='lat' dir='ltr'><strong>—Dico</strong></span> <span class='ocrx_word' id='word_1_532' title='bbox 3022 2265 3242 2326; x_wconf 86' lang='lat' dir='ltr'><strong>tertio:</strong></span> <span class='ocrx_word' id='word_1_533' title='bbox 3280 2278 3415 2325; x_wconf 90' lang='lat' dir='ltr'><strong>om-</strong></span> 
     </span>
     <span class='ocr_line' id='line_1_78' title="bbox 1849 2355 3413 2436; baseline 0.001 -20"><span class='ocrx_word' id='word_1_534' title='bbox 1849 2355 1956 2416; x_wconf 87' lang='lat' dir='ltr'><strong>nia</strong></span> <span class='ocrx_word' id='word_1_535' title='bbox 1984 2355 2147 2417; x_wconf 83' lang='lat' dir='ltr'><strong>bona</strong></span> <span class='ocrx_word' id='word_1_536' title='bbox 2201 2373 2341 2436; x_wconf 64' lang='lat' dir='ltr'><strong>quie</strong></span> <span class='ocrx_word' id='word_1_537' title='bbox 2372 2355 2693 2418; x_wconf 75' lang='lat' dir='ltr'><strong>transferri</strong></span> <span class='ocrx_word' id='word_1_538' title='bbox 2746 2361 3004 2436; x_wconf 82' lang='lat' dir='ltr'><strong>possunt</strong></span> <span class='ocrx_word' id='word_1_539' title='bbox 3028 2357 3105 2418; x_wconf 77' lang='lat' dir='ltr'><strong>atl</strong></span> <span class='ocrx_word' id='word_1_540' title='bbox 3138 2357 3413 2419; x_wconf 59' lang='lat' dir='ltr'><strong>haeredes</strong></span> 
     </span>
     <span class='ocr_line' id='line_1_79' title="bbox 1847 2449 3413 2512; baseline 0.001 -2"><span class='ocrx_word' id='word_1_541' title='bbox 1847 2454 2177 2510; x_wconf 77' lang='lat' dir='ltr'><strong>extrancos</strong></span> <span class='ocrx_word' id='word_1_542' title='bbox 2203 2449 2433 2510; x_wconf 76' lang='lat' dir='ltr'><strong>eadunt</strong></span> <span class='ocrx_word' id='word_1_543' title='bbox 2468 2449 2583 2510; x_wconf 83' lang='lat' dir='ltr'><strong>sub</strong></span> <span class='ocrx_word' id='word_1_544' title='bbox 2636 2449 3154 2512; x_wconf 80' lang='lat' dir='ltr'><strong>confiscationem.</strong></span> <span class='ocrx_word' id='word_1_545' title='bbox 3190 2451 3280 2512; x_wconf 83' lang='lat' dir='ltr'><strong>lta</strong></span> <span class='ocrx_word' id='word_1_546' title='bbox 3308 2451 3413 2512; x_wconf 87' lang='lat' dir='ltr'><strong>do·</strong></span> 
     </span>
     <span class='ocr_line' id='line_1_80' title="bbox 1847 2541 3410 2623; baseline 0.002 -21"><span class='ocrx_word' id='word_1_547' title='bbox 1847 2549 1946 2602; x_wconf 89' lang='lat' dir='ltr'><strong>cct</strong></span> <span class='ocrx_word' id='word_1_548' title='bbox 1989 2541 2189 2602; x_wconf 75' lang='lat' dir='ltr'><strong>Julius</strong></span> <span class='ocrx_word' id='word_1_549' title='bbox 2208 2541 2455 2616; x_wconf 78' lang='lat' dir='ltr'><strong>Clarus,</strong></span> <span class='ocrx_word' id='word_1_550' title='bbox 2496 2543 2563 2603; x_wconf 87' lang='lat' dir='ltr'><strong>in</strong></span> <span class='ocrx_word' id='word_1_551' title='bbox 2602 2541 2847 2622; x_wconf 76' lang='lat' dir='ltr'><strong>Peragr.</strong></span> <span class='ocrx_word' id='word_1_552' title='bbox 2878 2542 2993 2604; x_wconf 81' lang='lat' dir='ltr'><strong>ult.</strong></span> <span class='ocrx_word' id='word_1_553' title='bbox 3003 2547 3262 2623; x_wconf 60' lang='lat' dir='ltr'><strong>,quaest</strong></span> <span class='ocrx_word' id='word_1_554' title='bbox 3302 2541 3410 2620; x_wconf 72' lang='lat'><strong>70,</strong></span> 
     </span>
     <span class='ocr_line' id='line_1_81' title="bbox 1847 2635 3413 2712; baseline 0.003 -18"><span class='ocrx_word' id='word_1_555' title='bbox 1847 2649 2025 2695; x_wconf 88' lang='lat' dir='ltr'><strong>num.</strong></span> <span class='ocrx_word' id='word_1_556' title='bbox 2054 2637 2115 2711; x_wconf 87' lang='lat'><strong>7,</strong></span> <span class='ocrx_word' id='word_1_557' title='bbox 2144 2639 2205 2696; x_wconf 88' lang='lat' dir='ltr'><strong>e&#39;t</strong></span> <span class='ocrx_word' id='word_1_558' title='bbox 2256 2635 2341 2696; x_wconf 88' lang='lat' dir='ltr'><strong>ibi</strong></span> <span class='ocrx_word' id='word_1_559' title='bbox 2394 2635 2545 2697; x_wconf 88' lang='lat' dir='ltr'><strong>alios</strong></span> <span class='ocrx_word' id='word_1_560' title='bbox 2606 2635 2817 2712; x_wconf 88' lang='lat' dir='ltr'><strong>refert,</strong></span> <span class='ocrx_word' id='word_1_561' title='bbox 2854 2637 2979 2699; x_wconf 89' lang='lat' dir='ltr'><strong>imo</strong></span> <span class='ocrx_word' id='word_1_562' title='bbox 3024 2635 3153 2698; x_wconf 81' lang='lat' dir='ltr'><strong>fere</strong></span> <span class='ocrx_word' id='word_1_563' title='bbox 3196 2655 3413 2698; x_wconf 87' lang='lat' dir='ltr'><strong>omnes</strong></span> 
     </span>
     <span class='ocr_line' id='line_1_82' title="bbox 1851 2725 3406 2810; baseline 0.001 -22"><span class='ocrx_word' id='word_1_564' title='bbox 1851 2735 2130 2789; x_wconf 76' lang='lat' dir='ltr'><strong>auctores</strong></span> <span class='ocrx_word' id='word_1_565' title='bbox 2155 2725 2271 2790; x_wconf 87' lang='lat' dir='ltr'><strong>hac</strong></span> <span class='ocrx_word' id='word_1_566' title='bbox 2298 2729 2508 2808; x_wconf 82' lang='lat' dir='ltr'><strong>regula</strong></span> <span class='ocrx_word' id='word_1_567' title='bbox 2537 2735 2821 2790; x_wconf 78' lang='lat' dir='ltr'><strong>utuntur.</strong></span> <span class='ocrx_word' id='word_1_568' title='bbox 2848 2729 2923 2790; x_wconf 84' lang='lat' dir='ltr'><strong>Et</strong></span> <span class='ocrx_word' id='word_1_569' title='bbox 2946 2731 3109 2792; x_wconf 86' lang='lat' dir='ltr'><strong>ratio</strong></span> <span class='ocrx_word' id='word_1_570' title='bbox 3134 2732 3267 2810; x_wconf 86' lang='lat' dir='ltr'><strong>ejus</strong></span> <span class='ocrx_word' id='word_1_571' title='bbox 3294 2735 3406 2806; x_wconf 79' lang='lat' dir='ltr'><strong>est,</strong></span> 
     </span>
     <span class='ocr_line' id='line_1_83' title="bbox 1849 2822 3414 2904; baseline 0.003 -24"><span class='ocrx_word' id='word_1_572' title='bbox 1849 2822 1998 2902; x_wconf 82' lang='lat' dir='ltr'><strong>quia</strong></span> <span class='ocrx_word' id='word_1_573' title='bbox 2026 2828 2290 2901; x_wconf 85' lang='lat' dir='ltr'><strong>potestas</strong></span> <span class='ocrx_word' id='word_1_574' title='bbox 2312 2822 2725 2884; x_wconf 86' lang='lat' dir='ltr'><strong>transferendi</strong></span> <span class='ocrx_word' id='word_1_575' title='bbox 2758 2823 2921 2884; x_wconf 83' lang='lat' dir='ltr'><strong>bona</strong></span> <span class='ocrx_word' id='word_1_576' title='bbox 2962 2824 3040 2884; x_wconf 85' lang='lat' dir='ltr'><strong>ad</strong></span> <span class='ocrx_word' id='word_1_577' title='bbox 3084 2840 3414 2904; x_wconf 87' lang='lat' dir='ltr'><strong>quoscum-</strong></span> 
     </span>
     <span class='ocr_line' id='line_1_84' title="bbox 1850 2915 3414 2998; baseline 0.001 -22"><span class='ocrx_word' id='word_1_578' title='bbox 1850 2933 1971 2995; x_wconf 87' lang='lat' dir='ltr'><strong>que</strong></span> <span class='ocrx_word' id='word_1_579' title='bbox 1996 2915 2292 2990; x_wconf 81' lang='lat' dir='ltr'><strong>haeredes,</strong></span> <span class='ocrx_word' id='word_1_580' title='bbox 2320 2917 2508 2977; x_wconf 88' lang='lat' dir='ltr'><strong>etiam</strong></span> <span class='ocrx_word' id='word_1_581' title='bbox 2538 2923 2883 2992; x_wconf 80' lang='lat' dir='ltr'><strong>extraneos,</strong></span> <span class='ocrx_word' id='word_1_582' title='bbox 2909 2924 3001 2978; x_wconf 88' lang='lat' dir='ltr'><strong>est</strong></span> <span class='ocrx_word' id='word_1_583' title='bbox 3030 2917 3281 2998; x_wconf 81' lang='lat' dir='ltr'><strong>signum</strong></span> <span class='ocrx_word' id='word_1_584' title='bbox 3306 2917 3414 2978; x_wconf 84' lang='lat' dir='ltr'><strong>ab·</strong></span> 
     </span>
     <span class='ocr_line' id='line_1_85' title="bbox 1851 3009 3412 3088; baseline 0.002 -19"><span class='ocrx_word' id='word_1_585' title='bbox 1851 3009 2038 3069; x_wconf 88' lang='lat' dir='ltr'><strong>soluti</strong></span> <span class='ocrx_word' id='word_1_586' title='bbox 2058 3009 2317 3069; x_wconf 86' lang='lat' dir='ltr'><strong>dominii</strong></span> <span class='ocrx_word' id='word_1_587' title='bbox 2338 3015 2401 3071; x_wconf 80' lang='lat' dir='ltr'><strong>et</strong></span> <span class='ocrx_word' id='word_1_588' title='bbox 2420 3009 2809 3088; x_wconf 82' lang='lat' dir='ltr'><strong>proprietatis</strong></span> <span class='ocrx_word' id='word_1_589' title='bbox 2822 3010 3045 3070; x_wconf 81' lang='lat' dir='ltr'><strong>talium</strong></span> <span class='ocrx_word' id='word_1_590' title='bbox 3062 3011 3371 3072; x_wconf 85' lang='lat' dir='ltr'><strong>bonorum</strong></span> <span class='ocrx_word' id='word_1_591' title='bbox 3393 3033 3412 3086; x_wconf 82' lang='lat'><em>3</em></span> 
     </span>
     <span class='ocr_line' id='line_1_86' title="bbox 1849 3102 3413 3184; baseline 0.003 -22"><span class='ocrx_word' id='word_1_592' title='bbox 1849 3102 2085 3164; x_wconf 81' lang='lat' dir='ltr'><strong>dictum</strong></span> <span class='ocrx_word' id='word_1_593' title='bbox 2109 3109 2201 3164; x_wconf 78' lang='lat' dir='ltr'><strong>est</strong></span> <span class='ocrx_word' id='word_1_594' title='bbox 2232 3107 2439 3164; x_wconf 82' lang='lat' dir='ltr'><strong>autem</strong></span> <span class='ocrx_word' id='word_1_595' title='bbox 2482 3103 2692 3164; x_wconf 90' lang='lat' dir='ltr'><strong>omnia</strong></span> <span class='ocrx_word' id='word_1_596' title='bbox 2720 3103 2883 3164; x_wconf 85' lang='lat' dir='ltr'><strong>bona</strong></span> <span class='ocrx_word' id='word_1_597' title='bbox 2912 3107 3163 3184; x_wconf 81' lang='lat' dir='ltr'><strong>propria</strong></span> <span class='ocrx_word' id='word_1_598' title='bbox 3214 3105 3413 3167; x_wconf 84' lang='lat' dir='ltr'><strong>hoere-</strong></span> 
     </span>
     <span class='ocr_line' id='line_1_87' title="bbox 1845 3195 3413 3276; baseline 0.002 -20"><span class='ocrx_word' id='word_1_599' title='bbox 1845 3197 1957 3256; x_wconf 84' lang='lat' dir='ltr'><strong>tici</strong></span> <span class='ocrx_word' id='word_1_600' title='bbox 1998 3195 2352 3272; x_wconf 79' lang='lat' dir='ltr'><strong>confiscari3</strong></span> <span class='ocrx_word' id='word_1_601' title='bbox 2408 3215 2559 3276; x_wconf 77' lang='lat' dir='ltr'><strong>ergo</strong></span> <span class='ocrx_word' id='word_1_602' title='bbox 2606 3195 3020 3259; x_wconf 74' lang='lat' dir='ltr'><strong>confiscantur</strong></span> <span class='ocrx_word' id='word_1_603' title='bbox 3058 3199 3292 3274; x_wconf 87' lang='lat' dir='ltr'><strong>omnia,</strong></span> <span class='ocrx_word' id='word_1_604' title='bbox 3334 3197 3413 3260; x_wconf 88' lang='lat' dir='ltr'><strong>de</strong></span> 
     </span>
     <span class='ocr_line' id='line_1_88' title="bbox 1847 3283 3413 3370; baseline 0.002 -21"><span class='ocrx_word' id='word_1_605' title='bbox 1847 3289 2073 3369; x_wconf 82' lang='lat' dir='ltr'><strong>quibus</strong></span> <span class='ocrx_word' id='word_1_606' title='bbox 2096 3291 2308 3350; x_wconf 70' lang='lat' dir='ltr'><strong>‘testari</strong></span> <span class='ocrx_word' id='word_1_607' title='bbox 2327 3296 2546 3369; x_wconf 80' lang='lat' dir='ltr'><strong>potest.</strong></span> <span class='ocrx_word' id='word_1_608' title='bbox 2566 3290 2747 3350; x_wconf 82' lang='lat' dir='ltr'><strong>&#39;Hanc</strong></span> <span class='ocrx_word' id='word_1_609' title='bbox 2762 3307 2911 3351; x_wconf 85' lang='lat' dir='ltr'><strong>vero</strong></span> <span class='ocrx_word' id='word_1_610' title='bbox 2936 3291 3218 3370; x_wconf 81' lang='lat' dir='ltr'><strong>regulam</strong></span> <span class='ocrx_word' id='word_1_611' title='bbox 3243 3283 3413 3352; x_wconf 84' lang='lat' dir='ltr'><strong>affir-</strong></span> 
     </span>
     <span class='ocr_line' id='line_1_89' title="bbox 1845 3381 3413 3462; baseline 0.003 -20"><span class='ocrx_word' id='word_1_612' title='bbox 1845 3383 2141 3443; x_wconf 79' lang='lat' dir='ltr'><strong>mativam</strong></span> <span class='ocrx_word' id='word_1_613' title='bbox 2158 3381 2349 3462; x_wconf 81' lang='lat' dir='ltr'><strong>aliqui</strong></span> <span class='ocrx_word' id='word_1_614' title='bbox 2362 3399 2489 3443; x_wconf 88' lang='lat' dir='ltr'><strong>non</strong></span> <span class='ocrx_word' id='word_1_615' title='bbox 2503 3381 2865 3455; x_wconf 86' lang='lat' dir='ltr'><strong>admittunt,</strong></span> <span class='ocrx_word' id='word_1_616' title='bbox 2879 3397 3031 3462; x_wconf 86' lang='lat' dir='ltr'><strong>quos</strong></span> <span class='ocrx_word' id='word_1_617' title='bbox 3044 3384 3232 3445; x_wconf 71' lang='lat' dir='ltr'><strong>refert</strong></span> <span class='ocrx_word' id='word_1_618' title='bbox 3246 3390 3307 3445; x_wconf 90' lang='lat' dir='ltr'><strong>et</strong></span> <span class='ocrx_word' id='word_1_619' title='bbox 3320 3401 3413 3446; x_wconf 87' lang='lat' dir='ltr'><strong>se-</strong></span> 
     </span>
     <span class='ocr_line' id='line_1_90' title="bbox 1849 3473 3411 3557; baseline 0.003 -22"><span class='ocrx_word' id='word_1_620' title='bbox 1849 3477 2063 3556; x_wconf 88' lang='lat' dir='ltr'><strong>quitur</strong></span> <span class='ocrx_word' id='word_1_621' title='bbox 2080 3478 2263 3538; x_wconf 88' lang='lat' dir='ltr'><strong>Sanc.</strong></span> <span class='ocrx_word' id='word_1_622' title='bbox 2275 3475 2665 3550; x_wconf 68' lang='lat' dir='ltr'><strong>,d.c.l4,n.5.</strong></span> <span class='ocrx_word' id='word_1_623' title='bbox 2690 3473 3032 3553; x_wconf 74' lang='lat' dir='ltr'><strong>Fundetur,</strong></span> <span class='ocrx_word' id='word_1_624' title='bbox 3062 3477 3209 3557; x_wconf 81' lang='lat' dir='ltr'><strong>quia</strong></span> <span class='ocrx_word' id='word_1_625' title='bbox 3223 3474 3411 3539; x_wconf 58' lang='lat' dir='ltr'><strong>&#39;fiscus</strong></span> 
     </span>
     <span class='ocr_line' id='line_1_91' title="bbox 1849 3569 3411 3650; baseline 0.001 -21"><span class='ocrx_word' id='word_1_626' title='bbox 1849 3585 1978 3629; x_wconf 89' lang='lat' dir='ltr'><strong>non</strong></span> <span class='ocrx_word' id='word_1_627' title='bbox 2008 3576 2097 3630; x_wconf 86' lang='lat' dir='ltr'><strong>est</strong></span> <span class='ocrx_word' id='word_1_628' title='bbox 2126 3569 2363 3642; x_wconf 81' lang='lat' dir='ltr'><strong>haeres3</strong></span> <span class='ocrx_word' id='word_1_629' title='bbox 2396 3585 2545 3648; x_wconf 82' lang='lat' dir='ltr'><strong>ergo</strong></span> <span class='ocrx_word' id='word_1_630' title='bbox 2578 3586 2706 3630; x_wconf 89' lang='lat' dir='ltr'><strong>non</strong></span> <span class='ocrx_word' id='word_1_631' title='bbox 2724 3569 2805 3630; x_wconf 90' lang='lat' dir='ltr'><strong>&#39;fit</strong></span> <span class='ocrx_word' id='word_1_632' title='bbox 2824 3569 3057 3631; x_wconf 85' lang='lat' dir='ltr'><strong>bonum</strong></span> <span class='ocrx_word' id='word_1_633' title='bbox 3080 3584 3411 3650; x_wconf 79' lang='lat' dir='ltr'><strong>argumen-</strong></span> 
     </span>
     <span class='ocr_line' id='line_1_92' title="bbox 1849 3661 3411 3743; baseline 0.001 -21"><span class='ocrx_word' id='word_1_634' title='bbox 1849 3667 1986 3723; x_wconf 76' lang='lat' dir='ltr'><strong>tum</strong></span> <span class='ocrx_word' id='word_1_635' title='bbox 2017 3663 2097 3723; x_wconf 88' lang='lat' dir='ltr'><strong>ab</strong></span> <span class='ocrx_word' id='word_1_636' title='bbox 2126 3661 2373 3725; x_wconf 79' lang='lat' dir='ltr'><strong>haerede</strong></span> <span class='ocrx_word' id='word_1_637' title='bbox 2397 3661 2475 3723; x_wconf 82' lang='lat' dir='ltr'><strong>ad</strong></span> <span class='ocrx_word' id='word_1_638' title='bbox 2502 3663 2745 3739; x_wconf 85' lang='lat' dir='ltr'><strong>fiscum,</strong></span> <span class='ocrx_word' id='word_1_639' title='bbox 2774 3665 2921 3743; x_wconf 84' lang='lat' dir='ltr'><strong>quia</strong></span> <span class='ocrx_word' id='word_1_640' title='bbox 2947 3681 2984 3724; x_wconf 90' lang='lat' dir='ltr'><strong>a</strong></span> <span class='ocrx_word' id='word_1_641' title='bbox 3006 3663 3263 3724; x_wconf 83' lang='lat' dir='ltr'><strong>diversis</strong></span> <span class='ocrx_word' id='word_1_642' title='bbox 3284 3681 3411 3724; x_wconf 89' lang='lat' dir='ltr'><strong>non</strong></span> 
     </span>
     <span class='ocr_line' id='line_1_93' title="bbox 1851 3754 3407 3836; baseline 0.001 -20"><span class='ocrx_word' id='word_1_643' title='bbox 1851 3755 1924 3816; x_wconf 84' lang='lat' dir='ltr'><strong>fit</strong></span> <span class='ocrx_word' id='word_1_644' title='bbox 1974 3754 2188 3819; x_wconf 86' lang='lat' dir='ltr'><strong>illatio.</strong></span> <span class='ocrx_word' id='word_1_645' title='bbox 2237 3756 2355 3818; x_wconf 86' lang='lat' dir='ltr'><strong>Sed</strong></span> <span class='ocrx_word' id='word_1_646' title='bbox 2411 3755 2816 3818; x_wconf 85' lang='lat' dir='ltr'><strong>nihilominus</strong></span> <span class='ocrx_word' id='word_1_647' title='bbox 2856 3755 3079 3836; x_wconf 84' lang='lat' dir='ltr'><strong>reliqui</strong></span> <span class='ocrx_word' id='word_1_648' title='bbox 3122 3757 3407 3818; x_wconf 77' lang='lat' dir='ltr'><strong>Doctores</strong></span> 
     </span>
     <span class='ocr_line' id='line_1_94' title="bbox 1851 3847 3410 3928; baseline 0.001 -19"><span class='ocrx_word' id='word_1_649' title='bbox 1851 3847 2050 3921; x_wconf 85' lang='lat' dir='ltr'><strong>citati,</strong></span> <span class='ocrx_word' id='word_1_650' title='bbox 2080 3853 2143 3909; x_wconf 89' lang='lat' dir='ltr'><strong>et</strong></span> <span class='ocrx_word' id='word_1_651' title='bbox 2166 3848 2393 3909; x_wconf 84' lang='lat' dir='ltr'><strong>citandi</strong></span> <span class='ocrx_word' id='word_1_652' title='bbox 2427 3849 2677 3928; x_wconf 81' lang='lat' dir='ltr'><strong>passim,</strong></span> <span class='ocrx_word' id='word_1_653' title='bbox 2732 3849 2837 3910; x_wconf 86' lang='lat' dir='ltr'><strong>illa</strong></span> <span class='ocrx_word' id='word_1_654' title='bbox 2884 3849 3101 3927; x_wconf 84' lang='lat' dir='ltr'><strong>regula</strong></span> <span class='ocrx_word' id='word_1_655' title='bbox 3126 3855 3410 3926; x_wconf 83' lang='lat' dir='ltr'><strong>utuntur,</strong></span> 
     </span>
     <span class='ocr_line' id='line_1_95' title="bbox 1851 3943 3411 4024; baseline 0 -20"><span class='ocrx_word' id='word_1_656' title='bbox 1851 3947 1914 4004; x_wconf 86' lang='lat' dir='ltr'><strong>et</strong></span> <span class='ocrx_word' id='word_1_657' title='bbox 1946 3960 2068 4003; x_wconf 88' lang='lat' dir='ltr'><strong>non</strong></span> <span class='ocrx_word' id='word_1_658' title='bbox 2099 3947 2193 4004; x_wconf 87' lang='lat' dir='ltr'><strong>est</strong></span> <span class='ocrx_word' id='word_1_659' title='bbox 2234 3943 2413 4004; x_wconf 83' lang='lat' dir='ltr'><strong>facile</strong></span> <span class='ocrx_word' id='word_1_660' title='bbox 2444 3944 2756 4022; x_wconf 77' lang='lat' dir='ltr'><strong>assignare</strong></span> <span class='ocrx_word' id='word_1_661' title='bbox 2786 3943 3068 4022; x_wconf 83' lang='lat' dir='ltr'><strong>exempla</strong></span> <span class='ocrx_word' id='word_1_662' title='bbox 3094 3945 3163 4003; x_wconf 85' lang='lat' dir='ltr'><strong>in</strong></span> <span class='ocrx_word' id='word_1_663' title='bbox 3188 3943 3411 4024; x_wconf 84' lang='lat' dir='ltr'><strong>quibus</strong></span> 
     </span>
     <span class='ocr_line' id='line_1_96' title="bbox 1847 4035 3412 4116; baseline 0 -20"><span class='ocrx_word' id='word_1_664' title='bbox 1847 4035 2120 4110; x_wconf 78' lang='lat' dir='ltr'><strong>deficiat,</strong></span> <span class='ocrx_word' id='word_1_665' title='bbox 2154 4048 2355 4116; x_wconf 86' lang='lat' dir='ltr'><strong>neque</strong></span> <span class='ocrx_word' id='word_1_666' title='bbox 2400 4035 2549 4097; x_wconf 76' lang='lat' dir='ltr'><strong>dieti</strong></span> <span class='ocrx_word' id='word_1_667' title='bbox 2599 4041 2879 4097; x_wconf 83' lang='lat' dir='ltr'><strong>auctores</strong></span> <span class='ocrx_word' id='word_1_668' title='bbox 2924 4035 3179 4114; x_wconf 80' lang='lat' dir='ltr'><strong>aliquod</strong></span> <span class='ocrx_word' id='word_1_669' title='bbox 3230 4037 3412 4096; x_wconf 87' lang='lat' dir='ltr'><strong>indu-</strong></span> 
     </span>
     <span class='ocr_line' id='line_1_97' title="bbox 1849 4127 3415 4192; baseline 0 -2"><span class='ocrx_word' id='word_1_670' title='bbox 1849 4134 2021 4191; x_wconf 84' lang='lat' dir='ltr'><strong>cunt.</strong></span> <span class='ocrx_word' id='word_1_671' title='bbox 2048 4129 2229 4192; x_wconf 85' lang='lat' dir='ltr'><strong>Ratio</strong></span> <span class='ocrx_word' id='word_1_672' title='bbox 2268 4131 2455 4191; x_wconf 58' lang='lat' dir='ltr'><strong>(stiam</strong></span> <span class='ocrx_word' id='word_1_673' title='bbox 2488 4148 2526 4190; x_wconf 86' lang='lat' dir='ltr'><strong>a</strong></span> <span class='ocrx_word' id='word_1_674' title='bbox 2552 4127 2731 4192; x_wconf 76' lang='lat' dir='ltr'><strong>nobis</strong></span> <span class='ocrx_word' id='word_1_675' title='bbox 2780 4131 2940 4191; x_wconf 80' lang='lat' dir='ltr'><strong>facta</strong></span> <span class='ocrx_word' id='word_1_676' title='bbox 2968 4129 3123 4191; x_wconf 82' lang='lat' dir='ltr'><strong>mihi</strong></span> <span class='ocrx_word' id='word_1_677' title='bbox 3168 4129 3415 4191; x_wconf 78' lang='lat' dir='ltr'><strong>videtur</strong></span> 
     </span>
     <span class='ocr_line' id='line_1_98' title="bbox 1853 4221 3413 4297; baseline -0.001 -12"><span class='ocrx_word' id='word_1_678' title='bbox 1853 4223 2097 4297; x_wconf 82' lang='lat' dir='ltr'><strong>efficax,</strong></span> <span class='ocrx_word' id='word_1_679' title='bbox 2128 4227 2191 4285; x_wconf 86' lang='lat' dir='ltr'><strong>et</strong></span> <span class='ocrx_word' id='word_1_680' title='bbox 2218 4222 2323 4284; x_wconf 87' lang='grc'>1118</span> <span class='ocrx_word' id='word_1_681' title='bbox 2348 4221 2529 4284; x_wconf 81' lang='lat' dir='ltr'><strong>facile</strong></span> <span class='ocrx_word' id='word_1_682' title='bbox 2557 4223 2816 4284; x_wconf 80' lang='lat' dir='ltr'><strong>solvitur</strong></span> <span class='ocrx_word' id='word_1_683' title='bbox 2856 4223 3015 4284; x_wconf 84' lang='lat' dir='ltr'><strong>ratio</strong></span> <span class='ocrx_word' id='word_1_684' title='bbox 3058 4222 3126 4283; x_wconf 88' lang='lat' dir='ltr'><strong>in</strong></span> <span class='ocrx_word' id='word_1_685' title='bbox 3166 4229 3413 4284; x_wconf 86' lang='lat' dir='ltr'><strong>contra-</strong></span> 
     </span>
     <span class='ocr_line' id='line_1_99' title="bbox 1851 4315 3414 4394; baseline -0.001 -17"><span class='ocrx_word' id='word_1_686' title='bbox 1851 4315 2019 4377; x_wconf 83' lang='lat' dir='ltr'><strong>rium</strong></span> <span class='ocrx_word' id='word_1_687' title='bbox 2035 4315 2231 4392; x_wconf 77' lang='lat' dir='ltr'><strong>facta3</strong></span> <span class='ocrx_word' id='word_1_688' title='bbox 2262 4315 2575 4378; x_wconf 83' lang='lat' dir='ltr'><strong>nam-licet</strong></span> <span class='ocrx_word' id='word_1_689' title='bbox 2602 4315 2784 4377; x_wconf 74' lang='lat' dir='ltr'><strong>fiscus</strong></span> <span class='ocrx_word' id='word_1_690' title='bbox 2811 4333 2937 4377; x_wconf 89' lang='lat' dir='ltr'><strong>non</strong></span> <span class='ocrx_word' id='word_1_691' title='bbox 2966 4317 3047 4377; x_wconf 88' lang='lat' dir='ltr'><strong>sit</strong></span> <span class='ocrx_word' id='word_1_692' title='bbox 3068 4315 3285 4384; x_wconf 62' lang='lat' dir='ltr'><strong>hintes,</strong></span> <span class='ocrx_word' id='word_1_693' title='bbox 3308 4333 3414 4394; x_wconf 85' lang='lat' dir='ltr'><strong>po·</strong></span> 
     </span>
     <span class='ocr_line' id='line_1_100' title="bbox 1849 4407 3414 4489; baseline 0 -21"><span class='ocrx_word' id='word_1_694' title='bbox 1849 4413 1971 4469; x_wconf 78' lang='lat' dir='ltr'><strong>test</strong></span> <span class='ocrx_word' id='word_1_695' title='bbox 2012 4408 2406 4488; x_wconf 65' lang='lat' dir='ltr'><strong>aequipollere</strong></span> <span class='ocrx_word' id='word_1_696' title='bbox 2450 4411 2513 4470; x_wconf 68' lang='grc' dir='ltr'><strong>εἰ</strong></span> <span class='ocrx_word' id='word_1_697' title='bbox 2549 4410 2727 4489; x_wconf 83' lang='lat' dir='ltr'><strong>quasi</strong></span> <span class='ocrx_word' id='word_1_698' title='bbox 2763 4409 3087 4489; x_wconf 80' lang='lat' dir='ltr'><strong>adoequate</strong></span> <span class='ocrx_word' id='word_1_699' title='bbox 3124 4407 3414 4469; x_wconf 79' lang='lat' dir='ltr'><strong>substitui</strong></span> 
     </span>
     <span class='ocr_line' id='line_1_101' title="bbox 1850 4499 3415 4582; baseline 0 -20"><span class='ocrx_word' id='word_1_700' title='bbox 1850 4501 1983 4562; x_wconf 68' lang='lat'><strong>1000</strong></span> <span class='ocrx_word' id='word_1_701' title='bbox 2008 4501 2289 4562; x_wconf 71' lang='lat' dir='ltr'><strong>haeredis.</strong></span> <span class='ocrx_word' id='word_1_702' title='bbox 2308 4501 2385 4562; x_wconf 84' lang='lat' dir='ltr'><strong>Et</strong></span> <span class='ocrx_word' id='word_1_703' title='bbox 2410 4503 2691 4582; x_wconf 78' lang='lat' dir='ltr'><strong>quamvis</strong></span> <span class='ocrx_word' id='word_1_704' title='bbox 2716 4501 3049 4578; x_wconf 76' lang='lat' dir='ltr'><strong>adiversis,</strong></span> <span class='ocrx_word' id='word_1_705' title='bbox 3080 4507 3151 4561; x_wconf 89' lang='lat' dir='ltr'><strong>ut</strong></span> <span class='ocrx_word' id='word_1_706' title='bbox 3173 4499 3415 4562; x_wconf 77' lang='lat' dir='ltr'><strong>diverse</strong></span> 
     </span>
     <span class='ocr_line' id='line_1_102' title="bbox 1845 4593 3415 4675; baseline 0 -21"><span class='ocrx_word' id='word_1_707' title='bbox 1845 4601 2018 4669; x_wconf 79' lang='lat' dir='ltr'><strong>sunt,</strong></span> <span class='ocrx_word' id='word_1_708' title='bbox 2044 4613 2168 4654; x_wconf 89' lang='lat' dir='ltr'><strong>non</strong></span> <span class='ocrx_word' id='word_1_709' title='bbox 2200 4593 2309 4655; x_wconf 84' lang='lat' dir='ltr'><strong>fiat</strong></span> <span class='ocrx_word' id='word_1_710' title='bbox 2336 4593 2551 4673; x_wconf 85' lang='lat' dir='ltr'><strong>illatio,</strong></span> <span class='ocrx_word' id='word_1_711' title='bbox 2578 4603 2815 4672; x_wconf 83' lang='lat' dir='ltr'><strong>tamen,</strong></span> <span class='ocrx_word' id='word_1_712' title='bbox 2843 4602 2914 4656; x_wconf 85' lang='lat' dir='ltr'><strong>ut</strong></span> <span class='ocrx_word' id='word_1_713' title='bbox 2944 4595 3011 4656; x_wconf 87' lang='lat' dir='ltr'><strong>in</strong></span> <span class='ocrx_word' id='word_1_714' title='bbox 3035 4594 3245 4675; x_wconf 87' lang='lat' dir='ltr'><strong>aliquo</strong></span> <span class='ocrx_word' id='word_1_715' title='bbox 3268 4609 3415 4655; x_wconf 87' lang='lat' dir='ltr'><strong>con-</strong></span> 
     </span>
     <span class='ocr_line' id='line_1_103' title="bbox 1851 4687 3415 4769; baseline 0.001 -23"><span class='ocrx_word' id='word_1_716' title='bbox 1851 4688 2140 4764; x_wconf 75' lang='lat' dir='ltr'><strong>veniunt,</strong></span> <span class='ocrx_word' id='word_1_717' title='bbox 2172 4687 2308 4749; x_wconf 85' lang='lat' dir='ltr'><strong>fieri</strong></span> <span class='ocrx_word' id='word_1_718' title='bbox 2355 4695 2592 4769; x_wconf 83' lang='lat' dir='ltr'><strong>potest3</strong></span> <span class='ocrx_word' id='word_1_719' title='bbox 2640 4689 2765 4765; x_wconf 83' lang='lat' dir='ltr'><strong>vel,</strong></span> <span class='ocrx_word' id='word_1_720' title='bbox 2799 4690 2944 4751; x_wconf 76' lang='lat' dir='ltr'><strong>licet</strong></span> <span class='ocrx_word' id='word_1_721' title='bbox 2994 4703 3119 4751; x_wconf 89' lang='lat' dir='ltr'><strong>non</strong></span> <span class='ocrx_word' id='word_1_722' title='bbox 3170 4689 3278 4750; x_wconf 83' lang='lat' dir='ltr'><strong>liat</strong></span> <span class='ocrx_word' id='word_1_723' title='bbox 3306 4705 3415 4766; x_wconf 87' lang='lat' dir='ltr'><strong>per</strong></span> 
     </span>
     <span class='ocr_line' id='line_1_104' title="bbox 1847 4779 3414 4858; baseline 0 -18"><span class='ocrx_word' id='word_1_724' title='bbox 1847 4779 2059 4840; x_wconf 79' lang='lat' dir='ltr'><strong>‘locum</strong></span> <span class='ocrx_word' id='word_1_725' title='bbox 2088 4782 2513 4858; x_wconf 80' lang='lat' dir='ltr'><strong>intrinsecum,</strong></span> <span class='ocrx_word' id='word_1_726' title='bbox 2540 4789 2614 4844; x_wconf 84' lang='lat' dir='ltr'><strong>ut</strong></span> <span class='ocrx_word' id='word_1_727' title='bbox 2635 4785 2837 4856; x_wconf 84' lang='lat' dir='ltr'><strong>alunt,</strong></span> <span class='ocrx_word' id='word_1_728' title='bbox 2856 4785 2918 4844; x_wconf 91' lang='lat' dir='ltr'><strong>id</strong></span> <span class='ocrx_word' id='word_1_729' title='bbox 2937 4790 3049 4857; x_wconf 86' lang='lat' dir='ltr'><strong>est,</strong></span> <span class='ocrx_word' id='word_1_730' title='bbox 3081 4788 3150 4842; x_wconf 85' lang='lat' dir='ltr'><strong>ut</strong></span> <span class='ocrx_word' id='word_1_731' title='bbox 3172 4798 3414 4843; x_wconf 84' lang='lat' dir='ltr'><strong>acausa</strong></span> 
     </span>
     <span class='ocr_line' id='line_1_105' title="bbox 1851 4872 3413 4956; baseline 0 -24"><span class='ocrx_word' id='word_1_732' title='bbox 1851 4873 1950 4933; x_wconf 77' lang='lat' dir='ltr'><strong>&#39;vel</strong></span> <span class='ocrx_word' id='word_1_733' title='bbox 1974 4872 2055 4933; x_wconf 88' lang='lat' dir='ltr'><strong>ab</strong></span> <span class='ocrx_word' id='word_1_734' title='bbox 2095 4873 2338 4947; x_wconf 76' lang='lat' dir='ltr'><strong>effectu,</strong></span> <span class='ocrx_word' id='word_1_735' title='bbox 2391 4881 2592 4954; x_wconf 86' lang='lat' dir='ltr'><strong>potest</strong></span> <span class='ocrx_word' id='word_1_736' title='bbox 2614 4875 2748 4936; x_wconf 86' lang='lat' dir='ltr'><strong>ficri</strong></span> <span class='ocrx_word' id='word_1_737' title='bbox 2776 4892 2887 4956; x_wconf 88' lang='lat' dir='ltr'><strong>per</strong></span> <span class='ocrx_word' id='word_1_738' title='bbox 2914 4875 3113 4936; x_wconf 86' lang='lat' dir='ltr'><strong>locum</strong></span> <span class='ocrx_word' id='word_1_739' title='bbox 3138 4874 3413 4952; x_wconf 80' lang='lat' dir='ltr'><strong>aliquem</strong></span> 
     </span>
     <span class='ocr_line' id='line_1_106' title="bbox 1853 4965 3415 5048; baseline -0.001 -22"><span class='ocrx_word' id='word_1_740' title='bbox 1853 4967 2304 5040; x_wconf 80' lang='lat' dir='ltr'><strong>extrinsecum3</strong></span> <span class='ocrx_word' id='word_1_741' title='bbox 2340 4973 2404 5029; x_wconf 89' lang='lat' dir='ltr'><strong>et</strong></span> <span class='ocrx_word' id='word_1_742' title='bbox 2429 4967 2517 5029; x_wconf 87' lang='lat' dir='ltr'><strong>ita</strong></span> <span class='ocrx_word' id='word_1_743' title='bbox 2542 4967 2615 5029; x_wconf 77' lang='lat' dir='ltr'><strong>fit</strong></span> <span class='ocrx_word' id='word_1_744' title='bbox 2662 4968 3038 5048; x_wconf 60' lang='lat' dir='ltr'><strong>inpraesenti</strong></span> <span class='ocrx_word' id='word_1_745' title='bbox 3066 4965 3241 5046; x_wconf 82' lang='lat' dir='ltr'><strong>qnasi</strong></span> <span class='ocrx_word' id='word_1_746' title='bbox 3267 4982 3307 5026; x_wconf 85' lang='grc'>8</span> <span class='ocrx_word' id='word_1_747' title='bbox 3336 4965 3415 5024; x_wconf 88' lang='lat' dir='ltr'><strong>si·</strong></span> 
     </span>
     <span class='ocr_line' id='line_1_107' title="bbox 1853 5057 3413 5140; baseline -0.001 -21"><span class='ocrx_word' id='word_1_748' title='bbox 1853 5074 2001 5138; x_wconf 77' lang='lat' dir='ltr'><strong>gno,</strong></span> <span class='ocrx_word' id='word_1_749' title='bbox 2037 5060 2183 5138; x_wconf 87' lang='lat' dir='ltr'><strong>quia</strong></span> <span class='ocrx_word' id='word_1_750' title='bbox 2228 5065 2495 5140; x_wconf 82' lang='lat' dir='ltr'><strong>potestas</strong></span> <span class='ocrx_word' id='word_1_751' title='bbox 2540 5059 2953 5121; x_wconf 77' lang='lat' dir='ltr'><strong>tmnsferendi</strong></span> <span class='ocrx_word' id='word_1_752' title='bbox 3000 5059 3065 5120; x_wconf 88' lang='lat' dir='ltr'><strong>in</strong></span> <span class='ocrx_word' id='word_1_753' title='bbox 3105 5057 3413 5119; x_wconf 63' lang='lat' dir='ltr'><strong>haeredem</strong></span> 
     </span>
     <span class='ocr_line' id='line_1_108' title="bbox 1853 5149 3417 5230; baseline -0.002 -17"><span class='ocrx_word' id='word_1_754' title='bbox 1853 5159 2219 5213; x_wconf 83' lang='lat' dir='ltr'><strong>extraneum</strong></span> <span class='ocrx_word' id='word_1_755' title='bbox 2252 5157 2347 5212; x_wconf 85' lang='lat' dir='ltr'><strong>est</strong></span> <span class='ocrx_word' id='word_1_756' title='bbox 2374 5153 2621 5230; x_wconf 79' lang='lat' dir='ltr'><strong>signum</strong></span> <span class='ocrx_word' id='word_1_757' title='bbox 2655 5149 3016 5212; x_wconf 83' lang='lat' dir='ltr'><strong>sufficientis</strong></span> <span class='ocrx_word' id='word_1_758' title='bbox 3044 5149 3304 5211; x_wconf 83' lang='lat' dir='ltr'><strong>dominii</strong></span> <span class='ocrx_word' id='word_1_759' title='bbox 3352 5155 3417 5210; x_wconf 89' lang='lat' dir='ltr'><strong>et</strong></span> 
     </span>
     <span class='ocr_line' id='line_1_109' title="bbox 1854 5242 3416 5326; baseline -0.001 -21"><span class='ocrx_word' id='word_1_760' title='bbox 1854 5245 2245 5326; x_wconf 80' lang='lat' dir='ltr'><strong>proprietatis</strong></span> <span class='ocrx_word' id='word_1_761' title='bbox 2272 5245 2433 5305; x_wconf 84' lang='lat' dir='ltr'><strong>circa</strong></span> <span class='ocrx_word' id='word_1_762' title='bbox 2462 5245 2647 5305; x_wconf 86' lang='lat' dir='ltr'><strong>talem</strong></span> <span class='ocrx_word' id='word_1_763' title='bbox 2678 5261 2835 5321; x_wconf 84' lang='lat' dir='ltr'><strong>rom,</strong></span> <span class='ocrx_word' id='word_1_764' title='bbox 2871 5250 2943 5305; x_wconf 89' lang='lat' dir='ltr'><strong>ut</strong></span> <span class='ocrx_word' id='word_1_765' title='bbox 2964 5249 3284 5324; x_wconf 80' lang='lat' dir='ltr'><strong>propterea</strong></span> <span class='ocrx_word' id='word_1_766' title='bbox 3300 5242 3416 5304; x_wconf 86' lang='lat' dir='ltr'><strong>sub</strong></span> 
     </span>
     <span class='ocr_line' id='line_1_110' title="bbox 1855 5335 3418 5417; baseline -0.003 -17"><span class='ocrx_word' id='word_1_767' title='bbox 1855 5335 2353 5400; x_wconf 78' lang='lat' dir='ltr'><strong>confiscationem</strong></span> <span class='ocrx_word' id='word_1_768' title='bbox 2386 5338 2600 5413; x_wconf 76' lang='lat' dir='ltr'><strong>cadat3</strong></span> <span class='ocrx_word' id='word_1_769' title='bbox 2628 5339 2895 5417; x_wconf 84' lang='lat' dir='ltr'><strong>deniqne</strong></span> <span class='ocrx_word' id='word_1_770' title='bbox 2948 5337 3275 5417; x_wconf 72' lang='lat' dir='ltr'><strong>quisalius</strong></span> <span class='ocrx_word' id='word_1_771' title='bbox 3302 5351 3418 5397; x_wconf 85' lang='lat' dir='ltr'><strong>nec</strong></span> 
     </span>
     <span class='ocr_line' id='line_1_111' title="bbox 1849 5431 3419 5512; baseline -0.002 -19"><span class='ocrx_word' id='word_1_772' title='bbox 1849 5432 2071 5511; x_wconf 78' lang='lat' dir='ltr'><strong>regula</strong></span> <span class='ocrx_word' id='word_1_773' title='bbox 2092 5433 2384 5512; x_wconf 79' lang='lat' dir='ltr'><strong>negativa</strong></span> <span class='ocrx_word' id='word_1_774' title='bbox 2416 5437 2574 5493; x_wconf 85' lang='lat' dir='ltr'><strong>esset</strong></span> <span class='ocrx_word' id='word_1_775' title='bbox 2596 5431 2999 5507; x_wconf 74' lang='lat' dir='ltr'><strong>admittenda,</strong></span> <span class='ocrx_word' id='word_1_776' title='bbox 3044 5431 3189 5510; x_wconf 87' lang='lat' dir='ltr'><strong>quia</strong></span> <span class='ocrx_word' id='word_1_777' title='bbox 3228 5431 3419 5491; x_wconf 83' lang='lat' dir='ltr'><strong>etiam</strong></span> 
     </span>
     <span class='ocr_line' id='line_1_112' title="bbox 1847 5524 3419 5611; baseline -0.004 -19"><span class='ocrx_word' id='word_1_778' title='bbox 1847 5527 1925 5593; x_wconf 70' lang='lat' dir='ltr'><strong>in</strong></span> <span class='ocrx_word' id='word_1_779' title='bbox 1956 5525 2065 5592; x_wconf 71' lang='lat' dir='ltr'><strong>ina</strong></span> <span class='ocrx_word' id='word_1_780' title='bbox 2098 5526 2262 5594; x_wconf 88' lang='lat' dir='ltr'><strong>inter</strong></span> <span class='ocrx_word' id='word_1_781' title='bbox 2290 5525 2505 5586; x_wconf 87' lang='lat' dir='ltr'><strong>eadem</strong></span> <span class='ocrx_word' id='word_1_782' title='bbox 2540 5525 2613 5587; x_wconf 78' lang='lat' dir='ltr'><strong>fit</strong></span> <span class='ocrx_word' id='word_1_783' title='bbox 2638 5524 2865 5605; x_wconf 81' lang='lat' dir='ltr'><strong>illati03</strong></span> <span class='ocrx_word' id='word_1_784' title='bbox 2902 5537 3279 5611; x_wconf 78' lang='lat' dir='ltr'><strong>consequens</strong></span> <span class='ocrx_word' id='word_1_785' title='bbox 3308 5539 3419 5589; x_wconf 74' lang='lat' dir='ltr'><strong>nu-</strong></span> 
     </span>
    </p>
   </div>
  </div>
 </body>
</html>
