3900 6217
654 455 825 510 SECT.
860 457 922 509 11.
958 455 1042 508 AN
1072 453 1249 508 mnas
1280 453 1593 520 nmmum·
1626 450 1903 507 flammi!
1936 453 1998 504 IN
2033 453 2422 517 vomitum,
2459 455 2538 506 ΕΤ
2572 453 2839 518 QUALEM.

142 551 373 631 legales
398 553 674 634 primum
700 553 905 615 locum
934 570 1164 630 tenere,
1196 561 1331 616 tum
1360 555 1578 617 ordine
1600 571 1707 615 ra-

143 647 352 722 tioniS,
394 648 545 727 quia
572 649 763 710 etiam
790 648 925 727 ejus
949 655 1122 710 aetus
1146 649 1313 729 prior
1338 655 1563 710 natura
1590 652 1707 723 est,

144 747 213 800 ut
248 740 647 820 probavimus
662 763 683 815 3
716 747 850 802 tum
894 743 1081 804 etiam
1128 742 1345 803 ordine
1386 741 1707 822 perfectio·

146 834 243 892 nis
272 879 293 908 ,
324 840 396 896 ut
418 833 829 895 verosimilius
856 840 1134 914 apparet,
1169 836 1317 915 qnia
1340 841 1621 896 versatur
1644 834 1711 892 in

144 928 405 987 materia
432 935 639 988 ereata
680 927 949 1006 digniori
982 934 1046 989 et
1084 927 1415 989 difficiliori
1442 927 1705 1001 caeteriS,

146 1025 209 1078 et
230 1037 341 1097 per
366 1019 539 1080 illam
570 1021 823 1099 attingit
852 1021 1044 1081 Deum
1085 1021 1465 1082 nobilissimo
1498 1021 1707 1094 modo,

142 1119 211 1173 et
248 1112 630 1193 subjiciendo
674 1112 769 1173 illi
808 1131 1162 1194 supremam
1198 1114 1471 1176 hominis
1494 1119 1710 1192 poten·

140 1207 325 1268 tiam.

1066 1299 1099 1326 δ

758 1384 975 1438 sEc‘rlo
1005 1385 1088 1438 111.

138 1559 247 1622 Aa
281 1578 398 1642 per
420 1577 589 1626 om
606 1567 917 1644 peccatum
942 1563 1198 1628 mortale
1236 1563 1563 1629 amittatur
1602 1565 1709 1628 lta-

222 1653 388 1720 bitu
422 1656 608 1738 βαθὺ
638 1657 745 1720 ubi
792 1657 979 1720 ³2·va
1020 1659 1089 1721 de
1128 1658 1420 1722 division
1447 1657 1593 1739 fidoi
1636 1660 1707 1722 in

224 1754 555 1827 mutam
572 1756 631 1816 ot
650 1747 989 1830 informem,

228 1960 283 2017 1.
312 1957 542 2020 Partis
568 1957 939 2037 affirmantis
978 1959 1399 2036 arqumentum
1420 1955 1707 2037 pn‘mum.

140 2083 229 2098 -
268 2051 713 2132 Argumentum
758 2053 1103 2114 seeundum.
1151 2083 1235 2097 -
1272 2048 1713 2134 Aryumontum

144 2149 417 2208 tert-fem.
448 2175 535 2190 -
563 2145 631 2205 In
670 2144 1047 2206 sectionibus
1088 2145 1573 2225 praecedentibus
1606 2163 1713 2206 ex-

142 2238 371 2318 plicata
392 2245 488 2300 est
515 2240 780 2300 essentia
821 2239 1070 2299 habitus
1114 2239 1283 2314 fidei,
1328 2257 1471 2299 eum
1512 2240 1715 2300 omni·

144 2331 253 2392 bus
291 2333 526 2406 eausis,
562 2331 887 2393 effectibus
912 2338 967 2392 et
1004 2331 1476 2412 proprietatibus
1504 2333 1710 2410 illius;

144 2425 473 2504 solumque
498 2431 813 2505 supererat
834 2424 1069 2504 aliquid
1099 2424 1435 2503 dicendum
1471 2425 1547 2485 de
1577 2443 1713 2505 per-

140 2520 303 2579 sonis
334 2519 401 2578 in
432 2519 665 2598 quihus
692 2517 795 2578 hie
822 2518 1067 2578 habitus
1090 2518 1415 2597 reperitur.
1448 2518 1576 2580 Hoc
1601 2537 1711 2580 an-

138 2618 261 2673 tem
298 2611 687 2672 declarando
714 2611 1102 2671 durationem
1136 2612 1294 2691 ejus,
1332 2627 1711 2690 consequen-

140 2711 229 2765 ter
261 2704 725 2784 explicabitur3
766 2709 1071 2783 quantum
1098 2711 1307 2764 antem
1334 2703 1438 2764 hie
1464 2702 1713 2765 habitus

140 2799 340 2867 duret,
362 2797 643 2858 dicendo
668 2797 745 2857 de
772 2798 973 2857 modis
1002 2795 1228 2876 quibus
1268 2798 1583 2874 eorrumpi
1608 2815 1715 2875 po-

142 2897 285 2964 test,
332 2890 671 2952 constabit.
722 2890 917 2968 Igitur
943 2891 1193 2950 habitus
1222 2889 1369 2950 fidei
1398 2891 1712 2970 eorrumpi

152 2983 569 3062 {ntestflelin
586 2983 707 3044 hae
730 2984 880 3058 vita,
906 2983 1005 3043 vel
1028 2985 1095 3042 in
1118 2983 1389 3043 termino
1419 2983 1577 3063 ejuS,
1604 3001 1713 3043 seu

157 3081 291 3156 post
314 3076 518 3155 illam3
550 3083 620 3137 et
648 3077 719 3137 hi
748 3076 877 3137 duo
902 3076 1070 3136 modi
1096 3075 1447 3137 declarandi
1472 3095 1511 3136 a
1537 3076 1715 3136 nobis

146 3177 303 3230 sunt.
330 3171 509 3231 Circa
528 3171 811 3250 primum
834 3175 1042 3230 autem
1066 3169 1467 3248 supponimus
1488 3175 1559 3230 ut
1587 3187 1717 3230 eer-

142 3271 299 3338 tum,
324 3263 481 3324 fidei
511 3263 803 3324 habitum
827 3261 1016 3324 semel
1034 3262 1339 3336 infusum,
1366 3280 1491 3323 non
1510 3263 1717 3324 amitti

138 3358 253 3417 nisi
280 3375 401 3436 per
436 3363 811 3437 peecatum3
847 3373 993 3416 nam
1040 3356 1195 3418 dona
1238 3355 1353 3418 Dei
1393 3360 1543 3418 sunt
1585 3357 1717 3419 sine

136 3452 523 3532 penitentia,
566 3458 633 3513 et
672 3451 838 3526 ideo,
884 3451 1006 3511 nisi
1054 3449 1243 3510 homo
1271 3467 1349 3511 ex
1394 3456 1570 3530 parte
1605 3467 1717 3511 sua

142 3546 245 3606 ilia
264 3545 559 3624 abjiciat,
591 3544 693 3606 vel
720 3544 1133 3618 demereatur,
1164 3560 1293 3604 non
1321 3543 1715 3618 auferuntur,

139 3639 303 3717 qnod
326 3637 617 3699 maxime
634 3655 851 3698 verum
870 3641 963 3698 est
982 3635 1059 3697 de
1078 3634 1391 3696 habitibus
1410 3637 1723 3713 pertinen-

144 3732 307 3793 tibus
336 3731 423 3793 ad
458 3731 767 3811 justitiam
794 3736 859 3791 et
875 3730 1269 3791 sanctitatem
1292 3730 1568 3809 justitiae.
1604 3731 1719 3792 Su-

149 3831 345 3904 perest
388 3843 553 3903 ergo
592 3823 1031 3904 inquirendum
1047 3867 1064 3896 ‚
1116 3823 1283 3902 quod
1332 3823 1718 3904 propositum

144 3925 257 3993 est,
272 3937 361 3980 an
378 3917 711 3999 quodlibet
728 3923 1041 3995 peceatum
1061 3915 1324 3977 mortale
1352 3915 1615 3977 sufficiat
1638 3915 1717 3976 ad

148 4011 595 4092 expellendum
623 4029 660 4070 a
687 4009 868 4070 nobis
890 4008 1177 4070 habitum
1196 4005 1363 4070 fidei.
1390 4009 1537 4070 Pars
1548 4009 1718 4070 enim

148 4107 469 4167 affirmans
512 4102 767 4184 probari
810 4108 1027 4182 potest,
1078 4102 1307 4182 primo,
1340 4102 1487 4182 quia
1532 4119 1717 4164 omne

148 4205 471 4278 peccatum
515 4195 777 4257 mortale
818 4194 1072 4275 expellit
1112 4199 1248 4275 grat
1256 4195 1420 4273 iam3
1468 4195 1717 4256 habitus

148 4300 355 4356 autem
384 4293 541 4353 fidei
562 4293 792 4371 pendet
809 4309 848 4352 a
870 4291 1094 4370 gratia,
1124 4292 1285 4352 sieut
1310 4291 1652 4371 proprietas
1680 4308 1717 4351 a

150 4388 388 4464 forma5
442 4403 605 4464 ergo
642 4390 1091 4463 consequenter
1131 4385 1321 4446 etiam
1368 4384 1607 4445 tollitur
1642 4383 1715 4443 fi·

148 4481 291 4552 des3
324 4479 449 4541 hnc
490 4477 665 4540 enim
696 4477 937 4538 ratione
991 4495 1105 4558 per
1144 4495 1329 4538 omne
1366 4484 1715 4556 peccatum,

144 4591 363 4635 omnes
388 4571 537 4634 alim
578 4571 839 4632 virtutes
868 4570 1093 4632 infusae
1118 4571 1515 4644 amittuntur,
1540 4576 1603 4631 et
1628 4572 1717 4630 ita

144 4667 300 4729 dixit
330 4665 594 4736 Paulus,
632 4667 659 4723 l
705 4664 1055 4724 adTimoth.
1106 4668 1133 4724 1
1172 4683 1187 4723 ε
1221 4661 1593 4726 Amittentea
1622 4663 1717 4725 bo·

142 4779 287 4822 nem
338 4757 803 4832 conscientiam,
857 4756 1025 4820 eirca
1069 4757 1248 4837 fidem
1308 4760 1717 4839 nauso-aquae-

138 4859 287 4916 νηί
310 4879 337 4912 .·
360 4869 544 4930 ergo,
592 4856 711 4911 etc.
757 4849 836 4934 Et
866 4851 1165 4929 probatur
1198 4859 1519 4929 praeterea,
1567 4851 1715 4929 quia

138 4945 219 5004 ob
244 4945 415 5006 hane
442 4959 701 5004 eausam
728 4941 977 5004 habitus
1003 4942 1149 5002 fidei
1176 4941 1242 5002 in
1265 4958 1378 5003 sua
1404 4943 1715 5005 infusione

138 5039 377 5118 pendet
396 5037 487 5099 ab
506 5036 731 5098 habitu
750 5037 988 5115 gratiae,
1020 5037 1167 5115 quia
1187 5038 1320 5099 sine
1345 5037 1451 5097 illa
1468 5055 1595 5098 non
1622 5038 1719 5098 in-

140 5132 459 5203 funditur,
530 5136 607 5190 ut
660 5129 851 5190 sentit
910 5128 1341 5191 Tridentinum
1367 5175 1383 5203 ‚
1450 5131 1717 5192 sessione

138 5231 341 5299 sexta,
388 5223 601 5303 capite
639 5220 943 5302 septim03
987 5239 1137 5300 ergo
1180 5223 1367 5284 etiam
1409 5225 1541 5284 sine
1581 5241 1723 5303 gra-

144 5319 235 5377 tia
282 5335 417 5378 non
476 5322 903 5378 conservatur.
953 5316 1260 5392 Secundo,
1306 5323 1509 5396 potest
1555 5319 1721 5377 sumi

146 5415 603 5487 argumentum
630 5427 711 5470 ex
739 5408 848 5468 illo
872 5408 1088 5469 Jacobi
1116 5410 1194 5468 2:
1223 5405 1407 5472 Fides
1438 5412 1568 5473 eino
1595 5429 1723 5492 ope-

144 5503 317 5566 ribns
358 5507 613 5567 noo-tua
646 5508 742 5567 est
771 5528 795 5562 .·
824 5519 993 5563 nam·
1018 5503 1173 5564 sicut
1212 5503 1399 5564 homo
1442 5511 1723 5566 mortuns

3231 451 3344 511 ΞΗ

1792 569 1941 614 vera
1962 551 2114 614 fides
2143 569 2161 614 t
2191 553 2359 614 unde
2392 560 2485 622 est
2522 553 2678 614 illud
2723 553 3044 634 Gregorii,
3096 551 3354 618 homilia

1791 646 2092 725 vigesima
2131 651 2302 707 sexta
2336 646 2404 706 in
2446 647 2783 726 Evangelio
2815 663 2832 708 z
2879 647 3031 713 Vera
3055 649 3208 723 fides
3237 656 3349 723 est,

1789 755 1924 819 quoe
1940 738 2008 800 in
2037 740 2160 810 hoo,
2191 741 2350 820 quod
2371 741 2565 803 verbis
2587 742 2756 814 dicit,
2785 742 3052 804 moribus
3073 759 3192 803 non
3216 761 3354 806 con-

1794 833 2086 907 tradicit;
2118 852 2265 910 ergo
2288 840 2426 914 post
2452 841 2771 913 peceatum
2805 853 2932 895 non
2967 842 3177 897 manet
3207 854 3356 897 vera

1790 925 1966 1000 fides,
1999 945 2070 988 ae
2117 927 2376 988 subinde
2407 945 2608 1006 neque
2636 928 2788 989 fides
2815 950 2832 1005 3
2863 929 3010 1009 qnia
3035 929 3199 1008 quod
3227 948 3354 990 non

1792 1025 1883 1080 est
1911 1039 2128 1082 verum
2160 1039 2268 1082 ens
2285 1067 2307 1098 ,
2356 1040 2482 1083 non
2529 1027 2620 1082 est
2675 1041 2804 1083 ens.
2843 1023 3049 1084 Tertio
3074 1069 3094 1099 ,
3145 1041 3353 1103 pecca-

1788 1117 1925 1172 tum
1979 1113 2239 1175 mortale
2293 1121 2566 1174 meretur
2609 1115 3018 1195 privationem
3068 1115 3352 1176 omnium

1795 1205 2100 1267 donorum
2148 1207 2290 1284 Dei;
2335 1225 2485 1286 ergo
2534 1209 2722 1268 etiam
2769 1209 2956 1269 fidei:
2991 1209 3354 1270 antecedens

1798 1305 1988 1378 patet,
2020 1307 2154 1360 tum
2211 1301 2361 1379 quia
2402 1307 2496 1361 est
2546 1300 2806 1362 infinitae
2861 1303 3154 1380 malitiae3
3217 1309 3354 1364 tum

1796 1396 1985 1454 etiam
2015 1395 2160 1472 qnia
2181 1394 2334 1454 alias
2361 1411 2470 1474 per
2499 1395 2738 1455 nullum
2767 1401 3083 1474 peccatum
3109 1398 3354 1458 amitte·

1793 1488 2140 1566 retnr‚quia
2167 1505 2294 1547 non
2329 1493 2423 1549 est
2457 1489 2659 1567 maj0r
2699 1490 2858 1549 ratio
2901 1489 2977 1550 de
3008 1508 3136 1550 uno
3165 1507 3355 1569 quam

1795 1579 1873 1642 de
1896 1580 2061 1654 alio;
2087 1597 2235 1640 nam
2277 1580 2419 1641 lieet
2461 1599 2659 1642 unum
2689 1582 2884 1642 videri
2927 1583 3114 1661 possit
3155 1585 3356 1662 magis

1796 1673 2176 1735 eontrarium
2203 1673 2349 1734 fidei
2373 1693 2560 1752 quam
2585 1675 2776 1748 aliud,
2801 1675 3205 1736 nihilominus
3232 1677 3356 1737 alia

1792 1773 2048 1847 possunt
2074 1785 2202 1828 esse
2231 1769 2518 1845 graviora
2540 1774 2602 1829 et
2624 1768 2823 1846 magis
2851 1767 3270 1830 demeritoria.

1870 1863 1931 1923 2.
1947 1861 2156 1923 Error
2182 1861 2596 1923 hoereticomm
2613 1860 2681 1922 in
2697 1865 2985 1940 praesenti
3002 1867 3349 1943 quoestione.

1791 1985 1873 2001 —
1896 1954 2203 2027 Quodnam
2231 1955 2364 2032 ejus
2389 1955 2876 2029 fundamentum,
2909 1961 2962 2016 ec
2987 1972 3100 2035 quo
3141 1956 3209 2017 in
3231 1955 3356 2018 loco

1794 2051 2164 2123 confutetur.
2195 2049 2375 2107 —In
2417 2045 2536 2106 hoe
2573 2055 2804 2126 puncto
2847 2047 3125 2108 haeretici
3169 2045 3356 2127 huJus

1790 2143 2092 2221 temporis
2133 2140 2495 2221 simpliciter
2529 2141 2743 2201 dicunt
2785 2139 2972 2219 iidem
3014 2143 3218 2203 amitti
3249 2161 3359 2223 per

1794 2253 1980 2296 omne
2033 2243 2353 2315 peceatum
2405 2234 2690 2296 mortale.
2744 2234 3104 2314 Intelligunt
3146 2243 3357 2298 autem

1798 2329 1874 2390 de
1894 2327 2016 2389 fide
2039 2327 2448 2405 justificante,
2481 2327 2825 2388 secundum
2857 2329 3040 2408 ipsoS,
3084 2329 3359 2391 formali·

1798 2429 1895 2482 ter
1920 2429 1984 2483 et
2013 2439 2141 2483 non
2169 2427 2412 2482 tantum
2433 2421 3013 2498 fundamentaliter3
3044 2440 3232 2501 quam
3265 2423 3360 2484 di-

1801 2521 1949 2576 eunt
1970 2533 2100 2576 esse
2129 2513 2314 2575 fidem
2345 2514 2804 2594 particularem,
2834 2533 2958 2594 qua
2999 2517 3136 2596 quis
3164 2517 3360 2579 credit

1800 2607 1918 2668 sibi
1947 2625 2074 2668 non
2106 2607 2403 2686 imputari
2431 2613 2699 2686 peccata,
2725 2625 2799 2668 ae
2831 2608 3090 2671 subinde
3126 2627 3190 2672 se
3231 2628 3360 2673 esse

1794 2702 2058 2781 justum.
2109 2701 2283 2761 Unde
2313 2700 2501 2760 etiam
2531 2699 2870 2779 loquuntur
2897 2719 3023 2762 non
3065 2703 3142 2764 de
3187 2705 3361 2764 omni

1800 2801 2073 2875 peccam,
2115 2800 2417 2874 qnatenus
2449 2801 2542 2855 est
2577 2796 2985 2874 transgressio
3015 2797 3168 2875 legis
3204 2797 3362 2858 divi·

1799 2907 1918 2962 nae,
1946 2889 2092 2969 quia
2132 2889 2182 2948 si
2211 2907 2338 2948 non
2359 2888 2724 2968 imputetur,
2764 2890 2964 2964 aiunt,
2999 2909 3126 2951 non
3173 2889 3362 2952 habet

1798 2983 1927 3042 vim
1957 2988 2020 3043 et
2051 2981 2388 3042 efficaciam
2418 2983 2650 3061 peceati
2667 2997 2688 3059 ;
2725 2981 3068 3062 loquuntur
3107 3002 3255 3063 ergo
3283 2984 3362 3046 de

1797 3075 1905 3136 illo
1934 3075 2099 3154 quod
2125 3075 2468 3153 imputatur
2491 3073 2571 3134 ad
2601 3081 2940 3154 peceatum,
2971 3077 3136 3155 quod
3161 3077 3362 3140 solum

1798 3168 1891 3241 fit,
1926 3167 2177 3247 quando
2201 3165 2388 3227 homo
2415 3185 2542 3227 non
2560 3165 2749 3228 habet
2767 3167 2950 3228 fidem
2980 3171 3056 3228 de
3077 3169 3212 3249 ipsa
3235 3189 3364 3232 non

1798 3260 2227 3340 imputatione.
2261 3261 2336 3320 Et
2365 3260 2452 3320 ita
2477 3259 2657 3322 facile
2686 3266 2855 3340 patet
2881 3261 3362 3325 fundamentum

1805 3353 1992 3432 hujus
2023 3353 2269 3426 erroriS,
2299 3353 2446 3432 quia
2474 3351 2680 3413 ablata
2715 3353 2822 3415 illa
2851 3353 2971 3416 fide
3010 3357 3363 3440 particulari

1801 3447 2084 3510 aufertur
2107 3445 2308 3506 forma
2331 3444 2704 3523 justificans,
2757 3445 2809 3506 si
2837 3453 3045 3509 autem
3097 3449 3202 3510 illa
3227 3469 3364 3531 per-

1800 3545 2067 3618 severat,
2097 3540 2341 3602 etiamsi
2369 3540 2557 3600 homo
2588 3547 2796 3620 peccet
2819 3541 2917 3602 vel
2953 3542 3115 3604 male
3149 3563 3362 3625 opere·

1797 3642 1935 3711 tur,
1993 3651 2235 3714 semper
2283 3640 2494 3694 manet
2536 3633 2736 3695 forma
2787 3635 3172 3714 justificans3
3215 3657 3362 3719 ergo

1797 3747 1910 3810 per
1926 3728 2242 3808 quodlibet
2257 3733 2575 3807 peecatum
2597 3729 2762 3807 quod
2794 3733 3160 3809 imputetur,
3180 3734 3361 3793 amit·

1798 3826 1954 3884 titur
1981 3839 2129 3882 vera
2154 3821 2327 3882 fides.
2377 3820 2556 3882 Unde
2599 3822 2700 3884 isti
2734 3831 3182 3902 consequenter
3222 3827 3364 3887 irri-

1798 3917 1949 3978 dent
1975 3913 2434 3976 distinctionem
2459 3912 2605 3975 fidei
2629 3916 2699 3976 in
2726 3915 3054 3978 formatam
3079 3924 3142 3979 et
3169 3919 3362 3981 insor-

1798 4027 1990 4083 mem,
2021 4015 2094 4069 ut
2127 4006 2312 4068 latius
2337 4007 2530 4069 refert
2563 4009 2866 4084 Ruardus,
2898 4011 3158 4072 articulo
3198 4019 3363 4073 octa·

1797 4122 1896 4179 vo,
1952 4108 2016 4163 et
2057 4099 2185 4162 alii.
2227 4101 2679 4162 Verumtamen
2719 4102 3127 4165 fundamenta
3171 4105 3360 4184 liujus

1798 4196 2024 4257 erroris
2051 4193 2434 4274 ineptissima
2462 4199 2631 4268 sunt,
2657 4191 2806 4255 etin
2834 4199 3092 4258 materia
3119 4197 3194 4258 de
3212 4197 3362 4260 Gra·

1798 4288 1908 4359 tia,
1940 4286 2101 4348 libro
2127 4292 2368 4360 octavu,
2399 4288 2600 4367 capit-e
2644 4287 2884 4349 decimo
2922 4297 3160 4367 octavo,
3191 4291 3360 4352 suffi-

1798 4383 2032 4442 cienter
2067 4379 2436 4460 improbata,
2489 4381 2598 4442 ubi
2640 4388 2952 4444 ostensum
2983 4391 3074 4445 est
3105 4384 3359 4448 inanem

1798 4492 1928 4535 esse
1948 4473 2120 4534 illam
2144 4473 2330 4536 fidem
2354 4475 2817 4554 particularem,
2839 4495 2980 4537 cum
3005 4479 3080 4538 de
3110 4482 3360 4560 propria

1794 4568 2034 4646 justitia
2081 4570 2212 4629 sine
2259 4569 2507 4648 speciali
2550 4569 2926 4631 revelatione
2966 4571 3181 4634 haberi
3230 4591 3360 4636 non

1800 4661 2009 4740 possit.
2056 4661 2208 4722 Item
2249 4671 2556 4722 ostensum
2600 4669 2694 4724 est
2735 4663 2970 4724 nullam
3011 4683 3139 4728 esse
3171 4665 3361 4728 fidem

1800 4755 2261 4833 justificantem,
2305 4755 2427 4816 nisi
2453 4754 2638 4818 fidem
2667 4756 3054 4836 dogmatum,
3099 4765 3160 4822 ct
3191 4759 3363 4823 illam

1807 4867 1935 4910 non
1964 4850 2270 4923 sufficere,
2309 4867 2512 4929 neque
2553 4867 2684 4912 esse
2733 4851 3025 4931 formam,
3064 4854 3170 4916 secl
3201 4858 3366 4918 radi-

1811 4959 1943 5006 cem
1967 4943 2245 5021 justitiae.

1896 5039 1954 5098 3.
1999 5037 2274 5101 Assertio
2302 5037 2371 5101 de
2395 5039 2536 5116 fide,
2567 5059 2686 5103 non
2713 5043 2916 5107 amitti
2939 5044 3203 5110 habit-um
3223 5050 3369 5130 fidei

1801 5148 1913 5212 per
1950 5129 2242 5210 quodlibet
2267 5133 2541 5196 mortale.
2571 5163 2653 5180 —-
2677 5135 2914 5197 Veritas
2947 5156 3097 5216 ergo
3143 5141 3362 5204 Catho-

1805 5225 1923 5285 lioa
1963 5228 2076 5299 est,
2116 5223 2261 5286 fidei
2309 5224 2593 5287 habitum
2637 5247 2764 5290 non
2794 5231 2995 5292 amitti
3028 5251 3137 5311 per
3178 5253 3364 5298 omne

1800 5325 2126 5399 peecatum
2169 5320 2430 5382 mortale
2446 5336 2469 5399 3
2503 5321 2666 5384 hanc
2715 5325 2894 5386 docui
2957 5326 3116 5388 libro
3169 5331 3362 5393 unde-

1804 5414 1964 5472 cimo
2011 5413 2086 5473 de
2115 5413 2347 5488 Gratia,
2379 5415 2578 5495 capite
2625 5417 2865 5496 quintu,
2893 5437 3155 5481 numero
3185 5428 3365 5502 quin-

1800 5511 1886 5569 to.
1918 5507 2146 5586 Estque
2187 5507 2261 5568 de
2289 5507 2412 5568 fide
2441 5510 2694 5570 definita
2715 5513 2781 5572 in
2807 5513 3073 5575 Concilio
3109 5517 3367 5582 Triden-

150 5607 403 5660 Βοιαὶ
426 5613 617 5660 vetus
645 5597 860 5671 homo,
893 5597 984 5657 ita
1008 5596 1159 5658 fides
1196 5603 1441 5659 mortua
1466 5617 1593 5660 non
1633 5605 1725 5659 est
1803 5600 1974 5678 tino,
2005 5599 2276 5664 sessione
2309 5609 2513 5680 sexta,
2549 5621 2784 5665 canone
2833 5605 3070 5670 decimo
3116 5619 3331 5678 octavo
3343 5663 3364 5693 ,
