3900 6217
527 365 666 431 392·

532 477 845 538 simulare.
892 478 982 538 Ita
1023 477 1236 538 docuit
1262 478 1588 550 AdrianuS,
1625 479 1693 538 in
1721 480 1784 554 4,
1823 479 1892 539 in
1923 486 2090 539 trac-

531 577 664 631 tatu
691 571 766 632 de
795 571 1129 650 Baptismo,
1157 577 1376 648 quaest.
1412 575 1471 646 1,
1501 577 1617 632 art.
1650 573 1709 646 1,
1744 571 1821 631 ad
1844 575 1904 633 5.
1928 573 2093 632 Fun·

534 665 716 726 datur
742 665 942 742 primo
969 664 1035 724 in
1082 663 1386 726 sententia
1429 665 1819 742 Hieronymi,
1857 665 1934 723 ad
1978 664 2095 724 Ga-

529 758 688 818 latas
729 759 767 817 2
801 762 862 818 et
901 759 962 833 3,
993 762 1056 817 et
1083 757 1342 834 epistola
1377 756 1752 832 octogesima
1799 774 1969 818 nona
2008 757 2091 818 ad

530 852 948 929 Augustinum
969 895 989 926 ,
1057 850 1164 929 qui
1219 850 1376 910 dixit
1427 850 1886 910 caeremonialia
1929 849 2092 928 legis

531 943 756 1004 veteris
782 943 861 1004 ab
891 943 1147 1003 instanti
1183 943 1418 1002 mortis·
1435 941 1662 1003 Christi
1695 941 1885 1002 fuisse
1927 961 2091 1003 mor-

533 1037 713 1096 tifera
737 1043 799 1098 et
829 1043 1097 1111 mortua,
1132 1041 1194 1096 et
1231 1034 1642 1095 nihilominus
1666 1034 1987 1112 Apostolos
2013 1035 2093 1094 si·

533 1147 612 1190 ne
657 1135 910 1208 peceato
955 1129 1274 1190 interdum
1345 1126 1450 1188 illa
1507 1127 1860 1189 observasse
1880 1172 1898 1203 ,
1945 1129 2095 1208 quia

533 1240 661 1282 non
687 1223 1032 1282 intentione
1073 1221 1296 1292 cultuS,
1337 1221 1444 1282 sed
1473 1237 1582 1298 per
1613 1219 1985 1299 prudentem
2020 1221 2097 1282 si-

533 1316 937 1376 mulationem
978 1315 1085 1374 ina
1122 1315 1452 1374 faciebant.
1485 1313 1796 1389 Secundo,
1849 1311 2099 1374 adducit

533 1409 882 1487 exemplum
915 1409 1235 1469 Nahaman
1265 1414 1328 1468 et
1348 1407 1573 1482 Elisaei,
1603 1413 1826 1485 quarto
1855 1407 2095 1484 Regum

532 1505 774 1582 quinto.
837 1507 988 1564 Nam
1043 1519 1184 1562 cum
1242 1502 1588 1576 Nahaman,
1633 1519 1711 1561 ex
1751 1501 2099 1580 gentilitate

540 1598 618 1657 ad
647 1615 864 1658 verum
891 1599 1084 1656 Deum
1131 1601 1290 1656 esset
1322 1611 1671 1670 conversuS,
1711 1595 1886 1674 petiit
1911 1594 2101 1655 licen·

535 1691 688 1750 tiam
721 1691 802 1750 ab
826 1690 1042 1750 Elisaeo
1067 1696 1137 1748 ut
1163 1689 1228 1748 in
1271 1687 1504 1767 templo
1531 1687 1863 1762 idolorum,
1899 1688 2095 1747 comi-

532 1783 724 1844 tando
772 1803 982 1863 regem
1034 1799 1242 1857 suum,
1297 1788 1499 1861 posset
1545 1781 1957 1859 genuflectere
1996 1780 2097 1842 vel

534 1877 812 1950 adorare,
843 1875 1058 1954 utique
1104 1876 1316 1936 animo
1353 1874 1514 1936 ficto.
1561 1875 1638 1934 Et
1674 1875 1978 1952 Propheta
2002 1873 2090 1934 illi

535 1971 850 2048 respondit
907 1990 920 2028 τ
994 1969 1148 2036 Vade
1175 1969 1241 2028 in
1277 1985 1448 2048 pace,
1479 1969 1694 2046 utique
1737 1966 2097 2045 significans

537 2063 806 2140 potuisse
832 2061 892 2122 id
934 2061 1134 2122 facere
1161 2061 1294 2120 sinc
1339 2067 1604 2136 peccato.
1641 2060 1869 2132 Terti0,
1902 2059 2096 2117 addu-

537 2156 620 2214 cit
649 2155 999 2232 exemplum
1035 2155 1217 2230 Regis
1261 2153 1444 2226 Jehu,
1491 2155 1530 2213 4
1572 2153 1811 2230 Regum
1856 2155 1955 2226 10,
1988 2151 2097 2230 qui

537 2251 610 2307 ad
649 2247 1010 2308 occidendos
1037 2245 1372 2325 Prophetas
1399 2246 1570 2317 Baal‚
1617 2245 1799 2305 finxit
1833 2263 1902 2305 se
1941 2244 2099 2305 velle

535 2359 674 2401 cum
706 2342 825 2401 illis
849 2341 1190 2401 sacrificare
1207 2355 1226 2415 3
1257 2357 1522 2417 cumque
1546 2339 1606 2399 id
1642 2339 1896 2414 fecisset,
1929 2339 2097 2398 vide·

533 2441 640 2493 tui·
675 2435 986 2512 Scriptura
1024 2432 1255 2493 factum
1295 2431 1428 2509 ejus
1464 2431 1715 2492 laudare
1733 2445 1754 2509 3
1789 2449 1940 2509 ergo
1972 2449 2099 2492 non

539 2533 630 2587 est
670 2527 734 2586 id
785 2545 894 2605 per
941 2543 1006 2586 se
1037 2532 1099 2586 et
1143 2525 1474 2586 intrinsece
1521 2525 1776 2586 malum.
1826 2526 2095 2599 Quarto,

537 2620 708 2680 addit
732 2620 1058 2694 rationem,
1103 2619 1250 2696 quia
1282 2618 1426 2678 licet
1466 2617 1778 2678 simulatio
1819 2618 2096 2678 formalis

535 2731 780 2792 semper
814 2713 894 2772 sit
933 2717 1277 2790 peccatum,
1328 2711 1476 2788 quia
1513 2711 1790 2772 continet
1837 2712 2095 2771 menda·

537 2807 730 2882 cium,
755 2813 817 2865 et
854 2807 1132 2865 animum
1163 2804 1439 2878 fallendi,
1469 2803 1876 2864 nihilominus
1903 2804 2096 2864 simu-

535 2899 684 2959 latio
715 2899 1054 2958 materialis
1082 2897 1398 2958 interdum
1444 2902 1536 2956 est
1566 2896 1751 2971 licita,
1783 2902 1846 2957 ct
1869 2897 1940 2956 fit
1963 2898 2095 2958 sine

539 2993 860 3053 mendacio
871 3007 890 3068 3
921 2991 1022 3051 sed
1054 2989 1368 3050 simulatio
1399 2989 1466 3048 in
1495 2989 1594 3048 his
1617 2990 1961 3050 actionibus
1988 3007 2095 3069 po-

538 3091 661 3145 test
707 3103 834 3145 esse
885 3101 1052 3144 mere
1099 3081 1472 3157 materialis3
1526 3099 1674 3159 ergo
1711 3088 1906 3160 potest
1966 3099 2096 3144 esse

533 3178 725 3238 licita.
773 3178 968 3255 Major
1003 3176 1371 3256 supponitur
1418 3191 1492 3234 ex
1522 3175 1666 3233 divo
1707 3175 1966 3250 Thema,
2003 3193 2096 3237 se·

537 3273 742 3332 cunda
773 3271 1082 3344 secundae,
1127 3267 1467 3347 quaestione
1499 3269 1560 3340 3,
1606 3273 1722 3329 art.
1756 3270 1846 3345 ‘13
1892 3269 2097 3330 minor

535 3366 904 3443 supponitur
933 3365 1116 3422 etiam
1157 3379 1233 3421 ex
1262 3361 1422 3420 iacto
1453 3361 1584 3438 ipso
1605 3405 1621 3432 ,
1663 3379 1810 3420 nam
1849 3363 1960 3440 qui
2006 3363 2094 3422 sic

535 3462 847 3535 operatur,
879 3475 988 3534 per
1013 3474 1076 3515 se
1113 3473 1240 3514 non
1285 3453 1552 3514 intendit
1590 3453 1938 3532 significare
1979 3455 2093 3519 fal-

533 3569 697 3626 sum,
729 3567 927 3628 neque
970 3549 1164 3608 alium
1206 3549 1512 3626 decipere,
1562 3547 1668 3606 sed
1721 3548 1990 3609 intendit
2018 3548 2094 3608 il-

533 3644 656 3705 lam
701 3644 1004 3702 actionem
1045 3659 1351 3715 exercere,
1398 3648 1467 3699 ut
1501 3640 1776 3700 medium
1819 3643 1972 3702 utile
2012 3643 2091 3702 ad

533 3737 728 3796 alium
765 3736 953 3796 finem
991 3755 1029 3794 a
1072 3752 1136 3795 se
1167 3734 1500 3807 intentum,
1536 3732 1865 3794 honestum
1896 3741 1959 3795 et
1986 3735 2094 3796 bo·

533 3848 710 3904 num,
735 3837 805 3888 ut
827 3827 1249 3906 supponimus,
1273 3827 1686 3903 permittendo
1713 3837 1784 3886 ut
1809 3826 1969 3888 alius
1987 3829 2092 3888 de·

535 3921 821 4000 ulpiatur,
856 3922 1020 3999 quod
1047 3937 1208 3998 soepe
1251 3919 1414 3979 licet.
1457 3919 1668 3979 Prima
1699 3936 1842 3979 vero
1871 3939 2087 3982 eonse-

534 4013 790 4095 quentia
829 4011 1148 4091 probatur,
1185 4013 1353 4090 quia,
1395 4011 1628 4072 secluso
1675 4011 1999 4083 mendacio
2030 4019 2093 4074 et

535 4105 927 4168 simulatione
955 4101 1226 4178 formali,
1261 4104 1430 4166 nulla
1459 4103 1736 4183 specialis
1761 4105 2001 4166 malitia
2024 4106 2093 4166 in

533 4199 643 4274 illa
669 4200 932 4273 actione,
971 4197 1066 4259 vel
1113 4198 1376 4257 materia
1413 4198 1765 4272 invenitur,
1809 4197 1955 4275 quia
1984 4215 2093 4257 ne-

536 4309 657 4371 que
707 4291 790 4350 ibi
839 4295 933 4350 est
961 4289 1210 4366 negatio
1263 4289 1447 4363 fidei,
1497 4307 1641 4350 cum
1686 4289 1932 4350 nullum
1986 4289 2093 4350 fiat

534 4383 924 4444 mendacium
954 4398 974 4459 3
1030 4399 1232 4460 neque
1293 4387 1384 4442 est
1447 4381 1774 4442 occultatio
1833 4381 2048 4442 illicita
2070 4426 2089 4456 ,

533 4477 702 4556 quia,
739 4483 806 4536 ut
833 4473 1261 4553 supponimus,
1294 4473 1399 4534 illo
1427 4481 1700 4553 tempore
1741 4491 1868 4533 non
1911 4479 2095 4552 urget

531 4568 828 4647 obligatio
867 4566 1200 4627 confitendi
1227 4565 1415 4627 fidem
1452 4588 1465 4626 :
1499 4583 1648 4644 ergo
1691 4566 1866 4626 nulla
1915 4585 2093 4646 supe-

531 4669 657 4724 rest
703 4663 860 4721 ratio
915 4666 1166 4739 propter
1205 4679 1395 4740 quam
1453 4661 1592 4720 talis
1645 4660 1806 4721 actio
1853 4677 2097 4739 semper

531 4755 883 4814 damnetur.

611 4862 672 4918 4.
727 4857 1004 4922 Secunda
1045 4866 1102 4922 et
1149 4875 1294 4920 vera
1347 4860 1644 4922 sententia
1687 4859 1989 4941 κερατίνη.
2015 4889 2096 4906 --

533 4953 841 5014 Probatur
888 4953 1267 5014 auctoritate.
1291 4983 1374 4996 —
1397 4952 1812 5012 Nihilominus
1850 4957 2095 5011 contra·

529 5046 624 5105 ria
677 5043 980 5104 sententia
1023 5049 1115 5104 est
1164 5061 1334 5116 vera,
1383 5049 1446 5103 et
1493 5044 1750 5104 omnino
1799 5043 2093 5118 tenenda,

532 5137 680 5217 quia
709 5155 922 5197 revera
951 5137 1152 5216 prima
1181 5136 1511 5214 singularis
1538 5142 1651 5212 est,
1683 5151 1743 5197 et
1775 5137 1842 5195 in
1871 5153 1936 5196 re
1968 5153 2097 5196 mo-

533 5231 650 5289 rali
694 5235 894 5308 potest
921 5247 1051 5289 esse
1084 5229 1448 5307 perniciosa.
1485 5230 1626 5298 Haec
1667 5235 1875 5290 autem
1920 5246 2093 5288 com-

533 5322 742 5381 munis
783 5327 875 5382 est
934 5321 1388 5398 Theologorum
1437 5339 1578 5381 eum
1632 5322 1776 5382 divo
1831 5321 2093 5393 Thoma,

533 5413 696 5473 dicta
724 5421 937 5493 quaest.
972 5415 1032 5487 3,
1064 5420 1182 5474 art.
1223 5417 1275 5488 2,
1323 5413 1432 5473 ubi
1481 5414 1808 5492 Cajetanus
1859 5419 1922 5474 et
1986 5413 2095 5474 alii

530 5505 926 5585 expositores,
959 5506 1123 5566 inter
1149 5523 1300 5585 quos
1326 5505 1686 5586 diligentius
1715 5507 1902 5567 etiam
1927 5512 2089 5567 trac-

1267 373 1505 430 msrm.
1541 377 1666 430 ΚΝ.
1703 377 1786 430 DE
1817 377 2153 430 PRAECEPTO
2186 377 2384 432 ACTUS
2416 375 2785 432 EXTEmoms
2818 375 2997 429 rium.

2171 485 2263 539 tat
2310 479 2642 557 Gregorius
2684 477 2760 538 de
2789 476 3091 552 Valentia,
3123 476 3277 557 disp.
3310 482 3365 553 1,
3394 489 3583 560 quoest.
3616 485 3666 560 3,

2173 576 2404 650 puncto
2442 569 2708 630 secundo
2730 614 2750 645 ,
2798 568 2987 629 dubie
3026 575 3266 648 quarto.
3294 572 3479 633 Tenet·
3512 576 3671 638 etiam

2172 664 2523 724 Alexander
2568 662 2805 724 Alensis
2829 706 2848 736 ‚
2898 665 2934 722 3
2963 667 3161 740 parte,
3194 665 3510 742 quaisfione
3552 669 3674 743 183,

2173 755 2455 816 membro
2482 754 2784 827 secund03
2834 761 2900 815 et
2926 756 2997 814 D.
3028 755 3397 829 Antoninus,
3426 760 3463 818 2
3498 777 3579 838 p.‚
3610 761 3679 820 ti-

2168 849 2299 910 tulo
2324 852 2427 924 22,
2458 867 2593 928 cap.
2622 851 2662 910 6
2685 865 2703 924 3
2728 849 3062 928 Sylvester,
3087 849 3273 909 verbo
3288 850 3483 924 Fides,
3512 871 3679 930 qums.

2168 945 2337 1004 tione
2364 946 2425 1017 5,
2460 949 2525 1003 et
2562 943 2647 1002 ibi
2700 941 2981 1006 Armilla.
3015 959 3189 1002 num.
3220 960 3387 1004 nono
3414 965 3430 1018 3
3458 947 3675 1024 Augei„

2169 1037 2359 1098 verbo
2404 1033 2771 1116 Infidelitas,
2802 1053 3067 1095 numero
3106 1051 3313 1112 nono3
3360 1042 3423 1097 et
3462 1039 3678 1116 Navae,

2174 1149 2307 1208 cap.
2354 1131 2698 1199 undecimo,
2736 1147 2997 1190 numero
3046 1129 3345 1206 vigesimo
3388 1132 3595 1208 tertio,
3632 1142 3683 1196 et

2176 1223 2607 1302 sequentibus;
2640 1221 2910 1294 Toletus‚
2950 1221 3109 1282 libro
3138 1225 3181 1282 4
3207 1223 3488 1298 Summae,
3519 1229 3687 1305 capite

2177 1317 2469 1390 secundo,
2488 1333 2749 1376 numero
2770 1317 2804 1376 7
2827 1333 2848 1393 3
2872 1307 3172 1394 Vasquez,
3202 1316 3395 1394 prima
3414 1320 3687 1394 secunde,

2179 1412 2407 1490 disput.
2442 1411 2581 1483 182,
2612 1409 2811 1487 capite
2845 1410 3085 1489 quinto.
3128 1411 3205 1469 Et
3245 1427 3367 1488 vegio
3408 1411 3587 1472 multa
3628 1414 3695 1474 de

2178 1505 2298 1564 hoc
2337 1508 2567 1582 puncto
2612 1502 2737 1562 dixi
2790 1502 2857 1562 in
2904 1501 3067 1562 libro
3104 1519 3273 1561 nono
3316 1501 3391 1562 de
3436 1504 3689 1581 Legibus,

2179 1598 2375 1677 capite
2402 1593 2645 1655 decimo
2672 1597 2960 1674 septimo,
2990 1602 3055 1656 et
3092 1596 3159 1654 in
3201 1613 3384 1674 opere
3420 1596 3695 1658 Defensio-

2179 1694 2275 1754 nis
2302 1695 2472 1770 fidei,
2501 1695 2663 1756 libro
2682 1699 2878 1766 sexto,
2914 1693 3113 1772 capite
3150 1707 3340 1752 nono.
3375 1691 3581 1768 Estque
3608 1710 3695 1751 ex-

2176 1807 2384 1868 pressa
2420 1789 2727 1852 sententia
2766 1790 2835 1848 D.
2880 1785 3235 1866 Augustini,
3276 1783 3521 1863 epistola
3556 1784 3695 1846 deci·

2178 1899 2280 1941 ma
2324 1899 2491 1942 nona
2537 1883 2616 1942 ad
2668 1881 3143 1958 Hieronymum,
3192 1877 3299 1936 ubi
3346 1893 3423 1936 ex
3463 1877 3695 1955 professo

2176 1974 2397 2052 probat
2452 1974 2771 2053 Apostolos
2810 1991 2937 2034 non
2984 1971 3303 2031 simulasse
3343 1969 3572 2046 legalia,
3611 1971 3699 2031 sed

2178 2085 2327 2128 vero
2370 2068 2583 2127 animo
2611 2067 2717 2126 illa
2744 2083 3039 2139 servasse,
3064 2065 3207 2143 quia
3236 2063 3377 2124 talis
3408 2063 3565 2122 fictio
3587 2081 3697 2141 per-

2178 2161 2407 2220 niciosa
2444 2167 2636 2235 esset3
2674 2167 2735 2220 et
2763 2159 2843 2219 ob
2870 2159 3147 2220 eamdem
3178 2173 3450 2229 causam,
3479 2156 3539 2216 iu
3568 2155 3701 2217 libro

2179 2252 2255 2313 de
2294 2255 2466 2313 Bono
2508 2251 2845 2330 conjugali,
2876 2269 3008 2330 mp.
3049 2252 3147 2325 16,
3179 2250 3339 2310 dixit
3384 2250 3562 2310 satius
3594 2267 3701 2310 esse

2180 2349 2336 2406 mori
2368 2364 2557 2424 quam
2588 2345 2881 2406 idolotitis
2934 2344 3092 2403 νωθῆ
3124 2365 3140 2418 ;
3188 2349 3405 2422 estque
3436 2342 3547 2402 hoc
3584 2361 3705 2404 con·

2177 2449 2543 2500 sentaneum
2578 2439 2789 2512 Paulo,
2818 2441 2847 2499 1
2884 2437 2959 2498 ad
2995 2437 3273 2498 Corinth.
3314 2439 3414 2508 10,
3454 2437 3701 2498 dicenti:

2175 2532 2321 2595 Non
2368 2534 2511 2596 licet
2556 2551 2661 2594 tos
2697 2531 2839 2610 fieri
2885 2533 3077 2595 socios
3130 2531 3571 2601 munierum,
3604 2547 3703 2590 non

2171 2626 2423 2706 potestis
2453 2627 2693 2688 calicem
2725 2625 2975 2687 Domini
3002 2625 3217 2698 bibere,
3252 2629 3311 2685 et
3344 2623 3579 2686 calicem
3606 2624 3704 2683 ὼε-

2172 2722 2529 2782 moratorum.
2573 2721 2661 2780 Ex
2690 2737 2813 2800 quo
2837 2719 2975 2780 loco
2998 2735 3217 2778 omnes
3240 2717 3531 2795 colligunt
3550 2733 3703 2776 num·

2174 2829 2361 2891 quam
2386 2829 2557 2891 posse
2585 2829 2717 2873 esse
2746 2813 2985 2873 licitum
3028 2827 3317 2872 exercere
3356 2810 3704 2888 superstitio·

2176 2923 2271 2966 sas
2318 2907 2717 2966 caeremonias
2776 2905 3104 2984 gentilium
3140 2949 3157 2978 ,
3200 2903 3301 2964 vel
3362 2901 3699 2962 infidelium.

2175 2997 2355 3058 Ratio
2390 2998 2578 3058 etiam
2614 2997 2677 3058 id
2708 2997 3039 3058 convincit.

2258 3094 2318 3152 5.
2380 3091 2674 3153 Rationes
2710 3107 2828 3170 pro
2898 3092 3099 3152 eadem
3147 3088 3471 3173 scatentia.
3496 3119 3575 3136 --·
3603 3087 3707 3148 Pri·

2175 3203 2321 3261 mo,
2369 3185 2449 3245 ab
2499 3185 3003 3257 inconvenienti,
3052 3183 3203 3262 quia
3246 3183 3527 3262 sequitur
3568 3199 3707 3242 nunc

2176 3295 2351 3358 posse
2411 3278 2680 3356 aliquem
2730 3277 3097 3336 catholicum
3150 3293 3401 3336 servare
3452 3291 3706 3334 coeremo-

2172 3372 2310 3432 nias
2352 3371 2507 3448 legis
2540 3370 2757 3430 animo
2780 3369 2943 3442 ficto,
2974 3369 3025 3428 si
3078 3367 3283 3428 subsit.
3326 3385 3531 3440 causa,
3562 3367 3705 3426 verbi

2173 3464 2393 3540 gratia,
2428 3465 2478 3523 si
2514 3462 2677 3522 iilius
2722 3462 2785 3522 id
2830 3460 3017 3521 faciat
3060 3467 3131 3521 ut
3172 3461 3335 3540 patri
3376 3460 3707 3520 condescen-

2172 3557 2297 3628 dat,
2332 3575 2410 3616 ex
2453 3557 2675 3616 timore
2714 3555 3131 3627 severentiali,
3166 3561 3229 3614 et
3258 3555 3517 3614 fortasse
3542 3571 3615 3614 ne
3654 3571 3707 3613 se

2172 3649 2375 3728 privet
2429 3649 2783 3709 baereditate
2823 3669 2841 3720 3
2900 3663 3285 3726 consequens
3346 3654 3441 3708 est
3490 3647 3710 3709 falsissi-

2172 3759 2369 3816 mum,
2402 3747 2465 3801 et
2498 3739 3005 3800 absurdissimum
3037 3762 3052 3810 ;
3088 3740 3343 3819 sequela
3390 3749 3591 3802 autem
3620 3757 3710 3819 pa·

2171 3841 2309 3909 tet,
2360 3835 2507 3913 quia
2568 3839 2719 3893 tunc
2769 3831 3003 3892 habent
3060 3833 3264 3892 locum
3333 3835 3541 3894 omnia
3589 3847 3709 3910 quae

2174 3928 2482 3988 Adrianus
2510 3926 2678 3986 dicit.
2716 3925 2889 3985 Unde
2918 3925 3102 3985 etiam
3138 3925 3330 3986 simili
3380 3927 3559 3986 modo
3594 3943 3713 4004 pos·

2174 4027 2266 4081 set
2302 4019 2551 4098 gentilis
2596 4037 2763 4079 nunc
2800 4019 2878 4077 ad
2920 4016 3105 4078 fidem
3148 4035 3483 4080 conversus
3530 4019 3591 4078 in
3626 4018 3712 4078 Ja-

2174 4114 2363 4193 ponia
2386 4155 2405 4187 ,
2457 4111 2572 4172 sub
2640 4129 2787 4188 rege
2844 4109 3075 4170 infideli
3123 4109 3451 4180 incensum
3514 4111 3713 4172 offerre

2174 4206 2378 4280 idolis,
2422 4204 2519 4265 vel
2564 4204 2795 4283 aliquid
2826 4203 3027 4263 simile
3069 4204 3297 4279 facere,
3328 4213 3401 4266 ut
3438 4223 3603 4266 suam
3646 4203 3707 4262 ii-

2172 4299 2316 4358 dem
2358 4297 2490 4375 regi
2528 4296 2811 4370 occultet,
2843 4295 3093 4374 quando
3120 4297 3200 4366 ab
3240 4297 3358 4358 illo
3388 4317 3513 4358 non
3546 4300 3714 4357 inter-

2173 4398 2469 4469 rogatur,
2508 4407 2712 4469 neque
2756 4391 3037 4469 eogitur;
3092 4409 3479 4470 consequens
3526 4395 3711 4450 autem

2172 4485 2345 4546 nullo
2373 4483 2559 4545 modo
2596 4484 3078 4562 permittendum
3124 4492 3263 4562 est3
3310 4503 3459 4546 nam
3494 4483 3715 4546 eviden-

2175 4587 2271 4639 ter
2318 4585 2412 4638 est
2446 4583 2659 4638 contra
2716 4577 2909 4637 bonos
2962 4595 3165 4638 mores
3216 4585 3279 4639 et
3324 4579 3711 4639 Christianam

2176 4672 2611 4734 sinceritatem.
2651 4671 2956 4746 SecundO,
2996 4671 3346 4732 ostenditur
3388 4670 3617 4732 malitia
3652 4667 3714 4727 il·

2176 4765 2295 4825 lius
2322 4770 2495 4825 actus
2522 4779 2599 4823 ex
2630 4762 2861 4823 virtute
2890 4762 3207 4842 religionis
3232 4765 3337 4824 cui
3378 4763 3709 4842 opponitur,

2175 4858 2321 4937 quia
2348 4856 2683 4916 intrinsece
2705 4855 2983 4915 continet
3008 4863 3181 4916 actus
3208 4856 3317 4917 ille
3358 4853 3711 4936 superstitio-

2174 4967 2314 5010 sum
2365 4949 2599 5009 cultum
2635 4991 2653 5022 ,
2710 4947 2809 5007 vel
2852 4949 3352 5027 cooperationem
3415 4949 3489 5009 ad
3534 4945 3713 5018 illud3

2176 5043 2381 5104 omnis
2422 5047 2629 5100 autem
2660 5041 3015 5118 superstitio
3056 5041 3388 5101 intrinsece
3420 5038 3577 5099 mala
3610 5039 3708 5108 est,

2176 5140 2247 5194 ut
2284 5139 2543 5194 coustat.
2593 5132 2981 5192 Antecedens
3017 5139 3205 5211 patet,
3238 5134 3386 5212 quia
3426 5137 3591 5192 artus
3624 5127 3713 5186 ille

2176 5234 2270 5289 est
2296 5227 2617 5306 impositus
2664 5243 2769 5303 per
2796 5243 2859 5288 se
2898 5223 3101 5305 primo
3142 5227 3221 5286 ad
3266 5243 3451 5286 usum
3492 5221 3712 5298 religio·

2174 5337 2335 5393 sum,
2368 5326 2429 5378 et
2457 5318 2595 5378 ideo
2642 5317 2910 5377 exerceri
2939 5335 3069 5378 non
3111 5325 3331 5399 potest,
3364 5323 3514 5397 quin
3540 5313 3714 5374 conti-

2174 5419 2319 5472 neat
2369 5411 2585 5470 talsam
2638 5407 3179 5488 significationem,
3212 5428 3285 5471 ac
3333 5407 3584 5488 proinde
3626 5422 3713 5464 su-

2172 5503 2603 5585 perstitiosam.
