3900 6217
529 330 647 390 596
1057 333 1292 385 DlSPUT.
1327 332 1500 386 xxw.
1533 333 1619 386 An
1652 331 1810 395 Quos
1845 331 2303 383 EXTENDANTUR
2334 332 2545 384 POENAE
2575 331 3049 394 EAERETmORUH,
3086 331 3217 384 mc,

527 435 703 496 bium
755 437 964 494 autem
1015 445 1106 494 est
1139 449 1222 494 an
1263 449 1376 512 per
1412 433 1785 494 seutentiam
1825 432 1952 492 sint
1986 449 2094 492 au-

527 527 783 589 ferenda
793 541 814 602 3
849 525 905 585 id
927 524 1092 586 enim
1115 525 1430 586 affirmant
1459 526 1773 586 Simancas
1802 531 1862 584 et
1886 526 2096 586 Penna

528 639 739 700 supra,
759 639 834 680 ex
855 620 1036 697 capit.
1077 617 1447 694 Commissis‚
1487 620 1554 680 in
1596 619 1904 694 Han-etio„
1936 619 2001 678 in
2028 619 2086 680 6.

531 713 647 775 Sed
701 713 1079 773 contrarium
1131 731 1346 774 verum
1397 731 1528 774 esse
1581 713 1787 788 crede,
1829 713 1977 790 quia
2022 712 2089 772 in

532 809 697 868 dicto
726 805 762 885 ἓ
787 805 1116 882 Hoeretlci,
1144 805 1243 865 isti
1266 806 1462 865 solum
1491 805 1900 884 prohibentur
1941 805 2093 866 reci-

529 920 675 980 pere
711 897 1034 972 beneficia,
1067 897 1166 957 vel
1206 915 1286 958 ne
1335 897 1410 958 de
1452 898 1572 957 illis
1623 898 2086 978 provideantur,

532 1001 639 1054 aut
667 993 745 1052 ad
791 990 900 1051 illa
950 990 1395 1065 admittantur,
1445 1007 1571 1051 non
1617 995 1828 1051 tamen
1879 991 2089 1070 praeci·

533 1087 793 1166 piun⁴ur
823 1083 1056 1162 privari
1085 1081 1396 1143 beneficiis
1441 1083 1572 1162 jam
1611 1081 1859 1144 habitis.
1897 1085 1973 1143 Et
2004 1083 2094 1144 ita

533 1181 661 1239 dixi
689 1180 752 1237 in
784 1177 948 1236 dicta
970 1176 1258 1250 sectione,
1287 1193 1427 1236 cum
1460 1175 1856 1250 Govarruvia,
1887 1177 1926 1236 2
1974 1175 2094 1235 Va·

534 1275 707 1347 riar,
741 1290 874 1351 cap.
912 1274 974 1332 8.
1007 1287 1181 1330 num.
1206 1271 1266 1343 4,
1297 1276 1359 1330 et
1388 1269 1667 1349 sequitur
1699 1267 1916 1330 aelate
1945 1287 2093 1330 con-

531 1365 738 1428 firmat
767 1365 973 1434 Sanc„
1002 1380 1210 1440 supra.

611 1461 669 1520 6.
715 1457 926 1520 Tertia
966 1457 1240 1527 assertae,
1277 1455 1345 1516 do
1373 1471 1551 1532 poma
1572 1451 1993 1516 inhabilitatis
2016 1454 2101 1516 ad

538 1552 743 1633 officia
756 1548 1018 1632 publica.
1039 1580 1123 1593 —
1151 1549 1294 1608 Dico
1329 1550 1509 1609 tertio
1539 1565 1552 1608 :
1585 1548 1686 1607 isti
1717 1547 1829 1606 filii
1850 1565 2095 1608 eorum-

533 1647 673 1706 dem
703 1642 1164 1716 haereticorum,
1195 1640 1534 1716 fautorum,
1581 1647 1726 1717 etc.,
1753 1640 2095 1703 redduntur

531 1737 836 1800 inhabiles
864 1736 939 1798 ad
987 1735 1202 1796 omnia
1232 1734 1434 1794 officia
1475 1734 1749 1816 publica,
1783 1753 1907 1794 nou
1952 1739 2093 1793 tan-

533 1843 670 1892 tum
696 1828 1125 1903 ecclesiastica,
1161 1827 1266 1888 sed
1313 1829 1502 1888 etiam
1553 1827 1897 1904 saecularia,
1928 1825 2092 1906 quod

536 1943 678 1987 cum
703 1923 934 1985 eisdem
965 1920 1478 1982 declarationibus
1505 1940 1578 1982 ac
1618 1921 2094 1982 limitationibus

533 2020 600 2080 in
624 2015 1109 2098 praecedentibus
1149 2013 1589 2076 assertionibus
1628 2016 1840 2095 positis
1870 2014 2097 2076 intelli-

534 2111 806 2191 gendum
837 2115 950 2170 est.
1003 2108 1230 2170 Eodem
1265 2109 1431 2168 enim
1463 2108 1646 2169 modo
1697 2109 1986 2168 statuitur
2026 2109 2095 2170 in

534 2206 700 2266 dieto
729 2203 766 2284 ἓ
792 2203 1113 2277 Haeretici,
1151 2208 1212 2262 et
1252 2203 1414 2262 dicto
1457 2220 1590 2281 cap.
1641 2201 1998 2275 Statutum,
2034 2206 2095 2262 et

532 2299 698 2358 idem
737 2298 1168 2376 disposuerunt
1211 2295 1492 2355 Clemens
1539 2295 1638 2371 IV,
1690 2297 1865 2357 Alex.
1900 2295 2001 2370 IV,
2031 2302 2095 2356 et

535 2391 926 2452 Innocentius
946 2389 1045 2464 IV,
1066 2389 1127 2449 in
1159 2388 1430 2466 quadam
1459 2386 1659 2464 Bulla,
1680 2406 1818 2468 quoe
1847 2388 2090 2468 incipit,

534 2481 638 2546 Aa
661 2483 1047 2563 extirpanda,
1074 2480 1142 2540 in
1162 2480 1288 2541 fine
1319 2482 1656 2554 Directorii,
1683 2481 1905 2561 pagina
1938 2481 2091 2542 mihi

535 2579 596 2652 6,
630 2584 691 2636 et
713 2581 974 2636 utuntur
1002 2575 1095 2634 his
1119 2573 1316 2636 verbis
1350 2595 1363 2630 τ
1397 2573 1503 2637 Ad
1526 2574 1761 2637 nullum
1797 2575 2089 2652 officium,

469 2737 472 2742 ,
533 2671 626 2733 vel
646 2667 987 2744 consilium,
1017 2667 1178 2746 quod
1209 2668 1489 2746 intelligo
1511 2667 1586 2728 de
1614 2667 1868 2729 consilio
1895 2667 2094 2746 publi-

534 2783 624 2828 co,
641 2762 702 2823 id
725 2773 814 2822 est
837 2763 912 2824 de
941 2762 1422 2839 congregatione
1446 2779 1583 2840 quae
1608 2761 1686 2822 ad
1707 2762 1956 2840 negotia
1986 2779 2093 2840 pu-

533 2859 696 2919 blica
731 2858 1046 2918 tractanda
1076 2857 1337 2934 cogitur.
1362 2856 1526 2916 ldem
1549 2856 1937 2936 disposuerat
1954 2856 2095 2918 Fre-

531 2954 772 3013 dericus
798 2951 1155 3030 imperator,
1183 2949 1248 3008 in
1274 2949 1316 3009 l.
1354 2947 1699 3024 Commi-ss„
1730 2948 1840 3009 ubi
1865 2949 2038 3010 addit
2068 2967 2087 3020 3

535 3044 763 3128 Officiis
803 3051 860 3108 et
908 3042 1224 3106 honoribus
1240 3086 1259 3119 ‚
1309 3042 1474 3122 quod
1519 3043 1708 3104 etiam
1761 3043 1983 3124 repetit
2022 3043 2091 3104 in

532 3140 802 3220 quadam
823 3138 959 3218 lege
995 3137 1424 3212 Paternorum,
1453 3137 1599 3216 quia
1640 3137 1741 3198 isti
1773 3137 1961 3199 etiam
2014 3135 2091 3198 ad

533 3233 864 3310 dignitates
890 3229 1167 3310 publicas
1207 3229 1577 3290 admittendi
1613 3247 1738 3290 non
1787 3237 1954 3291 sunt.
1992 3231 2093 3290 Ni-

531 3325 867 3387 hilominus
895 3333 1128 3399 tamen,
1158 3326 1340 3403 juxta
1387 3340 1778 3386 communem
1823 3323 2093 3384 declara-

530 3419 789 3493 tionem,
814 3417 877 3477 hi
914 3435 1040 3478 non
1069 3417 1394 3496 privantur
1427 3417 1567 3496 jure
1616 3416 1908 3494 eligendi,
1941 3417 2091 3496 quia

530 3511 684 3572 illud
723 3529 848 3571 non
909 3515 1232 3588 reputatur
1297 3509 1566 3570 officium
1624 3509 1969 3590 publicum,
2020 3517 2090 3570 ut

531 3611 705 3667 notat
730 3605 1069 3678 SimancaS,
1091 3621 1266 3664 num.
1291 3605 1388 3678 ⁴9,
1411 3622 1553 3664 cum
1576 3604 1834 3679 Abbate,
1861 3609 1924 3665 et
1943 3605 2088 3666 Car-

530 3697 748 3770 dinan,
783 3697 852 3756 in
899 3714 1034 3775 cap.
1081 3697 1715 3774 Exoommunicamus,
1747 3699 1810 3774 2,
1863 3696 1902 3777 ἓ
1951 3695 2090 3760 Cro·

531 3791 770 3861 dentem
804 3788 1145 3863 Dominico,
1189 3793 1251 3848 et
1295 3785 1601 3851 Friderico
1646 3789 1722 3850 de
1775 3790 1976 3865 SeniS,
2023 3790 2086 3850 in

531 3884 695 3944 dicto
724 3879 762 3962 ἓ
784 3882 1107 3944 Haeretici.

611 3979 670 4036 7.
715 3975 947 4038 Ultima
976 3973 1229 4037 assertio
1249 3973 1651 4056 probatur.—-
1682 3975 1827 4036 Dico
1865 3976 2088 4037 ultimo

529 4069 730 4130 nullas
757 4068 907 4128 alias
930 4083 1003 4129 ex
1034 4067 1132 4128 his
1157 4067 1357 4146 poenis
1390 4068 1708 4147 privativis
1731 4067 2086 4148 hujusmodi

529 4164 954 4225 haereticorum
1004 4161 1147 4223 filiis
1190 4163 1508 4242 impositas
1553 4179 1703 4225 esse.
1755 4163 2081 4241 Probatur,

531 4258 678 4338 quia
719 4254 834 4316 sub
878 4255 1156 4332 allegatis
1191 4254 1392 4316 verbis
1450 4255 1756 4316 dictorum
1820 4257 2081 4338 jurium,

529 4367 658 4410 non
685 4345 1087 4410 includuntur
1126 4347 1356 4428 plureS,
1387 4355 1450 4410 et
1492 4349 1560 4410 in
1597 4349 1957 4428 particulari
2014 4368 2087 4412 ac

2174 433 2241 492 in
2264 433 2467 512 specie
2492 449 2617 493 non
2648 431 3057 493 inveniuntur
3080 431 3213 492 aliae
3240 433 3371 507 iure
3388 433 3663 516 impositae.

2174 524 2647 606 Declaraturque
2700 525 2969 586 breviter
3026 526 3331 602 nonnullis
3395 533 3667 610 exemplis.

2174 618 2448 679 Primum
2475 625 2567 680 est
2586 618 2663 679 de
2686 635 2869 698 poena
2896 617 3200 680 infamiae:
3230 637 3366 679 nam
3388 621 3561 702 aliqui
3580 644 3673 705 pu-

2173 716 2309 772 tant
2334 710 2493 772 filios
2524 711 2951 772 haereticorum
2997 709 3133 772 fieri
3182 711 3433 774 infames
3455 715 3675 780 infamia

2166 805 2342 884 juris,
2376 805 2523 884 quia
2556 805 2689 866 haec
2734 822 2918 884 poena
2950 805 3291 884 imponitur
3340 807 3403 866 in
3457 810 3676 874 crimine

2169 898 2327 960 laesae
2356 899 2691 977 majestatis
2726 897 3043 973 humanae,
3076 898 3119 959 l.
3156 897 3511 980 Quisquis,§
3546 903 3676 968 Filii

2170 1010 2327 1068 vero,
2370 993 2434 1054 C.
2474 993 2555 1056 ad
2599 992 2786 1071 leqem
2840 991 3079 1054 ,Iuliam
3104 992 3486 1072 Majestatis;
3520 1003 3573 1057 et
3612 999 3682 1060 ita

2170 1092 2340 1148 tenet
2366 1086 2708 1164 Simancas,
2748 1087 2848 1147 tit.
2883 1087 2946 1161 9,
2986 1105 3166 1147 num.
3212 1087 3351 1162 269,
3395 1094 3453 1148 et
3484 1091 3571 1150 tit.
3597 1094 3679 1168 29,

2172 1198 2349 1240 num.
2382 1183 2489 1257 143
2522 1181 2731 1242 Castro
2751 1186 2813 1240 et
2840 1179 3243 1241 Covarruvias
3268 1199 3473 1260 supra;
3504 1189 3559 1242 et
3582 1185 3683 1246 An-

2175 1275 2384 1335 tonius
2412 1273 2657 1350 Gomez‚
2681 1275 2748 1334 in
2772 1274 2815 1334 l.
2862 1275 2902 1335 4
2956 1273 3178 1347 Tauri,
3210 1291 3383 1334 num.
3412 1276 3477 1336 91
3502 1298 3519 1350 3
3548 1277 3683 1338 Fari-

2175 1368 2409 1441 naciuS,
2441 1367 2607 1428 citat.
2643 1373 2857 1446 quaest.
2890 1367 3025 1438 182,
3065 1383 3309 1427 numer.
3340 1369 3435 1428 43.
3482 1369 3587 1430 Sed
3612 1373 3685 1432 ni·

2172 1459 2513 1521 hilominus
2564 1460 2943 1520 contrarium
3005 1477 3223 1520 censeo
3284 1477 3493 1521 verum
3542 1463 3686 1540 juxta

2174 1555 2452 1634 regulam
2482 1554 2767 1632 positam.
2799 1554 2874 1613 Et
2905 1553 2992 1614 ita
3017 1553 3200 1612 docui
3230 1558 3379 1613 tom.
3402 1555 3459 1628 5,
3490 1556 3678 1636 disput.

2174 1648 2277 1721 48,
2308 1653 2457 1707 sect.
2492 1647 2551 1707 3.
2598 1647 2670 1706 Et
2716 1645 2996 1725 sequitur
3054 1645 3332 1721 SanciuS,
3376 1645 3529 1708 dicto
3572 1669 3679 1730 cap.

2175 1741 2275 1812 28,
2309 1745 2524 1819 quaest.
2575 1741 2598 1799 Ι
2634 1758 2650 1812 ;
2699 1740 2849 1818 quia
2896 1747 3339 1816 argumentum
3368 1758 3405 1798 a
3444 1741 3607 1800 simili
3636 1743 3686 1804 in

2176 1834 2313 1912 lege
2336 1831 2567 1913 poenali
2602 1837 2694 1892 est
2738 1831 3083 1892 invalidum
3108 1877 3126 1904 ,
3158 1831 3263 1890 sed
3316 1835 3687 1896 necessarium

2176 1933 2268 1988 est
2293 1929 2417 2006 J‘uS,
2446 1925 2611 2005 quod
2644 1931 2891 2006 propter
2918 1925 3391 1986 similitudinem
3417 1926 3567 1987 idem
3594 1929 3689 1988 dis-

2175 2026 2365 2099 ponat
2384 2042 2401 2094 ;
2432 2018 2549 2079 hoc
2590 2026 2797 2079 autem
2840 2019 2941 2096 jus
2965 2017 3031 2078 in
3076 2017 3363 2096 praesenti
3392 2037 3513 2079 uon
3540 2020 3686 2082 inve-

2175 2113 2368 2186 nitur,
2386 2131 2531 2173 nam
2563 2112 2821 2172 infamia
2838 2112 2994 2190 juris
3021 2109 3233 2191 plures
3258 2109 3441 2172 habet
3455 2112 3687 2190 effecturi,

2174 2205 2280 2284 qui
2326 2204 2441 2264 sub
2470 2204 2811 2284 privatione
2858 2204 3199 2264 officiorum
3250 2210 3358 2264 aut
3408 2203 3691 2268 beneficio·

2173 2315 2314 2358 rum
2374 2316 2501 2358 non
2567 2295 3180 2376 comprehenduntur
3200 2319 3221 2372 3
3277 2304 3339 2357 et
3392 2299 3689 2376 specialiter

2172 2377 2468 2471 pondero,
2505 2389 2669 2470 quod
2692 2391 2757 2449 iu
2787 2408 2923 2470 cap.
2950 2389 3574 2465 Excommunioamus,
3602 2392 3691 2469 ipsi

2174 2484 2441 2548 fautores
2500 2501 2623 2544 non
2674 2481 2837 2543 fiunt
2877 2483 3163 2559 infameS,
3196 2483 3321 2543 nisi
3372 2490 3503 2562 post
3536 2487 3691 2543 unius

2177 2577 2327 2637 anni
2352 2578 2826 2649 contumaciam,
2864 2584 2930 2636 ut
2965 2574 3148 2638 latius
3188 2576 3388 2638 videri
3416 2581 3597 2656 potest
3634 2595 3695 2638 ex

2172 2671 2313 2751 jure
2354 2677 2417 2731 et
2470 2669 2849 2744 DoctoribuS,
2894 2670 3059 2749 apud
3114 2671 3526 2744 Farinacium,
3554 2672 3691 2731 citat.

2175 2774 2394 2844 quaest.
2458 2765 2595 2836 182,
2628 2783 2665 2824 a
2704 2782 2877 2825 num.
2922 2765 3040 2841 :393
3088 2783 3239 2842 ergo
3284 2765 3474 2824 multo
3522 2765 3695 2825 minus

2176 2859 2537 2920 innocentes
2593 2857 2710 2918 filii
2754 2856 3018 2918 infames
3070 2857 3247 2918 fient.
3312 2857 3598 2925 Secundo,
3636 2875 3696 2916 ex

2175 2951 2391 3012 eadem
2451 2951 2819 3024 assertione,
2870 2950 3148 3030 sequitur
3208 2953 3361 3012 istos
3402 2950 3549 3012 filios
3594 2969 3695 3012 non

2172 3046 2460 3106 amittere
2512 3043 2925 3119 nobilitatem,
2951 3063 3064 3104 nec
3118 3045 3379 3123 antiqua
3410 3044 3699 3124 privilegia

2174 3137 2329 3217 ejuS,
2362 3155 2500 3216 quae
2527 3156 2564 3198 a
2587 3137 3177 3217 primogenitoribus
3206 3136 3420 3212 habet,
3453 3145 3519 3198 ut
3560 3143 3697 3198 recte

2174 3231 2490 3292 Simancas
2538 3235 2723 3310 supra
2778 3249 2955 3291 num.
3009 3232 3107 3307 18,
3150 3231 3302 3310 quia
3362 3229 3569 3292 nullibi
3603 3229 3696 3289 hoc

2169 3323 2533 3403 dispositum
2581 3329 2689 3383 cst.
2727 3321 2953 3399 Tert10,
2984 3324 3267 3403 sequitur
3306 3342 3428 3384 non
3472 3322 3597 3386 fieri
3618 3323 3695 3384 in·

2168 3417 2501 3492 testabileS,
2529 3435 2641 3478 nec
2667 3418 2985 3497 incapaces
3031 3417 3455 3495 successioniS,
3480 3437 3578 3478 seu
3594 3418 3693 3478 hae·

2169 3511 2446 3572 reditatis
2476 3529 2554 3571 ex
2595 3517 2962 3571 testamento
2979 3558 2999 3587 ,
3034 3510 3131 3572 vel
3156 3511 3241 3572 ab
3270 3511 3548 3573 intestato
3576 3528 3693 3570 avo-

2167 3621 2332 3680 rum,
2376 3603 2472 3664 vel
2520 3603 2785 3664 aliorum
2831 3623 3370 3685 quorumcumque
3412 3610 3694 3666 extraneo-

2170 3717 2334 3774 rum,
2360 3699 2508 3780 quia
2555 3696 2777 3760 nullibi
2834 3699 3023 3760 etiam
3058 3699 3195 3760 haee
3238 3717 3429 3780 poena
3454 3699 3563 3758 illis
3598 3698 3693 3758 im·

2170 3793 2454 3872 ponitur3
2483 3810 2625 3852 nam
2650 3793 2815 3872 quod
2848 3793 3202 3874 parentibus
3230 3813 3358 3856 non
3380 3792 3689 3865 succedant,

2171 3902 2249 3945 ex
2294 3884 2423 3945 sola
2472 3886 2817 3946 necessaria
2872 3887 3309 3948 consecutione
3345 3885 3441 3960 fit,
3478 3903 3591 3946 nou
3631 3900 3693 3945 ex

2170 3980 2417 4060 propria
2446 3997 2650 4060 poena,
2679 3986 2749 4040 ut
2781 3979 2963 4040 initio
3003 3980 3191 4060 hujus
3242 3981 3523 4044 sectionis
3562 3979 3690 4040 dixi-

2167 4089 2327 4132 mus.
2359 4072 2505 4145 Quoe
2554 4071 2677 4132 duo
2729 4080 2961 4152 puncta
2998 4073 3121 4134 late
3173 4080 3398 4135 tractat
3446 4072 3685 4146 Saucius,

2165 4164 2272 4226 lib.
2320 4167 2380 4241 2,
2413 4183 2545 4244 cap.
2580 4166 2680 4226 29.
2714 4167 2837 4226 Nec
2869 4165 2945 4227 de
2970 4166 3068 4226 his
3108 4169 3313 4246 poenis
3350 4168 3537 4247 deque
3573 4165 3684 4224 uni-

2163 4275 2336 4320 versa
2377 4258 2493 4319 hac
2534 4259 2895 4320 tractatione
2938 4259 3109 4320 aliud
3152 4279 3268 4340 pro
3321 4279 3483 4320 nunc
3510 4259 3680 4320 dicen-

2164 4353 2322 4413 dum
2355 4351 2645 4413 occurrit.
