3900 6217
568 384 687 445 712

1176 598 1393 653 SECTlO
1420 602 1504 656 ΙΙΙ.

581 770 799 837 Utrum
826 771 893 834 in
921 773 1347 854 temporalibus
1386 778 1659 839 teneatur
1694 779 1859 841 homo
1884 778 2004 842 sibi
2022 795 2128 859 po·

840 865 969 929 tius
1007 884 1188 947 quam
1224 869 1500 947 proximo
1535 871 1859 935 subvenire.

654 1056 684 1114 1
699 1098 713 1112 .
741 1053 960 1117 Prima
980 1056 1277 1118 conclusio
1299 1054 1625 1119 communis
1644 1072 1776 1119 oum
1792 1057 1871 1119 D.
1901 1055 2133 1119 Thoma

564 1150 862 1229 probatur
876 1150 1405 1234 multipliciter.-
1416 1152 1871 1227 Quoeetiuncula
1892 1151 2134 1215 resolvi-

572 1243 931 1304 tur.--Dico
957 1246 1187 1324 primo:
1230 1246 1548 1306 communi
1569 1245 1731 1306 bono
1759 1251 2005 1306 tenetur
2028 1245 2137 1305 ho-

570 1351 679 1395 mo
717 1335 785 1395 in
828 1338 1273 1419 temporalibus
1314 1338 1518 1419 potius
1544 1357 1729 1419 quam
1754 1338 1872 1399 sibi
1918 1339 2137 1399 subve-

572 1428 729 1489 nire.
758 1433 863 1493 Est
882 1435 1225 1495 communis
1248 1452 1385 1495 cum
1413 1434 1482 1495 D.
1511 1433 1747 1495 Thoma
1768 1434 1825 1494 Ξ.
1851 1436 1912 1509 2,
1937 1452 1999 1513 q.
2029 1434 2133 1508 26,

574 1540 632 1584 a.
667 1527 727 1586 4.
760 1526 940 1588 Ratio
962 1534 1077 1603 est,
1106 1529 1255 1608 quia
1286 1544 1618 1590 commune
1653 1526 1885 1588 bonum
1924 1528 2140 1607 priete-

572 1618 839 1681 rendum
864 1626 957 1682 est
978 1622 1240 1701 privato,
1264 1640 1405 1683 cum
1426 1622 1507 1682 sit
1528 1620 1959 1682 universalius,
1983 1624 2136 1684 Item

574 1710 759 1774 homo
784 1716 987 1794 quivis
998 1718 1273 1797 privatus
1288 1722 1377 1779 est
1403 1735 1547 1795 pars
1573 1716 1720 1777 boni
1750 1721 2132 1795 communis3

574 1822 716 1885 pars
781 1816 992 1870 autem
1052 1809 1235 1871 debet
1298 1811 1587 1890 praeferre
1657 1810 1893 1871 bonum
1949 1812 2138 1872 totius

578 1900 828 1980 proprio
875 1901 1041 1964 hono
1068 1923 1085 1977 ς
1124 1905 1377 1965 tandem
1428 1909 1675 1965 tenetur
1737 1904 1887 1964 civis
1938 1906 2134 1965 vitam

578 2010 885 2071 exponere
918 1997 1190 2059 evidenti
1216 1997 1485 2078 periculo
1506 2041 1525 2072 ,
1570 2003 1641 2057 ut
1667 1997 1960 2059 defendat
1986 1998 2135 2058 civi·

573 2091 791 2163 tatem,
824 2090 918 2151 vel
948 2092 1313 2172 principem,
1344 2091 1443 2152 vel
1478 2091 1665 2152 aliam
1702 2089 1969 2151 similem
1999 2108 2138 2170 per-

577 2200 817 2258 sonam,
848 2184 1095 2263 quando
1122 2185 1203 2245 ab
1224 2184 1334 2247 illa
1364 2192 1647 2245 censetur
1672 2183 1941 2264 pendere
1969 2201 2134 2243 com-

577 2292 767 2335 mune
794 2275 1026 2337 bonum
1052 2295 1069 2339 t
1102 2296 1317 2357 quare,
1344 2284 1459 2339 etc.
1494 2279 1741 2353 Quaeres
1782 2296 1866 2338 an
1894 2278 2134 2338 ratione

574 2364 765 2446 hujus
802 2368 1036 2430 ordinis
1064 2376 1346 2432 teneatur
1368 2372 1576 2447 homo,
1605 2376 1853 2450 propter
1880 2387 2136 2448 gravem

578 2462 1003 2525 necessitatem
1034 2464 1415 2543 reipublicoe,
1448 2466 1817 2526 constituere
1850 2464 2004 2527 sein
2032 2481 2136 2524 ex·

578 2560 777 2615 tremo
809 2557 1103 2635 periculo,
1133 2576 1215 2619 an
1244 2558 1442 2619 solum
1472 2564 1721 2637 propter
1764 2563 2128 2617 extremam.

579 2646 1001 2728 Respondetur
1030 2652 1132 2712 vix
1162 2667 1333 2728 posse
1359 2652 1425 2711 in
1454 2650 1769 2712 communi
1798 2650 1961 2711 bono
1989 2668 2132 2728 gra-

578 2758 719 2801 vem
766 2744 1189 2806 necessitatem
1222 2744 1520 2825 distingui
1566 2744 1645 2805 ab
1692 2751 1990 2817 extrema,
2021 2743 2136 2803 sal-

578 2839 704 2896 tem
740 2837 1077 2899 multorum
1102 2854 1123 2917 3
1166 2846 1377 2901 tamen
1410 2842 1463 2901 si
1510 2856 1726 2902 revera
1764 2841 1843 2899 sit
1884 2840 2137 2919 praecise

580 2930 819 3006 gravis,
865 2937 928 2992 et
968 2949 1096 2993 non
1138 2938 1435 3009 extrema,
1470 2951 1597 2994 non
1646 2933 1827 2995 credo
1872 2932 2138 3011 obligari

580 3021 697 3082 sub
742 3030 1077 3105 praecepto,
1124 3026 1407 3106 quamvis
1444 3026 1524 3086 sit
1564 3044 1718 3106 opus
1759 3025 2042 3087 consilii:
2077 3031 2141 3086 et

580 3114 669 3175 ita
720 3116 1001 3197 intelligo
1035 3118 1411 3180 Richardum
1448 3120 1517 3179 in
1544 3122 1605 3191 4,
1654 3119 1927 3179 distinct.
1977 3118 2142 3179 deci-

580 3226 685 3269 ma
710 3210 949 3288 quinta,
968 3217 1085 3272 art.
1119 3215 1181 3287 2,
1204 3218 1424 3292 quaest.
1461 3214 1497 3272 5
1511 3228 1531 3289 3
1556 3218 1617 3273 et
1632 3212 1923 3291 sylvest„
1950 3209 2142 3271 verbo

578 3300 1006 3384 Eleemosyna,
1044 3322 1305 3367 numero
1352 3306 1639 3379 secundo,
1694 3304 1801 3364 ubi
1852 3304 2145 3365 videntur

580 3396 999 3459 contradicere
1043 3398 1422 3460 conclusioni
1468 3399 1708 3478 positae,
1739 3416 1881 3458 cum
1929 3396 2142 3457 dicant

580 3506 891 3567 exponere
926 3491 1120 3552 vitam
1149 3510 1261 3571 pro
1288 3492 1452 3553 bono
1492 3492 1812 3553 communi
1845 3508 1972 3552 non
2013 3508 2142 3551 esse

582 3588 963 3662 praeceptum
994 3629 1013 3658 ,
1061 3585 1165 3646 sed
1228 3585 1552 3646 consilium
1588 3630 1609 3661 ,
1654 3584 1818 3663 quod
1866 3602 1996 3644 non
2050 3588 2143 3644 cst

581 3675 922 3754 probabile,
954 3677 1074 3737 nisi
1104 3684 1278 3739 extra
1319 3696 1528 3740 casum
1560 3684 1855 3738 extremae
1882 3678 2142 3737 necessi-

578 3770 745 3829 tatis.
779 3770 957 3831 Ratio
986 3776 1078 3831 est
1097 3817 1118 3847 ,
1149 3773 1295 3851 quia
1324 3788 1449 3832 non
1478 3777 1571 3832 est
1598 3770 1849 3850 aequalis
1878 3770 2143 3831 necessi-

582 3869 699 3937 tas,
732 3868 795 3923 et
820 3862 971 3923 alias
1004 3864 1109 3942 jus
1138 3864 1215 3924 ad
1244 3865 1541 3925 tuendam
1585 3865 1782 3925 vitam
1828 3863 2143 3942 propriam

582 3961 673 4017 est
700 3955 969 4017 maxime
996 3958 1415 4019 connaturale.

664 4052 721 4109 9.
773 4048 1377 4123 Secundalconcluaio
1398 4051 1753 4114 ostenditur.
1777 4083 1858 4098 -
1883 4050 2022 4111 Dico
2051 4067 2146 4110 se·

582 4142 785 4203 cundo
815 4158 833 4203 t
868 4144 937 4205 in
986 4161 1379 4224 quacumque
1432 4144 1733 4224 corporali
1784 4142 2147 4205 necessitate

583 4241 782 4314 potest
807 4236 995 4297 homo
1022 4236 1190 4297 licite
1216 4236 1333 4297 sibi
1372 4237 1577 4317 potius
1606 4236 1929 4297 subvenire
1959 4252 2146 4315 quam

584 4329 763 4389 alteri
792 4330 1051 4408 privato,
1082 4331 1225 4391 Haec
1250 4329 1561 4392 conclusio
1584 4328 1750 4389 clara
1776 4334 1869 4389 est
1896 4346 1969 4389 ex
1993 4326 2102 4388 illo
2124 4346 2141 4391 ε

585 4420 817 4503 Diliyes
851 4423 1195 4502 prooeimum
1242 4428 1413 4486 tuum
1450 4424 1611 4486 sicut
1645 4423 1903 4502 teipsum
1936 4447 1962 4494 ,·
2017 4439 2146 4480 non

584 4532 737 4593 ergo
782 4520 1030 4576 tenetur
1088 4515 1347 4595 diligere
1392 4515 1533 4596 plus
1576 4533 1763 4595 quam
1816 4532 1881 4575 se
1935 4514 2143 4593 proxi-

586 4626 785 4669 mum.
818 4607 1034 4669 Solum
1069 4610 1413 4670 notandum
1444 4616 1535 4671 est
1574 4609 1693 4669 hoc
1716 4607 2047 4687 procedere
2076 4609 2144 4667 in

582 4701 799 4762 eodem
861 4718 1089 4780 genere
1128 4702 1441 4763 bonorum
1474 4748 1494 4778 ,
1550 4708 1613 4763 et
1656 4702 2141 4773 necessitatum;

586 4812 757 4855 secus
793 4812 939 4855 vero
974 4801 1065 4855 est
1105 4796 1159 4855 si
1199 4795 1556 4870 varientur,
1600 4795 1694 4854 uti
1738 4794 1791 4853 si
1828 4794 2148 4873 proximus

586 4887 667 4948 sit
692 4888 758 4947 in
788 4888 1140 4949 necessitate
1177 4888 1347 4963 vitae,
1380 4906 1496 4966 ego
1520 4905 1665 4948 vero
1694 4888 1760 4947 in
1790 4886 2016 4946 minori
2045 4903 2150 4945 ne-

586 4980 885 5041 cessitate.
944 4980 1012 5041 si
1064 4996 1215 5040 vero
1261 4984 1696 5059 comparentur
1757 4978 2149 5038 necessitates

588 5072 945 5151 inaequales,
962 5072 1061 5134 vel
1084 5072 1249 5134 bona
1277 5074 1630 5153 inaequalia,
1664 5072 1980 5133 servandae
2006 5074 2151 5130 sunt

588 5164 823 5243 regulae
856 5183 1045 5246 supra
1078 5166 1238 5227 datae
1276 5167 1345 5227 in
1390 5168 1649 5228 materia
1678 5166 1754 5225 de
1802 5162 2154 5242 Eleemosy-

592 5276 697 5333 na,
728 5258 956 5338 disput.
990 5260 1049 5334 7,
1081 5264 1226 5321 sect.
1262 5261 1299 5320 3
1328 5264 1391 5320 et
1412 5261 1473 5320 4.

671 5354 733 5413 3.
774 5352 1091 5416 Conclusio
1124 5354 1328 5416 tertia.
1352 5384 1433 5399 —
1461 5354 1606 5414 Dico
1644 5352 1830 5413 tertio
1860 5368 1875 5413 :
1908 5368 2034 5411 non
2064 5355 2149 5411 te-

590 5452 775 5509 netur
799 5447 986 5508 homo
1007 5448 1074 5508 in
1094 5448 1449 5510 necessitate
1462 5448 1650 5509 etiam
1678 5444 1954 5509 extrema
1979 5445 2148 5521 vitae,

591 5539 713 5601 sibi
740 5558 980 5619 semper
1024 5541 1229 5629 potius
1266 5541 1595 5603 subvenire
1636 5558 1825 5621 quam
1868 5540 2151 5619 proximo

1017 390 1253 445 msrtrr.
1290 392 1375 446 lx.
1409 394 1489 446 DE
1522 392 1749 448 ORDINE
1782 394 1967 449 (ΗΒΕΑ
1999 394 2314 449 PERSONAS
2345 395 2670 449 SERVANDO
2705 396 2766 449 IN
2801 396 3152 459 PRAEGEPTO,
3187 396 3327 449 ETC.

2206 495 2413 573 alicui,
2443 496 2618 558 verbi
2639 497 2861 576 gratia,
2887 497 3110 558 amieo.
3143 496 3466 560 Sententia
3490 506 3573 561 aet
3595 520 3729 566 com·

2207 590 2435 665 muniS,
2465 591 2619 665 Soti,
2649 590 2758 651 lib.
2789 594 2828 653 5
2847 590 2922 652 de
2949 592 3134 666 Just„
3163 598 3392 670 quaest.
3424 596 3450 653 1
3475 615 3492 670 3
3517 596 3731 675 Victor„

2205 682 2433 745 Releot.
2468 684 2545 744 de
2581 685 2912 751 Homicid..
2960 701 3001 746 a
3035 702 3210 746 num.
3247 686 3360 761 24,
3389 692 3454 746 et
3485 688 3730 767 aliorum,

2207 794 2350 835 cum
2380 776 2524 837 divo
2550 777 2773 838 Thom.
2803 779 2866 837 2.
2897 781 2959 853 2,
2990 784 3209 857 quaest.
3240 780 3344 851 26,
3377 786 3493 840 art.
3524 783 3560 842 4
3586 783 3650 843 ad
3671 790 3700 847 2
3715 808 3730 861 3

2209 875 2272 928 et
2298 870 2458 949 apud
2485 872 2754 949 Magist„
2786 873 2848 948 3,
2871 871 3143 933 distinct.
3173 874 3274 933 29.
3305 874 3463 934 Item
3481 875 3734 955 Cordub.,

2209 962 2253 1023 l.
2288 965 2314 1022 l
2327 971 2594 1043 „quaest
2627 966 2728 1040 38,
2755 965 2832 1026 ad
2861 967 2922 1026 4.
2953 966 3373 1027 Confirmatur
3401 973 3600 1029 autem
3631 976 3735 1035 tum

2211 1074 2287 1117 ex
2313 1058 2623 1119 veteribus
2645 1058 3046 1139 pbilosophiS‚
3075 1059 3187 1139 qui
3212 1078 3347 1122 non
3388 1080 3528 1122 raro
3557 1064 3634 1124 ita
3655 1067 3738 1127 do-

2215 1156 2390 1225 cent3
2419 1158 2488 1211 ut
2519 1152 2728 1213 videre
2757 1159 2848 1213 est
2873 1154 3038 1232 apud
3077 1153 3486 1215 Ciceronem
3469 1174 3532 1217 m
3556 1158 3736 1239 Laeli0;

2216 1247 2364 1305 etin
2395 1245 2858 1323 Partitionibus,
2894 1247 3054 1326 apud
3075 1247 3398 1308 Valerium
3419 1249 3738 1330 Maximum,

2214 1337 2325 1398 lib.
2357 1341 2419 1415 4,
2445 1358 2580 1419 cap.
2609 1343 2670 1415 7,
2710 1339 2818 1400 ubi
2845 1340 3022 1419 plura
3059 1341 3346 1420 congerit
3373 1343 3641 1423 exempla
3665 1364 3740 1407 eo-

2219 1451 2383 1507 rum,
2429 1434 2536 1514 qui
2576 1436 2768 1495 vitam
2803 1452 2916 1514 pro
2957 1435 3300 1495 amicorum
3335 1437 3735 1513 incolumitate,

2217 1546 2445 1609 ponere
2475 1546 2600 1589 non
2629 1528 3033 1603 dubitarunt3
3068 1535 3202 1589 tum
3249 1531 3445 1591 etiam
3475 1550 3550 1592 ex
3588 1534 3737 1593 Patri-

2217 1622 2356 1699 bus,
2399 1623 2718 1684 Ambrosio
2747 1669 2768 1699 ,
2797 1623 2980 1684 tertio
3029 1623 3413 1700 Officiorum,
3465 1643 3594 1703 cap.
3631 1631 3732 1701 ἧς

2217 1716 2558 1792 Lactanti0‚
2586 1716 2695 1777 lib.
2725 1720 2785 1792 3,
2809 1718 2996 1796 c.118;
3047 1718 3421 1796 Augustino,
3449 1719 3488 1778 4
3515 1719 3736 1797 Censes,

2217 1828 2350 1889 cap.
2379 1812 2440 1884 6,
2473 1815 2534 1870 et
2559 1810 2622 1869 in
2652 1810 2760 1871 lib.
2789 1810 2867 1871 de
2893 1810 3205 1885 Amicitia,
3232 1812 3425 1889 capit.
3447 1814 3488 1871 2
3503 1834 3522 1887 ς
3549 1818 3607 1871 et
3630 1814 3739 1873 Hic-

2215 1920 2478 1982 ronymo
2526 1903 2593 1963 in
2636 1903 2820 1983 capit.
2869 1907 2906 1965 7
2952 1904 3242 1965 Michaeae.
3277 1906 3464 1965 Ratio
3495 1911 3601 1982 est,
3628 1909 3738 1986 quia

2215 1995 2360 2056 licet
2385 1995 2574 2057 homo
2607 2014 2930 2076 nunquam
2964 1997 3158 2078 possit
3197 2014 3266 2057 se
3313 1998 3608 2073 occidere,
3643 2020 3736 2061 non

2214 2094 2424 2149 tamen
2469 2106 2734 2170 semper,
2765 2097 2828 2152 et
2854 2092 3026 2151 omni
3058 2090 3288 2166 medio,
3331 2096 3396 2151 et
3425 2092 3648 2153 ratione
3670 2100 3736 2153 te·

2214 2192 2400 2247 netur
2438 2204 2680 2247 servare
2715 2186 2934 2259 vitam,
2983 2185 3168 2245 etiam
3217 2186 3628 2264 postponendo
3669 2188 3734 2245 vi-

2215 2286 2340 2339 tam
2381 2279 2672 2359 proximi,
2707 2278 3018 2357 praecipue
3053 2278 3260 2352 amici,
3287 2278 3390 2337 vel
3422 2280 3621 2357 patris,
3643 2290 3730 2339 etc.

2215 2373 2387 2447 Quod
2418 2373 2494 2433 de
2517 2383 2693 2452 patre
2716 2372 2821 2432 vix
2841 2370 3093 2448 negabit
3119 2372 3487 2449 quisquam;
3519 2372 3614 2433 sed
3635 2373 3732 2433 fere

2215 2466 2426 2527 eadem
2459 2471 2551 2526 est
2584 2466 2742 2525 ratio
2767 2466 2845 2525 de
2889 2464 3092 2524 amico
3129 2462 3324 2539 fideli,
3361 2463 3462 2526 cui
3489 2464 3646 2525 nulla
3668 2470 3734 2525 est

2214 2559 2600 2640 comparatio,
2631 2563 2694 2619 et
2721 2576 2906 2637 quem
2937 2574 3184 2636 possum
3215 2556 3480 2617 honeste
3503 2558 3730 2617 aestima-

2215 2670 2281 2712 re
2302 2653 2459 2713 sicut
2489 2652 2813 2730 meipsum.
2857 2649 3030 2711 Unde
3059 2648 3356 2713 Proverb.
3391 2651 3466 2709 12
3492 2669 3505 2709 :
3539 2648 3642 2722 Qui
3661 2668 3734 2711 ne-

2215 2746 2406 2828 yliyit
2433 2746 2714 2809 damnum
2731 2750 2984 2827 propter
3017 2744 3302 2817 amiam,
3312 2744 3528 2823 justus
3555 2750 3634 2806 est
3646 2768 3667 2816 ;
3687 2749 3733 2803 et

2217 2840 2494 2918 sequenti
2525 2838 2914 2900 conclusione
2942 2838 3142 2917 magis
3169 2836 3230 2897 id
3262 2836 3586 2897 constabit.
3617 2836 3734 2897 Hinc

2221 2950 2390 2994 vere.

2297 3028 2358 3087 4.
2411 3024 2646 3099 Quarta
2672 3024 3008 3088 ,conclu-cio.
3037 3026 3222 3088 —In
3261 3024 3480 3106 quibus
3508 3020 3734 3086 temonis

2219 3118 2304 3181 sit
2331 3116 2694 3180 indubitata.
2712 3118 2958 3178 —Dieo
2993 3123 3213 3196 quarto
3240 3134 3257 3178 :
3289 3121 3492 3196 potest
3515 3114 3638 3193 quis
3673 3112 3732 3173 si-

2220 3230 2301 3272 ne
2343 3216 2588 3290 peccato
2619 3210 2866 3271 mortali
2914 3210 2981 3270 in
3029 3211 3399 3271 necessitate
3443 3208 3614 3270 etiam
3654 3224 3731 3266 ex-

2222 3311 2422 3365 trema
2450 3321 2513 3365 so
2543 3310 2930 3383 postponere,
2969 3310 3040 3365 ut
3065 3304 3254 3365 simili
3293 3300 3621 3364 necessitati
3653 3318 3730 3359 cu-

2217 3398 2414 3477 jusvis
2435 3396 2690 3457 alterius
2718 3397 2987 3477 proximi
3017 3399 3206 3459 etiam
3253 3396 3530 3458 extranei
3555 3394 3731 3455 subve-

2222 3492 2374 3552 niat.
2403 3490 2868 3551 Advertendum
2911 3508 3024 3569 pro
3075 3490 3468 3551 conclusione
3509 3494 3609 3563 est,
3647 3502 3730 3546 nos

2222 3584 2392 3665 loqui
2424 3584 2807 3644 considerata
2847 3584 3098 3663 propria
3135 3583 3264 3643 sola
3308 3583 3538 3643 ratione
3577 3578 3730 3639 chari-

2223 3677 2399 3752 tatis;
2427 3694 2574 3738 nam
2605 3694 2780 3736 secus
2805 3682 2898 3737 est
2917 3676 2969 3736 si
2997 3676 3340 3736 intercedat
3377 3673 3644 3750 obligatio
3665 3668 3730 3730 al·

2223 3771 2412 3831 terius
2445 3769 2711 3845 virtutiS,
2747 3774 2818 3830 ut
2869 3769 3144 3848 justitiae,
3173 3769 3272 3828 vel
3319 3767 3568 3849 pietatiS,
3601 3771 3657 3824 ut
3691 3761 3730 3821 si

2227 3867 2305 3925 sit
2335 3862 2802 3943 paterfamilias,
2831 3864 2941 3942 qui
2988 3881 3065 3922 ex
3117 3861 3323 3923 officio
3365 3866 3594 3921 tenetur
3622 3872 3728 3935 pro-

2226 3958 2458 4031 videre,
2487 3962 2546 4017 et
2572 3974 2636 4016 se
2662 3974 3026 4017 conservare
3055 3973 3164 4035 pro
3207 3954 3356 4015 filiis
3399 3960 3458 4015 et
3497 3950 3727 4020 familia;

2226 4055 2474 4111 tenetur
2515 4050 2683 4111 enim
2725 4049 2931 4129 potius
2961 4048 3152 4108 vitam
3187 4064 3369 4108 suam
3401 4056 3723 4113 conservam,

2225 4162 2413 4223 quam
2449 4142 2722 4204 hominis
2759 4141 3010 4222 privati,
3044 4141 3192 4221 quia
3223 4158 3354 4201 non
3381 4144 3568 4220 potest
3593 4133 3724 4195 cede·

2229 4255 2295 4299 re
2341 4237 2468 4315 juri
2513 4254 2646 4296 su0.
2701 4236 3002 4295 Praeterea
3041 4234 3259 4295 stando
3297 4234 3369 4295 in
3409 4227 3725 4307 obligatione

2227 4330 2568 4404 charitatiS,
2617 4328 2930 4389 conclusio
2973 4327 3322 4387 indubitata
3374 4330 3483 4400 est,
3529 4318 3724 4401 quando

2228 4422 2568 4503 periculum
2597 4428 2660 4483 et
2689 4422 3018 4481 necessitas
3039 4424 3132 4480 est
3157 4418 3458 4480 bonorum
3490 4415 3723 4482 fortunae,

2227 4535 2492 4596 quorum
2521 4516 2708 4577 homo
2745 4520 2839 4575 est
2876 4513 3199 4587 dominuS,
3247 4513 3396 4591 quia
3445 4511 3564 4570 haec
3601 4506 3726 4564 bona

2226 4616 2396 4688 potes
2399 4615 2422 4667 t
2445 4628 2582 4690 quis
2611 4613 3010 4669 contemnere
3037 4612 3287 4685 propter
3308 4605 3530 4665 bonum
3555 4600 3723 4667 finem,

2227 4702 2531 4781 praecipue
2559 4702 2609 4762 si
2643 4718 2769 4760 non
2797 4704 3090 4778 sequatur
3112 4697 3542 4759 detrimentum
3567 4694 3622 4753 in
3644 4688 3724 4748 bo-

2228 4796 2325 4853 nis
2353 4794 2587 4855 altioris
2619 4792 2875 4855 ordinis.

2314 4890 2373 4949 5.
2416 4890 2502 4951 In
2541 4886 2984 4968 difficilzoribns
3032 4886 3314 4949 taminia
3353 4884 3520 4947 etiam
3551 4874 3723 4960 proba-

2232 4988 2355 5045 tur.
2373 4980 2640 5041 —Diffic
2631 4980 2810 5038 ·ultas
2865 4995 3013 5056 ergo
3053 4984 3145 5037 est
3189 4980 3487 5058 praecipne
3531 4974 3588 5033 in
3629 4967 3724 5025 vila

2231 5072 2672 5145 conservanda,
2707 5072 2880 5150 cujus
2907 5070 3096 5131 homo
3123 5088 3248 5130 non
3273 5078 3363 5131 est
3387 5067 3654 5134 dominus,
3678 5062 3722 5116 et

2231 5166 2308 5226 de
2339 5167 2454 5226 hoc
2486 5164 2785 5245 probatur
2827 5162 3172 5235 conclusi03
3211 5164 3356 5242 quia
3385 5162 3558 5241 potest
3577 5155 3721 5214 homo

2233 5276 2298 5319 se
2327 5276 2634 5337 exponere
2665 5253 2940 5337 periculo
2963 5255 3280 5317 moraliter
3317 5248 3588 5335 probabili
3621 5259 3720 5304 ror-

2230 5350 2459 5432 poralis
2505 5352 2744 5425 mortis„
2794 5352 2864 5409 ut
2908 5348 3235 5409 subveniat
3277 5346 3567 5429 proxim0;
3607 5348 3718 5412 erg⁰

2231 5444 2471 5504 licitum
2498 5443 2614 5503 erit
2639 5443 2811 5503 illam
2834 5441 3017 5519 velle,
3043 5458 3186 5502 cum
3223 5441 3291 5501 in
3320 5434 3614 5501 moralibus
3633 5442 3715 5507 pro

2232 5536 2450 5599 eodem
2477 5540 2845 5617 reputentur
2870 5534 3220 5615 periculum
3259 5540 3323 5595 et
3347 5550 3436 5594 res
3469 5530 3601 5609 ipsa.
3636 5521 3716 5582 Se·
