3900 6217
549 351 628 413 38

547 476 768 519 verum
796 457 1161 533 Concilium,
1187 462 1248 520 et
1273 458 1536 532 similes;
1563 466 1626 521 et
1647 462 1762 521 has
1786 478 1915 521 non
1941 478 2121 540 opor-

550 552 668 613 tuit
703 553 996 632 cognosci
1026 552 1108 613 ab
1146 553 1456 633 Apostolis
1488 554 1796 634 explicite,
1829 554 1945 616 sed
1982 559 2121 616 tan·-

549 652 686 707 tum
711 648 774 707 in
813 646 1172 720 universali,
1195 648 1344 727 quia
1373 666 1500 710 non
1531 653 1666 711 erat
1692 650 2117 711 necessarium

549 740 672 801 illis
717 740 981 802 revelari
1033 742 1243 803 omnia
1293 743 1523 804 futura.
1575 744 1652 805 Et
1685 742 1950 805 fortasse
1996 745 2123 804 hoc

549 834 739 895 modo
767 835 831 894 in
859 834 960 896 die
995 834 1393 897 Pentecostes
1439 855 1570 899 non
1613 837 1868 899 fuerunt
1916 836 2121 900 edocti

554 927 840 1006 explicite
885 927 964 989 de
1008 928 1298 989 omnibus
1339 930 1651 1009 mysteriis
1697 930 1868 1005 fidei,
1908 931 2121 1011 quoad

551 1020 960 1101 particulares
989 1022 1485 1084 circumstantias
1511 1041 1752 1097 eorum,
1783 1030 1854 1085 ut
1882 1025 1961 1086 de
1990 1042 2121 1085 mo-

553 1114 636 1175 do
665 1113 1004 1176 vocationis
1030 1116 1345 1189 Gentium,
1371 1122 1432 1177 et
1460 1118 1538 1179 de
1569 1118 1916 1181 cessatione
1949 1118 2127 1199 lega-

556 1209 730 1281 lium,
753 1212 822 1269 ut
851 1208 1038 1288 plane
1063 1209 1372 1289 colligitur
1389 1230 1466 1273 ex
1493 1214 1792 1274 Actorum
1817 1214 1893 1274 10
1921 1218 1984 1275 et
2012 1216 2121 1286 15;

556 1305 619 1363 et
665 1302 755 1363 sic
801 1304 987 1364 etiam
1033 1304 1334 1379 JoanneS‚
1375 1306 1441 1365 in
1485 1306 1880 1386 Apocalypsi,
1927 1307 2125 1368 multa

554 1395 860 1457 intellexit
899 1395 978 1457 de
1019 1396 1267 1472 futuris,
1315 1416 1457 1478 quae
1501 1400 1637 1460 aliis
1675 1400 1952 1461 revelata
1996 1420 2125 1461 non

557 1491 758 1564 fuere,
795 1497 857 1552 et
893 1490 1156 1553 fortasse
1189 1495 1387 1555 multa
1435 1513 1513 1555 ex
1551 1494 1673 1555 illis
1723 1513 1852 1556 non
1900 1496 2129 1557 intelli-

559 1589 787 1661 gentur
829 1592 999 1647 certo
1044 1592 1106 1647 et
1147 1587 1458 1667 explicite,
1493 1587 1694 1650 donec
1725 1588 2120 1669 impleantur.

557 1679 649 1739 Ita
689 1697 840 1758 ergo
873 1685 1076 1759 potest
1113 1681 1392 1743 Ecclesia
1419 1682 1483 1742 in
1515 1682 1613 1743 bis
1641 1682 1834 1745 rebus
1859 1702 2129 1763 cognos-

558 1771 773 1833 cendis
803 1773 1128 1851 proficere,
1158 1775 1346 1837 etiam
1383 1794 1525 1837 cum
1553 1776 1923 1839 certitudine
1954 1777 2125 1851 fidei,

560 1865 1017 1929 interveniente
1058 1868 1350 1930 Ecclesiae
1392 1869 1778 1945 definitione,
1809 1890 1948 1950 quae
1986 1889 2131 1950 pro-

559 1962 700 2038 pter
750 1960 1170 2022 assistentiam
1215 1963 1481 2042 Spiritus
1522 1964 1732 2026 Sancti
1779 1965 1906 2025 vim
1940 1966 2131 2026 habet

561 2053 982 2137 revelationis,
1023 2074 1136 2116 seu
1166 2055 1570 2118 infallibiliter
1597 2058 1869 2137 applicat
1895 2059 2130 2120 revela-

558 2148 796 2208 tionem
825 2147 1244 2211 universalem
1278 2150 1358 2211 ad
1382 2152 1757 2231 particulare
1787 2153 2125 2231 objectum.

559 2244 636 2303 Et
671 2244 806 2303 haec
843 2243 1156 2306 sufficiunt
1190 2244 1268 2304 de
1319 2245 1566 2323 objecto
1612 2246 1948 2321 materiali;
1983 2264 2131 2307 nam

561 2336 682 2396 alia
711 2354 851 2415 quae
879 2337 978 2397 hic
1008 2337 1258 2398 tractari
1291 2342 1550 2417 possent
1594 2340 1673 2401 de
1703 2342 2132 2421 propositioni-

560 2430 679 2491 bus
707 2430 980 2493 mediate
1009 2436 1272 2505 tantum,
1300 2434 1400 2493 vel
1427 2434 1692 2507 traditis,
1731 2440 1794 2495 et
1819 2454 1947 2496 non
1983 2436 2133 2497 scri-

561 2524 705 2605 ptis,
739 2523 1016 2602 pendent
1047 2542 1120 2585 ex
1149 2524 1430 2587 dicendis
1461 2526 1540 2587 de
1577 2527 1824 2605 objecto
1859 2528 2127 2603 formali,

566 2623 629 2680 et
655 2617 734 2678 de
767 2616 999 2698 regulis
1026 2618 1197 2691 fidei,
1228 2626 1289 2691 et
1317 2619 1400 2680 ibi
1431 2620 1883 2681 tractabuntur.

1032 2816 1490 2884 DISPUTATIO
1548 2821 1650 2882 111.

561 3010 638 3055 DE
667 3008 914 3056 omnem
935 3006 1188 3055 romum
1211 3008 1369 3055 FIDE!
1390 3012 1406 3066 ζ
1444 3008 1519 3055 ΕΤ
1545 3007 1812 3062 QUOMODO
1853 3010 1934 3057 An
1958 3010 2129 3057 Itum

845 3102 986 3149 riu·
1023 3102 1250 3149 unum
1291 3102 1446 3148 mum
1491 3103 1830 3149 mtsom'rm.

645 3272 950 3353 Objectwm
973 3274 1226 3355 formale
1257 3275 1500 3355 duplam.
1522 3306 1605 3320 —
1639 3272 1886 3337 Primus
1915 3276 2127 3337 modus

565 3367 778 3447 objecti
801 3368 1083 3442 formalis
1125 3369 1292 3449 apud
1335 3367 1712 3449 Capreolmn.
1762 3400 1844 3415 -—
1889 3367 2129 3448 Duplex

567 3461 726 3523 solet
762 3461 1059 3540 distingui
1097 3462 1412 3541 objectum
1440 3461 1704 3522 formale
1731 3460 1797 3521 in
1833 3460 2130 3542 potentiis

563 3554 664 3616 vel
691 3555 1028 3628 habitibus,
1072 3554 1422 3634 praesertim
1467 3556 1927 3633 cognoscitivis,
1967 3555 2131 3617 scili-

564 3654 687 3722 cet,
716 3646 782 3710 in
803 3666 929 3712 esse
955 3650 1067 3721 rei,
1099 3652 1162 3710 et
1188 3649 1256 3711 in
1299 3664 1424 3712 esso
1450 3649 1878 3731 coquoscibilis,
1905 3654 1976 3710 ut
2004 3654 2131 3709 tra-

568 3742 657 3803 dit
691 3742 1103 3821 Cajetanu8‚t
1141 3760 1227 3821 p.,
1265 3746 1483 3820 quaest.
1523 3744 1578 3813 1,
1613 3748 1729 3803 art.
1776 3744 1850 3815 33
1893 3748 1957 3803 et
1983 3748 2129 3804 ante

563 3836 739 3896 illum
788 3835 1156 3915 Capreolus,
1207 3840 1429 3915 quaest.
1488 3838 1528 3896 4
1568 3835 1840 3915 Prolog.‚
1894 3841 2012 3897 art.
2066 3839 2124 3901 1.

563 3928 670 3989 uhi
689 3928 1150 3991 distinctionem
1181 3928 1342 3990 hanc
1369 3928 1604 4009 colligit
1631 3947 1708 3989 ex
1753 3930 1940 3989 variis
1974 3928 2128 3989 locis

564 4024 636 4082 D.
681 4023 963 4096 Thomae3
999 4029 1063 4084 et
1103 4021 1476 4101 applicando
1519 4021 1692 4082 illam
1721 4022 1804 4083 ad
1849 4028 2131 4084 nostram

565 4114 928 4186 materiam,
977 4115 1213 4195 aliquid
1244 4114 1322 4174 de
1361 4132 1438 4175 ea
1481 4114 1766 4175 dicemus
1808 4114 1872 4174 in
1905 4114 2131 4175 sectio-

561 4226 642 4269 ne
669 4211 727 4269 Ξ.
761 4208 938 4269 Ratio
965 4226 1116 4289 ergo
1157 4208 1436 4269 formalis
1473 4208 1699 4288 objecti
1739 4207 1808 4269 in
1843 4226 1971 4271 esse
2010 4208 2125 4281 roi,

561 4306 657 4364 est
700 4302 857 4363 ratio
897 4301 1322 4382 principaliter
1368 4302 1653 4381 cognita;
1693 4300 1862 4363 unde
1911 4302 2123 4363 vocari

561 4395 719 4456 solet
755 4396 1040 4471 objectum
1068 4397 1241 4477 quod,
1279 4412 1396 4456 seu
1431 4394 1908 4457 terminatiwm.
1944 4396 2123 4457 Ratio

558 4494 766 4549 autem
797 4488 1072 4550 formalis
1099 4489 1167 4551 in
1205 4507 1331 4553 esse
1367 4488 1804 4570 cognoscibilis,
1843 4494 1937 4550 est
1964 4489 2123 4550 ratio

558 4600 673 4643 scu
719 4580 1002 4642 medium
1055 4581 1494 4661 cognoscendi,
1552 4588 1617 4642 et
1665 4580 1806 4642 ideo
1865 4586 2126 4643 vocatur

557 4676 848 4755 objectum
876 4694 1010 4756 quo.
1057 4675 1236 4737 Unde
1285 4674 1356 4736 fit
1391 4680 1479 4748 ut,
1523 4675 1946 4752 comparando
1986 4674 2125 4737 illas

560 4769 718 4829 duas
757 4768 1031 4829 rationes
1073 4768 1237 4830 inter
1282 4786 1372 4837 se,
1414 4767 1518 4827 illa
1565 4784 1707 4845 quoe
1749 4768 2023 4846 pertinet
2044 4768 2127 4829 ad

559 4880 684 4926 esse
711 4862 824 4935 rei,
856 4861 923 4922 in
971 4862 1216 4942 obiecto
1271 4860 1576 4923 materiali
1631 4862 2125 4938 comprehenda-

557 4963 690 5028 tur3
747 4972 944 5035 quare
989 4954 1068 5016 de
1117 4955 1224 5015 illa
1270 4955 1371 5016 hic
1403 4972 1532 5016 non
1570 4958 1932 5028 tractamus,
1972 4974 2123 5017 nam

556 5050 620 5109 in
645 5048 1468 5128 praecedenti-disputatione
1495 5046 1798 5127 explicata
1825 5054 1940 5110 est.
1977 5050 2125 5130 Agi-

555 5161 697 5203 mus
731 5160 882 5221 ergo
913 5141 992 5201 de
1022 5142 1264 5203 ratione
1289 5141 1534 5203 formali
1565 5142 1811 5214 motiva,
1849 5160 1989 5220 quae
2024 5162 2123 5204 so·

551 5236 640 5297 let
673 5236 862 5298 etiam
881 5235 1088 5297 vocari
1130 5236 1292 5299 ratio
1317 5236 1426 5299 sub
1446 5252 1588 5316 qua.
1621 5234 1806 5297 Addit
1833 5254 1981 5297 vero
2011 5238 2120 5298 Ca·

551 5330 804 5409 preolus
844 5329 1089 5389 tertiam
1132 5329 1440 5389 rationem
1485 5329 1736 5407 objecti,
1769 5348 1959 5408 quam
1986 5330 2119 5410 ipse

549 5428 731 5485 vocat
771 5422 1317 5492 concomitantem,
1365 5423 1427 5480 in
1479 5424 1539 5489 3.
1585 5421 1728 5481 dist.
1767 5422 1869 5492 25,
1899 5428 2018 5483 art.
2054 5425 2114 5497 3,

551 5515 632 5576 ad
675 5520 700 5576 1
731 5534 747 5588 ;
790 5514 898 5577 sed
935 5532 1062 5575 non
1091 5519 1336 5593 oportet
1367 5516 1648 5577 membra
1677 5514 2112 5594 multiplicare,

1034 354 1274 409 DlsPUT.
1309 356 1394 407 lll.
1429 356 1510 407 DE
1543 354 1806 409 OBJECTO
1839 356 2111 409 Focum
2143 356 2326 418 mul-31,
2362 356 2443 407 ET
2474 354 2769 419 QUOMODO
2804 354 2884 409 An
2918 354 3119 421 lLLUD,
3150 356 3285 409 ETC.

2202 478 2341 539 quae
2366 459 2802 523 obscuritatem
2826 467 2889 521 et
2914 460 3345 523 confusionem
3374 461 3763 542 parturiuntg

2200 572 2350 615 nam
2377 561 2447 616 ut
2472 554 2739 634 ipsemet
2768 554 3054 635 explicat,
3098 555 3201 617 illa
3244 556 3400 617 ratio
3450 556 3767 617 concomi-

2199 652 2345 709 tans
2366 648 2521 708 nihil
2546 648 2719 709 aliud
2748 654 2843 710 est
2868 666 3059 727 quam
3089 649 3515 711 denominatio
3538 650 3765 729 objecti

2200 740 2540 803 materialis
2569 760 2605 803 a
2638 741 2907 819 formali,
2954 748 3023 803 ut
3062 743 3127 803 in
3168 742 3461 822 praesenti
3502 742 3767 804 materia

2204 841 2298 897 est
2344 835 2507 898 ratio
2558 835 2883 899 credibilis.
2941 836 3332 915 Quapropter
3370 853 3500 898 non
3548 836 3769 898 distin-

2204 933 2483 1007 guuntur
2504 928 2611 989 illa
2640 928 2790 1005 duo,
2822 930 2941 992 nisi
2968 936 3272 1009 tanquam
3293 932 3677 992 abstractum
3708 938 3771 992 ct

2202 1029 2584 1094 concretum,
2612 1022 2883 1101 ideoque
2903 1023 3125 1085 eadem
3148 1029 3245 1085 est
3262 1023 3589 1104 utriusque
3616 1042 3773 1085 con-

2208 1114 2522 1177 sideratio.
2556 1118 2755 1197 Magis
2796 1116 3089 1198 distingui
3126 1124 3384 1197 possent
3417 1118 3479 1181 in
3520 1117 3771 1197 objecto

2204 1206 2452 1269 formali
2476 1208 2647 1285 fidei,
2681 1212 2843 1273 Deus
2870 1212 3001 1290 ipso
3022 1213 3319 1284 revelans,
3356 1216 3419 1273 et
3446 1212 3580 1292 ejus
3612 1230 3771 1274 rece-

2206 1302 2378 1375 latio,
2406 1303 2553 1381 quia
2575 1322 2793 1365 revera
2823 1304 2929 1365 illa
2948 1305 3075 1367 duo
3104 1305 3393 1383 distincta
3422 1311 3589 1379 sunt,
3624 1322 3771 1366 cum

2208 1397 2505 1457 revelatio
2548 1396 2627 1459 sit
2680 1398 2839 1459 actio
2894 1399 3004 1459 Dei
3060 1398 3141 1460 ad
3192 1405 3406 1472 extra3
3450 1392 3775 1459 verumta-

2206 1506 2378 1565 men,
2406 1491 2455 1551 si
2486 1495 2719 1553 attente
2749 1492 3246 1566 considerentur,
3284 1493 3389 1553 illa
3412 1493 3537 1554 duo
3562 1512 3633 1554 se
3662 1492 3775 1551 ha-

2208 1583 2357 1645 bent
2386 1591 2688 1665 tanquam
2710 1585 2934 1659 forma,
2970 1592 3033 1647 et
3070 1586 3427 1647 informatio
3452 1604 3563 1647 scu
3592 1586 3771 1658 unio,

2210 1682 2271 1739 et
2296 1678 2439 1739 ideo
2474 1696 2663 1755 unam
2688 1679 2997 1741 rationem
3020 1680 3350 1741 formalem
3368 1678 3595 1759 objecti
3626 1697 3777 1739 con·

2210 1772 2491 1847 stituunt,
2540 1772 2751 1851 sicque
2792 1772 2913 1833 sub
2962 1792 3087 1833 una
3142 1774 3387 1835 ratione
3438 1778 3775 1850 utramque

2211 1864 2782 1939 considerabimus;
2832 1866 3147 1945 oportebit
3188 1872 3405 1928 tamen
3443 1864 3775 1945 utriusque

2212 1957 2599 2020 conditiones
2628 1960 2961 2039 explicare.

2834 2160 3051 2214 saeuo
3094 2162 3131 2215 1.

2226 2332 2447 2397 Utrum
2490 2336 2675 2410 Dm,
2728 2354 2833 2399 seu
2878 2336 2993 2399 Dei
3040 2336 3398 2415 auotoritas,
3446 2340 3541 2401 vel
3565 2336 3779 2419 potius

2324 2429 2587 2491 humana
2606 2429 2767 2492 ratio
2790 2427 2873 2492 sit
2899 2429 3190 2510 objectum
3212 2432 3467 2509 formale
3488 2432 3652 2509 fidei.

2294 2618 2353 2675 1.
2394 2616 2603 2677 Error
2636 2616 3051 2679 haereticorum
3088 2617 3156 2679 in
3178 2618 3291 2680 hac
3314 2617 3661 2699 Μετίου.
3694 2654 3782 2665 -

2202 2710 2691 2773 Fundamentum
2720 2710 2975 2771 erroris.
3007 2742 3091 2756 -
3122 2709 3535 2791 Consimatur
3570 2730 3645 2775 σω
3672 2732 3781 2775 ra-

2206 2805 2384 2868 tione.
2410 2836 2493 2848 —
2522 2802 2821 2867 Secundo.
2844 2804 3013 2863 —In
3042 2803 3164 2865 hoc
3192 2803 3495 2883 principio
3524 2812 3782 2883 oportet

2209 2902 2355 2959 ante
2398 2896 2609 2957 omnia
2663 2896 2937 2957 refutare
2990 2914 3271 2959 errorem
3326 2898 3777 2977 quorumdam,

2210 2991 2318 3070 qui
2344 2988 2634 3050 dixerunt
2662 2988 2815 3048 nihil
2849 3006 2988 3051 esse
3018 2990 3419 3065 credendum,
3454 2991 3570 3052 nisi
3602 2994 3779 3070 quod

2208 3085 2487 3145 humana
2524 3083 2767 3145 ratione
2797 3083 3163 3164 intelligitur
3206 3102 3280 3145 ac
3330 3085 3773 3165 persuadetur.

2206 3180 2299 3240 Ita
2346 3177 2721 3261 Manichaeos
2766 3177 3037 3239 sensisse
3088 3177 3323 3240 indicat
3361 3179 3775 3259 AugustinuS,

2207 3272 2315 3333 lib.
2344 3270 2425 3331 de
2462 3270 2656 3333 Utilit.
2691 3270 3009 3343 credendi,
3054 3288 3193 3349 cap.
3228 3274 3296 3343 13
3329 3272 3479 3333 dicit
3510 3272 3679 3333 enim
3712 3274 3785 3332 il-

2206 3364 2303 3425 los
2332 3363 2642 3437 docuisse,
2686 3364 3183 3443 superstitiosum
3222 3382 3361 3425 esse
3398 3365 3592 3427 fidem
3624 3372 3781 3427 ante

2207 3459 2517 3520 rationem
2566 3458 2877 3538 imperare
2899 3504 2914 3531 ,
2955 3459 3131 3539 quasi
3178 3459 3331 3519 nihil
3386 3458 3785 3522 credendum

2212 3554 2309 3619 sit.
2344 3553 2461 3614 nisi
2496 3554 2667 3631 quod
2706 3554 2863 3614 ratio
2906 3554 3191 3615 suaserit.
3246 3552 3553 3616 Eumdem
3606 3574 3786 3616 erro·

2208 3664 2342 3709 rem
2373 3646 2589 3708 tribuit
2630 3646 2969 3715 Abailardo
3011 3647 3369 3709 Bernardus
3416 3649 3596 3727 epist.
3658 3652 3791 3711 190

2212 3740 2295 3801 ad
2347 3740 2826 3812 Innocentium;
2890 3740 2993 3801 ille
3044 3742 3214 3802 enim
3261 3741 3533 3822 primum
3582 3743 3785 3802 etiarn

2208 3834 2689 3896 fundamentum
2728 3833 3026 3896 credendi
3061 3835 3126 3896 in
3164 3836 3409 3897 ratione
3441 3837 3792 3898 constitue-

2210 3929 2352 4000 bat;
2399 3928 2569 3989 unde
2614 3945 2761 3988 cum
2806 3928 2961 3989 illud
3010 3929 3088 3990 sit
3140 3928 3456 4008 objectum
3509 3929 3788 3991 formale

2210 4020 2379 4095 fidei,
2415 4021 2480 4081 in
2509 4038 2635 4100 quo
2662 4038 2777 4099 per
2800 4038 2868 4082 se
2908 4040 2982 4083 ac
3026 4022 3451 4102 principaliter
3477 4024 3791 4085 fundatur

2211 4133 2505 4176 assensus
2544 4114 2714 4189 fidei,
2764 4121 2833 4176 ut
2874 4116 3245 4192 videbimuS,
3292 4118 3514 4181 merito
3564 4118 3789 4180 dicere

2210 4226 2543 4289 possumus
2583 4208 2701 4269 hos
2751 4209 3082 4272 haereticos
3119 4212 3513 4273 constituisse
3565 4212 3791 4292 objec-

2206 4310 2338 4365 tum
2377 4300 2637 4363 formale
2667 4301 2839 4375 fidei,
2870 4319 3014 4383 non·
3040 4303 3103 4363 in
3132 4304 3283 4376 Deo,
3316 4304 3428 4365 sed
3458 4306 3521 4365 in
3548 4305 3787 4366 huma-

2207 4415 2287 4457 na
2330 4397 2594 4457 ratione.
2646 4394 3051 4456 Fundahatur
3092 4396 3486 4471 Abailardus,
3524 4404 3593 4458 ut
3626 4400 3791 4460 Ber-

2205 4489 2441 4551 nardus
2485 4489 2696 4562 refert,
2728 4487 2792 4547 in
2818 4488 2924 4549 '1110
2972 4489 3135 4549 Eccl.
3172 4492 3251 4551 19
3282 4508 3297 4549 t
3336 4489 3457 4564 Qui
3492 4492 3613 4555 cito
3652 4511 3793 4555 crc-

2206 4584 2320 4658 dit,
2349 4582 2505 4661 levis,
2528 4586 2617 4645 est
2643 4584 2851 4655 corde;
2880 4599 3031 4643 nam
3076 4583 3195 4647 cito
3226 4586 3490 4658 credere,
3522 4584 3789 4647 dicebat

2206 4693 2343 4738 esse
2374 4674 2677 4736 adhibere
2704 4674 2895 4736 fidem
2917 4681 3063 4736 ante
3088 4677 3431 4751 rationem;
3460 4696 3631 4752 nam,
3666 4682 3785 4759 qui

2204 4770 2289 4831 ita
2340 4768 2558 4842 credit,
2614 4768 2893 4848 periculo
2948 4770 3195 4830 errandi
3252 4788 3321 4832 se
3378 4772 3659 4851 exponit,
3716 4782 3789 4836 et

2204 4862 2346 4924 ideo
2377 4862 2674 4924 admonet
2698 4864 2997 4937 loannes,
3028 4868 3054 4924 1
3100 4864 3309 4942 epist.,
3340 4882 3459 4945 cap
3482 4868 3522 4926 4
3560 4884 3573 4925 ε
3610 4867 3791 4929 Pro-

2204 4957 2335 5019 bata
2360 4955 2643 5035 spiritus,
2676 4974 2757 5019 an
2798 4974 2871 5019 σω
2893 4956 3015 5019 Deo
3040 4958 3169 5020 sint
3183 4983 3211 5030 ,·
3244 4964 3307 5019 et
3333 4960 3583 5033 PauluS‚
3614 4964 3647 5022 1
3694 4964 3785 5023 ad

2202 5048 2483 5111 Thessal.
2530 5051 2569 5111 5
2602 5066 2616 5109 ε
2662 5048 2881 5113 Omnia
2909 5052 3193 5132 probate,
3230 5055 3390 5133 quod
3426 5054 3645 5131 bonum
3684 5062 3791 5118 est

2204 5146 2427 5213 tenete,·
2468 5142 2752 5222 probatio
2797 5149 3007 5203 autem
3054 5144 3185 5205 hoec
3214 5162 3342 5206 non
3386 5145 3457 5207 fit
3494 5146 3616 5207 nisi
3657 5168 3787 5227 per

2201 5236 2415 5296 lumen
2440 5236 2719 5308 rationis,
2754 5236 2901 5313 quia
2944 5237 2994 5297 si
3024 5237 3267 5299 dicatur
3286 5237 3422 5300 fieri
3450 5256 3563 5318 per
3584 5258 3787 5302 reve-

2201 5328 2497 5391 lationem
2521 5377 2538 5404 ,
2586 5328 2692 5389 illa
2740 5335 2874 5390 erat
2920 5331 3285 5408 probanda;
3325 5333 3496 5394 unde
3524 5352 3675 5394 cum
3704 5336 3781 5396 in

2200 5423 2683 5483 revelationibus
2726 5440 2854 5483 non
2897 5424 3273 5502 procedatur
3312 5426 3377 5486 in
3424 5426 3773 5503 infinitum,

2199 5534 2317 5577 nec
2374 5516 2777 5594 perveniatur
2830 5517 2912 5578 ad
2962 5518 3413 5583 revelationem
3474 5520 3715 5583 claram
3756 5568 3775 5596 ‚
