3900 6217
529 367 652 430 592
1055 365 1294 444 msam.
1331 365 1502 420 xx1V.
1539 363 1624 418 An
1655 361 1815 426 Quos
1847 359 2309 416 Exmnnsu'rua
2342 363 2551 416 POENAE
2582 362 3055 428 flammineum,
3091 363 3221 419 mc.

528 491 680 536 vero
706 465 1161 532 confiscationis
1190 482 1410 546 poenas,
1443 468 1506 524 et
1535 461 1773 536 mortis,
1800 479 1910 540 per
1935 479 2001 522 se
2022 459 2092 521 in

529 567 626 628 his
655 583 781 626 non
821 561 1056 623 habent
1103 560 1333 634 locum,
1375 555 1496 618 nisi
1542 556 1609 616 in
1663 573 1808 616 casu
1857 555 1923 615 in
1968 571 2093 634 quo

531 671 830 737 tanquam
884 651 1163 714 haeretici
1199 650 1426 729 relapsi
1470 647 1840 721 habeantur,
1867 647 1944 706 de
1968 664 2093 726 quo

531 752 736 813 dicam
757 749 823 809 in
843 746 1114 807 sectione
1141 743 1442 823 sequenti.
1474 743 1542 802 ln
1568 741 1804 802 caeteris
1823 757 1967 800 vero
1995 757 2095 801 ar-

530 841 786 904 bitrarie
819 838 1170 920 puniuntur
1196 833 1619 916 temporaliter
1667 832 1768 893 vel
1801 850 2093 912 corpora-

530 935 695 1012 liter,
724 941 793 995 ut
824 952 900 994 ex
928 932 1106 992 dictis
1144 929 1412 1010 juribus,
1442 935 1505 989 et
1535 927 1877 1007 praesertim
1909 943 1987 986 ex
2036 944 2090 987 c.

531 1027 896 1102 Accusatus,
930 1023 1194 1104 intelligi
1221 1027 1443 1104 potest.

1153 1269 1368 1322 sssc‘rlo
1403 1270 1464 1322 ΙΙ.

547 1447 762 1513 Utrum
789 1446 1053 1528 suspecti
1093 1446 1160 1508 de
1195 1442 1410 1508 haeresi
1427 1461 1643 1527 pesnas
1675 1445 2094 1506 haeretieorum

1141 1541 1483 1602 incurrant.

617 1776 675 1835 1.
721 1771 1008 1854 Suspicio
1059 1768 1328 1852 quid.—
1355 1766 1715 1850 Quotupleoe.
1745 1799 1826 1812 —
1856 1767 1942 1828 De
2000 1765 2099 1828 his

533 1866 824 1947 suspectis
854 1870 1116 1926 tractant
1154 1862 1297 1941 jura
1341 1861 1621 1940 superius
1659 1860 1871 1935 citata,
1909 1864 1974 1920 et
2008 1859 2100 1920 ibi

533 1959 948 2021 communiter
979 1957 1294 2029 Doctores,
1331 1961 1393 2014 et
1435 1952 1818 2032 Eymericus,
1875 1951 1942 2014 in
1996 1952 2097 2012 Di-

534 2057 781 2127 rector„
809 2053 873 2125 2,
905 2055 1122 2128 quaest.
1177 2049 1256 2108 55
1313 2053 1375 2106 et
1423 2044 1850 2126 sequentibus;
1907 2049 1971 2105 et
2012 2042 2100 2104 ibi

535 2145 768 2218 Penna,
801 2147 1203 2203 commentar.
1233 2142 1309 2202 17
1330 2153 1392 2201 et
1421 2137 1855 2218 sequentibus;
1885 2137 2099 2198 Carre-

533 2240 687 2312 rius,
715 2241 898 2298 tract.
930 2234 1006 2295 de
1047 2236 1299 2308 Haeret„
1332 2252 1368 2294 a
1409 2249 1585 2293 num.
1626 2232 1742 2293 ⁴¹6
1755 2253 1772 2306 3
1806 2231 2098 2310 Reperio-

533 2332 722 2406 rium,
749 2329 921 2390 verb.
959 2325 1295 2406 Suspectus
1316 2351 1340 2398 ;
1371 2331 1434 2386 et
1469 2324 1558 2385 ihi
1599 2321 1976 2398 Mendesius,
2038 2330 2101 2383 et

533 2423 720 2484 latius
765 2423 1106 2493 Simancas,
1150 2420 1216 2479 in
1258 2419 1672 2492 Institutione,
1722 2417 1820 2477 tit.
1855 2418 1957 2492 50,
1991 2416 2103 2495 qui

536 2517 688 2577 alios
710 2513 987 2576 referunt
1003 2535 1020 2588 ;
1052 2519 1261 2572 tamen
1292 2530 1430 2591 quae
1455 2516 1748 2586 tractant,
1780 2509 1859 2570 ad
1887 2510 2100 2570 forum

537 2616 858 2670 externum
883 2605 1154 2667 maxime
1177 2605 1514 2685 pertinent,
1537 2603 1686 2684 quia
1707 2601 1971 2680 suspicio
1992 2619 2099 2664 seu

536 2701 932 2782 praesumptio
975 2700 1041 2759 in
1085 2698 1194 2758 illo
1226 2703 1466 2758 tautum
1517 2695 1610 2771 fit,
1641 2701 1712 2754 ut
1743 2713 1906 2774 soepe
1933 2694 2063 2755 dixi
2075 2711 2095 2771 ;

535 2796 796 2874 ideoque
816 2811 928 2854 nos
950 2793 1312 2854 brevissime
1327 2809 1460 2851 rem
1487 2789 1649 2850 hanc
1673 2789 2095 2870 expediemus.

536 2886 935 2949 Advertimus
961 2903 1109 2964 ergo
1149 2884 1561 2965 suspicionem
1611 2881 1712 2942 vel
1763 2881 2099 2943 dubitatio-

534 2997 704 3055 nem,
733 2997 861 3040 esse
881 2996 1016 3057 quae
1047 2995 1156 3058 per
1179 2977 1308 3037 sola
1332 2975 1580 3051 indicia,
1613 2974 1746 3036 sine
1767 2974 2097 3036 sufficienti

538 3079 600 3134 et
640 3089 924 3152 expresso
978 3069 1334 3132 testimonio
1380 3067 1478 3130 vel
1527 3087 1733 3145 sensu,
1769 3065 1844 3130 de
1890 3068 2099 3148 aliquo

535 3167 904 3246 concipitur,
955 3169 1026 3224 ut
1078 3163 1288 3241 attigit
1341 3161 1520 3224 divus
1572 3161 1840 3222 Thomas
1913 3163 1975 3222 2.
2033 3163 2097 3236 2,

536 3265 753 3339 quaest.
786 3259 886 3332 60,
915 3262 1034 3317 art.
1063 3259 1135 3329 ὧς
1177 3255 1424 3335 quando
1451 3272 1598 3334 ergo
1623 3252 1845 3333 aliquis
1874 3253 1941 3314 in
1970 3272 2099 3315 sus·

536 3352 842 3432 picionem
871 3367 998 3410 susc
1035 3349 1178 3409 fidei
1210 3367 1318 3428 per
1337 3345 1464 3410 sola
1493 3347 1720 3408 indicia
1753 3346 1949 3420 venit,
1972 3364 2099 3406 sus-

539 3450 749 3522 pectus
773 3443 1020 3503 dicitur.
1055 3441 1466 3520 Distinguitur
1497 3445 1706 3501 autem
1730 3439 1796 3500 in
1825 3439 1942 3500 hac
1970 3457 2101 3500 ma—

535 3539 693 3598 teria
721 3535 945 3616 triplex
976 3535 1238 3613 suspicio
1265 3549 1281 3592 :
1319 3533 1570 3606 scilicet,
1602 3533 1754 3594 levis
1795 3549 1905 3592 seu
1951 3549 2087 3592 mo·

537 3632 704 3708 dica,
729 3631 933 3710 gravis
976 3647 1081 3689 scu
1128 3628 1484 3704 vehemens,
1535 3634 1601 3688 et
1641 3627 1932 3688 violenta.
1974 3626 2103 3686 Pri-

536 3743 642 3786 ma
671 3729 762 3786 est
783 3741 920 3803 quae
947 3722 1218 3802 procedit
1248 3739 1323 3782 ex
1348 3719 1611 3795 indiciis,
1634 3737 1770 3798 quae
1819 3717 2101 3798 aliquan-

537 3819 641 3894 do,
667 3815 772 3878 sed
801 3834 940 3876 raro
963 3813 1370 3888 concludunt,
1405 3818 1478 3874 ut
1499 3811 1862 3874 contrahere
1883 3829 2097 3872 secun-

537 3912 646 3972 das
667 3910 938 3988 numina,
955 3907 1200 3968 vivente
1224 3907 1444 3987 prima,
1475 3905 1715 3966 inducit
1743 3903 1944 3967 levem
1968 3923 2102 3966 sus·

537 4005 868 4086 picionem,
903 4013 964 4064 et
993 4002 1079 4062 sic
1108 4000 1183 4062 de
1228 4001 1386 4062 aliis.
1425 3998 1925 4074 Vehemens.est,
1962 4017 2099 4078 quae

537 4095 812 4177 procedit
834 4114 909 4155 ex
949 4094 1188 4156 indiciis
1215 4091 1589 4167 efficacibus,
1615 4091 1758 4153 licet
1785 4091 2097 4152 interdum

537 4189 824 4252 deficiant
836 4205 857 4266 ;
890 4193 962 4248 ut
986 4192 1134 4248 sunt
1148 4185 1352 4250 lacere
1373 4191 1544 4245 actus
1563 4185 1871 4247 damnatae
1889 4191 2091 4258 sectae,

541 4284 636 4345 vel
691 4281 988 4359 haeresis3
1018 4277 1250 4340 habere
1284 4286 1530 4358 paetum
1587 4297 1730 4340 cum
1787 4279 2094 4353 daemone,

537 4383 668 4438 etc..
712 4374 999 4436 violenta
1068 4373 1334 4452 suspicio
1381 4377 1470 4432 cst
1493 4418 1515 4448 ,
1588 4389 1726 4451 quse
1780 4369 2100 4434 moraliter

539 4467 870 4550 aequivalet
897 4466 1225 4528 sufficienti
1252 4463 1629 4544 probationi,
1661 4470 1724 4524 et
1750 4465 2097 4544 praesertim

537 4561 786 4643 quando
813 4559 1110 4621 fundatur
1136 4559 1202 4620 in
1217 4559 1382 4637 jure,
1409 4563 1472 4619 et
1499 4556 1738 4619 inducit
1759 4574 2096 4636 praesump-

537 4657 795 4730 tionem,
819 4671 1008 4734 quam
1055 4658 1278 4712 vocant
1291 4651 1452 4730 juris
1481 4654 1544 4712 et
1575 4649 1653 4710 de
1688 4649 1850 4727 jure,
1882 4655 2099 4710 contra

537 4766 728 4829 quam
765 4765 906 4808 raro
931 4753 1040 4807 aut
1067 4761 1390 4824 nunquam
1415 4743 1764 4804 admittitur
1790 4742 2092 4824 probatio.

538 4842 696 4916 Quia
724 4858 869 4903 vero
909 4837 1198 4918 quaelibet
1224 4837 1484 4898 istarum
1533 4836 1948 4915 suspicionum
1990 4855 2096 4916 po·

537 4941 656 4997 test
685 4936 750 4994 in
787 4951 854 4994 re
896 4934 1050 5014 ipsa,
1097 4937 1158 4991 et
1207 4931 1368 5011 apud
1398 4931 1618 5004 Deum,
1644 4947 1772 4990 non
1799 4948 1929 4992 esse
1956 4947 2101 4992 con·-

537 5029 750 5090 formis
779 5026 1047 5101 veritati,
1080 5025 1219 5085 ideo
1266 5023 1445 5086 aliter
1492 5022 1871 5102 loquendum
1899 5031 1993 5084 est
2021 5023 2097 5086 dc

537 5123 638 5185 his
661 5119 957 5200 suspectis
977 5121 1044 5180 in
1065 5117 1202 5178 foro
1218 5116 1625 5192 couscientiae,
1657 5115 1822 5196 quod
1855 5117 2097 5178 veritati

539 5217 797 5292 nititur3
823 5218 884 5275 et
911 5212 1089 5274 aliter
1122 5230 1188 5272 in
1210 5210 1344 5272 l'oro
1367 5216 1645 5286 externo,
1669 5210 1832 5288 quod
1865 5229 1993 5270 non
2019 5210 2096 5272 de

537 5308 813 5382 occultis,
833 5307 942 5368 sed
960 5305 1038 5366 de
1065 5305 1164 5365 his
1191 5321 1329 5383 quae
1359 5303 1628 5366 exterius
1655 5310 1979 5384 apparent,
2000 5305 2099 5382 ju·

538 5401 723 5464 dicat.

618 5495 681 5556 2.
726 5491 948 5557 Prima
965 5491 1222 5556 assertio
1245 5491 1314 5554 de
1338 5489 1677 5570 suspicione
1709 5489 1896 5566 falsa,
1909 5507 2101 5570 quan-

2172 463 2396 525 tumvis
2434 463 2755 544 probabili.
2780 499 2862 510 —
2892 465 3161 529 Dubium
3184 467 3251 530 ds
3284 486 3453 550 pou
3475 473 3671 558 ineffu-

2173 554 2476 618 laritatis.
2504 590 2586 604 —
2631 557 2773 618 Dico
2820 575 2969 638 ergo
2998 559 3199 638 primo
3244 580 3261 620 ε
3302 562 3529 639 quando
3582 569 3673 630 sli-

2176 647 2313 727 quis
2358 667 2573 711 revera
2613 656 2705 712 est
2742 650 3043 712 innocens
3069 652 3231 732 apud
3282 654 3459 718 Deum
3506 665 3675 738 quoad

2176 742 2425 820 culpam
2452 742 2719 818 haeresis,
2752 745 2898 823 quia
2930 742 3103 805 illam
3148 745 3395 806 interius
3440 767 3551 810 non
3588 755 3676 814 ad-

2178 833 2370 908 misit‚
2382 841 2935 915 quantumcunque
2960 837 3229 898 exterius
3264 840 3342 899 sit
3363 841 3435 902 de
3458 841 3555 904 illa
3574 863 3677 906 sus-

2176 932 2414 1006 pectus,
2470 926 2673 990 nullas
2716 945 2933 1008 poenas
2983 929 3410 994 haereticorum
3455 935 3517 994 in
3562 955 3679 998 cou-

2174 1019 2433 1080 scientia
2482 1020 2763 1082 incurrit.
2816 1021 3139 1100 Probatur,
3158 1026 3324 1104 -quia
3370 1026 3467 1089 ille
3502 1047 3683 1092 revera

2174 1130 2303 1174 non
2322 1117 2415 1173 est
2441 1113 2785 1190 hoereticus,
2819 1120 2881 1178 et
2914 1115 3029 1176 hoc
3076 1117 3438 1180 confirmant
3460 1139 3583 1199 qnae
3604 1142 3683 1184 su-

2176 1224 2289 1287 pra
2341 1206 2680 1285 tetigimus,
2726 1208 3139 1288 disputatione
3192 1210 3421 1274 decima
3476 1222 3681 1292 quarta,

2174 1306 2325 1362 sect.
2353 1302 2417 1377 6,
2450 1319 2626 1363 num.
2669 1304 2735 1377 4,
2769 1301 2848 1365 de
2880 1302 3171 1365 hoerctico
3210 1323 3377 1368 mere
3416 1310 3683 1385 exteriori,

2176 1395 2255 1456 de
2276 1412 2397 1473 quo
2426 1393 2697 1456 diximus
2728 1413 2853 1456 non
2894 1396 3207 1460 incurrere
3228 1417 3468 1478 poenas,
3492 1401 3538 1462 si
3576 1402 3687 1464 ficte

2174 1487 2239 1548 id
2268 1487 2483 1564 faciat,
2512 1489 2661 1568 quia
2690 1507 2818 1550 non
2846 1496 2939 1550 est
2974 1509 3119 1552 vere
3142 1491 3461 1556 haercticus
3477 1517 3493 1568 3
3516 1494 3689 1556 nullus

2176 1581 2347 1642 enim
2375 1586 2573 1660 potest
2605 1599 2735 1643 esse
2761 1583 2959 1662 magis
2988 1592 3303 1665 suspectus
3344 1585 3496 1666 apud
3518 1587 3683 1648 homi·

2178 1691 2311 1750 nes,
2340 1665 2534 1753 ‘cluam
2598 1674 2704 1736 ille
2721 1691 2743 1752 ;
2768 1693 2919 1754 ergo
2946 1676 3112 1740 idem
3158 1678 3485 1740 dicendum
3522 1686 3603 1739 est
3620 1681 3681 1742 dc

2178 1785 2572 1848 quocumque
2618 1768 2740 1829 alio
2785 1769 2871 1830 sic
2926 1777 3224 1850 suspecto.
3264 1771 3691 1851 Intelligendum

2178 1864 2272 1920 est
2299 1866 2509 1920 autem
2534 1861 2611 1922 de
2637 1863 2837 1942 poenis
2864 1864 3127 1942 propriis
3152 1864 3593 1939 haereticorum,
3616 1865 3690 1926 vel

2179 1949 2257 2012 de
2286 1952 2657 2031 suspicione,
2690 1956 2941 2033 praecise
2962 1962 3033 2016 ut
3069 1958 3336 2036 suspicio
3358 1965 3476 2034 est;
3502 1975 3629 2020 nam
3652 1960 3695 2020 si

2180 2045 2447 2124 suspicio
2486 2045 2785 2108 fundetur
2814 2049 2879 2109 in
2936 2047 3061 2110 alio
3118 2051 3383 2112 crimine
3428 2051 3693 2131 prohibito

2178 2136 2295 2197 sub
2340 2139 2603 2226 propriis
2652 2141 2875 2220 poenis,
2922 2142 3319 2204 incurrentur
3352 2144 3469 2204 inae
3512 2162 3691 2225 posue,
3813 2207 3814 2214 ,

2179 2236 2273 2308 ut,
2321 2229 2493 2292 verbi
2538 2233 2763 2310 gratia,
2794 2233 2849 2296 si
2896 2235 2977 2295 sit
3016 2235 3216 2312 favor,
3252 2235 3351 2298 vel
3382 2236 3594 2316 aliquid
3633 2239 3697 2300 si·
3813 2231 3814 2310 Ῑ

2182 2323 2351 2398 mile3
2375 2324 2647 2386 incurret
2673 2327 2841 2388 enim
2870 2330 3563 2392 excommunicationem
3582 2331 3697 2398 fau-

2182 2415 2353 2490 toris,
2391 2435 2521 2478 non
2554 2435 2701 2480 vero
2725 2420 3019 2496 hoeretici,
3039 2428 3105 2482 et
3128 2401 3218 2483 sic
3246 2421 3325 2484 de
3348 2425 3571 2484 coeteris
3598 2442 3699 2502 poe-

2182 2509 2302 2571 nis.
2334 2509 2546 2571 Solum
2572 2517 2773 2592 potest
2824 2512 3095 2576 dubitari
3123 2514 3199 2576 de
3258 2515 3697 2592 irregularitate,

2184 2620 2324 2681 quae
2350 2619 2477 2664 non
2506 2621 2747 2684 semper
2774 2606 3037 2685 requirit
3076 2606 3349 2686 culpam.
3402 2608 3699 2670 Dicendum

2178 2701 2273 2756 est
2318 2703 2553 2773 autem,
2584 2699 2639 2758 si
2674 2699 2941 2778 suspicio
2973 2701 3055 2759 sit
3088 2717 3323 2779 magna
3372 2707 3435 2762 et
3466 2701 3695 2780 publica,

2178 2801 2625 2868 consequenter
2647 2789 2936 2852 inducere
2972 2793 3343 2871 infamiam3
3373 2799 3434 2855 et
3462 2800 3597 2856 tunc
3638 2793 3701 2854 ob

2178 2879 2593 2942 indecentiam
2634 2901 2811 2964 posse
2860 2879 3386 2964 irregularitatem
3434 2888 3699 2960 contrahi,

2180 2991 2305 3034 non
2334 2975 2573 3036 ratione
2621 2975 2849 3052 delicti,
2886 2977 2993 3040 sed
3044 2980 3291 3042 ratione
3346 2979 3625 3054 intamiae,
3648 2988 3703 3040 ut

2176 3064 2309 3125 dixi
2334 3066 2397 3126 in
2441 3073 2589 3130 tom.
2630 3070 2693 3144 5,
2729 3069 2959 3150 disput.
2988 3073 3089 3147 43,
3122 3079 3272 3134 sect.
3308 3073 3372 3150 3,
3408 3089 3572 3134 num.
3600 3073 3633 3133 8
3656 3055 3711 3132 ct'
3815 3125 3816 3150 ἶ

2201 3157 2263 3232 9,
2295 3164 2358 3218 et
2398 3159 2673 3240 sequitur
2709 3162 2989 3239 Saucius,
3016 3164 3130 3235 lib.
3154 3168 3219 3240 2,
3268 3184 3401 3246 cap.
3433 3167 3529 3232 25.
3554 3183 3699 3226 num.
3815 3161 3816 3164 ’

2184 3251 2279 3310 10.
2333 3251 2507 3314 Unde
2554 3251 2626 3314 fit
2663 3260 2757 3324 ut,
2808 3265 3071 3335 purgata
3100 3259 3468 3338 suspicione,
3498 3266 3557 3320 ct
3588 3277 3703 3318 con-

2180 3351 2507 3422 sequenter
2534 3346 2740 3408 ahlata
2766 3350 2955 3410 etiam
2981 3349 3271 3428 infamia,
3298 3360 3705 3432 consequenter

2180 3445 2372 3500 cesset
2422 3439 2867 3518 irregularitas,
2918 3444 2995 3502 Et
3060 3443 3199 3506 ideo
3242 3446 3403 3507 dixit
3458 3447 3701 3518 Navem,

2182 3548 2350 3592 cons.
2383 3525 2551 3594 18!st
2579 3535 2677 3609 19,
2710 3534 2787 3594 de
2816 3536 3129 3612 Haeretic.,
3156 3555 3269 3618 per
3288 3539 3703 3618 abjurationem

2181 3620 2429 3686 haeresis
2479 3627 2732 3706 purgari
2761 3634 2824 3688 et
2845 3628 2975 3688 tolli
3004 3630 3165 3690 hanc
3188 3630 3700 3711 irregularitatem,

2182 3716 2347 3794 quod
2376 3717 2565 3778 etiam
2592 3720 2784 3780 sensit
2810 3721 3073 3782 Saucius
3100 3741 3292 3805 supra
3322 3743 3489 3786 num.
3524 3728 3611 3786 12.

2266 3809 2323 3870 3.
2348 3807 2633 3874 Secunda
2650 3815 2935 3890 assertio,
2958 3815 3381 3895 desusptoione
3404 3835 3539 3880 vera
3560 3819 3619 3878 in
3632 3835 3701 3890 se,

2182 3903 2380 3983 quoad
2401 3920 2509 3966 nos
2532 3909 2733 3968 autem
2760 3901 3421 3986 insufficiens—Dico
3436 3909 3697 3972 secundo:

2180 3997 2289 4075 qui
2312 4003 2404 4056 est
2420 3995 2819 4060 vehementer
2836 4007 3149 4080 suspectus
3164 4001 3244 4062 de
3266 4003 3506 4078 haeresi,
3520 4019 3699 4081 quam-

2180 4090 2273 4150 vis
2309 4090 2387 4152 dc
2412 4089 2522 4151 illa
2572 4091 2858 4154 convinci
2906 4111 3035 4156 non
3085 4096 3305 4176 possit,
3335 4097 3387 4158 si
3410 4113 3604 4158 revera
3622 4095 3699 4154 in-

2177 4183 2371 4244 terius
2422 4183 2561 4246 talis
2614 4191 2727 4260 est,
2780 4187 3149 4266 regulariter
3176 4188 3505 4270 loquendo,
3531 4189 3697 4248 incur·

2177 4283 2275 4336 ret
2295 4277 2363 4336 in
2392 4277 2763 4338 conscientia
2792 4297 3005 4358 poenas
3032 4280 3483 4345 haereticorum.
3514 4280 3698 4342 Proba-

2178 4375 2305 4446 tur,
2336 4369 2485 4449 quia
2512 4369 2621 4431 ille
2667 4378 2759 4432 est
2786 4389 2967 4432 verus
3002 4372 3333 4436 haereticus
3356 4374 3617 4446 interius,
3650 4375 3699 4430 et

2179 4462 2547 4541 regulariter
2594 4463 2905 4544 loquendo
2958 4484 3087 4528 non
3114 4467 3187 4528 fit
3238 4466 3509 4530 exterius
3548 4464 3699 4526 vehe-

2180 4561 2425 4618 menter
2448 4564 2785 4636 suspectus,
2814 4558 2937 4620 nisi
2964 4577 3076 4638 per
3102 4560 3307 4639 signa,
3342 4560 3441 4621 vel
3468 4559 3701 4620 actiones

2178 4655 2469 4712 externas
2496 4649 2571 4712 de
2606 4669 2671 4712 se
2712 4649 3088 4712 sufficienter
3127 4653 3515 4714 ostendentes
3542 4651 3699 4710 haere-

2178 4741 2330 4816 sim3
2372 4759 2517 4820 ergo
2544 4743 2609 4804 in
2639 4760 2708 4804 re
2740 4743 2875 4823 ipsa
2916 4751 3009 4806 est
3050 4744 3383 4808 haereticus
3422 4750 3697 4814 externus,

2176 4833 2323 4896 licet
2354 4853 2480 4896 non
2509 4833 2881 4897 sufficienter
2905 4846 3336 4916 cognoscatur,
3352 4839 3526 4918 juxta
3550 4851 3699 4914 supe·

2178 4927 2310 4989 rius
2355 4927 2540 4992 dicta.
2576 4928 2751 4992 Unde
2797 4931 3315 4992 considerandum
3336 4945 3427 4993 est
3457 4929 3701 5008 aliquan·

2176 5020 2256 5080 do
2285 5038 2458 5100 posse
2504 5020 2776 5100 aliquem
2817 5022 2937 5084 dici
2966 5023 3035 5085 in
3058 5023 3194 5084 foro
3216 5031 3470 5086 externo
3494 5023 3573 5084 sic
3594 5035 3703 5080 sus-

2175 5122 2449 5194 pectum,
2496 5114 2697 5176 solum
2730 5134 2807 5178 ex
2851 5117 3096 5180 defectu
3138 5118 3535 5198 probationis,
3582 5115 3707 5174 licet

2176 5213 2348 5268 actus
2391 5207 2765 5270 sufficienter
2803 5211 3133 5272 ostendant
3162 5211 3467 5283 haeresim,
3494 5213 3553 5268 et
3576 5213 3703 5266 tunc

2178 5306 2267 5362 est
2282 5299 2445 5361 clara
2472 5300 2802 5378 conclusio,
2832 5304 2981 5381 quia
3008 5303 3116 5364 illa
3142 5311 3233 5366 est
3256 5304 3497 5374 haeresis
3524 5298 3703 5360 occul-

2177 5400 2243 5456 ta
2272 5413 2382 5474 per
2402 5395 2711 5472 accidenS,
2735 5413 2844 5476 per
2871 5413 3059 5475 quam
3084 5400 3477 5460 incurruutur
3502 5407 3699 5474 poenae·

2180 5488 2532 5570 Aliquando
2580 5507 2727 5550 vero
2756 5497 2955 5570 potest
3000 5490 3135 5552 haec
3182 5491 3443 5572 suspicio
3476 5489 3613 5549 oriri
3632 5501 3699 5546 ex
