<?xml version="1.0" encoding="UTF-8"?>
<!DOCTYPE html PUBLIC "-//W3C//DTD XHTML 1.0 Transitional//EN"
    "http://www.w3.org/TR/xhtml1/DTD/xhtml1-transitional.dtd">
<html xmlns="http://www.w3.org/1999/xhtml" xml:lang="en" lang="en">
 <head>
  <title>
</title>
<meta http-equiv="Content-Type" content="text/html;charset=utf-8" />
  <meta name='ocr-system' content='tesseract 3.04.00' />
  <meta name='ocr-capabilities' content='ocr_page ocr_carea ocr_par ocr_line ocrx_word'/>
</head>
<body>
  <div class='ocr_page' id='page_1' title='image "./rpfranciscisuar00duvagoog_0349.png"; bbox 0 0 3900 6217; ppageno 0'>
   <div class='ocr_carea' id='block_1_1' title="bbox 701 396 2983 465">
    <p class='ocr_par' dir='ltr' id='par_1_1' title="bbox 701 396 2983 465">
     <span class='ocr_line' id='line_1_1' title="bbox 701 396 2983 465; baseline 0.003 -17"><span class='ocrx_word' id='word_1_1' title='bbox 701 396 870 449; x_wconf 84' lang='lat' dir='ltr'><strong>SECT.</strong></span> <span class='ocrx_word' id='word_1_2' title='bbox 909 398 990 449; x_wconf 86' lang='grc'><strong>111.</strong></span> <span class='ocrx_word' id='word_1_3' title='bbox 1029 399 1114 449; x_wconf 83' lang='lat' dir='ltr'><strong>AD</strong></span> <span class='ocrx_word' id='word_1_4' title='bbox 1147 398 1317 461; x_wconf 67' lang='lat' dir='ltr'><strong>QUEM</strong></span> <span class='ocrx_word' id='word_1_5' title='bbox 1349 398 1624 452; x_wconf 79' lang='lat' dir='ltr'><strong>SPECTET</strong></span> <span class='ocrx_word' id='word_1_6' title='bbox 1657 398 1988 453; x_wconf 66' lang='lat' dir='ltr'><strong>commum</strong></span> <span class='ocrx_word' id='word_1_7' title='bbox 2022 400 2349 453; x_wconf 80' lang='lat' dir='ltr'><strong>GENERALE</strong></span> <span class='ocrx_word' id='word_1_8' title='bbox 2384 402 2813 465; x_wconf 80' lang='lat' dir='ltr'><strong>CONGREGARE,</strong></span> <span class='ocrx_word' id='word_1_9' title='bbox 2848 403 2983 455; x_wconf 84' lang='lat' dir='ltr'><strong>ETC.</strong></span> 
     </span>
    </p>
   </div>
   <div class='ocr_carea' id='block_1_2' title="bbox 207 497 1789 2535">
    <p class='ocr_par' dir='ltr' id='par_1_2' title="bbox 207 497 1789 2535">
     <span class='ocr_line' id='line_1_2' title="bbox 213 497 1782 579; baseline 0.003 -23"><span class='ocrx_word' id='word_1_10' title='bbox 213 502 319 557; x_wconf 86' lang='lat' dir='ltr'><strong>tur</strong></span> <span class='ocrx_word' id='word_1_11' title='bbox 367 516 504 578; x_wconf 84' lang='lat' dir='ltr'><strong>cap.</strong></span> <span class='ocrx_word' id='word_1_12' title='bbox 540 501 570 559; x_wconf 82' lang='grc'><strong>1</strong></span> <span class='ocrx_word' id='word_1_13' title='bbox 599 544 616 571; x_wconf 87' lang='grc'>,</span> <span class='ocrx_word' id='word_1_14' title='bbox 664 497 932 559; x_wconf 86' lang='lat' dir='ltr'><strong>distinct.</strong></span> <span class='ocrx_word' id='word_1_15' title='bbox 971 502 1045 560; x_wconf 88' lang='grc'><strong>17</strong></span> <span class='ocrx_word' id='word_1_16' title='bbox 1088 544 1106 571; x_wconf 91' lang='grc'>,</span> <span class='ocrx_word' id='word_1_17' title='bbox 1147 499 1326 561; x_wconf 85' lang='lat' dir='ltr'><strong>docet</strong></span> <span class='ocrx_word' id='word_1_18' title='bbox 1376 499 1782 579; x_wconf 78' lang='lat' dir='ltr'><strong>provincialia</strong></span> 
     </span>
     <span class='ocr_line' id='line_1_3' title="bbox 215 590 1780 671; baseline 0.001 -20"><span class='ocrx_word' id='word_1_19' title='bbox 215 590 486 651; x_wconf 79' lang='lat' dir='ltr'><strong>Concilia</strong></span> <span class='ocrx_word' id='word_1_20' title='bbox 515 608 692 671; x_wconf 86' lang='lat' dir='ltr'><strong>posse</strong></span> <span class='ocrx_word' id='word_1_21' title='bbox 718 592 1084 671; x_wconf 82' lang='lat' dir='ltr'><strong>congregari</strong></span> <span class='ocrx_word' id='word_1_22' title='bbox 1111 593 1243 654; x_wconf 88' lang='lat' dir='ltr'><strong>sine</strong></span> <span class='ocrx_word' id='word_1_23' title='bbox 1281 593 1644 654; x_wconf 86' lang='lat' dir='ltr'><strong>auctoritate</strong></span> <span class='ocrx_word' id='word_1_24' title='bbox 1671 594 1780 653; x_wconf 87' lang='lat' dir='ltr'><strong>Pa-</strong></span> 
     </span>
     <span class='ocr_line' id='line_1_4' title="bbox 215 684 1780 765; baseline 0.002 -21"><span class='ocrx_word' id='word_1_25' title='bbox 215 702 342 763; x_wconf 77' lang='lat' dir='ltr'><strong>pae,</strong></span> <span class='ocrx_word' id='word_1_26' title='bbox 379 702 512 745; x_wconf 88' lang='lat' dir='ltr'><strong>uon</strong></span> <span class='ocrx_word' id='word_1_27' title='bbox 551 690 764 745; x_wconf 86' lang='lat' dir='ltr'><strong>tamen</strong></span> <span class='ocrx_word' id='word_1_28' title='bbox 811 684 1124 763; x_wconf 80' lang='lat' dir='ltr'><strong>generalia</strong></span> <span class='ocrx_word' id='word_1_29' title='bbox 1163 686 1554 765; x_wconf 76' lang='lat' dir='ltr'><strong>regulariter,</strong></span> <span class='ocrx_word' id='word_1_30' title='bbox 1585 686 1648 746; x_wconf 90' lang='lat' dir='ltr'><strong>id</strong></span> <span class='ocrx_word' id='word_1_31' title='bbox 1689 691 1780 747; x_wconf 87' lang='lat' dir='ltr'><strong>est</strong></span> 
     </span>
     <span class='ocr_line' id='line_1_5' title="bbox 215 776 1784 861; baseline 0.003 -26"><span class='ocrx_word' id='word_1_32' title='bbox 215 777 508 838; x_wconf 81' lang='lat' dir='ltr'><strong>canonice</strong></span> <span class='ocrx_word' id='word_1_33' title='bbox 535 783 598 837; x_wconf 83' lang='lat' dir='ltr'><strong>et</strong></span> <span class='ocrx_word' id='word_1_34' title='bbox 637 776 916 855; x_wconf 79' lang='lat' dir='ltr'><strong>legitime</strong></span> <span class='ocrx_word' id='word_1_35' title='bbox 943 799 961 853; x_wconf 85' lang='lat'>3</span> <span class='ocrx_word' id='word_1_36' title='bbox 1003 778 1170 839; x_wconf 89' lang='lat' dir='ltr'><strong>idem</strong></span> <span class='ocrx_word' id='word_1_37' title='bbox 1199 779 1402 841; x_wconf 79' lang='lat' dir='ltr'><strong>Julius</strong></span> <span class='ocrx_word' id='word_1_38' title='bbox 1444 780 1492 855; x_wconf 92' lang='grc'><strong>1,</strong></span> <span class='ocrx_word' id='word_1_39' title='bbox 1522 779 1784 861; x_wconf 88' lang='lat' dir='ltr'><strong>epistola</strong></span> 
     </span>
     <span class='ocr_line' id='line_1_6' title="bbox 217 869 1784 952; baseline 0.003 -23"><span class='ocrx_word' id='word_1_40' title='bbox 217 870 462 948; x_wconf 81' lang='lat' dir='ltr'><strong>prima3</strong></span> <span class='ocrx_word' id='word_1_41' title='bbox 511 869 790 931; x_wconf 89' lang='lat' dir='ltr'><strong>Gelasius</strong></span> <span class='ocrx_word' id='word_1_42' title='bbox 835 872 910 947; x_wconf 88' lang='lat' dir='ltr'><strong>n,</strong></span> <span class='ocrx_word' id='word_1_43' title='bbox 950 872 1209 951; x_wconf 87' lang='lat' dir='ltr'><strong>epistola</strong></span> <span class='ocrx_word' id='word_1_44' title='bbox 1241 871 1442 952; x_wconf 88' lang='lat' dir='ltr'><strong>prima</strong></span> <span class='ocrx_word' id='word_1_45' title='bbox 1462 895 1478 949; x_wconf 93' lang='lat'>;</span> <span class='ocrx_word' id='word_1_46' title='bbox 1520 873 1691 935; x_wconf 82' lang='lat' dir='ltr'><strong>Felix</strong></span> <span class='ocrx_word' id='word_1_47' title='bbox 1731 872 1784 933; x_wconf 84' lang='lat'><strong>11</strong></span> 
     </span>
     <span class='ocr_line' id='line_1_7' title="bbox 215 962 1784 1043; baseline 0.005 -23"><span class='ocrx_word' id='word_1_48' title='bbox 215 962 478 1043; x_wconf 80' lang='lat' dir='ltr'><strong>epistola</strong></span> <span class='ocrx_word' id='word_1_49' title='bbox 531 964 610 1024; x_wconf 85' lang='lat' dir='ltr'><strong>ad</strong></span> <span class='ocrx_word' id='word_1_50' title='bbox 659 962 982 1042; x_wconf 80' lang='lat' dir='ltr'><strong>Synodum</strong></span> <span class='ocrx_word' id='word_1_51' title='bbox 1027 964 1556 1042; x_wconf 81' lang='lat' dir='ltr'><strong>Alexandrinam3</strong></span> <span class='ocrx_word' id='word_1_52' title='bbox 1600 966 1784 1028; x_wconf 88' lang='lat' dir='ltr'><strong>latius</strong></span> 
     </span>
     <span class='ocr_line' id='line_1_8' title="bbox 212 1056 1786 1139; baseline 0.001 -22"><span class='ocrx_word' id='word_1_53' title='bbox 212 1056 526 1132; x_wconf 84' lang='lat' dir='ltr'><strong>Nicolaus,</strong></span> <span class='ocrx_word' id='word_1_54' title='bbox 559 1056 820 1137; x_wconf 84' lang='lat' dir='ltr'><strong>epistola</strong></span> <span class='ocrx_word' id='word_1_55' title='bbox 850 1058 1050 1137; x_wconf 89' lang='lat' dir='ltr'><strong>prima</strong></span> <span class='ocrx_word' id='word_1_56' title='bbox 1077 1058 1157 1120; x_wconf 87' lang='lat' dir='ltr'><strong>ad</strong></span> <span class='ocrx_word' id='word_1_57' title='bbox 1187 1058 1550 1121; x_wconf 86' lang='lat' dir='ltr'><strong>Michaelem</strong></span> <span class='ocrx_word' id='word_1_58' title='bbox 1586 1060 1786 1139; x_wconf 81' lang='lat' dir='ltr'><strong>Impe-</strong></span> 
     </span>
     <span class='ocr_line' id='line_1_9' title="bbox 210 1149 1785 1235; baseline 0.003 -27"><span class='ocrx_word' id='word_1_59' title='bbox 210 1154 509 1211; x_wconf 85' lang='lat' dir='ltr'><strong>ratorem.</strong></span> <span class='ocrx_word' id='word_1_60' title='bbox 563 1151 721 1211; x_wconf 82' lang='lat' dir='ltr'><strong>Item</strong></span> <span class='ocrx_word' id='word_1_61' title='bbox 781 1149 1078 1212; x_wconf 77' lang='lat' dir='ltr'>Damasus</span> <span class='ocrx_word' id='word_1_62' title='bbox 1133 1152 1322 1235; x_wconf 86' lang='lat' dir='ltr'><strong>Papa,</strong></span> <span class='ocrx_word' id='word_1_63' title='bbox 1365 1153 1548 1232; x_wconf 81' lang='lat' dir='ltr'><strong>epist.</strong></span> <span class='ocrx_word' id='word_1_64' title='bbox 1612 1154 1650 1215; x_wconf 79' lang='lat'><strong>3</strong></span> <span class='ocrx_word' id='word_1_65' title='bbox 1707 1151 1785 1214; x_wconf 88' lang='lat' dir='ltr'><strong>ad</strong></span> 
     </span>
     <span class='ocr_line' id='line_1_10' title="bbox 209 1241 1786 1326; baseline 0.002 -24"><span class='ocrx_word' id='word_1_66' title='bbox 209 1241 538 1321; x_wconf 72' lang='lat' dir='ltr'><strong>Stephon..</strong></span> <span class='ocrx_word' id='word_1_67' title='bbox 573 1248 635 1303; x_wconf 90' lang='lat' dir='ltr'><strong>et</strong></span> <span class='ocrx_word' id='word_1_68' title='bbox 661 1244 729 1303; x_wconf 86' lang='lat' dir='ltr'><strong>iu</strong></span> <span class='ocrx_word' id='word_1_69' title='bbox 757 1244 1054 1323; x_wconf 85' lang='lat' dir='ltr'><strong>rescripto</strong></span> <span class='ocrx_word' id='word_1_70' title='bbox 1088 1244 1164 1305; x_wconf 87' lang='lat' dir='ltr'><strong>ad</strong></span> <span class='ocrx_word' id='word_1_71' title='bbox 1189 1246 1520 1326; x_wconf 87' lang='lat' dir='ltr'><strong>Episcopos</strong></span> <span class='ocrx_word' id='word_1_72' title='bbox 1557 1244 1786 1307; x_wconf 84' lang='lat' dir='ltr'><strong>Mauri·</strong></span> 
     </span>
     <span class='ocr_line' id='line_1_11' title="bbox 207 1334 1788 1417; baseline 0.004 -24"><span class='ocrx_word' id='word_1_73' title='bbox 207 1335 433 1410; x_wconf 76' lang='lat' dir='ltr'><strong>taniae3</strong></span> <span class='ocrx_word' id='word_1_74' title='bbox 457 1334 744 1411; x_wconf 80' lang='lat' dir='ltr'><strong>hahetur,</strong></span> <span class='ocrx_word' id='word_1_75' title='bbox 773 1338 848 1396; x_wconf 87' lang='grc'><strong>17</strong></span> <span class='ocrx_word' id='word_1_76' title='bbox 873 1336 934 1397; x_wconf 92' lang='lat' dir='ltr'><strong>d.</strong></span> <span class='ocrx_word' id='word_1_77' title='bbox 949 1383 964 1409; x_wconf 92' lang='lat'><strong>,</strong></span> <span class='ocrx_word' id='word_1_78' title='bbox 986 1355 1121 1416; x_wconf 81' lang='lat' dir='ltr'><strong>rap.</strong></span> <span class='ocrx_word' id='word_1_79' title='bbox 1145 1338 1316 1401; x_wconf 69' lang='lat' dir='ltr'><strong>Huic</strong></span> <span class='ocrx_word' id='word_1_80' title='bbox 1337 1338 1494 1410; x_wconf 72' lang='lat' dir='ltr'><strong>soli;</strong></span> <span class='ocrx_word' id='word_1_81' title='bbox 1515 1343 1578 1398; x_wconf 89' lang='lat' dir='ltr'><strong>et</strong></span> <span class='ocrx_word' id='word_1_82' title='bbox 1605 1338 1788 1417; x_wconf 84' lang='lat' dir='ltr'><strong>Syrn-</strong></span> 
     </span>
     <span class='ocr_line' id='line_1_12' title="bbox 215 1426 1694 1509; baseline 0.003 -21"><span class='ocrx_word' id='word_1_83' title='bbox 215 1426 480 1488; x_wconf 80' lang='lat' dir='ltr'><strong>machus</strong></span> <span class='ocrx_word' id='word_1_84' title='bbox 509 1427 672 1507; x_wconf 70' lang='lat' dir='ltr'><strong>Papa</strong></span> <span class='ocrx_word' id='word_1_85' title='bbox 711 1446 852 1489; x_wconf 90' lang='lat' dir='ltr'><strong>cum</strong></span> <span class='ocrx_word' id='word_1_86' title='bbox 895 1430 1146 1509; x_wconf 76' lang='lat' dir='ltr'><strong>Synodo</strong></span> <span class='ocrx_word' id='word_1_87' title='bbox 1177 1430 1457 1492; x_wconf 83' lang='lat' dir='ltr'><strong>Romana</strong></span> <span class='ocrx_word' id='word_1_88' title='bbox 1483 1434 1522 1493; x_wconf 87' lang='grc'><strong>3</strong></span> <span class='ocrx_word' id='word_1_89' title='bbox 1546 1436 1610 1491; x_wconf 90' lang='lat' dir='ltr'><strong>et</strong></span> <span class='ocrx_word' id='word_1_90' title='bbox 1635 1432 1694 1493; x_wconf 68' lang='lat'><strong>4.</strong></span> 
     </span>
     <span class='ocr_line' id='line_1_13' title="bbox 289 1521 1786 1588; baseline 0.004 -7"><span class='ocrx_word' id='word_1_91' title='bbox 289 1522 359 1582; x_wconf 80' lang='lat'><strong>6.</strong></span> <span class='ocrx_word' id='word_1_92' title='bbox 403 1521 518 1583; x_wconf 65' lang='lat' dir='ltr'><strong>Ba</strong></span> <span class='ocrx_word' id='word_1_93' title='bbox 553 1522 863 1585; x_wconf 69' lang='lat' dir='ltr'><strong>Consiliis.</strong></span> <span class='ocrx_word' id='word_1_94' title='bbox 887 1556 968 1567; x_wconf 89' lang='lat'><strong>——</strong></span> <span class='ocrx_word' id='word_1_95' title='bbox 1009 1522 1157 1587; x_wconf 72' lang='lat' dir='ltr'><strong>Gan.</strong></span> <span class='ocrx_word' id='word_1_96' title='bbox 1189 1524 1492 1588; x_wconf 72' lang='lat' dir='ltr'><strong>NJcoenus</strong></span> <span class='ocrx_word' id='word_1_97' title='bbox 1519 1542 1638 1586; x_wconf 76' lang='lat' dir='ltr'><strong>non</strong></span> <span class='ocrx_word' id='word_1_98' title='bbox 1681 1542 1786 1587; x_wconf 72' lang='lat' dir='ltr'><strong>ezc-</strong></span> 
     </span>
     <span class='ocr_line' id='line_1_14' title="bbox 207 1615 1786 1693; baseline -0.001 -15"><span class='ocrx_word' id='word_1_99' title='bbox 207 1621 362 1678; x_wconf 68' lang='lat' dir='ltr'><strong>tans</strong></span> <span class='ocrx_word' id='word_1_100' title='bbox 405 1634 446 1678; x_wconf 76' lang='lat' dir='ltr'><strong>a</strong></span> <span class='ocrx_word' id='word_1_101' title='bbox 483 1615 700 1679; x_wconf 74' lang='lat' dir='ltr'><strong>mltis</strong></span> <span class='ocrx_word' id='word_1_102' title='bbox 735 1620 1122 1680; x_wconf 54' lang='grc' dir='ltr'><strong>Μεθωναίων.</strong></span> <span class='ocrx_word' id='word_1_103' title='bbox 1151 1648 1233 1663; x_wconf 93' lang='grc'><strong>-</strong></span> <span class='ocrx_word' id='word_1_104' title='bbox 1269 1616 1575 1693; x_wconf 88' lang='lat' dir='ltr'><strong>Secundo,</strong></span> <span class='ocrx_word' id='word_1_105' title='bbox 1617 1618 1786 1678; x_wconf 87' lang='lat' dir='ltr'><strong>idem</strong></span> 
     </span>
     <span class='ocr_line' id='line_1_15' title="bbox 209 1708 1782 1787; baseline 0.003 -21"><span class='ocrx_word' id='word_1_106' title='bbox 209 1708 504 1768; x_wconf 73' lang='lat' dir='ltr'><strong>definivit</strong></span> <span class='ocrx_word' id='word_1_107' title='bbox 532 1709 877 1770; x_wconf 82' lang='lat' dir='ltr'><strong>Concilium</strong></span> <span class='ocrx_word' id='word_1_108' title='bbox 907 1710 1308 1787; x_wconf 79' lang='lat' dir='ltr'><strong>Nicaenum1;</strong></span> <span class='ocrx_word' id='word_1_109' title='bbox 1337 1710 1549 1772; x_wconf 87' lang='lat' dir='ltr'><strong>Canon</strong></span> <span class='ocrx_word' id='word_1_110' title='bbox 1571 1716 1782 1771; x_wconf 84' lang='lat' dir='ltr'><strong>tamen</strong></span> 
     </span>
     <span class='ocr_line' id='line_1_16' title="bbox 208 1802 1785 1883; baseline 0.001 -20"><span class='ocrx_word' id='word_1_111' title='bbox 208 1802 332 1863; x_wconf 85' lang='lat' dir='ltr'><strong>hac</strong></span> <span class='ocrx_word' id='word_1_112' title='bbox 365 1802 444 1864; x_wconf 88' lang='lat' dir='ltr'><strong>de</strong></span> <span class='ocrx_word' id='word_1_113' title='bbox 483 1820 550 1863; x_wconf 90' lang='lat' dir='ltr'><strong>re</strong></span> <span class='ocrx_word' id='word_1_114' title='bbox 577 1803 782 1863; x_wconf 85' lang='lat' dir='ltr'><strong>editus</strong></span> <span class='ocrx_word' id='word_1_115' title='bbox 811 1822 939 1863; x_wconf 88' lang='lat' dir='ltr'><strong>non</strong></span> <span class='ocrx_word' id='word_1_116' title='bbox 973 1809 1142 1866; x_wconf 85' lang='lat' dir='ltr'><strong>extat</strong></span> <span class='ocrx_word' id='word_1_117' title='bbox 1171 1805 1334 1865; x_wconf 87' lang='lat' dir='ltr'><strong>inter</strong></span> <span class='ocrx_word' id='word_1_118' title='bbox 1365 1804 1588 1883; x_wconf 81' lang='lat' dir='ltr'><strong>viginti</strong></span> <span class='ocrx_word' id='word_1_119' title='bbox 1631 1820 1785 1883; x_wconf 89' lang='lat' dir='ltr'><strong>quos</strong></span> 
     </span>
     <span class='ocr_line' id='line_1_17' title="bbox 209 1896 1786 1972; baseline 0.001 -17"><span class='ocrx_word' id='word_1_120' title='bbox 209 1914 388 1956; x_wconf 84' lang='lat' dir='ltr'><strong>nunc</strong></span> <span class='ocrx_word' id='word_1_121' title='bbox 415 1896 762 1972; x_wconf 76' lang='lat' dir='ltr'><strong>habemus;</strong></span> <span class='ocrx_word' id='word_1_122' title='bbox 809 1896 976 1957; x_wconf 87' lang='lat' dir='ltr'><strong>illius</strong></span> <span class='ocrx_word' id='word_1_123' title='bbox 1004 1914 1154 1957; x_wconf 77' lang='lat' dir='ltr'><strong>vero</strong></span> <span class='ocrx_word' id='word_1_124' title='bbox 1181 1897 1470 1957; x_wconf 81' lang='lat' dir='ltr'><strong>meminit</strong></span> <span class='ocrx_word' id='word_1_125' title='bbox 1514 1896 1786 1957; x_wconf 77' lang='lat' dir='ltr'><strong>Athana-</strong></span> 
     </span>
     <span class='ocr_line' id='line_1_18' title="bbox 211 1988 1786 2069; baseline 0.003 -22"><span class='ocrx_word' id='word_1_126' title='bbox 211 1989 346 2048; x_wconf 85' lang='lat' dir='ltr'><strong>sius</strong></span> <span class='ocrx_word' id='word_1_127' title='bbox 394 2006 538 2049; x_wconf 89' lang='lat' dir='ltr'><strong>cum</strong></span> <span class='ocrx_word' id='word_1_128' title='bbox 583 1988 836 2067; x_wconf 82' lang='lat' dir='ltr'><strong>Synodo</strong></span> <span class='ocrx_word' id='word_1_129' title='bbox 892 1990 1312 2051; x_wconf 83' lang='lat' dir='ltr'><strong>Alexandrina</strong></span> <span class='ocrx_word' id='word_1_130' title='bbox 1334 2036 1354 2065; x_wconf 94' lang='lat'><strong>,</strong></span> <span class='ocrx_word' id='word_1_131' title='bbox 1405 1989 1662 2069; x_wconf 87' lang='lat' dir='ltr'><strong>epistola</strong></span> <span class='ocrx_word' id='word_1_132' title='bbox 1707 1990 1786 2051; x_wconf 87' lang='lat' dir='ltr'><strong>ad</strong></span> 
     </span>
     <span class='ocr_line' id='line_1_19' title="bbox 209 2080 1788 2158; baseline 0.001 -15"><span class='ocrx_word' id='word_1_133' title='bbox 209 2080 490 2143; x_wconf 81' lang='lat' dir='ltr'><strong>Felicem</strong></span> <span class='ocrx_word' id='word_1_134' title='bbox 514 2082 608 2143; x_wconf 81' lang='lat'><strong>11:</strong></span> <span class='ocrx_word' id='word_1_135' title='bbox 645 2081 914 2153; x_wconf 69' lang='lat' dir='ltr'><strong>Scimus,</strong></span> <span class='ocrx_word' id='word_1_136' title='bbox 947 2084 1149 2158; x_wconf 74' lang='lat' dir='ltr'><strong>aiunt,</strong></span> <span class='ocrx_word' id='word_1_137' title='bbox 1181 2084 1254 2145; x_wconf 77' lang='lat' dir='ltr'><strong>ab</strong></span> <span class='ocrx_word' id='word_1_138' title='bbox 1274 2083 1542 2145; x_wconf 71' lang='lat' dir='ltr'><strong>omnibus</strong></span> <span class='ocrx_word' id='word_1_139' title='bbox 1574 2083 1641 2143; x_wconf 77' lang='lat' dir='ltr'><strong>in</strong></span> <span class='ocrx_word' id='word_1_140' title='bbox 1667 2081 1788 2146; x_wconf 86' lang='lat' dir='ltr'><strong>Ni·</strong></span> 
     </span>
     <span class='ocr_line' id='line_1_20' title="bbox 209 2174 1788 2253; baseline 0.001 -17"><span class='ocrx_word' id='word_1_141' title='bbox 209 2192 384 2236; x_wconf 73' lang='lat' dir='ltr'><strong>coena</strong></span> <span class='ocrx_word' id='word_1_142' title='bbox 447 2174 702 2253; x_wconf 70' lang='lat' dir='ltr'><strong>synodo</strong></span> <span class='ocrx_word' id='word_1_143' title='bbox 757 2176 1132 2239; x_wconf 70' lang='lat' dir='ltr'><strong>concorditer</strong></span> <span class='ocrx_word' id='word_1_144' title='bbox 1185 2177 1576 2239; x_wconf 74' lang='lat' dir='ltr'><strong>constitutam</strong></span> <span class='ocrx_word' id='word_1_145' title='bbox 1603 2221 1621 2250; x_wconf 91' lang='lat'><strong>,</strong></span> <span class='ocrx_word' id='word_1_146' title='bbox 1667 2192 1788 2237; x_wconf 69' lang='lat' dir='ltr'><strong>non</strong></span> 
     </span>
     <span class='ocr_line' id='line_1_21' title="bbox 207 2267 1789 2351; baseline 0.001 -22"><span class='ocrx_word' id='word_1_147' title='bbox 207 2286 340 2330; x_wconf 73' lang='lat' dir='ltr'><strong>esso</strong></span> <span class='ocrx_word' id='word_1_148' title='bbox 381 2267 662 2331; x_wconf 69' lang='lat' dir='ltr'><strong>concilia</strong></span> <span class='ocrx_word' id='word_1_149' title='bbox 690 2268 1060 2340; x_wconf 72' lang='lat' dir='ltr'><strong>celebranda,</strong></span> <span class='ocrx_word' id='word_1_150' title='bbox 1099 2286 1219 2329; x_wconf 74' lang='lat' dir='ltr'><strong>non</strong></span> <span class='ocrx_word' id='word_1_151' title='bbox 1259 2270 1594 2351; x_wconf 73' lang='lat' dir='ltr'><strong>Episcopos</strong></span> <span class='ocrx_word' id='word_1_152' title='bbox 1624 2268 1789 2331; x_wconf 80' lang='lat' dir='ltr'><strong>dam-</strong></span> 
     </span>
     <span class='ocr_line' id='line_1_22' title="bbox 207 2362 1784 2445; baseline 0.003 -22"><span class='ocrx_word' id='word_1_153' title='bbox 207 2364 448 2425; x_wconf 66' lang='lat' dir='ltr'><strong>nandos</strong></span> <span class='ocrx_word' id='word_1_154' title='bbox 492 2364 710 2445; x_wconf 62' lang='lat' dir='ltr'><strong>absquo</strong></span> <span class='ocrx_word' id='word_1_155' title='bbox 741 2362 1010 2427; x_wconf 71' lang='lat' dir='ltr'><strong>Romani</strong></span> <span class='ocrx_word' id='word_1_156' title='bbox 1059 2364 1379 2443; x_wconf 74' lang='lat' dir='ltr'><strong>Pontificis</strong></span> <span class='ocrx_word' id='word_1_157' title='bbox 1441 2362 1734 2427; x_wconf 74' lang='lat' dir='ltr'><strong>sententia</strong></span> <span class='ocrx_word' id='word_1_158' title='bbox 1763 2378 1784 2441; x_wconf 82' lang='lat'><em>3</em></span> 
     </span>
     <span class='ocr_line' id='line_1_23' title="bbox 209 2456 1789 2535; baseline 0.001 -20"><span class='ocrx_word' id='word_1_159' title='bbox 209 2456 380 2516; x_wconf 84' lang='lat' dir='ltr'><strong>idem</strong></span> <span class='ocrx_word' id='word_1_160' title='bbox 423 2456 620 2517; x_wconf 80' lang='lat' dir='ltr'><strong>refert</strong></span> <span class='ocrx_word' id='word_1_161' title='bbox 649 2457 856 2518; x_wconf 84' lang='lat' dir='ltr'><strong>Julius</strong></span> <span class='ocrx_word' id='word_1_162' title='bbox 891 2458 942 2531; x_wconf 89' lang='grc' dir='ltr'><strong>Ι,</strong></span> <span class='ocrx_word' id='word_1_163' title='bbox 989 2456 1126 2517; x_wconf 90' lang='lat' dir='ltr'><strong>loco</strong></span> <span class='ocrx_word' id='word_1_164' title='bbox 1165 2476 1351 2535; x_wconf 81' lang='lat' dir='ltr'><strong>supra</strong></span> <span class='ocrx_word' id='word_1_165' title='bbox 1391 2457 1599 2534; x_wconf 88' lang='lat' dir='ltr'><strong>citato,</strong></span> <span class='ocrx_word' id='word_1_166' title='bbox 1631 2458 1789 2518; x_wconf 86' lang='lat' dir='ltr'><strong>etin</strong></span> 
     </span>
    </p>
   </div>
   <div class='ocr_carea' id='block_1_3' title="bbox 211 2548 1793 2629">
    <p class='ocr_par' dir='ltr' id='par_1_3' title="bbox 211 2548 1793 2629">
     <span class='ocr_line' id='line_1_24' title="bbox 211 2548 1793 2629; baseline 0.001 -20"><span class='ocrx_word' id='word_1_167' title='bbox 211 2548 464 2627; x_wconf 78' lang='lat' dir='ltr'><strong>epistol.</strong></span> <span class='ocrx_word' id='word_1_168' title='bbox 497 2551 572 2627; x_wconf 77' lang='lat'><strong>23</strong></span> <span class='ocrx_word' id='word_1_169' title='bbox 605 2556 666 2611; x_wconf 86' lang='lat' dir='ltr'><strong>et</strong></span> <span class='ocrx_word' id='word_1_170' title='bbox 713 2552 984 2625; x_wconf 71' lang='lat' dir='ltr'><strong>Damas,</strong></span> <span class='ocrx_word' id='word_1_171' title='bbox 1011 2550 1175 2609; x_wconf 87' lang='lat' dir='ltr'><strong>dicta</strong></span> <span class='ocrx_word' id='word_1_172' title='bbox 1223 2550 1476 2629; x_wconf 77' lang='lat' dir='ltr'><strong>epistola</strong></span> <span class='ocrx_word' id='word_1_173' title='bbox 1531 2551 1610 2609; x_wconf 87' lang='lat' dir='ltr'><strong>ad</strong></span> <span class='ocrx_word' id='word_1_174' title='bbox 1661 2552 1793 2612; x_wconf 86' lang='lat' dir='ltr'><strong>Ste-</strong></span> 
     </span>
    </p>
   </div>
   <div class='ocr_carea' id='block_1_4' title="bbox 214 2643 1789 2721">
    <p class='ocr_par' dir='ltr' id='par_1_4' title="bbox 214 2643 1789 2721">
     <span class='ocr_line' id='line_1_25' title="bbox 214 2643 1789 2721; baseline 0.003 -20"><span class='ocrx_word' id='word_1_175' title='bbox 214 2643 504 2720; x_wconf 83' lang='lat' dir='ltr'><strong>phanum</strong></span> <span class='ocrx_word' id='word_1_176' title='bbox 519 2658 540 2721; x_wconf 82' lang='lat'>3</span> <span class='ocrx_word' id='word_1_177' title='bbox 563 2643 832 2704; x_wconf 81' lang='lat' dir='ltr'><strong>refertur</strong></span> <span class='ocrx_word' id='word_1_178' title='bbox 851 2643 1038 2703; x_wconf 86' lang='lat' dir='ltr'><strong>etiam</strong></span> <span class='ocrx_word' id='word_1_179' title='bbox 1057 2643 1222 2703; x_wconf 88' lang='lat' dir='ltr'><strong>idem</strong></span> <span class='ocrx_word' id='word_1_180' title='bbox 1239 2662 1436 2703; x_wconf 86' lang='lat' dir='ltr'><strong>canon</strong></span> <span class='ocrx_word' id='word_1_181' title='bbox 1460 2662 1496 2703; x_wconf 89' lang='lat' dir='ltr'><strong>a</strong></span> <span class='ocrx_word' id='word_1_182' title='bbox 1523 2644 1724 2704; x_wconf 89' lang='lat' dir='ltr'><strong>Leone</strong></span> <span class='ocrx_word' id='word_1_183' title='bbox 1740 2645 1789 2717; x_wconf 89' lang='lat'><strong>1,</strong></span> 
     </span>
    </p>
   </div>
   <div class='ocr_carea' id='block_1_5' title="bbox 213 2735 1791 2815">
    <p class='ocr_par' dir='ltr' id='par_1_5' title="bbox 213 2735 1791 2815">
     <span class='ocr_line' id='line_1_26' title="bbox 213 2735 1791 2815; baseline 0.001 -21"><span class='ocrx_word' id='word_1_184' title='bbox 213 2735 478 2814; x_wconf 82' lang='lat' dir='ltr'><strong>epistola</strong></span> <span class='ocrx_word' id='word_1_185' title='bbox 504 2736 586 2797; x_wconf 86' lang='lat' dir='ltr'><strong>ad</strong></span> <span class='ocrx_word' id='word_1_186' title='bbox 612 2736 913 2813; x_wconf 79' lang='lat' dir='ltr'><strong>Theodos.</strong></span> <span class='ocrx_word' id='word_1_187' title='bbox 948 2736 1408 2815; x_wconf 83' lang='lat' dir='ltr'><strong>imperatorem,</strong></span> <span class='ocrx_word' id='word_1_188' title='bbox 1449 2742 1512 2796; x_wconf 87' lang='lat' dir='ltr'><strong>et</strong></span> <span class='ocrx_word' id='word_1_189' title='bbox 1537 2754 1576 2796; x_wconf 84' lang='lat' dir='ltr'><strong>a</strong></span> <span class='ocrx_word' id='word_1_190' title='bbox 1613 2736 1791 2797; x_wconf 87' lang='lat' dir='ltr'><strong>Gela-</strong></span> 
     </span>
    </p>
   </div>
   <div class='ocr_carea' id='block_1_6' title="bbox 199 2828 1789 5617">
    <p class='ocr_par' dir='ltr' id='par_1_6' title="bbox 199 2828 1789 5051">
     <span class='ocr_line' id='line_1_27' title="bbox 217 2828 1788 2904; baseline 0.001 -17"><span class='ocrx_word' id='word_1_191' title='bbox 217 2831 302 2889; x_wconf 87' lang='lat' dir='ltr'><strong>sio</strong></span> <span class='ocrx_word' id='word_1_192' title='bbox 333 2830 382 2901; x_wconf 84' lang='grc'><strong>1,</strong></span> <span class='ocrx_word' id='word_1_193' title='bbox 417 2829 491 2888; x_wconf 90' lang='lat' dir='ltr'><strong>in</strong></span> <span class='ocrx_word' id='word_1_194' title='bbox 531 2834 702 2889; x_wconf 86' lang='lat' dir='ltr'><strong>tomo</strong></span> <span class='ocrx_word' id='word_1_195' title='bbox 743 2828 822 2889; x_wconf 87' lang='lat' dir='ltr'><strong>do</strong></span> <span class='ocrx_word' id='word_1_196' title='bbox 865 2828 1126 2889; x_wconf 66' lang='lat' dir='ltr'><strong>vinculo</strong></span> <span class='ocrx_word' id='word_1_197' title='bbox 1169 2828 1600 2904; x_wconf 86' lang='lat' dir='ltr'><strong>anathematis,</strong></span> <span class='ocrx_word' id='word_1_198' title='bbox 1627 2834 1689 2889; x_wconf 87' lang='lat' dir='ltr'><strong>ct</strong></span> <span class='ocrx_word' id='word_1_199' title='bbox 1721 2830 1788 2889; x_wconf 93' lang='lat' dir='ltr'><strong>in</strong></span> 
     </span>
     <span class='ocr_line' id='line_1_28' title="bbox 225 2921 1789 3002; baseline 0.002 -22"><span class='ocrx_word' id='word_1_200' title='bbox 225 2922 476 2999; x_wconf 84' lang='lat' dir='ltr'><strong>epistola</strong></span> <span class='ocrx_word' id='word_1_201' title='bbox 541 2923 624 2983; x_wconf 87' lang='lat' dir='ltr'><strong>ad</strong></span> <span class='ocrx_word' id='word_1_202' title='bbox 679 2922 1007 3002; x_wconf 85' lang='lat' dir='ltr'><strong>Episcopos</strong></span> <span class='ocrx_word' id='word_1_203' title='bbox 1055 2921 1376 2982; x_wconf 65' lang='lat' dir='ltr'><strong>Dardanias</strong></span> <span class='ocrx_word' id='word_1_204' title='bbox 1405 2942 1421 2995; x_wconf 82' lang='lat'>3</span> <span class='ocrx_word' id='word_1_205' title='bbox 1457 2921 1789 2983; x_wconf 78' lang='lat' dir='ltr'><strong>adducitur</strong></span> 
     </span>
     <span class='ocr_line' id='line_1_29' title="bbox 225 3014 1786 3095; baseline 0 -22"><span class='ocrx_word' id='word_1_206' title='bbox 225 3015 438 3075; x_wconf 81' lang='lat' dir='ltr'><strong>deinde</strong></span> <span class='ocrx_word' id='word_1_207' title='bbox 469 3034 509 3075; x_wconf 91' lang='lat' dir='ltr'><strong>a</strong></span> <span class='ocrx_word' id='word_1_208' title='bbox 543 3016 826 3095; x_wconf 88' lang='lat' dir='ltr'><strong>Niceph.,</strong></span> <span class='ocrx_word' id='word_1_209' title='bbox 855 3016 967 3076; x_wconf 89' lang='lat' dir='ltr'><strong>lib.</strong></span> <span class='ocrx_word' id='word_1_210' title='bbox 993 3018 1058 3090; x_wconf 84' lang='grc'><strong>9,</strong></span> <span class='ocrx_word' id='word_1_211' title='bbox 1089 3030 1220 3091; x_wconf 84' lang='lat' dir='ltr'><strong>cap.</strong></span> <span class='ocrx_word' id='word_1_212' title='bbox 1257 3015 1316 3090; x_wconf 80' lang='lat'><strong>5,</strong></span> <span class='ocrx_word' id='word_1_213' title='bbox 1349 3020 1412 3075; x_wconf 87' lang='lat' dir='ltr'><strong>et</strong></span> <span class='ocrx_word' id='word_1_214' title='bbox 1438 3014 1504 3075; x_wconf 89' lang='lat' dir='ltr'><strong>in</strong></span> <span class='ocrx_word' id='word_1_215' title='bbox 1534 3016 1615 3075; x_wconf 82' lang='grc'><strong>10</strong></span> <span class='ocrx_word' id='word_1_216' title='bbox 1639 3014 1786 3075; x_wconf 87' lang='lat' dir='ltr'><strong>scri-</strong></span> 
     </span>
     <span class='ocr_line' id='line_1_30' title="bbox 215 3106 1786 3187; baseline 0.001 -20"><span class='ocrx_word' id='word_1_217' title='bbox 215 3108 302 3167; x_wconf 83' lang='lat' dir='ltr'><strong>bit</strong></span> <span class='ocrx_word' id='word_1_218' title='bbox 363 3108 714 3169; x_wconf 85' lang='lat' dir='ltr'><strong>Eusebium</strong></span> <span class='ocrx_word' id='word_1_219' title='bbox 787 3106 1317 3169; x_wconf 82' lang='lat' dir='ltr'><strong>Nicomediensem</strong></span> <span class='ocrx_word' id='word_1_220' title='bbox 1377 3124 1786 3187; x_wconf 77' lang='lat' dir='ltr'><strong>congregasse</strong></span> 
     </span>
     <span class='ocr_line' id='line_1_31' title="bbox 209 3200 1786 3279; baseline -0.001 -17"><span class='ocrx_word' id='word_1_221' title='bbox 209 3202 592 3276; x_wconf 86' lang='lat' dir='ltr'><strong>Concilium,</strong></span> <span class='ocrx_word' id='word_1_222' title='bbox 635 3202 734 3261; x_wconf 90' lang='lat' dir='ltr'><strong>cui</strong></span> <span class='ocrx_word' id='word_1_223' title='bbox 772 3218 900 3261; x_wconf 89' lang='lat' dir='ltr'><strong>non</strong></span> <span class='ocrx_word' id='word_1_224' title='bbox 927 3200 1210 3262; x_wconf 80' lang='lat' dir='ltr'><strong>interfuit</strong></span> <span class='ocrx_word' id='word_1_225' title='bbox 1246 3200 1473 3275; x_wconf 83' lang='lat' dir='ltr'><strong>Julius,</strong></span> <span class='ocrx_word' id='word_1_226' title='bbox 1503 3218 1618 3262; x_wconf 88' lang='lat' dir='ltr'><strong>nec</strong></span> <span class='ocrx_word' id='word_1_227' title='bbox 1647 3202 1786 3279; x_wconf 89' lang='lat' dir='ltr'><strong>ejus</strong></span> 
     </span>
     <span class='ocr_line' id='line_1_32' title="bbox 207 3294 1788 3373; baseline 0.003 -20"><span class='ocrx_word' id='word_1_228' title='bbox 207 3294 460 3372; x_wconf 79' lang='lat' dir='ltr'><strong>legatus</strong></span> <span class='ocrx_word' id='word_1_229' title='bbox 483 3310 500 3354; x_wconf 73' lang='grc' dir='ltr'><strong>ε</strong></span> <span class='ocrx_word' id='word_1_230' title='bbox 523 3294 677 3358; x_wconf 72' lang='lat' dir='ltr'><strong>Cum</strong></span> <span class='ocrx_word' id='word_1_231' title='bbox 711 3300 930 3368; x_wconf 77' lang='lat' dir='ltr'><strong>tamon,</strong></span> <span class='ocrx_word' id='word_1_232' title='bbox 965 3294 1194 3373; x_wconf 84' lang='lat' dir='ltr'><strong>inquit,</strong></span> <span class='ocrx_word' id='word_1_233' title='bbox 1243 3295 1642 3357; x_wconf 71' lang='lat' dir='ltr'><strong>ecclesiastico</strong></span> <span class='ocrx_word' id='word_1_234' title='bbox 1689 3312 1788 3357; x_wconf 79' lang='lat' dir='ltr'><strong>oa-</strong></span> 
     </span>
     <span class='ocr_line' id='line_1_33' title="bbox 205 3390 1789 3469; baseline 0.001 -20"><span class='ocrx_word' id='word_1_235' title='bbox 205 3406 357 3451; x_wconf 67' lang='lat' dir='ltr'><strong>nono</strong></span> <span class='ocrx_word' id='word_1_236' title='bbox 379 3390 695 3452; x_wconf 69' lang='lat' dir='ltr'><strong>sancitum</strong></span> <span class='ocrx_word' id='word_1_237' title='bbox 719 3390 824 3461; x_wconf 74' lang='lat' dir='ltr'><strong>sit,</strong></span> <span class='ocrx_word' id='word_1_238' title='bbox 859 3406 979 3449; x_wconf 74' lang='lat' dir='ltr'><strong>non</strong></span> <span class='ocrx_word' id='word_1_239' title='bbox 1017 3390 1216 3452; x_wconf 69' lang='lat' dir='ltr'><strong>dehere</strong></span> <span class='ocrx_word' id='word_1_240' title='bbox 1251 3390 1604 3452; x_wconf 71' lang='lat' dir='ltr'><strong>Ecclesiam</strong></span> <span class='ocrx_word' id='word_1_241' title='bbox 1633 3406 1789 3469; x_wconf 64' lang='grc' dir='ltr'><strong>ρω-</strong></span> 
     </span>
     <span class='ocr_line' id='line_1_34' title="bbox 207 3480 1782 3561; baseline 0.001 -18"><span class='ocrx_word' id='word_1_242' title='bbox 207 3486 302 3543; x_wconf 72' lang='lat' dir='ltr'><strong>ter</strong></span> <span class='ocrx_word' id='word_1_243' title='bbox 343 3480 720 3546; x_wconf 70' lang='lat' dir='ltr'><strong>senteutiam</strong></span> <span class='ocrx_word' id='word_1_244' title='bbox 775 3481 1050 3544; x_wconf 66' lang='lat' dir='ltr'><strong>Romani</strong></span> <span class='ocrx_word' id='word_1_245' title='bbox 1091 3482 1416 3557; x_wconf 68' lang='lat' dir='ltr'><strong>Pontifiois</strong></span> <span class='ocrx_word' id='word_1_246' title='bbox 1455 3482 1739 3561; x_wconf 71' lang='lat' dir='ltr'><strong>synodico</strong></span> <span class='ocrx_word' id='word_1_247' title='bbox 1761 3527 1782 3557; x_wconf 93' lang='lat'><strong>,</strong></span> 
     </span>
     <span class='ocr_line' id='line_1_35' title="bbox 207 3574 1785 3659; baseline -0.003 -20"><span class='ocrx_word' id='word_1_248' title='bbox 207 3582 316 3639; x_wconf 66' lang='lat' dir='ltr'><strong>mat</strong></span> <span class='ocrx_word' id='word_1_249' title='bbox 347 3575 777 3639; x_wconf 69' lang='lat' dir='ltr'><strong>conciliariter</strong></span> <span class='ocrx_word' id='word_1_250' title='bbox 813 3580 1189 3659; x_wconf 69' lang='lat' dir='ltr'><strong>oouyreqari,</strong></span> <span class='ocrx_word' id='word_1_251' title='bbox 1217 3576 1326 3655; x_wconf 89' lang='lat' dir='ltr'><strong>qui</strong></span> <span class='ocrx_word' id='word_1_252' title='bbox 1353 3593 1553 3636; x_wconf 90' lang='lat' dir='ltr'><strong>canon</strong></span> <span class='ocrx_word' id='word_1_253' title='bbox 1593 3574 1785 3635; x_wconf 87' lang='lat' dir='ltr'><strong>eccle-</strong></span> 
     </span>
     <span class='ocr_line' id='line_1_36' title="bbox 205 3668 1780 3748; baseline 0.001 -21"><span class='ocrx_word' id='word_1_254' title='bbox 205 3670 500 3731; x_wconf 78' lang='lat' dir='ltr'><strong>siasticus</strong></span> <span class='ocrx_word' id='word_1_255' title='bbox 553 3675 718 3730; x_wconf 81' lang='lat' dir='ltr'><strong>certe</strong></span> <span class='ocrx_word' id='word_1_256' title='bbox 749 3668 958 3729; x_wconf 88' lang='lat' dir='ltr'><strong>nullus</strong></span> <span class='ocrx_word' id='word_1_257' title='bbox 1009 3669 1165 3730; x_wconf 88' lang='lat' dir='ltr'><strong>alius</strong></span> <span class='ocrx_word' id='word_1_258' title='bbox 1207 3686 1338 3730; x_wconf 88' lang='lat' dir='ltr'><strong>esse</strong></span> <span class='ocrx_word' id='word_1_259' title='bbox 1389 3674 1610 3748; x_wconf 87' lang='lat' dir='ltr'><strong>potest,</strong></span> <span class='ocrx_word' id='word_1_260' title='bbox 1659 3668 1780 3729; x_wconf 87' lang='lat' dir='ltr'><strong>nisi</strong></span> 
     </span>
     <span class='ocr_line' id='line_1_37' title="bbox 207 3762 1784 3839; baseline 0 -15"><span class='ocrx_word' id='word_1_261' title='bbox 207 3762 306 3824; x_wconf 73' lang='lat' dir='ltr'><strong>vel</strong></span> <span class='ocrx_word' id='word_1_262' title='bbox 333 3782 376 3824; x_wconf 89' lang='lat' dir='ltr'><strong>a</strong></span> <span class='ocrx_word' id='word_1_263' title='bbox 410 3762 714 3825; x_wconf 75' lang='lat' dir='ltr'><strong>pontifice</strong></span> <span class='ocrx_word' id='word_1_264' title='bbox 756 3764 1036 3839; x_wconf 87' lang='lat' dir='ltr'><strong>Summo,</strong></span> <span class='ocrx_word' id='word_1_265' title='bbox 1080 3763 1176 3825; x_wconf 84' lang='lat' dir='ltr'><strong>vel</strong></span> <span class='ocrx_word' id='word_1_266' title='bbox 1208 3782 1246 3824; x_wconf 88' lang='lat' dir='ltr'><strong>a</strong></span> <span class='ocrx_word' id='word_1_267' title='bbox 1273 3764 1546 3825; x_wconf 86' lang='lat' dir='ltr'><strong>Concilio</strong></span> <span class='ocrx_word' id='word_1_268' title='bbox 1589 3763 1784 3824; x_wconf 70' lang='lat' dir='ltr'><strong>Nicas-</strong></span> 
     </span>
     <span class='ocr_line' id='line_1_38' title="bbox 206 3856 1786 3935; baseline -0.002 -17"><span class='ocrx_word' id='word_1_269' title='bbox 206 3876 293 3918; x_wconf 90' lang='lat' dir='ltr'><strong>no</strong></span> <span class='ocrx_word' id='word_1_270' title='bbox 337 3856 575 3930; x_wconf 85' lang='lat' dir='ltr'><strong>editus,</strong></span> <span class='ocrx_word' id='word_1_271' title='bbox 606 3857 758 3935; x_wconf 85' lang='lat' dir='ltr'><strong>quia</strong></span> <span class='ocrx_word' id='word_1_272' title='bbox 795 3862 948 3917; x_wconf 88' lang='lat' dir='ltr'><strong>tunc</strong></span> <span class='ocrx_word' id='word_1_273' title='bbox 1001 3856 1244 3917; x_wconf 86' lang='lat' dir='ltr'><strong>nullum</strong></span> <span class='ocrx_word' id='word_1_274' title='bbox 1287 3862 1424 3918; x_wconf 85' lang='lat' dir='ltr'><strong>erat</strong></span> <span class='ocrx_word' id='word_1_275' title='bbox 1464 3856 1630 3917; x_wconf 87' lang='lat' dir='ltr'><strong>aliud</strong></span> <span class='ocrx_word' id='word_1_276' title='bbox 1681 3872 1786 3934; x_wconf 76' lang='lat' dir='ltr'><strong>ge-</strong></span> 
     </span>
     <span class='ocr_line' id='line_1_39' title="bbox 207 3948 1785 4030; baseline -0.002 -19"><span class='ocrx_word' id='word_1_277' title='bbox 207 3950 432 4011; x_wconf 64' lang='lat' dir='ltr'><strong>natale</strong></span> <span class='ocrx_word' id='word_1_278' title='bbox 471 3948 817 4012; x_wconf 84' lang='lat' dir='ltr'><strong>Concilium</strong></span> <span class='ocrx_word' id='word_1_279' title='bbox 869 3956 1318 4030; x_wconf 75' lang='lat' dir='ltr'><strong>congregatum</strong></span> <span class='ocrx_word' id='word_1_280' title='bbox 1351 3954 1486 4029; x_wconf 88' lang='lat' dir='ltr'><strong>post</strong></span> <span class='ocrx_word' id='word_1_281' title='bbox 1528 3951 1785 4028; x_wconf 78' lang='lat' dir='ltr'><strong>Aposto-</strong></span> 
     </span>
     <span class='ocr_line' id='line_1_40' title="bbox 205 4042 1780 4123; baseline -0.001 -20"><span class='ocrx_word' id='word_1_282' title='bbox 205 4043 420 4104; x_wconf 81' lang='lat' dir='ltr'><strong>lorum</strong></span> <span class='ocrx_word' id='word_1_283' title='bbox 453 4050 757 4123; x_wconf 73' lang='lat' dir='ltr'><strong>tempu-a.</strong></span> <span class='ocrx_word' id='word_1_284' title='bbox 784 4042 1016 4103; x_wconf 90' lang='lat' dir='ltr'><strong>Eodem</strong></span> <span class='ocrx_word' id='word_1_285' title='bbox 1045 4044 1234 4105; x_wconf 90' lang='lat' dir='ltr'><strong>modo</strong></span> <span class='ocrx_word' id='word_1_286' title='bbox 1255 4044 1560 4118; x_wconf 82' lang='lat' dir='ltr'><strong>Socrates,</strong></span> <span class='ocrx_word' id='word_1_287' title='bbox 1587 4042 1694 4103; x_wconf 88' lang='lat' dir='ltr'><strong>lib.</strong></span> <span class='ocrx_word' id='word_1_288' title='bbox 1719 4043 1780 4116; x_wconf 74' lang='lat'><strong>4,</strong></span> 
     </span>
     <span class='ocr_line' id='line_1_41' title="bbox 207 4134 1786 4215; baseline -0.001 -18"><span class='ocrx_word' id='word_1_289' title='bbox 207 4137 516 4215; x_wconf 60' lang='grc' dir='ltr'><strong>Τήρα-1.,</strong></span> <span class='ocrx_word' id='word_1_290' title='bbox 545 4152 680 4215; x_wconf 79' lang='lat' dir='ltr'><strong>cap.</strong></span> <span class='ocrx_word' id='word_1_291' title='bbox 713 4137 778 4209; x_wconf 82' lang='lat'><strong>9,</strong></span> <span class='ocrx_word' id='word_1_292' title='bbox 807 4136 1022 4197; x_wconf 84' lang='lat' dir='ltr'><strong>scribit</strong></span> <span class='ocrx_word' id='word_1_293' title='bbox 1047 4135 1170 4197; x_wconf 89' lang='lat' dir='ltr'><strong>hoc</strong></span> <span class='ocrx_word' id='word_1_294' title='bbox 1197 4134 1414 4196; x_wconf 85' lang='lat' dir='ltr'><strong>haberi</strong></span> <span class='ocrx_word' id='word_1_295' title='bbox 1454 4153 1532 4195; x_wconf 88' lang='lat' dir='ltr'><strong>ex</strong></span> <span class='ocrx_word' id='word_1_296' title='bbox 1569 4134 1786 4213; x_wconf 80' lang='lat' dir='ltr'><strong>regula</strong></span> 
     </span>
     <span class='ocr_line' id='line_1_42' title="bbox 208 4227 1784 4303; baseline -0.003 -12"><span class='ocrx_word' id='word_1_297' title='bbox 208 4229 668 4302; x_wconf 60' lang='lat' dir='ltr'><strong>ecclesiasti-sag</strong></span> <span class='ocrx_word' id='word_1_298' title='bbox 703 4234 766 4289; x_wconf 85' lang='lat' dir='ltr'><strong>et</strong></span> <span class='ocrx_word' id='word_1_299' title='bbox 804 4245 1079 4302; x_wconf 85' lang='lat' dir='ltr'><strong>rursum,</strong></span> <span class='ocrx_word' id='word_1_300' title='bbox 1117 4227 1227 4289; x_wconf 88' lang='lat' dir='ltr'><strong>lib.</strong></span> <span class='ocrx_word' id='word_1_301' title='bbox 1271 4231 1312 4289; x_wconf 76' lang='lat'>2</span> <span class='ocrx_word' id='word_1_302' title='bbox 1351 4228 1568 4289; x_wconf 82' lang='lat' dir='ltr'><strong>histor.</strong></span> <span class='ocrx_word' id='word_1_303' title='bbox 1613 4245 1740 4288; x_wconf 65' lang='lat' dir='ltr'><strong>suas</strong></span> <span class='ocrx_word' id='word_1_304' title='bbox 1763 4270 1784 4303; x_wconf 92' lang='lat'><strong>,</strong></span> 
     </span>
     <span class='ocr_line' id='line_1_43' title="bbox 208 4320 1780 4402; baseline -0.002 -20"><span class='ocrx_word' id='word_1_305' title='bbox 208 4342 350 4402; x_wconf 83' lang='lat' dir='ltr'><strong>rap.</strong></span> <span class='ocrx_word' id='word_1_306' title='bbox 382 4325 523 4384; x_wconf 68' lang='lat' dir='ltr'><strong>Set</strong></span> <span class='ocrx_word' id='word_1_307' title='bbox 569 4324 644 4382; x_wconf 83' lang='grc'><strong>17</strong></span> <span class='ocrx_word' id='word_1_308' title='bbox 677 4338 698 4400; x_wconf 84' lang='lat'><em>3</em></span> <span class='ocrx_word' id='word_1_309' title='bbox 747 4322 1013 4396; x_wconf 86' lang='lat' dir='ltr'><strong>Sozom.,</strong></span> <span class='ocrx_word' id='word_1_310' title='bbox 1044 4320 1155 4381; x_wconf 88' lang='lat' dir='ltr'><strong>lib.</strong></span> <span class='ocrx_word' id='word_1_311' title='bbox 1185 4324 1248 4398; x_wconf 86' lang='lat'><strong>3,</strong></span> <span class='ocrx_word' id='word_1_312' title='bbox 1281 4340 1416 4401; x_wconf 88' lang='lat' dir='ltr'><strong>cap.</strong></span> <span class='ocrx_word' id='word_1_313' title='bbox 1451 4322 1528 4381; x_wconf 88' lang='grc'><strong>10</strong></span> <span class='ocrx_word' id='word_1_314' title='bbox 1571 4325 1635 4381; x_wconf 88' lang='lat' dir='ltr'><strong>et</strong></span> <span class='ocrx_word' id='word_1_315' title='bbox 1683 4324 1780 4383; x_wconf 83' lang='grc'><strong>11.</strong></span> 
     </span>
     <span class='ocr_line' id='line_1_44' title="bbox 205 4414 1784 4493; baseline -0.001 -16"><span class='ocrx_word' id='word_1_316' title='bbox 205 4417 388 4477; x_wconf 80' lang='lat' dir='ltr'><strong>Hanc</strong></span> <span class='ocrx_word' id='word_1_317' title='bbox 443 4415 730 4475; x_wconf 81' lang='lat' dir='ltr'><strong>camdem</strong></span> <span class='ocrx_word' id='word_1_318' title='bbox 777 4414 1010 4475; x_wconf 87' lang='lat' dir='ltr'><strong>summi</strong></span> <span class='ocrx_word' id='word_1_319' title='bbox 1053 4414 1368 4475; x_wconf 72' lang='lat' dir='ltr'><strong>Pontificio</strong></span> <span class='ocrx_word' id='word_1_320' title='bbox 1421 4420 1784 4493; x_wconf 86' lang='lat' dir='ltr'><strong>potestatem</strong></span> 
     </span>
     <span class='ocr_line' id='line_1_45' title="bbox 201 4508 1786 4587; baseline -0.001 -18"><span class='ocrx_word' id='word_1_321' title='bbox 201 4514 566 4587; x_wconf 80' lang='lat' dir='ltr'><strong>agnoscunt</strong></span> <span class='ocrx_word' id='word_1_322' title='bbox 607 4509 816 4569; x_wconf 72' lang='lat' dir='ltr'><strong>Patres</strong></span> <span class='ocrx_word' id='word_1_323' title='bbox 847 4508 912 4567; x_wconf 89' lang='lat' dir='ltr'><strong>in</strong></span> <span class='ocrx_word' id='word_1_324' title='bbox 953 4510 990 4567; x_wconf 74' lang='lat'>7</span> <span class='ocrx_word' id='word_1_325' title='bbox 1022 4508 1295 4587; x_wconf 77' lang='lat' dir='ltr'><strong>synode,</strong></span> <span class='ocrx_word' id='word_1_326' title='bbox 1325 4508 1568 4567; x_wconf 86' lang='lat' dir='ltr'><strong>actione</strong></span> <span class='ocrx_word' id='word_1_327' title='bbox 1615 4508 1676 4579; x_wconf 91' lang='grc'><strong>6,</strong></span> <span class='ocrx_word' id='word_1_328' title='bbox 1723 4513 1786 4568; x_wconf 88' lang='lat' dir='ltr'><strong>et</strong></span> 
     </span>
     <span class='ocr_line' id='line_1_46' title="bbox 203 4598 1781 4679; baseline 0 -19"><span class='ocrx_word' id='word_1_329' title='bbox 203 4602 276 4660; x_wconf 86' lang='lat' dir='ltr'><strong>in</strong></span> <span class='ocrx_word' id='word_1_330' title='bbox 303 4602 348 4662; x_wconf 84' lang='lat'><em>8</em></span> <span class='ocrx_word' id='word_1_331' title='bbox 371 4598 658 4679; x_wconf 73' lang='lat' dir='ltr'><strong>synodo,</strong></span> <span class='ocrx_word' id='word_1_332' title='bbox 691 4601 934 4661; x_wconf 87' lang='lat' dir='ltr'><strong>actione</strong></span> <span class='ocrx_word' id='word_1_333' title='bbox 965 4604 992 4662; x_wconf 98' lang='grc'><strong>1</strong></span> <span class='ocrx_word' id='word_1_334' title='bbox 1019 4607 1081 4661; x_wconf 89' lang='lat' dir='ltr'><strong>et</strong></span> <span class='ocrx_word' id='word_1_335' title='bbox 1116 4602 1151 4660; x_wconf 88' lang='lat'><strong>7</strong></span> <span class='ocrx_word' id='word_1_336' title='bbox 1183 4615 1204 4677; x_wconf 89' lang='lat'>;</span> <span class='ocrx_word' id='word_1_337' title='bbox 1235 4600 1574 4662; x_wconf 85' lang='lat' dir='ltr'><strong>Concilium</strong></span> <span class='ocrx_word' id='word_1_338' title='bbox 1604 4602 1781 4661; x_wconf 67' lang='lat' dir='ltr'><strong>laite-</strong></span> 
     </span>
     <span class='ocr_line' id='line_1_47' title="bbox 199 4692 1782 4771; baseline 0.001 -19"><span class='ocrx_word' id='word_1_339' title='bbox 199 4710 505 4768; x_wconf 63' lang='lat' dir='ltr'><strong>tamense,</strong></span> <span class='ocrx_word' id='word_1_340' title='bbox 533 4692 650 4753; x_wconf 88' lang='lat' dir='ltr'><strong>sub</strong></span> <span class='ocrx_word' id='word_1_341' title='bbox 681 4695 884 4755; x_wconf 85' lang='lat' dir='ltr'><strong>Leone</strong></span> <span class='ocrx_word' id='word_1_342' title='bbox 908 4694 985 4768; x_wconf 82' lang='lat' dir='ltr'><strong>X,</strong></span> <span class='ocrx_word' id='word_1_343' title='bbox 1017 4710 1162 4755; x_wconf 87' lang='lat' dir='ltr'><strong>sess.</strong></span> <span class='ocrx_word' id='word_1_344' title='bbox 1204 4696 1274 4756; x_wconf 83' lang='grc'><strong>11</strong></span> <span class='ocrx_word' id='word_1_345' title='bbox 1302 4708 1323 4771; x_wconf 84' lang='lat'><em>3</em></span> <span class='ocrx_word' id='word_1_346' title='bbox 1356 4693 1476 4753; x_wconf 87' lang='lat' dir='ltr'><strong>tria</strong></span> <span class='ocrx_word' id='word_1_347' title='bbox 1505 4694 1782 4753; x_wconf 79' lang='lat' dir='ltr'><strong>Conci&#39;ia</strong></span> 
     </span>
     <span class='ocr_line' id='line_1_48' title="bbox 207 4786 1782 4867; baseline -0.001 -20"><span class='ocrx_word' id='word_1_348' title='bbox 207 4786 517 4847; x_wconf 76' lang='lat' dir='ltr'><strong>Africana</strong></span> <span class='ocrx_word' id='word_1_349' title='bbox 555 4787 624 4847; x_wconf 88' lang='lat' dir='ltr'><strong>in</strong></span> <span class='ocrx_word' id='word_1_350' title='bbox 649 4786 922 4867; x_wconf 83' lang='lat' dir='ltr'><strong>Epistola</strong></span> <span class='ocrx_word' id='word_1_351' title='bbox 951 4788 1030 4847; x_wconf 88' lang='lat' dir='ltr'><strong>ad</strong></span> <span class='ocrx_word' id='word_1_352' title='bbox 1059 4788 1302 4848; x_wconf 84' lang='lat' dir='ltr'><strong>Damas.</strong></span> <span class='ocrx_word' id='word_1_353' title='bbox 1339 4808 1356 4860; x_wconf 90' lang='lat'>;</span> <span class='ocrx_word' id='word_1_354' title='bbox 1391 4792 1454 4847; x_wconf 89' lang='lat' dir='ltr'><strong>et</strong></span> <span class='ocrx_word' id='word_1_355' title='bbox 1493 4786 1782 4865; x_wconf 82' lang='lat' dir='ltr'><strong>Synodus</strong></span> 
     </span>
     <span class='ocr_line' id='line_1_49' title="bbox 205 4878 1779 4958; baseline -0.001 -18"><span class='ocrx_word' id='word_1_356' title='bbox 205 4880 644 4941; x_wconf 77' lang='lat' dir='ltr'><strong>Romanorum</strong></span> <span class='ocrx_word' id='word_1_357' title='bbox 675 4879 792 4940; x_wconf 86' lang='lat' dir='ltr'><strong>sub</strong></span> <span class='ocrx_word' id='word_1_358' title='bbox 820 4881 1100 4941; x_wconf 78' lang='lat' dir='ltr'><strong>Damaso.</strong></span> <span class='ocrx_word' id='word_1_359' title='bbox 1133 4880 1291 4940; x_wconf 83' lang='lat' dir='ltr'><strong>Vide</strong></span> <span class='ocrx_word' id='word_1_360' title='bbox 1319 4878 1616 4958; x_wconf 67' lang='lat' dir='ltr'><strong>Tripart„</strong></span> <span class='ocrx_word' id='word_1_361' title='bbox 1645 4878 1690 4940; x_wconf 93' lang='lat' dir='ltr'><strong>l.</strong></span> <span class='ocrx_word' id='word_1_362' title='bbox 1718 4881 1779 4954; x_wconf 77' lang='lat'><strong>5,</strong></span> 
     </span>
     <span class='ocr_line' id='line_1_50' title="bbox 207 4972 1644 5051; baseline -0.001 -18"><span class='ocrx_word' id='word_1_363' title='bbox 207 4993 266 5033; x_wconf 84' lang='lat' dir='ltr'><strong>c.</strong></span> <span class='ocrx_word' id='word_1_364' title='bbox 307 4977 416 5047; x_wconf 76' lang='grc'><strong>19,</strong></span> <span class='ocrx_word' id='word_1_365' title='bbox 443 4980 510 5034; x_wconf 84' lang='lat' dir='ltr'><strong>et</strong></span> <span class='ocrx_word' id='word_1_366' title='bbox 539 4972 714 5051; x_wconf 80' lang='lat' dir='ltr'><strong>plura</strong></span> <span class='ocrx_word' id='word_1_367' title='bbox 755 4974 878 5035; x_wconf 85' lang='lat' dir='ltr'><strong>alia</strong></span> <span class='ocrx_word' id='word_1_368' title='bbox 905 4974 972 5034; x_wconf 84' lang='lat' dir='ltr'><strong>in</strong></span> <span class='ocrx_word' id='word_1_369' title='bbox 998 4975 1074 5034; x_wconf 85' lang='grc'><strong>16</strong></span> <span class='ocrx_word' id='word_1_370' title='bbox 1101 4979 1164 5033; x_wconf 88' lang='lat' dir='ltr'><strong>ct</strong></span> <span class='ocrx_word' id='word_1_371' title='bbox 1192 4976 1266 5033; x_wconf 78' lang='grc'><strong>17</strong></span> <span class='ocrx_word' id='word_1_372' title='bbox 1291 4972 1356 5034; x_wconf 91' lang='lat' dir='ltr'><strong>d.</strong></span> <span class='ocrx_word' id='word_1_373' title='bbox 1389 4972 1644 5033; x_wconf 85' lang='lat' dir='ltr'><strong>decreti.</strong></span> 
     </span>
    </p>

    <p class='ocr_par' dir='ltr' id='par_1_7' title="bbox 207 5066 1788 5617">
     <span class='ocr_line' id='line_1_51' title="bbox 291 5066 1788 5149; baseline 0.001 -22"><span class='ocrx_word' id='word_1_374' title='bbox 291 5071 330 5127; x_wconf 77' lang='lat'>7</span> <span class='ocrx_word' id='word_1_375' title='bbox 340 5112 356 5127; x_wconf 92' lang='lat'><strong>.</strong></span> <span class='ocrx_word' id='word_1_376' title='bbox 379 5067 592 5130; x_wconf 67' lang='lat' dir='ltr'><strong>libr-tio</strong></span> <span class='ocrx_word' id='word_1_377' title='bbox 605 5086 679 5130; x_wconf 66' lang='lat' dir='ltr'><strong>oto</strong></span> <span class='ocrx_word' id='word_1_378' title='bbox 691 5068 1068 5149; x_wconf 67' lang='lat' dir='ltr'><strong>dewyatiom</strong></span> <span class='ocrx_word' id='word_1_379' title='bbox 1085 5066 1486 5129; x_wconf 69' lang='lat' dir='ltr'><strong>Consiliorum</strong></span> <span class='ocrx_word' id='word_1_380' title='bbox 1500 5066 1632 5128; x_wconf 67' lang='lat' dir='ltr'><strong>sino</strong></span> <span class='ocrx_word' id='word_1_381' title='bbox 1652 5082 1788 5129; x_wconf 76' lang='lat' dir='ltr'><strong>auo-</strong></span> 
     </span>
     <span class='ocr_line' id='line_1_52' title="bbox 210 5152 1782 5239; baseline -0.004 -14"><span class='ocrx_word' id='word_1_382' title='bbox 210 5162 470 5225; x_wconf 62' lang='lat' dir='ltr'><strong>caritate</strong></span> <span class='ocrx_word' id='word_1_383' title='bbox 483 5160 858 5238; x_wconf 68' lang='lat' dir='ltr'><strong>Pontificum</strong></span> <span class='ocrx_word' id='word_1_384' title='bbox 874 5158 1478 5223; x_wconf 54' lang='lat' dir='ltr'><strong>comma-Item</strong></span> <span class='ocrx_word' id='word_1_385' title='bbox 1487 5176 1560 5221; x_wconf 75' lang='lat' dir='ltr'><strong>ea</strong></span> <span class='ocrx_word' id='word_1_386' title='bbox 1567 5152 1782 5239; x_wconf 69' lang='lat' dir='ltr'><strong>praei.</strong></span> 
     </span>
     <span class='ocr_line' id='line_1_53' title="bbox 207 5251 1788 5333; baseline -0.002 -19"><span class='ocrx_word' id='word_1_387' title='bbox 207 5254 544 5329; x_wconf 82' lang='lat' dir='ltr'><strong>—Tertio,</strong></span> <span class='ocrx_word' id='word_1_388' title='bbox 577 5253 758 5333; x_wconf 83' lang='lat' dir='ltr'><strong>plura</strong></span> <span class='ocrx_word' id='word_1_389' title='bbox 783 5251 1228 5329; x_wconf 84' lang='lat' dir='ltr'><strong>Conciliabula‚</strong></span> <span class='ocrx_word' id='word_1_390' title='bbox 1259 5252 1505 5313; x_wconf 82' lang='lat' dir='ltr'><strong>tametsi</strong></span> <span class='ocrx_word' id='word_1_391' title='bbox 1547 5269 1623 5311; x_wconf 81' lang='lat' dir='ltr'><strong>ex</strong></span> <span class='ocrx_word' id='word_1_392' title='bbox 1643 5268 1788 5312; x_wconf 84' lang='lat' dir='ltr'><strong>ma·-</strong></span> 
     </span>
     <span class='ocr_line' id='line_1_54' title="bbox 209 5344 1788 5427; baseline -0.002 -18"><span class='ocrx_word' id='word_1_393' title='bbox 209 5366 338 5427; x_wconf 79' lang='lat' dir='ltr'><strong>gna</strong></span> <span class='ocrx_word' id='word_1_394' title='bbox 351 5348 798 5427; x_wconf 80' lang='lat' dir='ltr'><strong>Episcopomm</strong></span> <span class='ocrx_word' id='word_1_395' title='bbox 825 5345 1224 5408; x_wconf 79' lang='lat' dir='ltr'><strong>multitudine</strong></span> <span class='ocrx_word' id='word_1_396' title='bbox 1253 5351 1483 5419; x_wconf 80' lang='lat' dir='ltr'><strong>coacta,</strong></span> <span class='ocrx_word' id='word_1_397' title='bbox 1509 5344 1628 5405; x_wconf 89' lang='lat' dir='ltr'><strong>hoc</strong></span> <span class='ocrx_word' id='word_1_398' title='bbox 1658 5345 1788 5406; x_wconf 90' lang='lat' dir='ltr'><strong>solo</strong></span> 
     </span>
     <span class='ocr_line' id='line_1_55' title="bbox 213 5438 1788 5519; baseline -0.001 -18"><span class='ocrx_word' id='word_1_399' title='bbox 213 5441 477 5503; x_wconf 86' lang='lat' dir='ltr'><strong>nomine</strong></span> <span class='ocrx_word' id='word_1_400' title='bbox 506 5440 886 5503; x_wconf 82' lang='lat' dir='ltr'><strong>sufficienter</strong></span> <span class='ocrx_word' id='word_1_401' title='bbox 924 5438 1328 5517; x_wconf 72' lang='lat' dir='ltr'><strong>abrogentur,</strong></span> <span class='ocrx_word' id='word_1_402' title='bbox 1361 5438 1522 5519; x_wconf 91' lang='lat' dir='ltr'><strong>quod</strong></span> <span class='ocrx_word' id='word_1_403' title='bbox 1555 5438 1788 5519; x_wconf 84' lang='lat' dir='ltr'><strong>absque</strong></span> 
     </span>
     <span class='ocr_line' id='line_1_56' title="bbox 215 5532 1781 5617; baseline -0.005 -14"><span class='ocrx_word' id='word_1_404' title='bbox 215 5535 464 5603; x_wconf 88' lang='lat' dir='ltr'><strong>Summi</strong></span> <span class='ocrx_word' id='word_1_405' title='bbox 496 5534 812 5603; x_wconf 73' lang='lat' dir='ltr'><strong>pontificis</strong></span> <span class='ocrx_word' id='word_1_406' title='bbox 838 5535 1206 5599; x_wconf 66' lang='lat' dir='ltr'><strong>aristot-itate</strong></span> <span class='ocrx_word' id='word_1_407' title='bbox 1233 5538 1608 5617; x_wconf 78' lang='lat' dir='ltr'><strong>congregata</strong></span> <span class='ocrx_word' id='word_1_408' title='bbox 1635 5532 1781 5597; x_wconf 86' lang='lat' dir='ltr'><strong>sint.</strong></span> 
     </span>
    </p>
   </div>
   <div class='ocr_carea' id='block_1_7' title="bbox 3314 400 3423 460">
    <p class='ocr_par' dir='ltr' id='par_1_8' title="bbox 3314 400 3423 460">
     <span class='ocr_line' id='line_1_57' title="bbox 3314 400 3423 460; baseline -0.009 0"><span class='ocrx_word' id='word_1_409' title='bbox 3314 400 3423 460; x_wconf 88' lang='grc'><strong>331</strong></span> 
     </span>
    </p>
   </div>
   <div class='ocr_carea' id='block_1_8' title="bbox 1859 500 3433 1141">
    <p class='ocr_par' dir='ltr' id='par_1_9' title="bbox 1859 500 3433 1141">
     <span class='ocr_line' id='line_1_58' title="bbox 1860 500 3430 583; baseline 0.003 -23"><span class='ocrx_word' id='word_1_410' title='bbox 1860 500 1927 561; x_wconf 90' lang='lat' dir='ltr'><strong>Id</strong></span> <span class='ocrx_word' id='word_1_411' title='bbox 1958 500 2230 580; x_wconf 88' lang='lat' dir='ltr'><strong>primum</strong></span> <span class='ocrx_word' id='word_1_412' title='bbox 2272 508 2442 583; x_wconf 87' lang='lat' dir='ltr'><strong>patet</strong></span> <span class='ocrx_word' id='word_1_413' title='bbox 2482 520 2560 564; x_wconf 85' lang='lat' dir='ltr'><strong>ex</strong></span> <span class='ocrx_word' id='word_1_414' title='bbox 2602 502 3027 563; x_wconf 88' lang='lat' dir='ltr'><strong>Conciliabulo</strong></span> <span class='ocrx_word' id='word_1_415' title='bbox 3054 502 3430 566; x_wconf 85' lang='lat' dir='ltr'><strong>Ariminensi</strong></span> 
     </span>
     <span class='ocr_line' id='line_1_59' title="bbox 1861 594 3431 674; baseline 0.001 -19"><span class='ocrx_word' id='word_1_416' title='bbox 1861 594 1982 655; x_wconf 81' lang='lat'><strong>500</strong></span> <span class='ocrx_word' id='word_1_417' title='bbox 2010 594 2473 674; x_wconf 88' lang='lat' dir='ltr'><strong>Episcoporum‚</strong></span> <span class='ocrx_word' id='word_1_418' title='bbox 2518 595 2583 655; x_wconf 83' lang='lat' dir='ltr'><strong>vi</strong></span> <span class='ocrx_word' id='word_1_419' title='bbox 2621 600 2683 655; x_wconf 90' lang='lat' dir='ltr'><strong>et</strong></span> <span class='ocrx_word' id='word_1_420' title='bbox 2726 596 3003 674; x_wconf 85' lang='lat' dir='ltr'><strong>potentia</strong></span> <span class='ocrx_word' id='word_1_421' title='bbox 3045 597 3431 658; x_wconf 81' lang='lat' dir='ltr'><strong>Constantini</strong></span> 
     </span>
     <span class='ocr_line' id='line_1_60' title="bbox 1859 686 3431 767; baseline 0.002 -20"><span class='ocrx_word' id='word_1_422' title='bbox 1859 686 2250 766; x_wconf 87' lang='lat' dir='ltr'><strong>imperatoris</strong></span> <span class='ocrx_word' id='word_1_423' title='bbox 2304 693 2865 767; x_wconf 79' lang='lat' dir='ltr'><strong>congregatorum,</strong></span> <span class='ocrx_word' id='word_1_424' title='bbox 2913 688 3080 767; x_wconf 90' lang='lat' dir='ltr'><strong>quod</strong></span> <span class='ocrx_word' id='word_1_425' title='bbox 3132 690 3431 750; x_wconf 81' lang='lat' dir='ltr'><strong>Damasus</strong></span> 
     </span>
     <span class='ocr_line' id='line_1_61' title="bbox 1865 780 3433 862; baseline 0.001 -22"><span class='ocrx_word' id='word_1_426' title='bbox 1865 781 2058 859; x_wconf 86' lang='lat' dir='ltr'><strong>Papa,</strong></span> <span class='ocrx_word' id='word_1_427' title='bbox 2090 780 2331 860; x_wconf 86' lang='lat' dir='ltr'><strong>epistol.</strong></span> <span class='ocrx_word' id='word_1_428' title='bbox 2385 782 2447 855; x_wconf 83' lang='lat'><strong>5,</strong></span> <span class='ocrx_word' id='word_1_429' title='bbox 2492 797 2636 841; x_wconf 88' lang='lat' dir='ltr'><strong>cum</strong></span> <span class='ocrx_word' id='word_1_430' title='bbox 2672 780 2944 843; x_wconf 89' lang='lat' dir='ltr'><strong>Concilio</strong></span> <span class='ocrx_word' id='word_1_431' title='bbox 2976 782 3058 843; x_wconf 83' lang='lat'><strong>90</strong></span> <span class='ocrx_word' id='word_1_432' title='bbox 3106 782 3433 862; x_wconf 84' lang='lat' dir='ltr'><strong>Episcopo-</strong></span> 
     </span>
     <span class='ocr_line' id='line_1_62' title="bbox 1864 872 3430 955; baseline 0.002 -22"><span class='ocrx_word' id='word_1_433' title='bbox 1864 892 2030 950; x_wconf 91' lang='lat' dir='ltr'><strong>rum,</strong></span> <span class='ocrx_word' id='word_1_434' title='bbox 2080 892 2208 933; x_wconf 90' lang='lat' dir='ltr'><strong>non</strong></span> <span class='ocrx_word' id='word_1_435' title='bbox 2256 872 2381 935; x_wconf 88' lang='lat' dir='ltr'><strong>alia</strong></span> <span class='ocrx_word' id='word_1_436' title='bbox 2424 875 2665 934; x_wconf 91' lang='lat' dir='ltr'><strong>ratione</strong></span> <span class='ocrx_word' id='word_1_437' title='bbox 2705 874 3018 954; x_wconf 88' lang='lat' dir='ltr'><strong>reprobat,</strong></span> <span class='ocrx_word' id='word_1_438' title='bbox 3066 894 3254 955; x_wconf 85' lang='lat' dir='ltr'><strong>quam</strong></span> <span class='ocrx_word' id='word_1_439' title='bbox 3282 876 3430 955; x_wconf 88' lang='lat' dir='ltr'><strong>quia</strong></span> 
     </span>
     <span class='ocr_line' id='line_1_63' title="bbox 1863 966 3425 1047; baseline 0 -19"><span class='ocrx_word' id='word_1_440' title='bbox 1863 967 2129 1028; x_wconf 80' lang='lat' dir='ltr'><strong>Romani</strong></span> <span class='ocrx_word' id='word_1_441' title='bbox 2172 966 2484 1028; x_wconf 87' lang='lat' dir='ltr'><strong>Pontificis</strong></span> <span class='ocrx_word' id='word_1_442' title='bbox 2526 985 2655 1029; x_wconf 90' lang='lat' dir='ltr'><strong>non</strong></span> <span class='ocrx_word' id='word_1_443' title='bbox 2696 968 3045 1047; x_wconf 83' lang='lat' dir='ltr'><strong>expectavit</strong></span> <span class='ocrx_word' id='word_1_444' title='bbox 3068 968 3425 1043; x_wconf 73' lang='lat' dir='ltr'><strong>decretum3</strong></span> 
     </span>
     <span class='ocr_line' id='line_1_64' title="bbox 1865 1059 3430 1141; baseline 0.001 -20"><span class='ocrx_word' id='word_1_445' title='bbox 1865 1060 2032 1121; x_wconf 91' lang='lat' dir='ltr'><strong>idem</strong></span> <span class='ocrx_word' id='word_1_446' title='bbox 2064 1060 2349 1139; x_wconf 61' lang='lat' dir='ltr'><strong>praestitit</strong></span> <span class='ocrx_word' id='word_1_447' title='bbox 2394 1059 2672 1122; x_wconf 86' lang='lat' dir='ltr'><strong>Gelasius</strong></span> <span class='ocrx_word' id='word_1_448' title='bbox 2714 1062 2877 1140; x_wconf 84' lang='lat' dir='ltr'><strong>Papa</strong></span> <span class='ocrx_word' id='word_1_449' title='bbox 2907 1079 3048 1122; x_wconf 91' lang='lat' dir='ltr'><strong>cum</strong></span> <span class='ocrx_word' id='word_1_450' title='bbox 3074 1061 3323 1141; x_wconf 84' lang='lat' dir='ltr'><strong>Synodo</strong></span> <span class='ocrx_word' id='word_1_451' title='bbox 3350 1062 3430 1122; x_wconf 80' lang='lat'><strong>70</strong></span> 
     </span>
    </p>
   </div>
   <div class='ocr_carea' id='block_1_9' title="bbox 1865 1152 3561 1233">
    <p class='ocr_par' dir='ltr' id='par_1_10' title="bbox 1865 1152 3561 1233">
     <span class='ocr_line' id='line_1_65' title="bbox 1865 1152 3561 1233; baseline 0.002 -21"><span class='ocrx_word' id='word_1_452' title='bbox 1865 1154 2336 1233; x_wconf 80' lang='lat' dir='ltr'><strong>Episcoporum.</strong></span> <span class='ocrx_word' id='word_1_453' title='bbox 2378 1153 2669 1233; x_wconf 86' lang='lat' dir='ltr'><strong>Idemque</strong></span> <span class='ocrx_word' id='word_1_454' title='bbox 2712 1152 2835 1214; x_wconf 85' lang='lat' dir='ltr'><strong>fuit</strong></span> <span class='ocrx_word' id='word_1_455' title='bbox 2872 1160 3018 1214; x_wconf 87' lang='lat' dir='ltr'><strong>tunc</strong></span> <span class='ocrx_word' id='word_1_456' title='bbox 3067 1154 3429 1215; x_wconf 81' lang='lat' dir='ltr'><strong>universalis</strong></span> <span class='ocrx_word' id='word_1_457' title='bbox 3554 1174 3561 1183; x_wconf 90' lang='lat'><strong>·</strong></span> 
     </span>
    </p>
   </div>
   <div class='ocr_carea' id='block_1_10' title="bbox 1861 1244 3473 5516">
    <p class='ocr_par' dir='ltr' id='par_1_11' title="bbox 1863 1244 3434 3001">
     <span class='ocr_line' id='line_1_66' title="bbox 1866 1244 3425 1326; baseline 0.001 -20"><span class='ocrx_word' id='word_1_458' title='bbox 1866 1246 2149 1306; x_wconf 69' lang='lat' dir='ltr'><strong>Ecclesiae</strong></span> <span class='ocrx_word' id='word_1_459' title='bbox 2190 1264 2429 1322; x_wconf 88' lang='lat' dir='ltr'><strong>sensus,</strong></span> <span class='ocrx_word' id='word_1_460' title='bbox 2472 1252 2546 1307; x_wconf 91' lang='lat' dir='ltr'><strong>ut</strong></span> <span class='ocrx_word' id='word_1_461' title='bbox 2596 1245 2781 1307; x_wconf 78' lang='lat' dir='ltr'><strong>refert</strong></span> <span class='ocrx_word' id='word_1_462' title='bbox 2833 1244 3119 1326; x_wconf 85' lang='lat' dir='ltr'><strong>Niceph.,</strong></span> <span class='ocrx_word' id='word_1_463' title='bbox 3158 1246 3268 1309; x_wconf 91' lang='lat' dir='ltr'><strong>lib.</strong></span> <span class='ocrx_word' id='word_1_464' title='bbox 3327 1250 3425 1317; x_wconf 87' lang='grc'><strong>11,</strong></span> 
     </span>
     <span class='ocr_line' id='line_1_67' title="bbox 1867 1338 3429 1419; baseline 0 -19"><span class='ocrx_word' id='word_1_465' title='bbox 1867 1356 2004 1419; x_wconf 85' lang='lat' dir='ltr'><strong>cap.</strong></span> <span class='ocrx_word' id='word_1_466' title='bbox 2038 1340 2139 1414; x_wconf 88' lang='grc'><strong>31,</strong></span> <span class='ocrx_word' id='word_1_467' title='bbox 2188 1348 2251 1399; x_wconf 86' lang='lat' dir='ltr'><strong>et</strong></span> <span class='ocrx_word' id='word_1_468' title='bbox 2290 1338 2545 1401; x_wconf 77' lang='lat' dir='ltr'><strong>effectus</strong></span> <span class='ocrx_word' id='word_1_469' title='bbox 2586 1356 2721 1400; x_wconf 87' lang='lat' dir='ltr'><strong>rem</strong></span> <span class='ocrx_word' id='word_1_470' title='bbox 2776 1340 3229 1419; x_wconf 80' lang='lat' dir='ltr'><strong>comprobavit3</strong></span> <span class='ocrx_word' id='word_1_471' title='bbox 3282 1358 3429 1400; x_wconf 86' lang='lat' dir='ltr'><strong>nam</strong></span> 
     </span>
     <span class='ocr_line' id='line_1_68' title="bbox 1867 1430 3424 1511; baseline 0.001 -19"><span class='ocrx_word' id='word_1_472' title='bbox 1867 1436 2191 1511; x_wconf 87' lang='lat' dir='ltr'><strong>propterea</strong></span> <span class='ocrx_word' id='word_1_473' title='bbox 2218 1450 2256 1492; x_wconf 88' lang='lat' dir='ltr'><strong>a</strong></span> <span class='ocrx_word' id='word_1_474' title='bbox 2282 1450 2429 1493; x_wconf 78' lang='lat' dir='ltr'><strong>vero</strong></span> <span class='ocrx_word' id='word_1_475' title='bbox 2470 1432 2701 1493; x_wconf 82' lang='lat' dir='ltr'><strong>erravit</strong></span> <span class='ocrx_word' id='word_1_476' title='bbox 2724 1430 2882 1493; x_wconf 89' lang='lat' dir='ltr'><strong>illud</strong></span> <span class='ocrx_word' id='word_1_477' title='bbox 2910 1433 3424 1494; x_wconf 89' lang='lat' dir='ltr'><strong>Conciliabulum.</strong></span> 
     </span>
     <span class='ocr_line' id='line_1_69' title="bbox 1863 1523 3432 1606; baseline 0.001 -20"><span class='ocrx_word' id='word_1_478' title='bbox 1863 1523 2076 1587; x_wconf 89' lang='lat' dir='ltr'><strong>Simile</strong></span> <span class='ocrx_word' id='word_1_479' title='bbox 2104 1524 2459 1603; x_wconf 90' lang='lat' dir='ltr'><strong>exemplum</strong></span> <span class='ocrx_word' id='word_1_480' title='bbox 2510 1526 2731 1586; x_wconf 83' lang='lat' dir='ltr'><strong>visitur</strong></span> <span class='ocrx_word' id='word_1_481' title='bbox 2777 1525 2845 1586; x_wconf 91' lang='lat' dir='ltr'><strong>in</strong></span> <span class='ocrx_word' id='word_1_482' title='bbox 2888 1531 3051 1586; x_wconf 83' lang='lat' dir='ltr'><strong>eoetu</strong></span> <span class='ocrx_word' id='word_1_483' title='bbox 3100 1526 3219 1588; x_wconf 78' lang='lat'><strong>338</strong></span> <span class='ocrx_word' id='word_1_484' title='bbox 3255 1526 3432 1606; x_wconf 85' lang='lat' dir='ltr'><strong>Epis-</strong></span> 
     </span>
     <span class='ocr_line' id='line_1_70' title="bbox 1865 1614 3431 1698; baseline 0.001 -19"><span class='ocrx_word' id='word_1_485' title='bbox 1865 1635 2187 1697; x_wconf 89' lang='lat' dir='ltr'><strong>coporum,</strong></span> <span class='ocrx_word' id='word_1_486' title='bbox 2206 1618 2311 1697; x_wconf 87' lang='lat' dir='ltr'><strong>qui</strong></span> <span class='ocrx_word' id='word_1_487' title='bbox 2332 1614 2451 1679; x_wconf 79' lang='lat' dir='ltr'><strong>&#39;sub</strong></span> <span class='ocrx_word' id='word_1_488' title='bbox 2478 1620 2681 1679; x_wconf 89' lang='lat' dir='ltr'><strong>Leone</strong></span> <span class='ocrx_word' id='word_1_489' title='bbox 2706 1618 2811 1694; x_wconf 89' lang='grc' dir='ltr'><strong>ΠΙ,</strong></span> <span class='ocrx_word' id='word_1_490' title='bbox 2836 1619 3239 1698; x_wconf 83' lang='lat' dir='ltr'><strong>imperatore,</strong></span> <span class='ocrx_word' id='word_1_491' title='bbox 3268 1620 3398 1680; x_wconf 90' lang='lat' dir='ltr'><strong>ima</strong></span> <span class='ocrx_word' id='word_1_492' title='bbox 3414 1654 3431 1663; x_wconf 94' lang='lat'>-</span> 
     </span>
     <span class='ocr_line' id='line_1_71' title="bbox 1863 1711 3429 1792; baseline 0.003 -22"><span class='ocrx_word' id='word_1_493' title='bbox 1863 1711 2086 1789; x_wconf 81' lang='lat' dir='ltr'><strong>giuum</strong></span> <span class='ocrx_word' id='word_1_494' title='bbox 2126 1728 2311 1772; x_wconf 90' lang='lat' dir='ltr'><strong>usum</strong></span> <span class='ocrx_word' id='word_1_495' title='bbox 2356 1711 2699 1787; x_wconf 81' lang='lat' dir='ltr'><strong>damnavit,</strong></span> <span class='ocrx_word' id='word_1_496' title='bbox 2752 1728 2823 1773; x_wconf 87' lang='lat' dir='ltr'><strong>ac</strong></span> <span class='ocrx_word' id='word_1_497' title='bbox 2870 1711 3237 1792; x_wconf 86' lang='lat' dir='ltr'><strong>reprobatur</strong></span> <span class='ocrx_word' id='word_1_498' title='bbox 3280 1713 3347 1773; x_wconf 89' lang='lat' dir='ltr'><strong>in</strong></span> <span class='ocrx_word' id='word_1_499' title='bbox 3390 1714 3429 1775; x_wconf 84' lang='lat'><strong>7</strong></span> 
     </span>
     <span class='ocr_line' id='line_1_72' title="bbox 1863 1803 3430 1884; baseline 0.001 -19"><span class='ocrx_word' id='word_1_500' title='bbox 1863 1803 2137 1883; x_wconf 87' lang='lat' dir='ltr'><strong>Synod0,</strong></span> <span class='ocrx_word' id='word_1_501' title='bbox 2184 1804 2427 1866; x_wconf 79' lang='lat' dir='ltr'><strong>actione</strong></span> <span class='ocrx_word' id='word_1_502' title='bbox 2468 1808 2545 1879; x_wconf 85' lang='grc'><strong>6,</strong></span> <span class='ocrx_word' id='word_1_503' title='bbox 2582 1805 2729 1884; x_wconf 86' lang='lat' dir='ltr'><strong>quia</strong></span> <span class='ocrx_word' id='word_1_504' title='bbox 2770 1806 3123 1867; x_wconf 84' lang='lat' dir='ltr'><strong>Romanum</strong></span> <span class='ocrx_word' id='word_1_505' title='bbox 3178 1806 3430 1867; x_wconf 81' lang='lat' dir='ltr'><strong>Pontifi-</strong></span> 
     </span>
     <span class='ocr_line' id='line_1_73' title="bbox 1864 1897 3430 1979; baseline 0.002 -22"><span class='ocrx_word' id='word_1_506' title='bbox 1864 1914 2001 1958; x_wconf 88' lang='lat' dir='ltr'><strong>cem</strong></span> <span class='ocrx_word' id='word_1_507' title='bbox 2032 1903 2347 1958; x_wconf 84' lang='lat' dir='ltr'><strong>auctorem</strong></span> <span class='ocrx_word' id='word_1_508' title='bbox 2377 1916 2501 1958; x_wconf 92' lang='lat' dir='ltr'><strong>non</strong></span> <span class='ocrx_word' id='word_1_509' title='bbox 2542 1897 2766 1959; x_wconf 87' lang='lat' dir='ltr'><strong>habuit</strong></span> <span class='ocrx_word' id='word_1_510' title='bbox 2795 1920 2810 1958; x_wconf 76' lang='grc' dir='ltr'><strong><em>ε</em></strong></span> <span class='ocrx_word' id='word_1_511' title='bbox 2844 1898 3006 1979; x_wconf 87' lang='lat' dir='ltr'><strong>quod</strong></span> <span class='ocrx_word' id='word_1_512' title='bbox 3034 1898 3224 1959; x_wconf 84' lang='lat' dir='ltr'><strong>etiam</strong></span> <span class='ocrx_word' id='word_1_513' title='bbox 3252 1899 3430 1961; x_wconf 88' lang='lat' dir='ltr'><strong>docet</strong></span> 
     </span>
     <span class='ocr_line' id='line_1_74' title="bbox 1864 1988 3431 2069; baseline 0.002 -18"><span class='ocrx_word' id='word_1_514' title='bbox 1864 1990 2175 2051; x_wconf 85' lang='lat' dir='ltr'><strong>Adrianus</strong></span> <span class='ocrx_word' id='word_1_515' title='bbox 2200 1991 2250 2064; x_wconf 92' lang='lat' dir='ltr'><strong>I,</strong></span> <span class='ocrx_word' id='word_1_516' title='bbox 2282 1988 2539 2069; x_wconf 66' lang='lat' dir='ltr'><strong>episstlla</strong></span> <span class='ocrx_word' id='word_1_517' title='bbox 2568 1991 2645 2052; x_wconf 90' lang='lat' dir='ltr'><strong>ad</strong></span> <span class='ocrx_word' id='word_1_518' title='bbox 2670 1992 3015 2053; x_wconf 73' lang='lat' dir='ltr'><strong>Teresiam.</strong></span> <span class='ocrx_word' id='word_1_519' title='bbox 3046 1992 3119 2052; x_wconf 90' lang='lat' dir='ltr'><strong>In</strong></span> <span class='ocrx_word' id='word_1_520' title='bbox 3161 1992 3431 2054; x_wconf 82' lang='lat' dir='ltr'><strong>serundo.</strong></span> 
     </span>
     <span class='ocr_line' id='line_1_75' title="bbox 1865 2082 3426 2163; baseline 0.003 -22"><span class='ocrx_word' id='word_1_521' title='bbox 1865 2100 2112 2162; x_wconf 86' lang='lat' dir='ltr'><strong>quoque</strong></span> <span class='ocrx_word' id='word_1_522' title='bbox 2142 2082 2397 2162; x_wconf 81' lang='lat' dir='ltr'><strong>Synodo</strong></span> <span class='ocrx_word' id='word_1_523' title='bbox 2414 2084 2751 2163; x_wconf 87' lang='lat' dir='ltr'><strong>Ephesina,</strong></span> <span class='ocrx_word' id='word_1_524' title='bbox 2776 2083 3105 2155; x_wconf 78' lang='lat' dir='ltr'><strong>Dioscorus</strong></span> <span class='ocrx_word' id='word_1_525' title='bbox 3126 2084 3426 2145; x_wconf 84' lang='lat' dir='ltr'><strong>Alexand.</strong></span> 
     </span>
     <span class='ocr_line' id='line_1_76' title="bbox 1865 2176 3428 2256; baseline 0 -19"><span class='ocrx_word' id='word_1_526' title='bbox 1865 2176 2135 2237; x_wconf 87' lang='lat' dir='ltr'><strong>Leonem</strong></span> <span class='ocrx_word' id='word_1_527' title='bbox 2180 2178 2409 2256; x_wconf 86' lang='lat' dir='ltr'><strong>Papam</strong></span> <span class='ocrx_word' id='word_1_528' title='bbox 2468 2177 3057 2253; x_wconf 86' lang='lat' dir='ltr'><strong>excommunicavit,</strong></span> <span class='ocrx_word' id='word_1_529' title='bbox 3115 2178 3291 2255; x_wconf 87' lang='lat' dir='ltr'><strong>cujus</strong></span> <span class='ocrx_word' id='word_1_530' title='bbox 3336 2184 3428 2237; x_wconf 84' lang='lat' dir='ltr'><strong>ta·</strong></span> 
     </span>
     <span class='ocr_line' id='line_1_77' title="bbox 1865 2268 3428 2349; baseline 0 -19"><span class='ocrx_word' id='word_1_531' title='bbox 1865 2286 2015 2330; x_wconf 89' lang='lat' dir='ltr'><strong>men</strong></span> <span class='ocrx_word' id='word_1_532' title='bbox 2078 2274 2215 2330; x_wconf 82' lang='lat' dir='ltr'><strong>acta</strong></span> <span class='ocrx_word' id='word_1_533' title='bbox 2270 2268 2646 2349; x_wconf 70' lang='lat' dir='ltr'><strong>praedatoria</strong></span> <span class='ocrx_word' id='word_1_534' title='bbox 2702 2268 3001 2330; x_wconf 87' lang='lat' dir='ltr'><strong>dicuntur</strong></span> <span class='ocrx_word' id='word_1_535' title='bbox 3052 2288 3089 2329; x_wconf 90' lang='lat' dir='ltr'><strong>a</strong></span> <span class='ocrx_word' id='word_1_536' title='bbox 3146 2270 3428 2330; x_wconf 84' lang='lat' dir='ltr'><strong>Patribus</strong></span> 
     </span>
     <span class='ocr_line' id='line_1_78' title="bbox 1867 2362 3427 2441; baseline 0.002 -19"><span class='ocrx_word' id='word_1_537' title='bbox 1867 2362 2114 2435; x_wconf 80' lang='lat' dir='ltr'><strong>Graecis‚</strong></span> <span class='ocrx_word' id='word_1_538' title='bbox 2158 2368 2219 2423; x_wconf 89' lang='lat' dir='ltr'><strong>ct</strong></span> <span class='ocrx_word' id='word_1_539' title='bbox 2250 2363 2320 2424; x_wconf 91' lang='lat' dir='ltr'><strong>in</strong></span> <span class='ocrx_word' id='word_1_540' title='bbox 2362 2364 2403 2424; x_wconf 82' lang='lat'>8</span> <span class='ocrx_word' id='word_1_541' title='bbox 2445 2362 2693 2441; x_wconf 84' lang='lat' dir='ltr'><strong>Synodo</strong></span> <span class='ocrx_word' id='word_1_542' title='bbox 2719 2368 3023 2425; x_wconf 82' lang='lat' dir='ltr'><strong>vocantur</strong></span> <span class='ocrx_word' id='word_1_543' title='bbox 3044 2362 3427 2437; x_wconf 73' lang='lat' dir='ltr'><strong>Latrocinia,</strong></span> 
     </span>
     <span class='ocr_line' id='line_1_79' title="bbox 1869 2455 3430 2536; baseline 0 -19"><span class='ocrx_word' id='word_1_544' title='bbox 1869 2460 1932 2517; x_wconf 91' lang='lat' dir='ltr'><strong>et</strong></span> <span class='ocrx_word' id='word_1_545' title='bbox 1977 2457 2043 2516; x_wconf 90' lang='lat' dir='ltr'><strong>in</strong></span> <span class='ocrx_word' id='word_1_546' title='bbox 2072 2456 2344 2517; x_wconf 90' lang='lat' dir='ltr'><strong>Concilio</strong></span> <span class='ocrx_word' id='word_1_547' title='bbox 2396 2455 2879 2518; x_wconf 85' lang='lat' dir='ltr'><strong>Chalcedonensi</strong></span> <span class='ocrx_word' id='word_1_548' title='bbox 2913 2474 3162 2536; x_wconf 87' lang='lat' dir='ltr'><strong>prorsus</strong></span> <span class='ocrx_word' id='word_1_549' title='bbox 3199 2456 3430 2535; x_wconf 86' lang='lat' dir='ltr'><strong>impro-</strong></span> 
     </span>
     <span class='ocr_line' id='line_1_80' title="bbox 1870 2548 3429 2629; baseline 0 -20"><span class='ocrx_word' id='word_1_550' title='bbox 1870 2548 2123 2623; x_wconf 87' lang='lat' dir='ltr'><strong>bantur,</strong></span> <span class='ocrx_word' id='word_1_551' title='bbox 2156 2549 2273 2609; x_wconf 88' lang='lat' dir='ltr'><strong>hoc</strong></span> <span class='ocrx_word' id='word_1_552' title='bbox 2304 2549 2507 2625; x_wconf 84' lang='lat' dir='ltr'><strong>titulo,</strong></span> <span class='ocrx_word' id='word_1_553' title='bbox 2539 2548 2705 2629; x_wconf 88' lang='lat' dir='ltr'><strong>quod</strong></span> <span class='ocrx_word' id='word_1_554' title='bbox 2747 2549 2881 2609; x_wconf 85' lang='lat' dir='ltr'><strong>sine</strong></span> <span class='ocrx_word' id='word_1_555' title='bbox 2918 2549 3283 2609; x_wconf 83' lang='lat' dir='ltr'><strong>auctoritate</strong></span> <span class='ocrx_word' id='word_1_556' title='bbox 3310 2550 3429 2610; x_wconf 82' lang='lat' dir='ltr'><strong>Ro-</strong></span> 
     </span>
     <span class='ocr_line' id='line_1_81' title="bbox 1873 2640 3434 2715; baseline 0 -12"><span class='ocrx_word' id='word_1_557' title='bbox 1873 2643 2045 2703; x_wconf 87' lang='lat' dir='ltr'><strong>mani</strong></span> <span class='ocrx_word' id='word_1_558' title='bbox 2087 2642 2399 2703; x_wconf 87' lang='lat' dir='ltr'><strong>Pontificis</strong></span> <span class='ocrx_word' id='word_1_559' title='bbox 2440 2642 2695 2715; x_wconf 60' lang='lat' dir='ltr'><strong>fier-eun</strong></span> <span class='ocrx_word' id='word_1_560' title='bbox 2742 2649 2887 2703; x_wconf 89' lang='lat' dir='ltr'><strong>sunt</strong></span> <span class='ocrx_word' id='word_1_561' title='bbox 2932 2648 2995 2703; x_wconf 90' lang='lat' dir='ltr'><strong>et</strong></span> <span class='ocrx_word' id='word_1_562' title='bbox 3038 2640 3161 2703; x_wconf 89' lang='lat' dir='ltr'><strong>alia</strong></span> <span class='ocrx_word' id='word_1_563' title='bbox 3204 2642 3434 2703; x_wconf 83' lang='lat' dir='ltr'><strong>similia</strong></span> 
     </span>
     <span class='ocr_line' id='line_1_82' title="bbox 1871 2734 3429 2814; baseline 0.001 -18"><span class='ocrx_word' id='word_1_564' title='bbox 1871 2736 2093 2811; x_wconf 86' lang='lat' dir='ltr'><strong>multa,</strong></span> <span class='ocrx_word' id='word_1_565' title='bbox 2130 2736 2208 2797; x_wconf 86' lang='lat' dir='ltr'><strong>de</strong></span> <span class='ocrx_word' id='word_1_566' title='bbox 2248 2736 2473 2814; x_wconf 87' lang='lat' dir='ltr'><strong>quibus</strong></span> <span class='ocrx_word' id='word_1_567' title='bbox 2507 2736 2698 2814; x_wconf 80' lang='lat' dir='ltr'><strong>legito</strong></span> <span class='ocrx_word' id='word_1_568' title='bbox 2736 2734 3167 2809; x_wconf 83' lang='lat' dir='ltr'><strong>waldensem,</strong></span> <span class='ocrx_word' id='word_1_569' title='bbox 3210 2734 3355 2795; x_wconf 87' lang='lat' dir='ltr'><strong>libr.</strong></span> <span class='ocrx_word' id='word_1_570' title='bbox 3390 2737 3429 2797; x_wconf 77' lang='lat'><strong>2</strong></span> 
     </span>
     <span class='ocr_line' id='line_1_83' title="bbox 1871 2828 3428 2908; baseline 0 -19"><span class='ocrx_word' id='word_1_571' title='bbox 1871 2829 2141 2891; x_wconf 89' lang='lat' dir='ltr'><strong>Doctrin.</strong></span> <span class='ocrx_word' id='word_1_572' title='bbox 2193 2828 2375 2902; x_wconf 86' lang='lat' dir='ltr'><strong>fidei,</strong></span> <span class='ocrx_word' id='word_1_573' title='bbox 2434 2846 2567 2908; x_wconf 85' lang='lat' dir='ltr'><strong>rap.</strong></span> <span class='ocrx_word' id='word_1_574' title='bbox 2631 2830 2709 2889; x_wconf 87' lang='grc'><strong>19</strong></span> <span class='ocrx_word' id='word_1_575' title='bbox 2728 2850 2745 2903; x_wconf 83' lang='lat'><em>3</em></span> <span class='ocrx_word' id='word_1_576' title='bbox 2818 2834 2881 2887; x_wconf 90' lang='lat' dir='ltr'><strong>et</strong></span> <span class='ocrx_word' id='word_1_577' title='bbox 2935 2829 3383 2889; x_wconf 82' lang='lat' dir='ltr'><strong>Turrecremat.</strong></span> <span class='ocrx_word' id='word_1_578' title='bbox 3406 2870 3428 2902; x_wconf 92' lang='lat'><strong>,</strong></span> 
     </span>
     <span class='ocr_line' id='line_1_84' title="bbox 1867 2914 3076 3001; baseline 0.004 -20"><span class='ocrx_word' id='word_1_579' title='bbox 1867 2914 1979 2982; x_wconf 68' lang='lat' dir='ltr'><strong>libs</strong></span> <span class='ocrx_word' id='word_1_580' title='bbox 2014 2924 2075 2995; x_wconf 90' lang='grc'><strong>3,</strong></span> <span class='ocrx_word' id='word_1_581' title='bbox 2108 2940 2243 3001; x_wconf 86' lang='lat' dir='ltr'><strong>cap.</strong></span> <span class='ocrx_word' id='word_1_582' title='bbox 2274 2924 2373 2983; x_wconf 87' lang='grc'><strong>18.</strong></span> <span class='ocrx_word' id='word_1_583' title='bbox 3064 2936 3076 2947; x_wconf 72' lang='grc'><em>’</em></span> 
     </span>
    </p>

    <p class='ocr_par' dir='ltr' id='par_1_12' title="bbox 1865 3012 3473 3547">
     <span class='ocr_line' id='line_1_85' title="bbox 1945 3012 3433 3093; baseline -0.001 -18"><span class='ocrx_word' id='word_1_584' title='bbox 1945 3015 2005 3077; x_wconf 89' lang='lat'><strong>8.</strong></span> <span class='ocrx_word' id='word_1_585' title='bbox 2056 3013 2411 3079; x_wconf 74' lang='lat' dir='ltr'><strong>Ostmditm·</strong></span> <span class='ocrx_word' id='word_1_586' title='bbox 2463 3012 2904 3076; x_wconf 64' lang='lat' dir='ltr'><strong>consuetudine.</strong></span> <span class='ocrx_word' id='word_1_587' title='bbox 2922 3044 3006 3059; x_wconf 90' lang='lat'>-</span> <span class='ocrx_word' id='word_1_588' title='bbox 3023 3013 3253 3087; x_wconf 82' lang='lat' dir='ltr'><strong>Quarto</strong></span> <span class='ocrx_word' id='word_1_589' title='bbox 3296 3030 3433 3093; x_wconf 86' lang='lat' dir='ltr'><strong>pos-</strong></span> 
     </span>
     <span class='ocr_line' id='line_1_86' title="bbox 1865 3106 3431 3186; baseline 0 -19"><span class='ocrx_word' id='word_1_590' title='bbox 1865 3124 2080 3169; x_wconf 88' lang='lat' dir='ltr'><strong>sumus</strong></span> <span class='ocrx_word' id='word_1_591' title='bbox 2130 3106 2555 3186; x_wconf 84' lang='lat' dir='ltr'><strong>argumentari</strong></span> <span class='ocrx_word' id='word_1_592' title='bbox 2602 3124 2677 3167; x_wconf 89' lang='lat' dir='ltr'><strong>ex</strong></span> <span class='ocrx_word' id='word_1_593' title='bbox 2714 3122 2831 3165; x_wconf 88' lang='lat' dir='ltr'><strong>usu</strong></span> <span class='ocrx_word' id='word_1_594' title='bbox 2881 3111 2943 3167; x_wconf 90' lang='lat' dir='ltr'><strong>et</strong></span> <span class='ocrx_word' id='word_1_595' title='bbox 2989 3106 3431 3167; x_wconf 81' lang='lat' dir='ltr'><strong>consuetudine</strong></span> 
     </span>
     <span class='ocr_line' id='line_1_87' title="bbox 1865 3198 3430 3274; baseline -0.001 -12"><span class='ocrx_word' id='word_1_596' title='bbox 1865 3202 2181 3274; x_wconf 50' lang='lat' dir='ltr'><strong>Ecclesiam</strong></span> <span class='ocrx_word' id='word_1_597' title='bbox 2214 3203 2301 3263; x_wconf 87' lang='lat' dir='ltr'><strong>ita</strong></span> <span class='ocrx_word' id='word_1_598' title='bbox 2344 3200 2516 3262; x_wconf 89' lang='lat' dir='ltr'><strong>enim</strong></span> <span class='ocrx_word' id='word_1_599' title='bbox 2560 3198 2952 3262; x_wconf 83' lang='lat' dir='ltr'><strong>observatum</strong></span> <span class='ocrx_word' id='word_1_600' title='bbox 2996 3206 3088 3261; x_wconf 82' lang='lat' dir='ltr'><strong>est</strong></span> <span class='ocrx_word' id='word_1_601' title='bbox 3120 3200 3185 3261; x_wconf 91' lang='lat' dir='ltr'><strong>in</strong></span> <span class='ocrx_word' id='word_1_602' title='bbox 3228 3200 3430 3261; x_wconf 91' lang='lat' dir='ltr'><strong>omni-</strong></span> 
     </span>
     <span class='ocr_line' id='line_1_88' title="bbox 1865 3292 3431 3375; baseline -0.001 -19"><span class='ocrx_word' id='word_1_603' title='bbox 1865 3295 1982 3356; x_wconf 88' lang='lat' dir='ltr'><strong>bus</strong></span> <span class='ocrx_word' id='word_1_604' title='bbox 2006 3295 2291 3357; x_wconf 87' lang='lat' dir='ltr'><strong>Conciliis</strong></span> <span class='ocrx_word' id='word_1_605' title='bbox 2313 3293 2728 3375; x_wconf 80' lang='lat' dir='ltr'><strong>generalibus,</strong></span> <span class='ocrx_word' id='word_1_606' title='bbox 2759 3310 2897 3373; x_wconf 64' lang='lat' dir='ltr'><strong>quae</strong></span> <span class='ocrx_word' id='word_1_607' title='bbox 2926 3294 2993 3354; x_wconf 91' lang='lat' dir='ltr'><strong>in</strong></span> <span class='ocrx_word' id='word_1_608' title='bbox 3026 3294 3292 3355; x_wconf 84' lang='lat' dir='ltr'><strong>Ecclesia</strong></span> <span class='ocrx_word' id='word_1_609' title='bbox 3318 3292 3431 3355; x_wconf 84' lang='lat' dir='ltr'><strong>ha·</strong></span> 
     </span>
     <span class='ocr_line' id='line_1_89' title="bbox 1867 3386 3473 3468; baseline 0 -19"><span class='ocrx_word' id='word_1_610' title='bbox 1867 3388 2019 3449; x_wconf 89' lang='lat' dir='ltr'><strong>bent</strong></span> <span class='ocrx_word' id='word_1_611' title='bbox 2059 3390 2513 3465; x_wconf 85' lang='lat' dir='ltr'><strong>auctoritatem,</strong></span> <span class='ocrx_word' id='word_1_612' title='bbox 2562 3404 2601 3448; x_wconf 86' lang='lat' dir='ltr'><strong>a</strong></span> <span class='ocrx_word' id='word_1_613' title='bbox 2628 3386 2901 3448; x_wconf 86' lang='lat' dir='ltr'><strong>Concilio</strong></span> <span class='ocrx_word' id='word_1_614' title='bbox 2934 3387 3181 3449; x_wconf 80' lang='lat' dir='ltr'><strong>Nicaeno</strong></span> <span class='ocrx_word' id='word_1_615' title='bbox 3230 3404 3429 3468; x_wconf 85' lang='lat' dir='ltr'><strong>usque</strong></span> <span class='ocrx_word' id='word_1_616' title='bbox 3466 3463 3473 3468; x_wconf 32' lang='lat'>¹</span> 
     </span>
     <span class='ocr_line' id='line_1_90' title="bbox 1865 3482 2425 3547; baseline -0.002 -4"><span class='ocrx_word' id='word_1_617' title='bbox 1865 3482 1944 3543; x_wconf 85' lang='lat' dir='ltr'><strong>ad</strong></span> <span class='ocrx_word' id='word_1_618' title='bbox 1968 3483 2425 3547; x_wconf 85' lang='lat' dir='ltr'><strong>Tridentinum.</strong></span> 
     </span>
    </p>

    <p class='ocr_par' dir='ltr' id='par_1_13' title="bbox 1861 3572 3443 5516">
     <span class='ocr_line' id='line_1_91' title="bbox 1945 3572 3422 3654; baseline -0.003 -17"><span class='ocrx_word' id='word_1_619' title='bbox 1945 3577 2005 3637; x_wconf 89' lang='grc'><strong>9.</strong></span> <span class='ocrx_word' id='word_1_620' title='bbox 2064 3576 2345 3640; x_wconf 73' lang='lat' dir='ltr'><strong>Secunda</strong></span> <span class='ocrx_word' id='word_1_621' title='bbox 2389 3572 2645 3639; x_wconf 70' lang='lat' dir='ltr'><strong>assertio</strong></span> <span class='ocrx_word' id='word_1_622' title='bbox 2690 3574 2757 3637; x_wconf 73' lang='lat' dir='ltr'><strong>do</strong></span> <span class='ocrx_word' id='word_1_623' title='bbox 2811 3576 2952 3654; x_wconf 72' lang='lat' dir='ltr'><strong>fide.</strong></span> <span class='ocrx_word' id='word_1_624' title='bbox 2982 3604 3065 3621; x_wconf 88' lang='lat'><strong>--</strong></span> <span class='ocrx_word' id='word_1_625' title='bbox 3094 3574 3422 3637; x_wconf 72' lang='lat' dir='ltr'><strong>Probatur.</strong></span> 
     </span>
     <span class='ocr_line' id='line_1_92' title="bbox 1861 3666 3426 3749; baseline -0.004 -18"><span class='ocrx_word' id='word_1_626' title='bbox 1861 3702 1944 3717; x_wconf 93' lang='lat'><strong>--</strong></span> <span class='ocrx_word' id='word_1_627' title='bbox 1965 3670 2109 3731; x_wconf 89' lang='lat' dir='ltr'><strong>Dico</strong></span> <span class='ocrx_word' id='word_1_628' title='bbox 2143 3670 2277 3749; x_wconf 85' lang='lat' dir='ltr'><strong>jam</strong></span> <span class='ocrx_word' id='word_1_629' title='bbox 2311 3670 2579 3731; x_wconf 89' lang='lat' dir='ltr'><strong>secundo</strong></span> <span class='ocrx_word' id='word_1_630' title='bbox 2620 3684 2640 3730; x_wconf 76' lang='lat' dir='ltr'><em>z</em></span> <span class='ocrx_word' id='word_1_631' title='bbox 2696 3670 2763 3731; x_wconf 88' lang='lat' dir='ltr'><strong>in</strong></span> <span class='ocrx_word' id='word_1_632' title='bbox 2806 3668 3083 3749; x_wconf 79' lang='lat' dir='ltr'><strong>generali</strong></span> <span class='ocrx_word' id='word_1_633' title='bbox 3132 3666 3426 3739; x_wconf 87' lang='lat' dir='ltr'><strong>Concilio,</strong></span> 
     </span>
     <span class='ocr_line' id='line_1_93' title="bbox 1863 3763 3429 3842; baseline -0.003 -18"><span class='ocrx_word' id='word_1_634' title='bbox 1863 3763 2027 3825; x_wconf 88' lang='lat' dir='ltr'><strong>solus</strong></span> <span class='ocrx_word' id='word_1_635' title='bbox 2076 3764 2393 3824; x_wconf 87' lang='lat' dir='ltr'><strong>Romanus</strong></span> <span class='ocrx_word' id='word_1_636' title='bbox 2457 3763 2742 3825; x_wconf 82' lang='lat' dir='ltr'><strong>Pontifex</strong></span> <span class='ocrx_word' id='word_1_637' title='bbox 2792 3780 2903 3842; x_wconf 89' lang='lat' dir='ltr'><strong>per</strong></span> <span class='ocrx_word' id='word_1_638' title='bbox 2956 3780 3021 3823; x_wconf 87' lang='lat' dir='ltr'><strong>se</strong></span> <span class='ocrx_word' id='word_1_639' title='bbox 3054 3806 3075 3839; x_wconf 90' lang='lat'><em>‚</em></span> <span class='ocrx_word' id='word_1_640' title='bbox 3137 3769 3246 3822; x_wconf 86' lang='lat' dir='ltr'><strong>aut</strong></span> <span class='ocrx_word' id='word_1_641' title='bbox 3316 3778 3429 3839; x_wconf 87' lang='lat' dir='ltr'><strong>per</strong></span> 
     </span>
     <span class='ocr_line' id='line_1_94' title="bbox 1864 3854 3428 3935; baseline -0.003 -18"><span class='ocrx_word' id='word_1_642' title='bbox 1864 3856 2099 3935; x_wconf 80' lang='lat' dir='ltr'><strong>legatos</strong></span> <span class='ocrx_word' id='word_1_643' title='bbox 2124 3874 2289 3931; x_wconf 88' lang='lat' dir='ltr'><strong>suos,</strong></span> <span class='ocrx_word' id='word_1_644' title='bbox 2320 3856 2428 3935; x_wconf 85' lang='lat' dir='ltr'><strong>qui</strong></span> <span class='ocrx_word' id='word_1_645' title='bbox 2456 3855 2661 3917; x_wconf 89' lang='lat' dir='ltr'><strong>locum</strong></span> <span class='ocrx_word' id='word_1_646' title='bbox 2708 3856 2843 3935; x_wconf 89' lang='lat' dir='ltr'><strong>ejus</strong></span> <span class='ocrx_word' id='word_1_647' title='bbox 2886 3855 3171 3929; x_wconf 85' lang='lat' dir='ltr'><strong>subeant,</strong></span> <span class='ocrx_word' id='word_1_648' title='bbox 3219 3854 3428 3934; x_wconf 83' lang='lat' dir='ltr'><strong>proesi·</strong></span> 
     </span>
     <span class='ocr_line' id='line_1_95' title="bbox 1864 3946 3426 4025; baseline -0.003 -14"><span class='ocrx_word' id='word_1_649' title='bbox 1864 3951 2009 4011; x_wconf 89' lang='lat' dir='ltr'><strong>dere</strong></span> <span class='ocrx_word' id='word_1_650' title='bbox 2038 3950 2240 4011; x_wconf 87' lang='lat' dir='ltr'><strong>debet.</strong></span> <span class='ocrx_word' id='word_1_651' title='bbox 2278 3950 2601 4011; x_wconf 84' lang='lat' dir='ltr'><strong>Conclusio</strong></span> <span class='ocrx_word' id='word_1_652' title='bbox 2639 3956 2732 4011; x_wconf 89' lang='lat' dir='ltr'><strong>est</strong></span> <span class='ocrx_word' id='word_1_653' title='bbox 2752 3956 2921 4011; x_wconf 84' lang='lat' dir='ltr'><strong>certa</strong></span> <span class='ocrx_word' id='word_1_654' title='bbox 2946 3948 3023 4009; x_wconf 92' lang='lat' dir='ltr'><strong>de</strong></span> <span class='ocrx_word' id='word_1_655' title='bbox 3046 3946 3192 4023; x_wconf 85' lang='lat' dir='ltr'><strong>fide,</strong></span> <span class='ocrx_word' id='word_1_656' title='bbox 3238 3964 3426 4025; x_wconf 79' lang='lat' dir='ltr'><strong>quam</strong></span> 
     </span>
     <span class='ocr_line' id='line_1_96' title="bbox 1864 4040 3428 4120; baseline -0.001 -17"><span class='ocrx_word' id='word_1_657' title='bbox 1864 4042 2079 4103; x_wconf 88' lang='lat' dir='ltr'><strong>omnia</strong></span> <span class='ocrx_word' id='word_1_658' title='bbox 2108 4040 2374 4103; x_wconf 86' lang='lat' dir='ltr'><strong>adducta</strong></span> <span class='ocrx_word' id='word_1_659' title='bbox 2398 4044 2547 4103; x_wconf 87' lang='lat' dir='ltr'><strong>satis</strong></span> <span class='ocrx_word' id='word_1_660' title='bbox 2574 4042 2941 4104; x_wconf 84' lang='lat' dir='ltr'><strong>confirmant</strong></span> <span class='ocrx_word' id='word_1_661' title='bbox 2957 4058 2976 4119; x_wconf 92' lang='lat'>;</span> <span class='ocrx_word' id='word_1_662' title='bbox 3008 4058 3155 4101; x_wconf 88' lang='lat' dir='ltr'><strong>nam</strong></span> <span class='ocrx_word' id='word_1_663' title='bbox 3184 4040 3237 4101; x_wconf 89' lang='lat' dir='ltr'><strong>si</strong></span> <span class='ocrx_word' id='word_1_664' title='bbox 3263 4041 3428 4120; x_wconf 85' lang='lat' dir='ltr'><strong>Papa</strong></span> 
     </span>
     <span class='ocr_line' id='line_1_97' title="bbox 1866 4132 3429 4214; baseline -0.001 -19"><span class='ocrx_word' id='word_1_665' title='bbox 1866 4144 2050 4214; x_wconf 86' lang='lat' dir='ltr'><strong>caput</strong></span> <span class='ocrx_word' id='word_1_666' title='bbox 2076 4135 2357 4196; x_wconf 83' lang='lat' dir='ltr'><strong>Ecclesiae</strong></span> <span class='ocrx_word' id='word_1_667' title='bbox 2385 4141 2499 4211; x_wconf 86' lang='lat' dir='ltr'><strong>est,</strong></span> <span class='ocrx_word' id='word_1_668' title='bbox 2536 4140 2701 4197; x_wconf 87' lang='lat' dir='ltr'><strong>certe</strong></span> <span class='ocrx_word' id='word_1_669' title='bbox 2740 4134 2844 4197; x_wconf 89' lang='lat' dir='ltr'><strong>ille</strong></span> <span class='ocrx_word' id='word_1_670' title='bbox 2887 4132 3214 4214; x_wconf 77' lang='lat' dir='ltr'><strong>praesidere</strong></span> <span class='ocrx_word' id='word_1_671' title='bbox 3244 4132 3429 4194; x_wconf 90' lang='lat' dir='ltr'><strong>debet</strong></span> 
     </span>
     <span class='ocr_line' id='line_1_98' title="bbox 1865 4225 3427 4309; baseline -0.003 -20"><span class='ocrx_word' id='word_1_672' title='bbox 1865 4228 2130 4309; x_wconf 79' lang='lat' dir='ltr'><strong>corpori,</strong></span> <span class='ocrx_word' id='word_1_673' title='bbox 2188 4234 2253 4288; x_wconf 90' lang='lat' dir='ltr'><strong>et</strong></span> <span class='ocrx_word' id='word_1_674' title='bbox 2293 4244 2479 4289; x_wconf 89' lang='lat' dir='ltr'><strong>nemo</strong></span> <span class='ocrx_word' id='word_1_675' title='bbox 2528 4228 2706 4288; x_wconf 84' lang='lat' dir='ltr'><strong>alius.</strong></span> <span class='ocrx_word' id='word_1_676' title='bbox 2760 4227 2881 4289; x_wconf 89' lang='lat' dir='ltr'><strong>Sed</strong></span> <span class='ocrx_word' id='word_1_677' title='bbox 2936 4227 3307 4287; x_wconf 83' lang='lat' dir='ltr'><strong>confirmant</strong></span> <span class='ocrx_word' id='word_1_678' title='bbox 3362 4225 3427 4286; x_wconf 89' lang='lat' dir='ltr'><strong>id</strong></span> 
     </span>
     <span class='ocr_line' id='line_1_99' title="bbox 1865 4319 3423 4400; baseline -0.003 -17"><span class='ocrx_word' id='word_1_679' title='bbox 1865 4322 2056 4383; x_wconf 88' lang='lat' dir='ltr'><strong>etiam</strong></span> <span class='ocrx_word' id='word_1_680' title='bbox 2084 4320 2408 4382; x_wconf 88' lang='lat' dir='ltr'><strong>Pontifices</strong></span> <span class='ocrx_word' id='word_1_681' title='bbox 2436 4338 2620 4400; x_wconf 82' lang='lat' dir='ltr'><strong>supra</strong></span> <span class='ocrx_word' id='word_1_682' title='bbox 2646 4320 2841 4391; x_wconf 85' lang='lat' dir='ltr'><strong>citati,</strong></span> <span class='ocrx_word' id='word_1_683' title='bbox 2864 4320 3171 4400; x_wconf 82' lang='lat' dir='ltr'><strong>praecipue</strong></span> <span class='ocrx_word' id='word_1_684' title='bbox 3212 4319 3333 4379; x_wconf 90' lang='lat' dir='ltr'><strong>Leo</strong></span> <span class='ocrx_word' id='word_1_685' title='bbox 3371 4319 3423 4392; x_wconf 90' lang='lat'><strong>1,</strong></span> 
     </span>
     <span class='ocr_line' id='line_1_100' title="bbox 1863 4412 3425 4493; baseline -0.004 -16"><span class='ocrx_word' id='word_1_686' title='bbox 1863 4415 2066 4477; x_wconf 84' lang='lat' dir='ltr'><strong>Julius</strong></span> <span class='ocrx_word' id='word_1_687' title='bbox 2092 4415 2144 4488; x_wconf 94' lang='lat'><strong>1,</strong></span> <span class='ocrx_word' id='word_1_688' title='bbox 2174 4422 2237 4475; x_wconf 88' lang='lat' dir='ltr'><strong>et</strong></span> <span class='ocrx_word' id='word_1_689' title='bbox 2264 4414 2552 4475; x_wconf 77' lang='lat' dir='ltr'><strong>Nicolnus</strong></span> <span class='ocrx_word' id='word_1_690' title='bbox 2574 4414 2624 4490; x_wconf 94' lang='grc' dir='ltr'><strong>Ι,</strong></span> <span class='ocrx_word' id='word_1_691' title='bbox 2656 4414 2765 4493; x_wconf 86' lang='lat' dir='ltr'><strong>qui</strong></span> <span class='ocrx_word' id='word_1_692' title='bbox 2792 4414 3011 4473; x_wconf 84' lang='lat' dir='ltr'><strong>docent</strong></span> <span class='ocrx_word' id='word_1_693' title='bbox 3050 4413 3118 4473; x_wconf 93' lang='lat' dir='ltr'><strong>in</strong></span> <span class='ocrx_word' id='word_1_694' title='bbox 3154 4412 3425 4473; x_wconf 84' lang='lat' dir='ltr'><strong>Concilio</strong></span> 
     </span>
     <span class='ocr_line' id='line_1_101' title="bbox 1865 4506 3427 4582; baseline -0.004 -12"><span class='ocrx_word' id='word_1_695' title='bbox 1865 4509 2051 4570; x_wconf 89' lang='lat' dir='ltr'><strong>etiam</strong></span> <span class='ocrx_word' id='word_1_696' title='bbox 2072 4508 2321 4569; x_wconf 73' lang='lat' dir='ltr'><strong>Nicteno</strong></span> <span class='ocrx_word' id='word_1_697' title='bbox 2348 4508 2412 4567; x_wconf 88' lang='lat' dir='ltr'><strong>id</strong></span> <span class='ocrx_word' id='word_1_698' title='bbox 2432 4507 2615 4567; x_wconf 83' lang='lat' dir='ltr'><strong>fuisse</strong></span> <span class='ocrx_word' id='word_1_699' title='bbox 2636 4506 3067 4567; x_wconf 84' lang='lat' dir='ltr'><strong>confirmatum</strong></span> <span class='ocrx_word' id='word_1_700' title='bbox 3091 4520 3110 4582; x_wconf 94' lang='lat'>;</span> <span class='ocrx_word' id='word_1_701' title='bbox 3132 4514 3194 4565; x_wconf 89' lang='lat' dir='ltr'><strong>et</strong></span> <span class='ocrx_word' id='word_1_702' title='bbox 3219 4521 3427 4565; x_wconf 88' lang='lat' dir='ltr'><strong>exem-</strong></span> 
     </span>
     <span class='ocr_line' id='line_1_102' title="bbox 1863 4598 3423 4681; baseline -0.001 -22"><span class='ocrx_word' id='word_1_703' title='bbox 1863 4601 1969 4681; x_wconf 83' lang='lat' dir='ltr'><strong>plo</strong></span> <span class='ocrx_word' id='word_1_704' title='bbox 1992 4600 2270 4679; x_wconf 87' lang='lat' dir='ltr'><strong>ejusdem</strong></span> <span class='ocrx_word' id='word_1_705' title='bbox 2298 4600 2554 4662; x_wconf 82' lang='lat' dir='ltr'><strong>Concilii</strong></span> <span class='ocrx_word' id='word_1_706' title='bbox 2604 4606 2843 4661; x_wconf 71' lang='lat' dir='ltr'><strong>constat</strong></span> <span class='ocrx_word' id='word_1_707' title='bbox 2882 4599 3117 4675; x_wconf 90' lang='lat' dir='ltr'><strong>Osium,</strong></span> <span class='ocrx_word' id='word_1_708' title='bbox 3156 4598 3423 4659; x_wconf 87' lang='lat' dir='ltr'><strong>Vincen-</strong></span> 
     </span>
     <span class='ocr_line' id='line_1_103' title="bbox 1861 4691 3423 4766; baseline -0.003 -11"><span class='ocrx_word' id='word_1_709' title='bbox 1861 4696 2018 4755; x_wconf 89' lang='lat' dir='ltr'><strong>tium</strong></span> <span class='ocrx_word' id='word_1_710' title='bbox 2060 4700 2123 4754; x_wconf 91' lang='lat' dir='ltr'><strong>et</strong></span> <span class='ocrx_word' id='word_1_711' title='bbox 2148 4693 2485 4766; x_wconf 82' lang='lat' dir='ltr'><strong>Victorem,</strong></span> <span class='ocrx_word' id='word_1_712' title='bbox 2538 4692 2675 4754; x_wconf 92' lang='lat' dir='ltr'><strong>loco</strong></span> <span class='ocrx_word' id='word_1_713' title='bbox 2706 4692 2971 4754; x_wconf 87' lang='lat' dir='ltr'><strong>Romani</strong></span> <span class='ocrx_word' id='word_1_714' title='bbox 3018 4692 3327 4753; x_wconf 75' lang='lat' dir='ltr'><strong>pontilicis</strong></span> <span class='ocrx_word' id='word_1_715' title='bbox 3354 4691 3423 4751; x_wconf 90' lang='lat' dir='ltr'><strong>in</strong></span> 
     </span>
     <span class='ocr_line' id='line_1_104' title="bbox 1862 4783 3420 4867; baseline -0.003 -19"><span class='ocrx_word' id='word_1_716' title='bbox 1862 4804 1938 4849; x_wconf 88' lang='lat' dir='ltr'><strong>eo</strong></span> <span class='ocrx_word' id='word_1_717' title='bbox 1962 4788 2335 4867; x_wconf 65' lang='lat' dir='ltr'><strong>praesedisse,</strong></span> <span class='ocrx_word' id='word_1_718' title='bbox 2370 4793 2431 4847; x_wconf 89' lang='lat' dir='ltr'><strong>et</strong></span> <span class='ocrx_word' id='word_1_719' title='bbox 2460 4788 2689 4865; x_wconf 86' lang='lat' dir='ltr'><strong>primos</strong></span> <span class='ocrx_word' id='word_1_720' title='bbox 2716 4786 2999 4845; x_wconf 87' lang='lat' dir='ltr'><strong>omnium</strong></span> <span class='ocrx_word' id='word_1_721' title='bbox 3026 4783 3420 4861; x_wconf 82' lang='lat' dir='ltr'><strong>subscripsis-</strong></span> 
     </span>
     <span class='ocr_line' id='line_1_105' title="bbox 1863 4876 3421 4958; baseline -0.003 -17"><span class='ocrx_word' id='word_1_722' title='bbox 1863 4898 1948 4942; x_wconf 87' lang='lat' dir='ltr'><strong>se.</strong></span> <span class='ocrx_word' id='word_1_723' title='bbox 1981 4880 2151 4943; x_wconf 89' lang='lat' dir='ltr'><strong>Idem</strong></span> <span class='ocrx_word' id='word_1_724' title='bbox 2188 4878 2543 4958; x_wconf 87' lang='lat' dir='ltr'><strong>exemplum</strong></span> <span class='ocrx_word' id='word_1_725' title='bbox 2574 4876 2877 4939; x_wconf 89' lang='lat' dir='ltr'><strong>habemus</strong></span> <span class='ocrx_word' id='word_1_726' title='bbox 2917 4877 2985 4938; x_wconf 91' lang='lat' dir='ltr'><strong>in</strong></span> <span class='ocrx_word' id='word_1_727' title='bbox 3012 4876 3280 4938; x_wconf 88' lang='lat' dir='ltr'><strong>secunda</strong></span> <span class='ocrx_word' id='word_1_728' title='bbox 3306 4876 3421 4954; x_wconf 78' lang='lat' dir='ltr'><strong>Sy·</strong></span> 
     </span>
     <span class='ocr_line' id='line_1_106' title="bbox 1867 4970 3420 5051; baseline -0.004 -16"><span class='ocrx_word' id='word_1_729' title='bbox 1867 4974 2055 5049; x_wconf 90' lang='lat' dir='ltr'><strong>nodo,</strong></span> <span class='ocrx_word' id='word_1_730' title='bbox 2092 4980 2163 5032; x_wconf 84' lang='lat' dir='ltr'><strong>ut</strong></span> <span class='ocrx_word' id='word_1_731' title='bbox 2188 4978 2358 5050; x_wconf 77' lang='lat' dir='ltr'><strong>patet</strong></span> <span class='ocrx_word' id='word_1_732' title='bbox 2388 4990 2465 5032; x_wconf 91' lang='lat' dir='ltr'><strong>ex</strong></span> <span class='ocrx_word' id='word_1_733' title='bbox 2494 4972 2765 5051; x_wconf 82' lang='lat' dir='ltr'><strong>Epistola</strong></span> <span class='ocrx_word' id='word_1_734' title='bbox 2790 4971 3033 5033; x_wconf 84' lang='lat' dir='ltr'><strong>Damasi</strong></span> <span class='ocrx_word' id='word_1_735' title='bbox 3074 4970 3154 5031; x_wconf 88' lang='lat' dir='ltr'><strong>ad</strong></span> <span class='ocrx_word' id='word_1_736' title='bbox 3182 4970 3378 5049; x_wconf 76' lang='lat' dir='ltr'><strong>ipsam</strong></span> <span class='ocrx_word' id='word_1_737' title='bbox 3404 4987 3420 5041; x_wconf 78' lang='grc' dir='ltr'><strong>ς</strong></span> 
     </span>
     <span class='ocr_line' id='line_1_107' title="bbox 1868 5062 3422 5143; baseline -0.003 -16"><span class='ocrx_word' id='word_1_738' title='bbox 1868 5073 2035 5127; x_wconf 86' lang='lat' dir='ltr'><strong>etex</strong></span> <span class='ocrx_word' id='word_1_739' title='bbox 2077 5065 2237 5125; x_wconf 84' lang='lat' dir='ltr'><strong>libro</strong></span> <span class='ocrx_word' id='word_1_740' title='bbox 2280 5082 2445 5124; x_wconf 86' lang='lat' dir='ltr'><strong>nouo</strong></span> <span class='ocrx_word' id='word_1_741' title='bbox 2492 5065 2789 5143; x_wconf 86' lang='lat' dir='ltr'><strong>Tripart.,</strong></span> <span class='ocrx_word' id='word_1_742' title='bbox 2820 5066 2922 5125; x_wconf 70' lang='lat'><strong>24.</strong></span> <span class='ocrx_word' id='word_1_743' title='bbox 2959 5064 3045 5124; x_wconf 86' lang='lat' dir='ltr'><strong>De</strong></span> <span class='ocrx_word' id='word_1_744' title='bbox 3074 5066 3111 5124; x_wconf 84' lang='lat'><strong>3</strong></span> <span class='ocrx_word' id='word_1_745' title='bbox 3150 5062 3422 5142; x_wconf 78' lang='lat' dir='ltr'><strong>Synodo,</strong></span> 
     </span>
     <span class='ocr_line' id='line_1_108' title="bbox 1867 5156 3429 5237; baseline -0.003 -17"><span class='ocrx_word' id='word_1_746' title='bbox 1867 5159 2009 5220; x_wconf 87' lang='lat' dir='ltr'><strong>licet</strong></span> <span class='ocrx_word' id='word_1_747' title='bbox 2030 5176 2103 5219; x_wconf 84' lang='lat' dir='ltr'><strong>ex</strong></span> <span class='ocrx_word' id='word_1_748' title='bbox 2134 5162 2309 5237; x_wconf 83' lang='lat' dir='ltr'><strong>parte</strong></span> <span class='ocrx_word' id='word_1_749' title='bbox 2348 5157 2699 5217; x_wconf 84' lang='lat' dir='ltr'><strong>interierint</strong></span> <span class='ocrx_word' id='word_1_750' title='bbox 2736 5156 2869 5235; x_wconf 80' lang='lat' dir='ltr'><strong>ejus</strong></span> <span class='ocrx_word' id='word_1_751' title='bbox 2897 5161 3055 5231; x_wconf 86' lang='lat' dir='ltr'><strong>acta,</strong></span> <span class='ocrx_word' id='word_1_752' title='bbox 3096 5160 3310 5215; x_wconf 87' lang='lat' dir='ltr'><strong>tamen</strong></span> <span class='ocrx_word' id='word_1_753' title='bbox 3350 5172 3429 5215; x_wconf 87' lang='lat' dir='ltr'><strong>ex</strong></span> 
     </span>
     <span class='ocr_line' id='line_1_109' title="bbox 1867 5243 3430 5332; baseline -0.003 -19"><span class='ocrx_word' id='word_1_754' title='bbox 1867 5243 1967 5313; x_wconf 81' lang='lat' dir='ltr'><strong>his</strong></span> <span class='ocrx_word' id='word_1_755' title='bbox 2016 5268 2155 5332; x_wconf 79' lang='lat' dir='ltr'><strong>quaa</strong></span> <span class='ocrx_word' id='word_1_756' title='bbox 2200 5256 2439 5325; x_wconf 86' lang='lat' dir='ltr'><strong>extant,</strong></span> <span class='ocrx_word' id='word_1_757' title='bbox 2484 5251 2630 5310; x_wconf 87' lang='lat' dir='ltr'><strong>satis</strong></span> <span class='ocrx_word' id='word_1_758' title='bbox 2674 5250 2989 5327; x_wconf 81' lang='lat' dir='ltr'><strong>colligitur</strong></span> <span class='ocrx_word' id='word_1_759' title='bbox 3026 5246 3326 5327; x_wconf 83' lang='lat' dir='ltr'><strong>Cyrillum</strong></span> <span class='ocrx_word' id='word_1_760' title='bbox 3359 5254 3430 5308; x_wconf 90' lang='lat' dir='ltr'><strong>ut</strong></span> 
     </span>
     <span class='ocr_line' id='line_1_110' title="bbox 1867 5340 3427 5424; baseline -0.003 -19"><span class='ocrx_word' id='word_1_761' title='bbox 1867 5344 2145 5424; x_wconf 80' lang='lat' dir='ltr'><strong>legatum</strong></span> <span class='ocrx_word' id='word_1_762' title='bbox 2186 5344 2359 5405; x_wconf 84' lang='lat' dir='ltr'><strong>Sedis</strong></span> <span class='ocrx_word' id='word_1_763' title='bbox 2400 5342 2765 5421; x_wconf 78' lang='lat' dir='ltr'><strong>Apostolicae</strong></span> <span class='ocrx_word' id='word_1_764' title='bbox 2808 5341 3159 5422; x_wconf 80' lang='lat' dir='ltr'><strong>praefuisso3</strong></span> <span class='ocrx_word' id='word_1_765' title='bbox 3208 5340 3427 5400; x_wconf 89' lang='lat' dir='ltr'><strong>eodem</strong></span> 
     </span>
     <span class='ocr_line' id='line_1_111' title="bbox 1867 5432 3443 5516; baseline -0.003 -19"><span class='ocrx_word' id='word_1_766' title='bbox 1867 5437 2053 5499; x_wconf 88' lang='lat' dir='ltr'><strong>modo</strong></span> <span class='ocrx_word' id='word_1_767' title='bbox 2090 5438 2157 5498; x_wconf 88' lang='lat' dir='ltr'><strong>in</strong></span> <span class='ocrx_word' id='word_1_768' title='bbox 2203 5440 2246 5498; x_wconf 74' lang='lat'>4</span> <span class='ocrx_word' id='word_1_769' title='bbox 2288 5435 2537 5516; x_wconf 75' lang='lat' dir='ltr'><strong>syuodo</strong></span> <span class='ocrx_word' id='word_1_770' title='bbox 2566 5434 3042 5496; x_wconf 83' lang='lat' dir='ltr'><strong>Chalcedonensi</strong></span> <span class='ocrx_word' id='word_1_771' title='bbox 3073 5432 3443 5494; x_wconf 81' lang='lat' dir='ltr'><strong>Paschasius·</strong></span> 
     </span>
    </p>
   </div>
   <div class='ocr_carea' id='block_1_11' title="bbox 1867 5526 3427 5615">
    <p class='ocr_par' dir='ltr' id='par_1_14' title="bbox 1867 5526 3427 5615">
     <span class='ocr_line' id='line_1_112' title="bbox 1867 5526 3427 5615; baseline 0.001 -20"><span class='ocrx_word' id='word_1_772' title='bbox 1867 5548 2009 5595; x_wconf 82' lang='lat' dir='ltr'><strong>cum</strong></span> <span class='ocrx_word' id='word_1_773' title='bbox 2038 5530 2177 5596; x_wconf 71' lang='lat' dir='ltr'><strong>aliis</strong></span> <span class='ocrx_word' id='word_1_774' title='bbox 2203 5535 2445 5615; x_wconf 64' lang='lat' dir='ltr'><strong>praeest,</strong></span> <span class='ocrx_word' id='word_1_775' title='bbox 2478 5534 2663 5609; x_wconf 73' lang='lat' dir='ltr'><strong>atque</strong></span> <span class='ocrx_word' id='word_1_776' title='bbox 2700 5528 2788 5589; x_wconf 88' lang='lat' dir='ltr'><strong>ita</strong></span> <span class='ocrx_word' id='word_1_777' title='bbox 2834 5528 3043 5613; x_wconf 79' lang='lat' dir='ltr'><strong>inquit</strong></span> <span class='ocrx_word' id='word_1_778' title='bbox 3083 5543 3101 5591; x_wconf 75' lang='lat' dir='ltr'><strong><em>z</em></strong></span> <span class='ocrx_word' id='word_1_779' title='bbox 3150 5526 3427 5596; x_wconf 66' lang='lat' dir='ltr'><strong>Posom-</strong></span> 
     </span>
    </p>
   </div>
  </div>
 </body>
</html>
