3900 6217
634 359 754 422 580

637 485 760 528 nou
790 485 918 528 esse
946 483 1292 527 sermonem
1319 466 1395 527 de
1433 465 1575 528 solis
1619 465 1952 541 haereticis,
1983 464 2088 525 sed
2126 466 2193 526 in

633 559 992 621 universum
1045 559 1122 619 de
1151 558 1329 619 malis
1355 559 1731 635 hominibus,
1763 559 1872 639 qui
1900 559 1967 618 in
1990 558 2195 619 Eccle-

634 653 725 714 sia
767 652 864 714 vel
907 654 972 713 in
1026 652 1260 712 mundo
1304 659 1470 728 sunt,
1522 659 1592 712 ut
1635 659 1958 734 exponunt
2006 653 2193 712 iidem

638 747 842 806 patros
882 763 1068 824 supra
1118 745 1389 824 allegati,
1432 752 1494 806 et
1544 765 1620 807 cx
1675 751 1967 806 contextu
2018 763 2194 824 para·

632 838 790 898 holae
817 839 964 899 satis
981 843 1248 913 constat3
1283 839 1617 918 praesertim
1647 841 1794 919 quia
1822 840 1885 899 in
1917 838 2041 899 fine
2061 839 2194 916 ejus

632 931 782 990 dicit
836 931 1111 992 Christus
1167 932 1673 1010 patremfamilias
1713 938 1993 1012 tempore
2034 949 2196 991 mes·

633 1025 715 1084 sis
748 1025 1081 1084 missurum
1145 1023 1458 1084 ministros
1509 1043 1672 1101 suos„
1743 1026 1849 1104 qui
1913 1025 2192 1084 triticum

633 1136 668 1176 a
698 1117 946 1176 zizaniis
997 1123 1311 1196 separent;
1359 1117 1525 1197 quod
1573 1117 1719 1178 alibi
1767 1115 2061 1196 explicuit
2100 1116 2192 1175 di·

631 1227 797 1287 cens,
829 1209 990 1288 quod
1034 1216 1311 1290 tempore
1353 1211 1575 1289 judicii
1614 1212 1816 1273 mittet
1865 1212 2031 1272 Deus
2059 1209 2190 1270 An-

629 1305 791 1382 yelos
819 1320 975 1376 suos,
1009 1310 1067 1366 et
1108 1305 1470 1384 separabunt
1495 1305 1690 1366 malos
1730 1305 1799 1366 de
1843 1304 2031 1366 medio
2048 1303 2189 1381 Jus-

629 1401 862 1471 tomom,
925 1395 1034 1454 ubi
1087 1413 1214 1457 nou
1267 1402 1512 1456 tantum
1563 1397 1720 1456 dixit
1772 1395 2089 1456 haereticos
2149 1413 2187 1455 a

627 1487 933 1549 fidelibus.
991 1487 1188 1566 Igitur
1235 1487 1335 1548 vel
1391 1488 1496 1550 illa
1545 1489 1839 1568 parabola
1901 1486 2063 1548 nihil
2110 1487 2187 1547 de

627 1581 932 1643 hoereticis
981 1580 1226 1661 probat,
1274 1580 1372 1641 vcl
1419 1598 1496 1642 ex
1523 1599 1596 1642 ea
1635 1580 1948 1659 colligitur
1986 1580 2187 1640 nullos

626 1675 897 1753 iniquos,
924 1681 984 1734 et
1011 1674 1204 1734 malos
1231 1691 1359 1734 esse
1385 1674 1754 1755 puniendOS,
1785 1674 1952 1753 quod
1974 1673 2185 1734 absur-

626 1767 950 1827 dissimum
989 1774 1098 1828 est.
1127 1768 1338 1847 Itaque
1357 1768 1622 1828 intentio
1651 1768 1872 1828 Christi
1896 1767 1985 1848 (ut
2030 1767 2189 1827 indi·

625 1863 789 1922 cavit
816 1861 1108 1940 cyprian.
1139 1860 1394 1940 epistola
1409 1861 1921 1940 quinquagesima
1962 1861 2185 1940 prima,

624 1961 688 2016 et
727 1955 1242 2034 quinquagesima
1289 1955 1580 2034 secunda)
1611 1955 1808 2015 solum
1842 1955 1960 2014 fuit
1999 1954 2193 2034 repri-

624 2065 795 2108 mere
849 2054 912 2107 et
975 2047 1280 2107 moderari
1327 2047 1598 2108 nimium
1659 2054 1723 2108 et
1787 2049 2191 2108 indiscretum

621 2140 849 2215 zelum,
894 2139 993 2212 vel
1029 2140 1404 2219 provocandi
1449 2142 1606 2201 iram
1648 2140 1756 2201 Dei
1802 2147 2019 2200 contra
2050 2157 2192 2219 pec·

623 2241 892 2314 catores,
947 2240 1018 2293 ut
1065 2231 1214 2292 alibi
1263 2233 1434 2310 fecit,
1494 2251 1636 2294 cum
1696 2233 2012 2313 discipulis
2060 2232 2189 2294 suis

622 2326 779 2387 dixit
827 2347 842 2385 ε
905 2325 1207 2402 Nescitis,
1275 2329 1452 2405 cujus
1520 2327 1784 2408 spiritus
1835 2325 2026 2400 estin
2087 2324 2187 2386 vel

621 2426 876 2495 temere,
909 2426 970 2480 et
1017 2420 1150 2479 sine
1182 2421 1543 2480 auctoritate
1572 2420 1712 2480 illos
1749 2419 2181 2500 persequendi,

622 2518 694 2571 ut
723 2513 911 2571 etiam
951 2512 1018 2571 in
1047 2511 1168 2571 alio
1206 2511 1340 2572 loco
1380 2512 1676 2572 indicavit
1717 2513 1920 2588 Petro,
1970 2512 2185 2590 praeci-

620 2603 846 2684 piendo
892 2603 985 2665 illi
1019 2611 1090 2663 ut
1134 2603 1412 2683 gladium
1443 2609 1510 2665 in
1547 2606 1839 2684 vaginam
1869 2620 2183 2666 converte-

620 2704 736 2772 ret,
763 2716 890 2758 nou
911 2705 1122 2758 tamen
1148 2697 1466 2776 prohibuit
1482 2699 1714 2776 justam
1744 2705 1804 2759 et
1833 2699 2183 2759 ordinatam

619 2791 976 2870 iniquorum
1009 2791 1422 2868 punitionem,
1471 2798 1541 2851 ut
1581 2810 1692 2871 per
1727 2809 1792 2852 se
1819 2797 2037 2854 notum
2067 2799 2178 2854 est.

620 2881 777 2954 Quia
817 2901 964 2943 vero
1011 2883 1292 2943 haeretici
1320 2884 1483 2944 inter
1515 2883 1708 2944 malos
1758 2885 2181 2959 continentur,

620 2975 788 3036 etita
817 2975 884 3036 in
913 2974 1207 3056 parabola
1235 2977 1426 3036 etiam
1449 2977 2080 3055 comprehenduntur,
2111 2985 2183 3038 ut

619 3068 868 3146 allegati
895 3069 1102 3129 Patres
1128 3076 1292 3130 recte
1324 3069 1638 3145 dixerunt,
1661 3070 1800 3131 ideo
1830 3071 2181 3131 addendum

619 3167 710 3221 est
757 3161 1141 3241 prohibuisse
1175 3162 1428 3240 quidem
1471 3162 1780 3224 Christum
1809 3164 2181 3226 occisionem

617 3254 1071 3329 haereticorum,
1126 3255 1375 3333 quando
1423 3257 1701 3334 cognosci
1741 3273 1868 3318 non
1904 3262 2179 3335 possunt,

619 3365 820 3426 neque
861 3367 898 3408 a
931 3347 1248 3409 catholicis
1293 3348 1576 3410 discerni.
1625 3355 1704 3409 At
1747 3367 1892 3411 vero
1937 3350 2185 3430 quando

619 3441 994 3501 sufficienter
1023 3441 1519 3520 distinguuntur,
1554 3448 1616 3502 et
1649 3461 1864 3503 eorum
1895 3443 2187 3503 delictum

619 3537 1009 3612 cognoscitur
1041 3541 1102 3594 et
1154 3535 1612 3613 comprobatur,
1649 3541 1798 3596 tunc
1829 3553 1954 3596 non
2000 3536 2187 3597 habet

619 3629 822 3689 locum
852 3628 1166 3708 parabola,
1221 3631 1368 3709 quia
1412 3629 1557 3691 licet
1603 3631 1721 3710 ipsi
1770 3631 2183 3706 eradicentur,

617 3723 864 3784 nullum
919 3728 1009 3784 est
1068 3723 1413 3803 periculum
1475 3723 1828 3785 eradicandi
1885 3724 2073 3785 simul
2128 3731 2189 3785 et

619 3817 932 3891 triticum,
986 3816 1048 3876 id
1095 3820 1184 3877 est
1238 3817 1615 3890 catholicos,
1669 3836 1808 3897 quae
1861 3817 1982 3877 fuit
2029 3819 2185 3879 ratio

627 3909 847 3969 Christi
875 3909 1124 3970 Domini
1149 3910 1218 3969 iu
1251 3910 1370 3969 illis
1411 3909 1654 3970 verbis:
1683 3911 1783 3974 Ne
1805 3915 1961 3989 forte
1988 3911 2187 3972 eradi-

623 4007 829 4066 cantes
878 4003 1138 4076 zizania,
1178 4002 1496 4066 eradicetis
1531 4009 1586 4064 et
1633 4002 1925 4066 triticum.
1984 4005 2058 4064 Et
2100 4004 2188 4064 ita

621 4097 953 4177 respondet
979 4097 1383 4175 Augustinus,
1415 4096 1572 4156 libro
1591 4099 1774 4158 tertio
1801 4104 2016 4158 contra
2048 4100 2187 4157 Par-

623 4189 924 4267 menian.,
942 4209 1078 4269 cap.
1101 4192 1164 4264 2,
1189 4197 1252 4250 et
1283 4191 1350 4250 D.
1373 4190 1642 4250 Thomas
1663 4193 1723 4251 2.
1742 4192 1805 4266 2,
1831 4199 2052 4269 quaest.
2084 4191 2182 4265 10,

621 4288 738 4342 art.
774 4283 837 4358 8,
868 4283 944 4342 ad
989 4286 1050 4358 1,
1092 4289 1152 4343 et
1182 4289 1394 4361 quaest.
1431 4286 1531 4356 ll,
1583 4289 1702 4344 art.
1761 4286 1823 4359 3,
1882 4284 1963 4343 ad
2008 4284 2067 4356 3,
2124 4291 2185 4344 ct

622 4382 836 4454 quaest.
861 4379 994 4450 108,
1021 4385 1137 4436 art.
1165 4378 1225 4450 3,
1251 4377 1330 4436 ad
1354 4381 1412 4437 1.
1439 4377 1609 4437 Dicet
1633 4375 1878 4456 aliquis,
1902 4377 2185 4456 quamvis

620 4469 686 4528 in
723 4488 795 4530 eo
823 4488 964 4530 casu
995 4488 1120 4530 non
1143 4471 1222 4529 sit
1253 4470 1592 4549 periculum
1625 4470 1914 4542 aliorum,
1944 4488 2186 4550 semper

618 4563 944 4624 imminere
1011 4563 1360 4642 periculum
1427 4564 1843 4624 damnationis
1906 4566 2182 4642 ejusdem

619 4653 917 4731 haeretici,
949 4657 1056 4735 qui
1085 4675 1254 4716 nuuc
1285 4655 1641 4717 interfectus
1663 4657 2089 4733 damnabitur,
2120 4671 2183 4718 ct

617 4747 901 4822 fortasse,
920 4750 972 4808 si
999 4756 1244 4829 tempus
1259 4751 1402 4809 vitae
1425 4747 1517 4808 illi
1547 4751 2010 4825 concederetur,
2036 4769 2183 4811 con-

619 4846 961 4902 verteretur
989 4857 1052 4902 et
1077 4842 1438 4904 salvaretur.
1471 4843 1830 4922 Respondeo
1875 4844 2182 4924 imprimis

620 4936 980 4996 instantiam
1041 4955 1166 4996 non
1217 4935 1445 4996 habere
1497 4935 1702 4996 locum
1757 4937 1822 4997 in
1879 4929 2181 4999 haereticis

618 5030 1084 5108 poenitentibuS,
1117 5030 1227 5108 qui
1254 5029 1570 5090 interdum
1611 5029 1833 5091 ultimo
1880 5030 2179 5110 supplicio

615 5121 1004 5198 afficiuntur3
1057 5141 1203 5182 nam
1235 5127 1384 5182 tunc
1416 5123 1623 5201 potius
1650 5141 1780 5183 esse
1817 5128 2015 5202 potest
2042 5141 2181 5202 pro-

616 5213 838 5274 babilis
883 5233 1020 5295 spes
1056 5215 1270 5276 salutis
1305 5233 1520 5276 eorum
1550 5233 1694 5276 cum
1723 5217 2180 5295 perseverantia

615 5307 684 5366 in
718 5307 838 5369 fide
880 5327 1073 5386 usque
1100 5309 1176 5369 ad
1219 5307 1406 5370 finem
1437 5311 1598 5372 vitae.
1646 5311 1726 5370 De
1763 5310 2179 5388 pertinacibus

616 5407 824 5461 autem
877 5401 1206 5462 dicendum
1235 5416 1348 5476 est,
1385 5403 1685 5482 majorem
1734 5403 2039 5464 rationem
2066 5403 2175 5465 ha—

615 5489 884 5555 bendum
921 5513 1050 5556 esse
1107 5496 1458 5556 communis
1497 5495 1643 5556 boni
1703 5495 2007 5575 Ecclesiae,
2064 5515 2175 5579 per

1339 365 1573 418 DlSPUT.
1611 367 1784 419 xxm.
1823 367 1902 418 DE
1936 364 2143 419 1²OEle
2174 365 2637 420 conronALmus
2671 363 3142 418 RAEREthonun.

2275 485 2458 546 quam
2490 485 2619 528 non
2658 469 2783 527 stat
2814 463 3149 548 quominus
3174 461 3263 523 illi
3298 473 3641 533 convertantur
3656 485 3696 536 et

2274 560 2623 633 salventur-3
2678 559 2844 620 unde
2894 558 2947 617 si
3000 574 3113 617 sua
3151 555 3323 635 culpa
3364 569 3590 636 pereunt,
3622 567 3697 626 sibi

2274 653 2607 732 imputent,
2648 659 2710 715 et
2763 652 3021 713 fortasse
3044 648 3273 726 ‚utilius
3316 649 3427 710 illis
3458 659 3531 712 ast
3564 659 3701 720 statim

2274 745 2461 819 mori,
2510 764 2695 825 quam
2727 744 2997 806 vivendo
3036 741 3422 820 multiplicare
3450 755 3633 822 peccata
3666 761 3701 811 et

2275 855 2537 913 erroreS,
2568 846 2629 900 et
2652 857 2783 900 esse
2814 855 3089 912 causam,
3122 841 3193 894 ut
3220 833 3387 895 multi
3404 834 3493 896 alii
3514 853 3699 918 pereant.

2355 951 2415 1010 9.
2462 929 2563 994 Ad
2587 933 2835 995 tertium
2860 931 3005 993 ibid.
3038 963 3119 974 -
3152 926 3251 990 Aa
3270 935 3518 1007 quartum
3540 931 3705 994 ibid.-

2272 1025 2550 1086 Tertium
2580 1029 3020 1103 argumentum
3064 1019 3407 1082 sumebatur
3444 1039 3508 1081 ex
3538 1041 3705 1088 consue·

2273 1118 2487 1179 tudine
2512 1117 2820 1191 Ecclesiae,
2845 1115 3009 1195 quod
3027 1115 3214 1175 etiam
3242 1119 3332 1173 est
3350 1116 3655 1192 negativum,
3671 1131 3705 1179 et

2272 1227 2349 1270 ex
2386 1229 2458 1272 ea
2502 1217 2677 1290 parte
2720 1209 3068 1282 infirmum,
3108 1207 3256 1284 quia
3290 1221 3408 1266 non
3442 1209 3645 1269 sumitur
3666 1231 3708 1272 ex

2268 1321 2385 1364 usu
2424 1307 2756 1378 contrario,
2784 1301 2889 1362 sed
2914 1307 3160 1360 tantum
3194 1317 3269 1359 ex
3286 1317 3405 1358 non
3426 1317 3543 1374 usu,
3562 1317 3616 1361 ex
3636 1323 3709 1380 qm

2270 1414 2395 1457 non
2422 1401 2625 1476 potest
2664 1395 2874 1473 colligi
2898 1394 3175 1455 defectus
3218 1392 3525 1471 potestatis,
3548 1409 3707 1472 praser-

2266 1489 2381 1551 tim
2410 1506 2557 1550 cum
2583 1488 2687 1550 ille
2728 1505 2857 1549 non
2896 1505 3041 1548 usus
3078 1501 3206 1546 non
3246 1484 3427 1544 fuerit
3462 1493 3706 1564 perpetum,

2265 1583 2370 1643 sed
2398 1582 2602 1642 brevis
2640 1582 2737 1660 cuj
2748 1581 2963 1642 usdam
2988 1577 3305 1657 temporis,
3330 1577 3467 1656 quia
3490 1595 3589 1637 non
3608 1583 3705 1658 cogi

2264 1681 2388 1745 tur,
2424 1676 2531 1755 qui
2568 1681 2929 1755 ptestatem
2950 1673 3160 1748 habet,
3184 1671 3295 1732 illa
3322 1687 3539 1750 semper
3556 1675 3705 1742 ulixei

2268 1770 2457 1830 etiam
2488 1787 2614 1829 non
2644 1787 2771 1828 sem
2782 1785 2891 1847 per
2920 1767 3243 1828 commode
3268 1769 3473 1844 potest.
3500 1765 3705 1837 Quoeim.

2270 1861 2420 1922 licet
2430 1862 2696 1923 Ecclesia
2714 1877 2956 1939 semper
2968 1859 3259 1920 habuerit
3274 1863 3589 1938 potestatem
3602 1860 3703 1931 haue,

2278 1953 2346 2016 in
2392 1955 2724 2035 principio,
2771 1952 3021 2033 quando
3066 1953 3460 2031 imperatores
3490 1957 3541 2010 et
3571 1952 3707 2028 judiees

2275 2048 2415 2110 laici
2470 2067 2599 2110 non
2643 2055 2819 2110 erant
2867 2047 3237 2120 Christiani,
3272 2061 3394 2105 nou
3432 2051 3623 2124 poterat
3655 2047 3711 2104 iiii

2270 2143 2591 2203 commode
2622 2143 2735 2202 uti.
2786 2142 2864 2201 Et
2898 2139 3017 2200 hac
3056 2139 3303 2199 ratione
3331 2137 3521 2197 Patres
3557 2137 3709 2197 illorum

2268 2240 2619 2315 temporum
2650 2233 3117 2312 reprehendunt
3144 2229 3496 2304 catholicos,
3516 2231 3599 2308 qui
3623 2231 3713 2289 oeci-

2267 2327 2499 2389 debant
2522 2327 2867 2400 haereticos,
2906 2324 3053 2404 quia
3091 2331 3329 2385 temere
3350 2329 3425 2384 'et
3468 2324 3577 2382 sine
3592 2331 3711 2400 potes-

2264 2427 2393 2482 tate
2420 2421 2764 2494 faciebant,
2750 2442 2764 2457 ·
2797 2427 3009 2499 postea
3036 2435 3187 2478 vero
3216 2417 3583 2496 imperatores
3600 2417 3709 2475 dirs-

2262 2515 2419 2577 tiani
2459 2523 2778 2593 coeperunt
2818 2513 3023 2592 poenis
3066 2525 3345 2572 ‹zoes-cere
3390 2509 3655 2582 haereticos,
3676 2519 3744 2567 et

2262 2611 2436 2688 prius
2464 2605 2792 2669 levioribus
2810 2605 3011 2685 poenis
3034 2605 3130 2664 usi
3158 2612 3344 2681 sunt;
3360 2607 3423 2665 et
3436 2599 3744 2683 quiaexperfi¹

2265 2707 2413 2762 sunt
2453 2700 2589 2761 illas
2623 2717 2748 2760 non
2792 2698 3093 2770 sufficere,
3124 2699 3381 2758 tandem
3416 2698 3487 2756 ad
3524 2696 3707 2754 ultiman

2263 2794 2631 2868 remedium,
2660 2799 2723 2853 et
2742 2791 3115 2871 supplicium
3137 2797 3551 2870 pervenerunt,
3566 2797 3615 2848 ut
3632 2807 3707 2848 mox

2262 2887 2331 2948 in
2376 2888 2655 2967 sequenti
2710 2887 2982 2946 sectione
3028 2883 3398 2944 videbimus.
3436 2885 3504 2943 Bt
3528 2884 3613 2943 hoc
3642 2903 3698 2942 ne

2266 2981 2345 3040 do
2388 2980 2629 3040 locutus
2664 2985 2754 3040 est
2794 2977 3179 3057 Augustinus
3228 2979 3295 3037 in
3334 2978 3520 3038 citatis
3548 2977 3703 3048 torisa

2268 3079 2447 3134 tract.
2492 3076 2558 3133 ss
2596 3073 2661 3132 in
2690 3073 2893 3144 Joan.,
2929 3078 2993 3131 et
3018 3071 3282 3149 epistola
3312 3071 3413 3145 66,
3440 3078 3494 3130 et
3524 3071 3575 3129 id
3598 3069 3703 3146 magis

2265 3165 2606 3227 declaravit
2628 3167 2669 3226 2
2686 3166 2952 3226 Reti-act.
2964 3207 2981 3238 ,
2998 3181 3053 3224 c.
3080 3165 3139 3224 5.
3164 3163 3336 3224 Solet
3356 3168 3543 3224 autem
3560 3176 3695 3241 ραι·

2265 3261 2481 3319 mortis
2526 3259 2829 3338 excipere,
2878 3259 3026 3337 quia
3074 3275 3189 3317 suo
3230 3263 3493 3336 tempore
3536 3256 3705 3314 nondun

2268 3361 2397 3414 erat
2429 3353 2492 3412 in
2520 3371 2655 3412 usu.
2694 3353 2813 3412 Leo
2838 3357 3046 3411 autem
3078 3353 3270 3430 Papa,
3292 3352 3361 3411 in
3386 3350 3542 3430 epist.
3568 3347 3709 3422 &aias

2266 3447 2337 3508 91
2374 3445 2471 3506 vel
2498 3447 2603 3520 93,
2645 3463 2779 3525 cap.
2815 3450 2874 3519 1,
2919 3445 3287 3506 indistincte
3334 3443 3511 3504 dixit:
3556 3439 3742 3530 Pras&

2266 3541 2389 3602 ista
2430 3539 2733 3601 districtio
2768 3539 3189 3601 ecclesiasticae
3228 3537 3493 3610 lenitati,
3518 3555 3629 3617 qm,
3652 3531 3715 3594 εἰς·
3741 3537 3742 3590 ἰ

2271 3631 2666 3695 ecclesiastico
2718 3637 2995 3695 contenta
3027 3633 3271 3712 judicio
3318 3640 3569 3695 cruentas
3582 3629 3715 3706 emi!

2268 3723 2548 3801 ultiones,
2574 3727 2802 3787 severis
2842 3731 3045 3787 camon
3072 3725 3569 3788 constitutionibus
3598 3721 3711 3786 ciris-

2270 3817 2575 3880 &auorum
2594 3819 2949 3900 principum
2976 3819 3333 3898 αιζᾷιιυαίιιν.
3368 3819 3439 3880 Et
3464 3817 3635 3877 similia
3652 3817 3713 3874 in·

2266 3910 2373 3971 bet
2395 3913 2651 3991 Optatus
2681 3928 2701 3988 3
2732 3914 2975 3972 vicinus
3002 3915 3189 3973 etiam
3226 3912 3588 3991 Augustinus,
3616 3907 3711 3969 libro

2269 4006 2307 4064 3
2329 4012 2545 4066 contra
2571 4005 2991 4077 parmenian„
3034 4004 3142 4065 ubi
3170 4007 3367 4066 variis
3392 4003 3627 4083 exemplis
3643 4003 3709 4060 hoc

2267 4098 2612 4160 confirmat.
2650 4099 2723 4158 Et
2762 4099 2951 4159 simili
2998 4098 3183 4158 modo
3231 4099 3567 4166 Bet-nardus.
3596 4109 3705 4156 sem·

2266 4191 2346 4251 66
2396 4191 2459 4250 in
2502 4190 2763 4263 Cantic.,
2802 4209 2941 4250 cum
2972 4191 3457 4270 reprehendisset
3492 4191 3701 4268 quosdam.

2266 4285 2373 4363 qui
2402 4285 2649 4363 propria
2668 4284 3035 4344 auctoritate
3058 4283 3379 4345 haereticos
3400 4285 3615 4344 occisiere
3628 4289 3703 4337 ιιι·

2266 4376 2498 4449 tabant,
2530 4377 2789 4450 addidit,
2824 4395 2934 4456 per
2962 4378 3251 4437 eumdem
3284 4378 3493 4439 debere
3514 4375 3625 4446 fieri,
3644 4369 3705 4450 sti

2264 4487 2383 4531 nou
2404 4469 2533 4531 sine
2556 4487 2743 4532 causa
2757 4471 3029 4549 qladium
3045 4475 3275 4549 porcat.
3330 4469 3583 4531 Ultimum
3600 4461 3701 4522 dmi·

2266 4581 2385 4641 que
2412 4570 2854 4640 argumentum
2882 4564 3244 4624 sumebatur
3264 4583 3341 4626 ex
3368 4559 3701 4642 comparatione

2262 4655 2341 4715 ad
2378 4655 2528 4716 alios
2556 4654 2870 4733 infideles;
2908 4656 3015 4716 scil
3042 4661 3357 4736 responsio
3392 4663 3475 4716 aet
3500 4659 3550 4714 in
3574 4665 3699 4730 prom-

2262 4753 2391 4828 ptu,
2434 4767 2581 4809 nam
2610 4749 2660 4808 si
2686 4749 2765 4809 sit
2804 4767 3007 4810 sermo
3026 4750 3103 4810 dc
3129 4750 3361 4812 Judaeis
3378 4755 3435 4810 et
3460 4743 3699 4808 Sami-ems

2260 4859 2387 4901 non
2417 4840 2760 4921 baptizatis,
2798 4861 2924 4903 non
2952 4849 3042 4903 est
3078 4844 3294 4904 similis
3322 4844 3487 4915 ratio,
3516 4839 3619 4917 quia
3644 4831 3694 4891 iili

2260 4953 2385 4994 non
2434 4941 2577 4996 sunt
2628 4935 2859 4996 subditi
2908 4935 3313 5013 jurisdictioni
3370 4933 3697 4997 ecclesiastice

2260 5029 2413 5088 sicut
2460 5037 2607 5089 sunt
2632 5030 2940 5107 haeretici,
2922 5047 2937 5062 ·
2992 5033 3041 5092 si
3071 5046 3217 5092 vero
3246 5047 3437 5092 sermo
3476 5031 3539 5089 sit
3568 5021 3701 5084 (leln-

2262 5123 2411 5181 daeis
2440 5129 2504 5183 et
2540 5123 2892 5184 Sarracenis
2916 5127 3205 5205 apostatis
3246 5145 3283 5185 a
3310 5125 3444 5198 fide,
3490 5137 3627 5200 qnam
3660 5115 3701 5172 in

2262 5215 2568 5296 baptismo
2593 5219 2849 5297 professi
2869 5213 3697 5301 sunt,respondemuseoeet1m

2261 5329 2389 5372 esse
2436 5312 2655 5389 dignos
2694 5329 2879 5388 poena
2922 5314 3164 5388 mortis,
3202 5313 3373 5373 etita
3396 5307 3561 5390 quoad
3580 5299 3738 5383 J'uris-

2259 5403 2591 5464 dictionem
2632 5405 2911 5466 Ecclesiae
2940 5425 3049 5485 pro
3076 5405 3366 5467 haereticis
3396 5411 3627 5480 reputari
3658 5398 3695 5448 θ’
3737 5383 3738 5434 ¹

2256 5496 2372 5558 hac
2396 5515 2583 5576 poeua
2607 5499 2765 5560 sicut
2787 5499 2891 5560 alii
2930 5501 3160 5582 puniri
3737 5461 3738 5518 ¹
