3900 6217
568 290 687 357 *2⁶06

562 421 811 471 secretas
852 409 1319 471 admonitionis.
1364 410 1513 471 Item
1564 410 1713 490 quia
1751 412 1935 491 pauci
1985 417 2131 472 sunt

568 503 676 581 qui
706 511 957 565 servant
984 509 1314 577 secretum,
1346 503 1509 564 etde
1538 503 1853 583 superiore
1886 505 1949 565 id
1979 505 2130 565 faci-

566 597 685 659 lius
716 597 882 659 credi
910 602 1110 677 potest
1130 642 1149 672 ,
1180 595 1481 657 nimirum
1519 615 1646 658 non
1678 597 2128 659 infamatumm

565 690 843 751 subditos
870 690 1035 770 apud
1067 689 1239 751 alioS.
1272 689 1391 751 Sed
1426 690 1493 750 in
1520 689 1639 752 hoc
1666 697 1761 753 est
1800 690 2130 771 prudentia

563 784 903 845 servanda:
949 801 1099 843 nam
1148 783 1218 843 in
1266 782 1589 845 individuo
1626 785 1882 846 tortasse
1927 785 2128 863 magis

562 876 915 937 irritaretur
960 876 1303 955 proximus,
1339 877 1407 936 ln
1460 894 1535 939 eo
1582 882 1791 939 tamen
1836 896 1976 939 casu
2018 924 2036 952 ,
2075 877 2127 939 si

564 967 721 1027 alter
762 968 1079 1029 emendari
1107 967 1289 1043 nolit,
1318 970 1600 1049 superior
1630 971 1954 1050 procedere
1997 990 2125 1032 non

564 1066 765 1140 potest
792 1106 809 1135 ,
862 1079 977 1121 nec
1022 1062 1349 1141 superioris
1394 1070 1599 1124 actum
1651 1082 1969 1140 exercere,
2005 1065 2125 1125 nisi

563 1155 820 1215 fortasse
874 1161 1193 1235 peccatum
1240 1156 1321 1217 sit
1372 1163 1587 1217 contra
1636 1174 1968 1217 commuue
2016 1156 2126 1217 bo-

564 1267 715 1309 num
746 1271 763 1323 ;
802 1256 953 1309 tunc
980 1250 1147 1310 enim
1177 1250 1436 1311 recurrit
1463 1252 1646 1311 tertia
1684 1250 1995 1312 conclusio
2019 1270 2126 1331 po-

564 1342 683 1402 sita
710 1361 775 1403 n.
808 1345 869 1404 5.

646 1438 744 1497 46.
815 1436 1161 1500 Secundum
1220 1437 1611 1501 coronarium
1666 1455 1970 1502 commune
2036 1440 2119 1501 D.

564 1530 811 1593 Tkomoe
862 1535 921 1592 et
970 1530 1251 1592 aliorum.
1292 1565 1373 1577 --
1420 1530 1650 1592 Ultimo
1705 1532 2125 1611 principaliter

568 1622 881 1700 colligitur
910 1623 972 1681 in
1000 1622 1118 1683 hoc
1148 1641 1373 1701 genere
1404 1624 1796 1700 delictorum,
1828 1632 1980 1685 tunc
2021 1626 2125 1685 de-

564 1733 738 1775 mum
768 1716 949 1776 licere
990 1717 1347 1777 immediato
1391 1717 1761 1780 denuntiare
1802 1725 2122 1799 peccatum

562 1808 768 1867 fratris
794 1808 1071 1887 praelatO,
1106 1812 1527 1888 praetermissis
1554 1812 1795 1872 duobus
1816 1812 2122 1892 prioribus

471 1913 482 1923 ·
561 1899 823 1975 actibuS,
861 1902 1109 1979 quando
1153 1902 1229 1964 de
1281 1922 1497 1965 eorum
1546 1905 1813 1965 utilitate
1865 1923 1996 1965 non
2031 1912 2121 1965 est

558 1994 825 2071 spes.1ta
848 1994 917 2054 D.
940 1994 1207 2057 Thomas
1234 2002 1297 2057 ct
1322 2016 1559 2059 omues».
1591 1999 1769 2060 Ratio
1804 2004 1917 2071 cst,
1946 1999 2114 2076 quia,

560 2091 634 2145 ut
674 2104 751 2147 ex
795 2086 1132 2165 Evangelio
1161 2096 1425 2167 constat,
1451 2092 1701 2170 quando
1734 2110 1844 2170 per
1886 2092 2120 2170 priores

561 2177 716 2239 duos
753 2186 923 2240 actus
964 2198 1090 2243 non
1149 2184 1585 2263 consequimur
1626 2184 1911 2245 effectum
1940 2228 1960 2258 ,
2015 2184 2120 2244 de-

556 2273 975 2334 nuntiandum
1018 2280 1151 2349 est;
1184 2294 1333 2356 ergo
1358 2279 1410 2337 si
1440 2276 1535 2337 illi
1557 2278 1892 2338 creduntur
1924 2277 2120 2338 futuri

560 2366 785 2442 otiosi,
818 2369 1203 2447 praetermitti
1257 2376 1529 2448 possunt.
1566 2373 1641 2431 Et
1686 2370 2112 2447 confirmatur,

558 2464 705 2539 quia
726 2458 991 2539 utroque
1021 2462 1204 2524 modo
1232 2463 1571 2525 infamatur
1602 2465 1951 2544 aliqualiter
1979 2481 2116 2541 pro-

558 2553 763 2613 ximus
818 2554 979 2615 circa
1018 2555 1381 2635 praelatum3
1428 2565 1491 2618 et
1527 2557 1683 2619 illud
1722 2558 2116 2638 postponitur

558 2650 809 2725 propter
835 2645 1069 2709 bonum
1106 2651 1337 2711 animae
1373 2650 1441 2709 in
1466 2669 1593 2713 uno
1634 2670 1775 2711 casu
1808 2673 1825 2725 ;
1878 2670 2028 2729 ergo
2051 2651 2117 2711 in

558 2737 773 2800 altero.
806 2739 927 2801 Sed
968 2748 1204 2802 contra.
1262 2744 1393 2803 Non
1444 2744 1613 2805 enim
1650 2744 1935 2804 facienda
1974 2748 2119 2803 sunt

560 2831 727 2891 mala
749 2839 999 2913 propter
1038 2836 1201 2895 hona
1228 2858 1245 2911 3
1276 2837 1381 2897 scd
1422 2837 1725 2898 infamare
1762 2837 2116 2916 proximum

562 2930 659 2985 est
683 2944 793 3003 per
823 2946 887 2987 se
930 2928 1199 3006 malum;
1243 2949 1411 3008 crgo,
1457 2930 1884 3010 Respondetur
1914 2930 2117 2989 detra-

562 3019 830 3080 ctionem
870 3021 1122 3099 quidem
1168 3041 1297 3085 csse
1330 3041 1441 3103 per
1492 3043 1559 3086 se
1608 3024 1861 3097 malam,
1911 3032 2124 3084 tamen

561 3111 1123 3176 manifestationem
1190 3116 1421 3196 peccati
1482 3116 1750 3197 proximi
1820 3134 1948 3177 non
1995 3132 2124 3175 esse

560 3220 667 3281 per
692 3224 757 3265 se
784 3206 1253 3281 detractionem,
1284 3209 1829 3289 nequeintriusece
1858 3209 2086 3269 malam
2102 3222 2121 3284 ;

560 3295 727 3359 unde
767 3297 911 3359 licet
944 3319 1017 3361 ca
1053 3304 1147 3362 uti
1192 3309 1486 3382 tanquam
1534 3302 1739 3362 medio
1780 3301 2125 3362 necessario

562 3390 653 3451 ad·
692 3392 891 3469 majus
926 3393 1163 3457 bonum
1202 3395 1494 3475 proximi,
1526 3412 1717 3474 quam
1760 3395 1841 3455 sit
1882 3412 2127 3456 conser-

565 3485 731 3545 vatio
772 3484 951 3549 famae
979 3487 1171 3567 ipsius
1212 3489 1377 3568 apud
1422 3489 1825 3568 superiorem;
1868 3486 2124 3547 servatis

565 3582 775 3639 tamen
800 3578 1024 3641 debitis
1058 3581 1557 3655 circumstantiis,
1588 3587 1659 3641 ut
1698 3580 1933 3641 dictum
1965 3587 2078 3641 est.

640 3676 738 3734 17.
793 3674 1264 3747 Quoesliunoula.
1286 3706 1367 3721 -—
1390 3676 1642 3738 Partem
1670 3672 2010 3755 negativam
2037 3692 2126 3736 se·

558 3767 771 3847 quitur
796 3766 966 3829 Suco,
987 3800 1069 3813 --
1086 3766 1391 3845 Assio-mac
1417 3764 1791 3841 Richardus,
1812 3772 1870 3830 et
1894 3767 2127 3829 indicat

555 3862 637 3923 D.
679 3860 1055 3923 Thomas.—-
1081 3859 1707 3941 Auctorisjudioium.
1736 3890 1818 3906 ·-
1849 3859 2126 3921 Dubitari

564 3959 777 4016 autem
799 3961 1019 4035 potest,
1044 3956 1095 4015 si
1118 3962 1399 4034 speretur
1417 3955 1769 4017 emendatio
1790 3953 1996 4015 fratris
2020 3970 2128 4032 per

565 4047 803 4126 priores
834 4054 1029 4123 actus,
1068 4054 1278 4109 tamen
1320 4066 1429 4127 per
1460 4048 1696 4128 praelati
1738 4047 2122 4109 emendatio-

566 4158 713 4201 nem
758 4148 1040 4221 speretur
1084 4160 1226 4207 cum
1265 4142 1463 4202 multo
1507 4140 1729 4219 majori
1768 4140 2000 4215 fructu,
2043 4158 2126 4200 an

566 4241 717 4295 tunc
738 4234 919 4296 liceat
938 4236 1146 4297 statim
1171 4235 1559 4307 denuntiare.
1584 4235 1729 4295 Soto
1748 4239 1957 4311 negat,
1981 4234 2128 4313 quia

568 4346 697 4388 non
736 4346 983 4409 possum
1028 4334 1271 4390 mutare
1314 4328 1597 4389 ordinem
1636 4326 1970 4394 charitatis
2016 4343 2130 4387 nec

568 4421 795 4483 laedere
822 4422 1175 4501 proximum
1201 4421 1271 4481 in
1296 4420 1463 4481 fama
1487 4425 1735 4499 propter
1762 4419 2088 4479 utilitatem
2105 4464 2122 4492 ‚

566 4514 675 4576 sed
698 4520 949 4595 propter
964 4514 1159 4575 solam
1183 4513 1631 4574 necessitatem.
1650 4510 2010 4583 RicharduS,
2025 4528 2126 4571 su-

568 4624 703 4685 pra,
728 4614 846 4666 art.
880 4608 942 4681 4,
960 4606 1249 4682 affirmat,
1282 4612 1345 4666 et
1370 4605 1549 4665 divus
1568 4604 1857 4679 ThomaS,
1887 4602 1954 4663 in
1975 4603 2121 4663 dict.

570 4699 853 4773 Quodlih.
876 4744 895 4775 ,
926 4700 1180 4774 indicat,
1222 4700 1369 4779 quia
1395 4696 1547 4760 illud
1576 4697 1779 4775 majiis
1806 4695 2128 4775 spirituale

566 4790 803 4852 bonum
830 4791 1287 4871 praeferendum
1314 4797 1445 4865 est3
1486 4789 1666 4849 sicuti
1691 4788 1968 4849 medicus
1995 4805 2127 4848 cor-

573 4884 797 4964 poralis
843 4885 1183 4964 prudenter
1222 4885 1422 4945 utitur
1460 4881 1761 4943 acerbiori
1796 4881 2124 4957 medicina,

568 4978 853 5057 quamvis
894 4994 1022 5039 non
1062 4978 1143 5039 sit
1186 4978 1365 5038 valde
1408 4974 1753 5037 necessaria
1770 5018 1787 5047 ,
1828 4974 1881 5035 si
1918 4978 2129 5033 tamen

570 5076 729 5133 esset
749 5070 927 5133 valde
950 5070 1157 5146 utilis;
1188 5088 1337 5131 nam
1358 5068 1632 5148 religiosi
1654 5067 1919 5129 instituti
1938 5072 2030 5127 est
2051 5065 2130 5127 ad

566 5163 1009 5245 perfectionem
1036 5164 1291 5225 tendere
1304 5179 1323 5240 ;
1354 5167 1561 5223 sancte
1578 5161 1773 5239 igitur
1798 5164 1991 5238 potest
2009 5158 2130 5219 tale

571 5258 815 5338 aliquod
866 5260 1221 5320 institutum
1267 5257 1347 5319 ob
1392 5257 1691 5335 majorem
1739 5253 2130 5315 subditorum

566 5352 953 5431 spiritualem
986 5352 1369 5432 profectum,
1407 5367 1549 5410 cum
1580 5348 1734 5409 illud
1762 5346 2126 5426 suscipiunt,

565 5446 647 5509 ab
672 5446 761 5507 eis
770 5446 1019 5524 exigere
1047 5452 1117 5505 ut
1138 5445 1263 5505 sint
1284 5441 1581 5518 contenti,
1598 5447 1669 5501 ut
1696 5456 1910 5502 eorum
1930 5439 2130 5501 desec-

1012 299 1250 357 mSPUT.
1285 299 1368 359 IX.
1405 304 1487 359 DE
1519 302 1749 359 onmNE
1780 306 1962 361 cinca
1991 302 2308 361 PERSONAS
2339 307 2664 363 SERVANDO
2699 310 2761 363 {N
2793 309 3146 365 PRAECEPTO.
3181 309 3316 362 Ere.

2207 416 2329 488 tus,
2381 413 2604 475 omissa
2633 414 2902 477 fraterna
2931 415 3294 486 monitione,
3333 414 3414 475 ad
3447 413 3756 492 praelatum

2208 511 2463 585 paterne
2497 507 2872 569 deferantur.
2927 510 3138 588 [taque
3172 509 3304 569 haec
3329 509 3642 569 sententia
3681 526 3760 567 se-

2209 600 2412 661 cunda
2437 599 2568 663 fere
2591 620 2831 682 semper
2867 602 2934 663 in
2962 601 3370 680 religionibus
3399 610 3500 661 est
3523 618 3749 679 sequen·

2209 692 2306 754 da.
2344 696 2410 755 In
2437 695 2573 757 aliis
2597 714 2767 772 vero,
2803 697 2910 775 qui
2939 696 3135 775 magis
3172 703 3319 757 sunt
3355 695 3458 757 sui
3483 694 3665 773 juris,
3707 700 3760 754 et

2209 788 2406 867 magis
2437 788 2704 868 pendent
2731 807 2806 849 ex
2833 788 3000 851 fama
3025 789 3122 850 vel
3151 788 3442 862 infamia,
3484 792 3550 847 et
3573 787 3760 847 minus

2207 886 2498 944 tenentur
2523 880 2601 942 ad
2628 884 2925 961 majorem
2953 888 3017 943 et
3049 882 3440 962 spiritualem
3481 880 3759 954 fructum,

2205 994 2334 1037 non
2359 982 2449 1037 est
2471 976 2648 1037 facile
2673 976 2780 1037 illa
2805 976 3104 1037 utendum
3121 1024 3138 1051 ,
3182 976 3303 1038 nisi
3333 976 3404 1035 in
3435 992 3514 1035 eo
3541 991 3678 1033 casu
3705 975 3760 1033 in

2205 1088 2331 1149 quo
2378 1071 2670 1131 timeatur
2723 1068 3126 1148 probabiliter
3200 1070 3278 1129 de
3352 1068 3762 1147 perseveranti

2205 1163 2659 1233 emendatione,
2699 1160 2802 1223 vel
2839 1167 3002 1223 certe
3041 1162 3147 1223 ille
3185 1164 3388 1241 major
3425 1160 3668 1221 fmctus
3701 1161 3767 1220 sit

2205 1255 2522 1317 notabilis,

2285 1351 2386 1411 18.
2429 1352 2519 1412 De
2558 1351 2782 1414 duobus
2813 1350 3048 1413 actibus
3081 1347 3322 1411 edtimis
3351 1365 3430 1410 ex
3449 1346 3766 1429 propositis

2204 1440 2388 1502 initio
2411 1444 2784 1523 quoeatiom’s.
2809 1478 2884 1489 «-
2911 1444 3084 1503 Circa
3107 1442 3264 1503 duos
3291 1447 3474 1502 actus
3503 1440 3758 1515 ultimos,

2205 1536 2312 1615 qui
2341 1538 2416 1597 ad
2449 1538 2826 1616 superiorem
2853 1541 3167 1616 spectant,
3205 1534 3412 1596 solum
3445 1540 3544 1594 est
3569 1533 3762 1593 adver-

2205 1629 2484 1704 tendum,
2509 1636 2642 1707 post
2664 1630 2888 1691 factam
2913 1629 3486 1703 denuntiationem,
3511 1626 3760 1705 superio·

2203 1738 2334 1781 rem
2367 1739 2492 1781 non
2521 1739 2692 1800 posse
2714 1722 2868 1801 juris
2897 1721 3114 1781 ordine
3139 1720 3510 1799 procedere,
3541 1736 3656 1778 nec
3681 1720 3757 1776 in-

2204 1819 2514 1881 terroaare
2537 1811 2836 1893 juridice,
2863 1815 3011 1894 quia
3044 1820 3248 1875 totum
3281 1814 3407 1874 hoc
3447 1812 3654 1872 iorum
3681 1817 3758 1871 est

2201 1913 2526 1967 secretum.
2563 1908 2712 1968 Item
2745 1926 3066 1987 nunqnam
3091 1914 3294 1988 potest
3315 1926 3358 1968 a
3381 1905 3660 1967 secundo
3678 1923 3758 1964 ac-

2200 2005 2270 2058 tu
2297 1999 2568 2077 incipere
2599 2002 2824 2061 omisso
2850 2003 3078 2080 primo,
3107 2002 3256 2080 quia
3277 2016 3414 2060 non
3445 2003 3648 2077 potest
3669 2016 3756 2057 ex-

2200 2093 2676 2166 communicare,
2709 2093 2828 2154 nisi
2851 2097 3166 2174 supposita
3192 2092 3628 2167 contumacia,
3660 2091 3756 2169 igi-

2200 2190 2306 2245 tur
2331 2186 2512 2247 debet
2535 2187 2702 2265 prius
2724 2188 3050 2266 corripere,
3083 2194 3146 2249 et
3175 2188 3226 2249 si
3253 2186 3550 2248 subditus
3572 2201 3756 2245 emen-

2200 2278 2404 2346 datur,
2435 2287 2625 2339 cessat
2645 2279 2798 2340 ordo
2822 2280 3152 2359 judicialis,
3179 2298 3298 2341 nec
3320 2283 3540 2357 potest
3556 2275 3754 2356 punire

2197 2368 2490 2431 delictum
2533 2376 2604 2431 ut
2639 2372 2855 2449 judex,
2899 2373 3284 2451 imponendo
3317 2369 3620 2431 videlicet
3650 2386 3754 2447 poe·

2197 2482 2344 2527 nam
2369 2482 2406 2525 a
2435 2464 2577 2543 jure
2603 2470 2916 2525 statutam.
2977 2468 3182 2526 Potest
3224 2471 3450 2526 tamen
3505 2461 3751 2541 aliquam

2195 2557 2616 2636 poenitentiam
2651 2556 3040 2618 arbitrariam
3079 2558 3444 2637 injungere,
3489 2560 3564 2615 ut
3605 2558 3755 2633 putat

2197 2650 2401 2723 Sotus,
2421 2649 2496 2710 de
2519 2650 2806 2725 ‘regendo
2833 2656 3088 2726 secreto,
3117 2650 3352 2711 memb.
3377 2652 3448 2723 2,
3475 2654 3682 2728 quaest.
3701 2650 3752 2721 A,

2199 2742 2584 2804 conclusione
2611 2746 2669 2803 7.
2705 2744 2771 2804 Si
2801 2762 2948 2805 vero
2978 2763 3106 2805 non
3131 2744 3548 2823 consequitur
3575 2742 3753 2802 inten-

2199 2843 2334 2895 tum
2369 2854 2477 2912 per
2521 2836 2790 2914 primum
2829 2842 3061 2912 actum,
3080 2838 3418 2917 procedere
3457 2841 3656 2916 potest
3685 2833 3748 2893 ad

2203 2928 2922 3003 excommunicationem,
2953 2930 3004 2989 si
3037 2936 3129 2989 est
3157 2944 3337 3009 spes3
3377 2930 3436 2989 si
3469 2946 3616 2989 vero
3641 2944 3748 2986 non

2205 3021 2306 3093 sit,
2353 3038 2584 3081 cessare
2623 3020 2807 3081 debet
2832 3067 2850 3096 ,
2907 3022 3032 3083 nisi
3080 3022 3232 3082 velit
3289 3027 3544 3081 tentare
3588 3019 3750 3079 aliam

2205 3115 2373 3173 viam
2411 3114 2845 3192 inquisitioniS,
2895 3114 2996 3175 vel
3048 3112 3576 3186 denuntiationis,
3623 3117 3746 3184 etc„

2205 3205 2454 3286 quando
2489 3205 2676 3267 habet
2703 3208 2937 3282 media,
2979 3207 3206 3286 quibus
3233 3206 3514 3285 juridice
3549 3204 3612 3264 id
3641 3203 3752 3263 fieri

2207 3300 2416 3377 possit.

2678 3486 3130 3550 DISPUTATIO
3183 3485 3280 3547 lX.

2207 3688 2285 3733 mi·
2325 3688 2540 3733 onnmz
2595 3687 2764 3733 cmm
2803 3688 3100 3736 muamus
3149 3688 3472 3735 SERVANDO
3517 3688 3578 3735 m
3613 3688 3750 3735 PM-

2387 3780 2568 3827 GEPTO
2607 3778 2954 3829 emanans
2993 3780 3074 3828 BT
3113 3781 3579 3829 msnmconnm.

2290 3949 2628 4015 Commio
2669 3950 2853 4030 hujus
2897 3950 3328 4033 disputationis
3353 3980 3382 4026 ;
3433 3953 3617 4017 recole
3651 3949 3748 4012 ini-

2207 4044 2356 4107 tium
2375 4045 2654 4109 sectionis
2678 4047 2744 4123 4,
2761 4044 2918 4125 disp.
2953 4048 2982 4105 1
2997 4092 3011 4106 .
3036 4076 3118 4092 —-
3141 4047 3227 4107 De
3257 4047 3382 4108 hac
3408 4066 3480 4108 re
3507 4047 3748 4126 disputat

2206 4138 2384 4199 divus
2415 4137 2678 4199 Thomas
2707 4139 2896 4199 variis
2937 4138 3004 4198 in
3034 4137 3222 4214 lociS,
3261 4144 3337 4199 ut
3365 4142 3431 4200 2.
3478 4143 3540 4214 2,
3573 4150 3744 4217 quaes·

2207 4231 2358 4291 tion.
2391 4232 2492 4307 26,
2527 4236 2591 4291 et
2617 4231 2718 4306 31,
2747 4229 2987 4291 articul.
3020 4232 3084 4306 3,
3115 4237 3178 4292 et
3207 4232 3312 4305 32,
3343 4231 3589 4293 articul.
3619 4232 3676 4303 9,
3697 4232 3746 4287 et

2207 4325 2308 4398 44,
2339 4322 2578 4384 articul.
2611 4325 2671 4383 6.
2707 4322 2822 4383 Sed
2847 4323 3232 4384 commodius
3259 4324 3326 4383 in
3363 4324 3490 4385 hoc
3515 4340 3633 4381 uno
3659 4334 3745 4379 ex-

2209 4417 2488 4498 pedietur
2523 4432 2546 4493 3
2591 4417 2896 4496 explicata
2936 4417 3106 4479 enim
3151 4417 3508 4479 substantia
3548 4415 3744 4475 horum

2207 4516 2649 4590 praeceptorum
2672 4553 2692 4584 ,
2750 4509 2992 4570 facilius
3033 4510 3424 4588 intelligetur
3467 4508 3648 4580 ord03
3693 4510 3744 4565 et

2205 4606 2354 4683 quia
2371 4602 2784 4664 misericordia
2805 4620 2932 4665 non
2949 4601 3136 4663 habet
3151 4602 3360 4665 locum
3381 4619 3532 4681 erga
3549 4602 3740 4667 Deum,

2207 4705 2268 4758 et
2293 4714 2466 4757 amor
2495 4696 2589 4756 illi
2616 4696 2854 4757 debitus
2879 4694 3285 4757 essentialiter
3305 4694 3578 4757 includit
3601 4690 3740 4753 ordi-

2207 4808 2351 4851 nem
2385 4807 2568 4869 quem
2595 4790 2722 4867 jam
2763 4788 3179 4867 exposuimus,
3217 4789 3516 4869 disputat.
3548 4790 3608 4860 2,
3637 4800 3744 4844 sec-

2209 4883 2362 4943 tion.
2383 4883 2442 4957 3,
2455 4881 2824 4943 ostendendo
2841 4882 3032 4942 Deum
3053 4899 3184 4942 esse
3199 4899 3390 4961 super
3401 4880 3610 4943 omnia
3623 4876 3741 4937 dili-

2209 4974 2505 5054 gendum,
2529 4974 2664 5035 ideo
2685 4974 2884 5035 solum
2905 4973 3404 5053 comparabimus
3425 4979 3488 5035 et
3509 4970 3743 5048 diligen·

2209 5076 2338 5131 tem
2365 5070 2442 5129 ad
2465 5087 2551 5141 se,
2581 5080 2644 5130 et
2667 5068 2746 5129 ad
2771 5068 2924 5130 alios
2959 5067 3298 5147 proximos,
3342 5074 3406 5129 et
3433 5067 3594 5147 ipsos
3615 5078 3740 5143 pro·

2209 5162 2409 5222 ximos
2435 5162 2596 5223 inter
2623 5177 2718 5238 se3
2747 5166 2810 5221 et
2835 5158 2982 5239 quia
3009 5159 3110 5220 hic
3137 5160 3290 5221 ordo
3313 5160 3548 5240 positus
3573 5154 3740 5219 estin

2209 5254 2675 5333 appretiatione,
2710 5252 2817 5333 qui
2855 5270 2896 5311 a
2931 5251 3110 5313 nobis
3139 5252 3272 5313 fere
3307 5251 3590 5331 explicari
3627 5264 3736 5307 non

2209 5351 2408 5426 potest
2433 5348 2552 5407 nisi
2581 5364 2692 5425 per
2715 5350 2886 5405 actus
2907 5349 2971 5404 et
2993 5343 3292 5405 beneficia
3316 5350 3590 5416 externa,
3613 5340 3735 5399 ideo

2209 5444 2376 5501 recte
2421 5438 2758 5519 explicatur
2797 5436 2980 5498 simul
3017 5436 3169 5499 ordo
3208 5436 3278 5497 in
3313 5454 3544 5511 amore,
3583 5438 3642 5495 et
3675 5432 3730 5490 in
