3900 6217
814 449 981 506 SEC‘l'.
1024 456 1103 507 tx.
1142 454 1223 505 AN
1256 453 1379 505 NON
1412 452 1601 505 VlSUH
1635 454 1755 504 vm..
1786 452 1909 507 NON
1942 456 2166 509 sclTUM
2201 456 2296 507 sl‘r
2330 454 2632 511 CONDlTlss.
2671 450 2803 505 ETC.

182 568 353 613 vero
384 551 655 613 ulterius
682 552 1075 614 concluditur
1109 572 1235 614 non
1264 571 1403 615 esse
1434 554 1621 615 etiam
1648 551 1777 613 for-

186 646 441 707 malem
486 646 971 725 repugnantiam
1008 648 1173 708 inter
1212 647 1492 709 habiturn
1528 647 1671 708 fidei
1710 652 1773 707 et

3337 442 3416 506 89

1859 574 2016 635 quos
2055 557 2225 618 Deus
2267 560 2470 636 potest
2509 571 2770 618 causare
2809 553 2874 613 in
2913 558 3160 625 mente,
3199 548 3418 613 testifi-

1855 650 2058 711 cando
2105 651 2258 711 illud
2301 651 2530 729 ipsum,
2575 646 2745 727 quod
2786 646 3052 716 videtur,
3095 646 3241 723 quia
3274 645 3420 707 licet

188 737 425 799 lumen
448 738 683 818 glor-ite,
714 738 885 818 quod
908 740 1095 801 etiam
1120 740 1391 802 ostendit
1413 742 1767 820 exemplum
1850 742 1913 802 in
1944 744 2061 805 hoc
2086 744 2372 803 videatur
2397 760 2532 803 esse
2557 740 2976 819 superfluitaS‚
3009 736 3091 797 ad
3119 737 3420 799 ostensio·

192 832 411 906 Pauli,
464 840 527 893 ct
554 834 722 912 quia,
755 834 913 895 sicut
952 834 1201 895 habitus
1232 834 1377 895 fidei
1414 853 1541 895 non
1580 854 1768 915 repu-

190 931 363 1005 gnat
380 942 531 985 eum
550 926 795 1005 objecto
812 926 969 997 viso,
994 927 1079 987 ita
1102 927 1289 988 etiam
1311 945 1437 987 uon
1466 934 1777 1006 repugnat

198 1036 357 1078 cum
380 1018 629 1098 objecto
650 1018 895 1094 visibili,
928 1026 997 1080 ut
1034 1020 1121 1080 sic
1156 1020 1357 1081 dicam
1382 1038 1396 1093 ;
1424 1038 1536 1099 per
1560 1021 1776 1081 lumen

198 1118 437 1173 autem
468 1110 694 1191 gloriae,
738 1113 992 1191 praecise
1022 1113 1360 1192 loquendo,
1402 1130 1475 1174 ac
1500 1113 1779 1175 formali-

200 1212 333 1276 ter,
360 1222 493 1266 non
524 1205 595 1266 fit
616 1206 925 1284 objectum
968 1212 1111 1267 actu
1142 1206 1365 1279 visum,
1399 1206 1509 1267 sed
1538 1206 1775 1269 visibile

200 1316 297 1358 ex
312 1303 499 1375 parte
510 1298 793 1377 potentiae
810 1314 829 1375 ;
851 1315 1003 1377 ergo
1022 1298 1217 1359 mtho
1246 1300 1453 1359 minus
1470 1306 1778 1380 repugnat

194 1392 443 1451 lumen
462 1392 632 1470 quasi
650 1388 963 1452 habituale
984 1409 1127 1452 cum
1154 1392 1371 1452 habitu
1392 1392 1560 1463 fidei,
1588 1410 1779 1471 quam

196 1483 483 1545 habitus
498 1483 639 1545 fidei
664 1502 805 1543 cum
832 1484 1061 1545 actuali
1079 1484 1337 1545 visione.
1366 1483 1523 1555 Quin
1546 1486 1776 1564 potius,

196 1576 263 1637 ei
299 1576 387 1637 de
418 1577 689 1655 potentia
714 1574 999 1637 absoluta
1027 1575 1243 1650 fieret,
1299 1583 1365 1637 ut
1402 1577 1615 1638 lumen
1648 1579 1783 1657 glo-

198 1672 331 1730 riae
386 1676 671 1731 maneret
712 1669 776 1729 in
814 1670 1129 1731 intellectu
1167 1688 1295 1731 non
1340 1670 1589 1731 vidente
1636 1679 1779 1731 actu

200 1765 461 1831 Deum,
484 1765 543 1822 in
572 1762 671 1823 illo
696 1780 833 1823 esse
878 1770 1089 1842 posset
1134 1781 1259 1823 non
1280 1764 1483 1824 solum
1506 1764 1776 1835 habitus,

204 1856 337 1916 sed
362 1856 555 1917 etiam
584 1861 753 1917 aetus
780 1856 962 1929 fidei,
1014 1857 1161 1935 quia
1198 1856 1367 1917 solus
1398 1855 1679 1927 habituS,
1713 1862 1781 1917 ut

208 1968 422 2028 supra
456 1949 613 2017 dixi,
650 1950 821 2011 nullo
848 1950 1037 2011 modo
1066 1950 1221 2011 tollit
1250 1954 1359 2011 aut
1382 1950 1641 2028 impedit
1670 1950 1783 2009 ob·-

200 2044 467 2122 jectum
510 2042 673 2116 fidei,
718 2043 816 2103 vel
864 2042 1216 2104 libertatem
1265 2044 1329 2104 iu
1381 2042 1781 2104 assentiendo

206 2144 491 2215 propter
512 2136 677 2196 illud.
710 2135 865 2207 Quia
888 2154 1038 2197 vero
1066 2135 1143 2197 de
1174 2136 1337 2197 facto
1359 2141 1421 2196 et
1448 2154 1525 2197 ex
1554 2143 1781 2197 natura

206 2228 341 2303 rei,
370 2229 583 2288 lumen
610 2229 821 2308 glorias
848 2246 1101 2307 semper
1125 2235 1219 2290 est
1246 2229 1313 2289 in
1334 2235 1475 2289 actu
1502 2226 1797 2305 secundo·

205 2320 489 2382 visionis
510 2322 641 2393 Dei,
668 2321 813 2383 ideo
846 2322 1136 2383 eamdem
1165 2322 1645 2401 repugnantiam
1677 2340 1785 2381 na·-

208 2416 519 2482 tux-atem.
552 2421 619 2475 ut
644 2415 731 2477 sic
750 2415 981 2492 dicam,
1010 2415 1199 2476 habet
1224 2434 1367 2476 cum
1400 2421 1543 2475 actu
1570 2414 1738 2476 fidei.

298 2511 411 2571 33.
460 2507 705 2583 Quinam
740 2510 835 2572 ita
870 2510 1155 2573 sentiant.
1206 2540 1287 2557 --
1332 2508 1513 2595 Suagi
1540 2512 1646 2571 tm·
1680 2528 1787 2572 ra-

212 2606 411 2665 tione.
444 2634 523 2649 -
554 2603 647 2665 Et
670 2602 957 2680 exemplo.
996 2634 1075 2649 --
1113 2603 1417 2681 Denique,
1448 2604 1619 2682 quod
1653 2604 1785 2664 haec

214 2696 641 2773 repugnantia
666 2695 829 2755 inter
854 2702 1053 2768 actua,
1098 2715 1225 2758 non
1256 2696 1335 2758 sit
1359 2697 1423 2755 in
1456 2696 1675 2757 ordine
1705 2694 1787 2756 ad

214 2788 571 2867 potentiam
598 2788 941 2849 absolutam
975 2790 1107 2864 Dei,
1143 2807 1263 2850 nec
1290 2808 1405 2868 per
1428 2789 1786 2868 implicatio-

218 2900 367 2941 nem
390 2880 923 2952 contradictioniS,
944 2882 1129 2942 sentit
1152 2883 1327 2943 Alex.
1348 2881 1591 2956 AlenS„
1620 2886 1657 2941 3
1690 2900 1781 2960 p.‚

232 2992 297 3052 q.
320 2975 425 3041 68,
454 2980 515 3034 et
539 2981 711 3034 tenet
734 2974 1091 3045 Dur-andus,
1122 2974 1185 3033 in
1212 2976 1273 3046 3,
1302 2975 1445 3035 dist.
1484 2977 1585 3045 31,
1626 2992 1689 3053 q.
1718 2977 1779 3047 4,

236 3069 337 3127 ubi
362 3068 547 3127 etiam
584 3068 803 3145 Major,
834 3073 895 3129 et
924 3068 1216 3138 Bassolis,
1245 3074 1305 3128 nt
1344 3067 1681 3147 Gregorius
1720 3068 1782 3127 in

228 3160 475 3239 prolog.
502 3160 815 3233 Sentent.,
853 3179 915 3239 q.
950 3162 1009 3227 3,
1042 3167 1159 3221 art.
1194 3162 1255 3221 Ξ.
1289 3162 1467 3221 Ratio
1498 3179 1647 3221 vero
1692 3166 1786 3221 est

222 3271 415 3331 snpra
442 3258 627 3324 tacta,
656 3252 803 3331 quia
832 3253 1103 3315 conditio
1131 3271 1249 3314 non
1270 3255 1411 3326 visi,
1446 3272 1571 3313 non
1608 3254 1787 3315 aliter

222 3354 321 3405 est
348 3345 437 3405 de
458 3345 791 3405 intrinseca
814 3346 1054 3407 ratione
1076 3346 1247 3415 fidei,
1276 3364 1466 3425 quam
1496 3353 1787 3425 respectu

220 3439 319 3498 sui
350 3438 585 3517 objecti
612 3438 911 3509 formalis,
954 3439 1035 3500 de
1064 3440 1245 3519 cujus
1272 3440 1511 3500 ratione
1542 3446 1639 3501 est
1660 3484 1675 3509 ,
1716 3443 1787 3501 ut

222 3533 305 3591 sit
342 3534 763 3593 extrinsecum
808 3533 1233 3594 testimonium
1254 3578 1271 3605 ‚
1304 3550 1433 3593 non
1462 3539 1786 3595 ostensum

226 3624 575 3691 evidenter,
602 3642 811 3703 neque
834 3624 1171 3686 ostendens
1190 3626 1355 3686 clare
1374 3644 1507 3686 rem
1528 3625 1782 3696 dictam;

224 3717 401 3795 qnod
438 3724 649 3777 autem
688 3736 791 3777 res
830 3719 917 3779 sic
956 3719 1285 3779 testificata
1327 3736 1453 3779 non
1497 3720 1575 3780 sit
1608 3720 1789 3780 aliter

226 3812 389 3877 visa,
420 3828 549 3870 nou
574 3816 671 3871 cst
690 3810 769 3871 de
798 3812 1065 3872 essentia
1094 3811 1263 3883 fidei,
1291 3812 1574 3889 quamvis
1604 3811 1789 3890 perti-

230 3910 381 3964 neat
401 3904 485 3964 ad
512 3905 983 3965 connaturalem
1006 3905 1264 3965 modum
1292 3905 1593 3982 operandi
1618 3905 1781 3985 ejus3

236 4015 439 4075 neque
464 3996 633 4057 aliud
666 3997 994 4076 probatum
1026 4004 1121 4059 est
1146 3997 1355 4076 aliqua
1384 3998 1625 4058 ratione
1656 3998 1791 4057 effi-

244 4092 389 4159 mci,
420 4095 487 4149 et
512 4090 657 4150 ideo
686 4109 807 4150 non
842 4096 939 4151 est
962 4090 1145 4151 facile
1178 4088 1538 4167 negandum
1566 4088 1791 4149 divinoe

248 4182 549 4261 potentias.
574 4184 647 4243 Et
662 4182 1015 4244 declaratur
1034 4182 1290 4243 tandem
1310 4182 1621 4260 exemplo,
1644 4200 1792 4241 nam

242 4275 507 4353 cognitio
522 4274 806 4335 intuitiva
820 4282 883 4336 et
896 4276 1266 4336 abstractiva
1290 4275 1475 4334 etiam
1506 4274 1795 4335 videntur

240 4368 467 4431 habere
504 4367 779 4429 rationes
804 4369 987 4429 valde
1018 4369 1355 4447 oppositas,
1391 4368 1608 4446 quales
1644 4372 1793 4427 sunt

246 4460 517 4521 absentia
546 4466 609 4521 et
646 4462 973 4539 praesentia
1014 4462 1263 4539 objecti,
1296 4465 1359 4521 et
1386 4460 1792 4521 nihilominus

248 4559 473 4615 eertum
496 4560 593 4615 ost
614 4554 1033 4634 cognitionem
1054 4554 1405 4615 intuitivam
1428 4560 1493 4614 et
1514 4554 1793 4614 abstrac-

248 4646 423 4707 tivam
436 4646 721 4725 ejusdem
740 4648 853 4718 rei,
872 4666 1057 4727 posse
1072 4647 1257 4708 simul
1278 4664 1439 4715 esse,
1454 4647 1581 4706 imo
1604 4648 1791 4707 etiam

252 4754 375 4799 esse
400 4739 461 4799 in
490 4738 695 4799 beatis
716 4748 1003 4818 respectu
1034 4738 1315 4819 ejusdem
1340 4739 1449 4800 Dei
1482 4757 1593 4818 per
1614 4738 1791 4799 visio·

248 4848 381 4891 nem
408 4832 682 4903 beatam,
714 4838 777 4893 et
796 4850 911 4911 per
930 4832 1255 4893 scientiam
1274 4832 1541 4891 infusam
1563 4831 1659 4891 vel
1682 4850 1796 4891 ua-

248 4924 523 4985 turalem.
566 4925 645 4985 Et
670 4925 831 4985 ratio
870 4930 1001 4998 est,
1043 4926 1189 5003 quia
1246 4924 1529 4985 absentia
1566 4924 1795 5003 objecti

250 5036 369 5079 nou
402 5025 495 5081 est
520 5020 877 5080 necessaria
906 5018 989 5079 ad
1020 5018 1443 5095 cognitionem
1474 5017 1792 5077 abstracti-

252 5128 385 5171 τω
418 5117 705 5193 respectu
736 5112 1025 5191 ejusdem
1058 5111 1409 5173 intellectus
1448 5110 1796 5189 quomodo-

258 5220 510 5283 namque
524 5206 981 5284 cognoscentis,
1004 5204 1119 5265 sed
1136 5204 1343 5265 solum
1364 5210 1645 5283 respectu
1668 5220 1797 5264 me-

262 5294 337 5357 dii
358 5315 465 5374 per
488 5298 661 5374 quod
680 5298 771 5358 sic
798 5297 1219 5377 cognoscitur-3
1244 5297 1409 5358 idem
1440 5315 1591 5377 ergo
1618 5295 1797 5357 facile

268 5388 600 5469 intelligitur
640 5408 787 5453 cum
826 5391 1233 5471 proportione
1265 5396 1551 5469 respectu
1580 5406 1799 5449 assen-

274 5498 364 5542 sus
384 5482 557 5556 tidei3
592 5484 769 5547 nulla
800 5500 953 5565 ergo
980 5488 1244 5566 apparet
1273 5486 1335 5545 in
1366 5484 1485 5545 hoc
1512 5482 1797 5562 absoluta

278 5578 677 5657 repugnantia,
704 5578 855 5660 quia
878 5578 963 5641 illi
992 5582 1141 5641 sunt
1164 5579 1291 5641 dno
1322 5584 1497 5642 actus
1524 5576 1791 5658 positivi,

1858 856 2003 898 nem
2029 854 2156 897 suae
2184 836 2503 916 potentia»,
2531 836 2629 894 vel
2659 839 2914 914 propter
2939 832 3094 893 alias
3115 832 3415 893 rationes,

1854 932 1921 993 id
1948 932 2156 992 facere
2185 930 2512 1009 potuisset.

1936 1028 2038 1087 24.
2084 1024 2182 1089 An
2232 1026 2426 1088 eadem
2467 1024 2690 1104 quarta
2737 1020 2991 1083 assertio
3031 1018 3312 1101 procedat
3352 1018 3420 1079 do

1857 1120 1978 1197 fide
2005 1138 2135 1182 cum
2167 1118 2394 1182 visione
2422 1114 2734 1178 sensitiva.
2752 1112 3094 1193 -Neqanc
3120 1110 3422 1189 aliqui.—

1856 1212 2216 1293 B'oeponitur
2254 1209 2630 1292 propositum
2679 1207 2813 1269 dub.
2864 1211 2920 1269 et
2971 1204 3316 1266 resolvitur.
3342 1232 3424 1247 —-

1860 1304 2084 1365 Adhuc
2101 1322 2248 1365 vero
2271 1306 2559 1381 superest
2581 1300 2841 1359 verbum
2863 1316 3056 1359 unum
3087 1294 3422 1355 dicendum

1860 1397 1939 1457 de
1965 1397 2202 1457 visione
2227 1396 2519 1457 sensitiva
2545 1396 2607 1453 et
2627 1391 2930 1462 intuitiva,
2964 1408 3042 1451 an
3071 1389 3261 1468 possit
3283 1404 3420 1447 esse

1862 1490 2044 1551 simul
2077 1506 2219 1551 eum
2259 1494 2400 1549 actu
2435 1486 2606 1558 fidei,
2641 1503 2770 1545 non
2803 1484 3005 1544 solum
3038 1483 3116 1543 de
3149 1479 3422 1559 potentia

1862 1583 2145 1643 absoluta
2181 1583 2321 1659 (hoc
2349 1580 2513 1640 enim
2539 1596 2576 1639 a
2599 1577 2834 1638 fortiori
2860 1574 3299 1637 affirmandum
3329 1574 3424 1633 cst

1864 1693 1937 1735 ex
1969 1675 2192 1751 dictis),
2225 1674 2337 1735 sed
2368 1674 2554 1733 etiam
2583 1671 2661 1733 de
2687 1666 3329 1750 potentiaordinaria,
3363 1669 3425 1725 et

1863 1786 1938 1829 ex
1969 1774 2194 1827 natura
2230 1768 2341 1827 rei.
2393 1765 2594 1843 Aliqui
2627 1763 2990 1843 simpliciter
3017 1766 3252 1833 negant
3277 1805 3292 1831 ,
3339 1760 3422 1819 ita

1858 1865 1931 1922 ‘ut
1963 1865 2420 1939 consequenter
2453 1858 2666 1918 dicant
2699 1856 3063 1935 Apostolum
3094 1854 3421 1922 Thomam,

1865 1970 2008 2013 cum
2045 1953 2196 2012 dixit
2231 1952 2316 2011 illi
2349 1952 2660 2012 Christus:
2689 1948 2846 2023 Quia
2881 1947 3092 2011 vidisti
3117 1964 3226 2019 me,
3269 1944 3427 2007 Tho·

1860 2064 1982 2120 ma,
2015 2044 2351 2115 credidisti,
2383 2060 2510 2105 non
2540 2043 2878 2103 credidisse
2902 2038 3428 2102 resurrectionem

1864 2138 2110 2211 Christi,
2143 2138 2288 2216 quia
2325 2137 2453 2197 suis
2483 2136 2678 2197 oculis
2707 2134 2960 2194 videbat
2986 2132 3161 2191 illum
3191 2130 3422 2202 vivere,

1866 2240 1928 2293 et
1975 2232 2266 2292 manibus
2312 2231 2500 2292 etiam
2547 2229 2844 2307 tangebat
2883 2244 3108 2305 corpus
3155 2222 3428 2284 vivifica·

1862 2329 2023 2398 tum,
2053 2326 2216 2386 etita
2243 2326 2380 2404 ejus
2397 2324 2590 2385 fidem
2613 2323 2891 2384 referunt
2911 2320 2992 2381 ad
3015 2319 3420 2380 divinitatem.

1865 2420 1956 2479 lta
1983 2417 2114 2479 fere
2141 2419 2500 2490 ToletanuS,
2529 2418 2709 2479 Joan.
2741 2416 2842 2477 20.
2881 2414 3010 2493 Ego
3038 2418 3252 2474 tamen
3289 2409 3426 2471 sine

1866 2510 2060 2572 dubio
2094 2511 2280 2571 credo
2321 2516 2449 2572 tam
2476 2512 2804 2583 Thomam,
2853 2524 3044 2587 quam
3099 2502 3427 2583 Apostolos

1866 2605 2142 2683 reliquos
2166 2650 2180 2675 ,
2226 2604 2520 2664 habuisse
2551 2600 3091 2681 supernaturalem
3124 2597 3316 2658 fidem
3346 2594 3426 2657 de

1868 2697 2090 2758 Christi
2127 2696 2607 2767 resurrectione,
2644 2694 2808 2755 etde
2843 2692 3100 2753 veritate
3129 2689 3424 2769 corporiS,

1868 2808 1941 2850 ac
1982 2788 2120 2849 vitae
2161 2790 2337 2867 ejus;
2385 2788 2562 2867 quod.
2581 2806 2709 2847 non
2751 2787 3014 2847 obscure
3059 2780 3430 2861 significavit

1866 2885 1937 2943 D.
1962 2883 2255 2955 ThomaS,
2285 2883 2324 2941 3
2350 2886 2536 2959 part„
2569 2884 2785 2959 quaest.
2817 2880 2916 2948 55,
2945 2879 3061 2937 art.
3087 2878 3124 2937 5
3148 2880 3208 2935 et
3229 2878 3290 2945 e,
3318 2873 3427 2933 ubi

1865 2976 1927 3035 id
1961 2973 2188 3035 clarius
2211 2974 2274 3034 in
2302 2971 2759 3034 Commentario
2791 2975 2808 3010 ¹
2844 2968 3082 3030 asserui
3113 2973 3174 3027 et
3203 2965 3429 3026 confir-

1864 3068 2055 3137 mavi,
2075 3067 2221 3146 quia
2239 3066 2434 3125 multo
2453 3064 2674 3143 majori
2699 3060 3065 3124 certitudine
3087 3058 3430 3120 credebant

1870 3162 2145 3239 Apostoli
2173 3160 2482 3220 Christum
2516 3174 2664 3218 vere
2697 3156 3063 3228 surrexisse,
3117 3168 3306 3231 quam
3351 3168 3430 3210 ex

1866 3254 1996 3314 sola
2033 3253 2416 3332 experientia
2446 3266 2745 3313 sensuum
2786 3247 3112 3327 acquirere
3147 3247 3426 3323 possent.

1865 3346 2149 3423 Denique
2179 3343 2317 3423 quis
2346 3344 2604 3423 negabit
2628 3342 2768 3403 illos
2797 3339 3089 3401 habuisse
3117 3336 3308 3396 fidem
3338 3334 3430 3393 in-

1866 3438 2070 3498 fusam
2108 3436 2548 3517 mysteriorum
2597 3433 3040 3512 pertinentium
3083 3429 3164 3491 ad
3205 3425 3428 3490 Christi

1872 3530 2344 3590 humanitatem.
2391 3529 2539 3588 Dico
2573 3544 2724 3607 ergo
2753 3528 2816 3585 in
2845 3525 3091 3603 objecto
3123 3518 3430 3582 sensibili-

1867 3630 1966 3685 ter
2011 3622 2140 3683 viso
2181 3622 2308 3683 duo
2357 3639 2498 3681 esse
2543 3617 2984 3697 distinguenda
3031 3636 3044 3677 :
3089 3632 3288 3675 unum
3333 3617 3429 3673 est

1868 3717 2110 3796 species
2137 3715 2263 3787 illa,
2311 3732 2450 3793 qut-e
2496 3714 2880 3775 extrinsecus
2924 3714 3209 3789 apparet,
3249 3713 3312 3767 et
3349 3704 3428 3765 de

1869 3811 1988 3871 hac
2015 3816 2182 3871 certe
2209 3826 2336 3868 non
2365 3813 2460 3869 est
2484 3807 2664 3880 fides,
2697 3805 2810 3866 sed
2839 3803 3246 3882 experientia,
3277 3798 3426 3878 quia

1868 3904 1947 3965 de
1975 3904 2108 3964 sola
2137 3904 2241 3963 illa
2263 3908 2520 3963 externa
2551 3898 2914 3978 apparentia
2941 3914 3066 3956 non
3097 3894 3164 3956 rat
3189 3892 3428 3953 revela·

1868 3998 1982 4068 tio,
2005 4012 2210 4075 neque
2241 3996 2346 4056 illa
2371 3993 2744 4073 proponitur
2779 3997 2845 4052 ut
2878 3988 3190 4059 credatur,
3225 3985 3336 4047 sed
3363 3992 3430 4047 ut

1872 4089 2064 4150 ducat
2107 4086 2190 4147 ad
2215 4087 2426 4148 fidem.
2475 4084 2658 4147 Aliud
2693 4090 2904 4144 autem
2955 4087 3050 4143 est
3089 4079 3320 4140 veritas
3367 4084 3431 4138 et

1874 4181 2222 4242 substantia
2274 4180 2412 4258 ejus
2447 4180 2560 4252 rei,
2595 4194 2736 4257 quae
2783 4176 3049 4245 videtur,
3097 4178 3160 4233 et
3206 4172 3284 4232 de
3307 4170 3430 4231 hae

1872 4277 2244 4353 potestesse
2271 4272 2432 4332 fides
2459 4270 2646 4331 simul
2677 4286 2826 4330 cum
2847 4267 3100 4329 visione
3141 4270 3424 4332 externa,

1874 4372 1935 4427 et
1973 4366 2057 4426 ita
2087 4384 2200 4445 per
2223 4364 2414 4426 fidem
2441 4362 2704 4425 credidit
2724 4362 2996 4421 Thomas
3017 4376 3157 4421 esse
3187 4358 3392 4435 ipsum
3411 4387 3431 4397 ·

1873 4466 2004 4519 met
2027 4458 2358 4529 Christum,
2387 4453 2461 4518 ac
2483 4474 2704 4518 verum
2735 4453 3076 4526 homiuem,
3125 4468 3315 4531 quem
3343 4448 3432 4508 vi-

1874 4550 2084 4625 debat,
2119 4557 2180 4612 et
2202 4550 2518 4630 tangebat,
2553 4554 2616 4609 et
2641 4548 3004 4627 loquentem
3035 4543 3347 4607 audiebat.

1962 4738 1974 4769 ¹
2021 4729 2289 4791 Consule
2322 4729 2511 4789 etiam
2539 4725 2774 4788 ibidem
2807 4726 2965 4805 disp.
2996 4726 3097 4797 31,
3129 4728 3282 4785 seet.
3307 4724 3370 4791 4,
3398 4720 3436 4801 g

1872 4822 2020 4888 Nou
2033 4828 2121 4886 est
2143 4828 2362 4885 autom.
