3900 6217
534 404 653 471 148

1142 664 1361 718 smne
1392 663 1477 715 w.

544 855 763 917 Utrum
798 853 1052 916 traditio
1079 870 1197 914 non
1223 850 1461 930 scripta
1494 848 1578 912 sit
1612 844 1978 926 infallibilis
2001 864 2082 909 ro·

1135 943 1283 1024 qula
1312 941 1501 1020 fidei?

615 1174 669 1231 l.
720 1168 880 1243 Quid
902 1168 985 1229 sit
1005 1167 1281 1230 traditio.
1306 1198 1388 1212 —
1416 1164 1623 1228 Error
1645 1180 1870 1242 nefins
1900 1162 2092 1226 tradi·

532 1264 740 1327 tiones.
766 1294 848 1308 —
872 1260 1168 1334 Traditio,
1193 1258 1243 1318 si
1272 1262 1401 1319 vim
1423 1257 1694 1318 nominis
1721 1262 2088 1335 spectemus,

532 1356 835 1417 actionem
880 1352 1067 1413 dandi
1112 1370 1221 1413 seu
1261 1350 1545 1412 tradendi
1592 1348 1942 1428 significat3
1991 1368 2092 1409 ac-

532 1448 961 1511 commodatur
999 1464 1143 1506 vero
1183 1444 1261 1505 ad
1298 1442 1769 1523 significandam
1800 1460 1933 1504 rem
1965 1450 2090 1503 tra-

529 1542 747 1617 ditam,
774 1540 926 1601 etin
955 1538 1241 1619 praesenti
1264 1535 1573 1616 significat
1597 1535 1965 1611 doctrinam,
1991 1535 2090 1597 vel

532 1652 770 1695 morem
818 1652 855 1693 a
900 1630 1259 1713 parentibus
1305 1628 1629 1703 traditum,
1673 1634 1734 1689 et
1772 1628 2089 1688 interdum

530 1728 721 1807 accipi
743 1728 895 1788 solet
921 1744 1031 1805 pro
1056 1722 1245 1784 doctri
1255 1742 1333 1783 na
1363 1722 1457 1783 vel
1484 1726 1787 1801 praecepto
1813 1739 1923 1801 per
1945 1720 2090 1781 scri-

530 1828 706 1901 ptum
736 1820 1007 1891 traditis3
1044 1819 1128 1877 sic
1161 1818 1330 1876 enim
1370 1822 1673 1895 praecepta
1710 1814 1937 1893 Moysis
1966 1820 2089 1873 tra-

529 1914 793 1975 ditiones
830 1918 1122 1973 vocantur
1151 1912 1284 1971 Act.
1314 1911 1375 1984 6,
1408 1926 1485 1969 ex
1526 1926 1581 1968 c.
1618 1908 1691 1969 17
1712 1906 1945 1981 Exodi3
1978 1906 2092 1966 ali-

530 2007 778 2088 quando
816 2024 963 2066 vero
1002 2004 1427 2064 indifferenter
1466 2001 1695 2061 dic-itur
1733 2000 1809 2061 de
1851 2000 2090 2078 scriptis

528 2107 589 2161 et
615 2118 739 2159 non
762 2099 1002 2177 scriptis
1021 2094 1479 2169 traditionibuS,
1510 2100 1581 2153 ut
1602 2096 1641 2155 2
1661 2092 1735 2154 ad
1762 2092 1976 2154 Thess.
2000 2094 2040 2153 2
2069 2110 2088 2153 t

533 2194 681 2255 Sive
711 2211 819 2271 per
861 2210 1207 2265 sermonem,
1253 2190 1377 2250 sive
1416 2206 1522 2267 per
1564 2188 1897 2267 epistolam.
1948 2186 2089 2247 Jam

530 2305 712 2362 vero,
748 2284 895 2363 quia
922 2284 1236 2362 Scriptura
1263 2288 1325 2342 et
1352 2280 1597 2341 decreta
1632 2279 1917 2340 Ecclesiae
1952 2296 2092 2358 pro-

532 2378 668 2459 pria
717 2376 949 2437 habent
990 2376 1269 2451 nomina,
1317 2372 1781 2434 accommodata
1824 2375 1916 2433 est
1959 2372 2092 2433 haec

531 2489 654 2531 vox
702 2470 779 2532 ad
823 2468 1291 2547 significandam
1334 2466 1734 2527 traditionem
1778 2484 1907 2526 non
1949 2464 2095 2526 scri-

531 2572 722 2645 ptam,
765 2564 945 2642 juxta
986 2560 1139 2622 illud
1186 2559 1383 2634 Pauli,
1432 2562 1459 2619 l
1501 2558 1579 2619 ad
1620 2558 1755 2622 Cor.
1792 2562 1907 2621 ll:
1950 2558 2094 2638 Eyo

531 2659 686 2719 enim
728 2655 925 2734 accepi
970 2673 1009 2716 a
1051 2654 1305 2715 Domino
1343 2652 1501 2733 quod
1538 2657 1593 2714 et
1629 2652 1861 2713 tradidi
1902 2653 2089 2713 vobis.

528 2750 613 2812 De
658 2749 775 2809 hoc
816 2765 963 2825 crgo
1014 2763 1238 2824 genere
1282 2744 1632 2805 traditionis
1674 2751 1766 2804 est
1806 2742 2094 2823 frequens

530 2844 836 2904 sententia
882 2839 1322 2901 Haereticorum
1360 2837 1546 2917 hujus
1590 2838 1908 2917 temporis,
1957 2836 2094 2897 nul-

529 2938 653 2997 lam
706 2934 1107 2995 traditionem
1149 2950 1278 2991 non
1324 2930 1611 3010 scriptam
1662 2930 1864 2991 facere
1916 2948 2092 3010 posse

530 3028 935 3090 sufficientem
969 3025 1182 3099 fidem,
1224 3028 1409 3102 atque
1440 3024 1591 3083 adeo
1621 3022 1779 3083 nihil
1806 3042 1934 3084 esse
1964 3042 2091 3084 cre·

530 3120 830 3195 dendum,
862 3119 981 3179 nisi
1004 3117 1167 3197 quod
1192 3117 1259 3176 in
1282 3114 1597 3195 Scriptura
1621 3116 1926 3177 Canonica
1947 3135 2092 3177 con·

528 3214 785 3275 tinetur.
828 3212 918 3271 lta
961 3209 1149 3271 refert
1195 3209 1321 3270 late
1367 3206 1811 3285 Bellarminus,
1851 3208 1897 3269 l.
1945 3209 1986 3270 4
2013 3208 2091 3270 de

528 3304 731 3368 Verbo
756 3306 884 3379 Dei,
917 3322 955 3364 a
978 3302 1303 3383 principio,
1334 3301 1442 3362 ubi
1463 3302 1651 3363 etiam
1674 3301 1863 3363 refert
1884 3302 2092 3381 plures

530 3405 811 3461 auctores
839 3396 1177 3457 Catholicos
1204 3394 1399 3455 nostri
1427 3396 1749 3474 temporis,
1784 3395 1891 3474 qui
1919 3394 2090 3456 hunc

532 3510 803 3555 errorem
834 3490 966 3550 fuse
993 3490 1484 3570 impugnarunt3
1524 3506 1693 3548 nunc
1714 3494 1918 3549 autem
1949 3506 2091 3567 quae

532 3586 649 3666 ipsi
679 3584 899 3645 docent
924 3582 990 3642 in
1018 3581 1267 3644 brevem
1293 3598 1603 3642 summam
1632 3580 2018 3642 reducemus.

612 3682 673 3740 2.
720 3678 1005 3740 Primum
1026 3676 1483 3754 fundamentum
1519 3676 1706 3754 hujus
1733 3676 1980 3737 erroris.
2011 3706 2094 3721 —

535 3772 899 3837 Secundum.
921 3803 993 3814 —-
1031 3768 1328 3831 Tertium.
1354 3798 1434 3813 —
1458 3766 1776 3841 Quartum.
1798 3798 1879 3813 -
1906 3767 2090 3841 Quin·

535 3870 682 3929 tum.
727 3896 809 3910 —-
853 3862 1353 3923 Fundamentum
1394 3876 1586 3920 unum
1634 3858 1823 3939 hujus
1870 3860 2093 3921 erroris

534 3964 649 4020 est.
701 3958 848 4037 quia
888 3954 1204 4034 Scriptura
1251 3969 1423 4013 sacra
1472 3959 1629 4013 esset
1667 3952 1998 4027 diminuta,
2041 3954 2092 4013 si

535 4048 766 4129 aliquid
799 4046 1102 4108 omisisset
1129 4045 1539 4106 necessarium
1570 4044 1646 4105 ad
1674 4044 2046 4106 credendum
2071 4090 2090 4120 ,

537 4142 701 4224 quod
730 4148 822 4205 est
849 4139 1209 4215 absurdum,
1236 4156 1379 4199 cum
1399 4137 1605 4213 Joan.‚
1637 4156 1687 4199 c.
1726 4138 1822 4211 10,
1855 4138 1919 4197 in
1942 4136 2094 4214 fine,

538 4236 701 4298 dieat
730 4258 743 4297 :
785 4236 941 4298 Hoec
976 4234 1208 4312 scripta
1250 4237 1414 4305 sum,
1447 4236 1515 4293 ut
1547 4232 1830 4307 credatis,
1862 4238 2007 4307 etc.,
2045 4238 2100 4294 et

537 4336 606 4393 uc
627 4331 920 4393 credentes
942 4328 1129 4389 vitam
1160 4326 1430 4387 habeatis
1447 4368 1470 4400 ,
1497 4330 1559 4386 et
1588 4324 1810 4385 Paulus
1833 4342 1993 4404 saepe
2020 4324 2100 4385 si·

539 4422 792 4501 gnificet
836 4420 1214 4499 Scripturam
1258 4436 1387 4478 esse
1424 4416 1830 4479 sufficientem
1875 4416 1954 4477 ad
1996 4416 2103 4478 do-

539 4514 828 4588 cendum,
860 4512 1272 4589 arguendum,
1304 4516 1421 4572 etc.
1454 4508 1616 4587 Ergo
1644 4510 1897 4571 traditio
1924 4516 2100 4571 extra

539 4610 917 4688 scripturam
957 4624 1085 4666 non
1126 4610 1321 4685 potest
1360 4622 1491 4665 esse
1529 4605 1745 4683 regula
1780 4604 2090 4667 credendi.

541 4700 848 4775 Secunde,
892 4700 1038 4777 quia
1074 4700 1340 4776 ipsamet
1380 4698 1694 4775 Scriptura
1737 4698 2098 4779 gravissime

541 4792 826 4873 prohibet
855 4790 913 4851 ei
941 4790 1175 4869 aliquid
1204 4790 1448 4865 addere,
1483 4792 1803 4851 Deuteron.
1843 4792 1903 4865 4,
1936 4792 2096 4871 Apo-

542 4884 772 4965 calypS.
818 4884 932 4945 ult.
952 4899 973 4960 3
1010 4882 1113 4942 sed
1160 4882 1459 4961 quidquid
1500 4890 1673 4943 extra
1720 4884 2096 4963 Scripturam

540 4978 829 5052 traditur,
858 4975 907 5034 si
930 4976 1295 5052 suscipiatur
1312 4980 1607 5054 tauquam
1630 4974 1910 5036 doctrina
1927 4976 2096 5053 fidei,

539 5070 655 5130 erit
714 5068 991 5127 additum
1044 5066 1232 5127 verbo
1288 5068 1512 5146 scripto
1570 5067 1675 5127 Dei
1698 5084 1719 5145 ;
1779 5087 1925 5147 crgo
1981 5069 2099 5130 hoc

537 5162 740 5239 ipsum
769 5164 1075 5239 repugnat
1106 5160 1457 5239 ScripturiS.
1500 5160 1707 5221 Tertio
1726 5206 1745 5237 ,
1794 5162 1942 5240 quia
1973 5162 2096 5221 hu-

532 5253 806 5332 jusmodi
838 5252 1195 5313 traditiones
1221 5258 1519 5313 vocantur
1545 5253 1611 5313 in
1635 5252 1949 5333 Scriptura
1978 5260 2101 5314 tra·

538 5346 802 5407 ditiones
830 5334 1192 5421 hominum,
1224 5352 1285 5406 et
1312 5346 1450 5406 ideo
1474 5343 1551 5405 ab
1581 5344 1799 5406 eadem
1828 5354 2101 5407 contem·

537 5443 772 5501 nuntur
793 5444 854 5498 et
882 5436 1313 5515 reprobantur,
1332 5438 1465 5497 lsai.
1504 5440 1608 5514 29,
1634 5438 1853 5499 Matth.
1890 5440 1989 5514 ⁴5,
2024 5438 2100 5498 ad

536 5532 732 5595 Galat.
778 5536 825 5608 Ι,
868 5538 928 5592 et
972 5532 1099 5589 Pet.
1136 5533 1207 5607 {3
1250 5550 1398 5611 ergo
1432 5550 1553 5590 non
1598 5538 1853 5612 possunt
1882 5532 2097 5611 hujus·

1010 411 1245 470 nisPuT.
1280 410 1342 467 V.
1378 416 1457 469 m:
1488 409 1749 468 REGULIS
1781 412 2003 476 QUlBUS
2033 410 2198 469 mum
2231 412 2542 469 onst-:crum
2575 412 3079 477 INFALLIBILITER,
3109 410 3246 467 ETC.

2174 514 2345 574 modi
2371 513 2734 575 traditiones
2757 514 2953 576 facere
2982 519 3213 575 certam
3236 511 3442 573 fidem.
3472 510 3718 585 Quarto,

2174 624 2498 687 possumus
2525 606 2950 685 argumentari
2978 606 3218 667 ratione
3238 651 3260 681 ,
3303 605 3450 683 quia
3475 602 3718 664 traditio

2179 718 2307 761 non
2336 700 2562 781 scripta
2590 700 2866 779 exposita
2903 705 2996 761 est
3025 698 3239 759 multis
3276 696 3610 758 defectibus
3634 714 3724 755 re·

2175 793 2595 871 pugnantibus
2655 792 3012 855 certitudini
3057 796 3120 853 et
3155 790 3502 853 necessitati
3543 786 3722 863 fidei3

2174 902 2322 957 nam
2362 886 2670 967 imprimis
2709 884 2886 945 facile
2927 884 3193 945 traditur
3232 880 3553 957 oblivioni,
3592 899 3729 961 pro-

2173 984 2311 1060 pter
2331 978 2778 1057 negligentiam
2796 978 3148 1039 hominum.
3177 976 3327 1037 Item
3349 974 3622 1057 exposita
3640 977 3729 1034 est

2173 1070 2506 1132 mutationi
2549 1078 2801 1152 propter
2839 1070 3044 1131 varios
3082 1087 3282 1131 mores
3319 1074 3380 1129 et
3409 1067 3727 1147 opiniones

2170 1164 2496 1225 hominum
2517 1210 2536 1241 ,
2583 1172 2646 1225 et
2684 1183 2844 1244 saepe
2894 1162 3083 1225 etiam
3129 1162 3306 1224 facile
3357 1158 3727 1241 pervertitur

2170 1264 2422 1339 propter
2447 1258 2774 1321 hominum
2808 1257 3115 1319 malitiam
3140 1272 3160 1335 3
3209 1262 3270 1317 et
3299 1254 3378 1317 ad
3408 1270 3728 1315 occurren-

2169 1350 2318 1412 dum
2341 1350 2436 1413 his
2460 1350 2818 1427 defectibus,
2850 1350 3108 1411 inventa
3131 1352 3220 1409 est
3247 1348 3576 1429 scriptura,
3595 1350 3728 1407 tau-

2169 1463 2359 1524 quam
2387 1448 2851 1525 permanentior
2892 1448 2955 1505 et
2992 1443 3214 1504 certior
3241 1464 3258 1517 ;
3309 1459 3458 1520 ergo
3483 1458 3610 1501 nou
3638 1444 3734 1499 est

2172 1536 2504 1599 verisimile
2555 1537 2872 1616 reliquisse
2929 1536 3121 1596 Deum
3169 1534 3441 1614 aliquam
3489 1538 3728 1615 partem

2171 1628 2466 1691 doctrinae
2511 1629 2680 1707 fidei,
2727 1636 2789 1691 et
2829 1629 3185 1691 necessarias
3231 1628 3310 1689 ad
3351 1626 3630 1701 salutem,
3663 1626 3734 1685 in

2169 1723 2298 1784 sola
2342 1722 2666 1785 hominum
2713 1722 3070 1797 traditione,
3108 1720 3244 1783 sine
3288 1721 3606 1799 scriptura.
3649 1718 3732 1778 Et

2171 1816 2575 1878 confirmatur
2597 1814 2874 1893 tandem,
2916 1816 3062 1895 quia
3088 1815 3280 1876 multa
3311 1818 3456 1874 sunt
3477 1812 3728 1887 tradita,

2171 1912 2361 1972 etiam
2391 1912 2469 1971 ab
2498 1910 2800 1993 Apostolis
2821 1956 2842 1987 ,
2887 1928 3024 1990 quae
3059 1926 3187 1969 non
3229 1908 3465 1969 faciunt
3497 1912 3730 1968 certam

2170 2003 2382 2079 fidem,
2408 2010 2479 2065 ut
2499 2022 2637 2085 quae
2657 2001 3054 2063 continentur
3073 2002 3141 2061 in
3165 2000 3515 2062 canonibus
3542 2000 3729 2079 Apos-

2170 2097 2460 2174 tolorum,
2509 2095 2606 2156 vel
2647 2095 3002 2157 referuntur
3047 2113 3084 2155 a
3125 2094 3462 2166 Clemente,
3506 2098 3612 2154 aut
3649 2091 3732 2150 ab

2171 2190 2442 2269 antiquis
2487 2188 2800 2263 historiis3
2846 2206 2994 2267 ergo
3036 2186 3210 2248 nulla
3247 2186 3498 2247 traditio
3532 2192 3734 2267 potest

2171 2283 2369 2345 facere
2393 2288 2624 2343 certam
2651 2281 2863 2358 fidem,
2892 2299 3037 2342 nam
3066 2280 3117 2341 si
3144 2299 3265 2361 qua
3289 2286 3510 2361 posset,
3537 2280 3733 2339 maxi-

2176 2394 2277 2437 me
2305 2374 2671 2455 Apostolica.
2707 2376 2772 2435 ln
2805 2392 2926 2455 qua
2953 2373 3168 2436 eadem
3189 2378 3282 2434 est
3303 2372 3461 2433 ratio
3511 2372 3585 2433 de
3605 2390 3736 2432 una

2176 2485 2316 2549 quae
2347 2468 2424 2529 de
2450 2466 2762 2529 omnibus».

2257 2564 2315 2624 3.
2367 2562 2846 2627 Proemitcuntur
2899 2561 3092 2623 varice
3159 2558 3480 2623 divisiones
3540 2556 3736 2618 tradi-

2176 2656 2406 2717 tionum
2425 2672 2536 2733 pro
2565 2656 2890 2716 assertione
2907 2650 3198 2731 ponenda,
3227 2653 3295 2713 de
3312 2650 3526 2732 quibus
3547 2650 3735 2710 etiam

2176 2754 2405 2818 auctor,
2438 2748 2483 2809 l.
2515 2747 2552 2808 7
2587 2748 2656 2809 de
2686 2746 2857 2827 ἂμ,
2889 2762 2939 2807 c.
2973 2744 3035 2819 4,
3063 2762 3100 2806 a
3127 2762 3292 2805 num.
3331 2742 3736 2805 9.-Prima

2175 2840 2417 2902 divisio.
2447 2839 2937 2903 —Contrarium
2983 2836 3160 2897 docet
3195 2836 3476 2897 doctrina
3512 2834 3740 2896 Catho-

2173 2932 2312 2995 lica.
2347 2934 2428 2995 Ut
2478 2940 2687 2995 autem
2728 2931 3016 2992 distincte
3051 2928 3226 2993 illam
3279 2944 3738 3009 proponamus,

2175 3033 2416 3108 oportet
2439 3027 2612 3087 varia
2635 3042 2865 3104 genera
2895 3024 3300 3085 traditionum
3329 3022 3736 3099 distinguere.

2172 3120 2327 3181 Nam
2377 3119 2685 3199 imprImis
2731 3118 2893 3179 inter
2933 3116 3294 3177 traditiones
3335 3134 3472 3195 quae
3517 3115 3584 3174 in
3623 3114 3744 3175 Ec-

2171 3210 2356 3275 clesia
2382 3211 2811 3287 inveniuntur,
2863 3208 3146 3289 quaedam
3175 3214 3321 3271 sunt
3357 3206 3744 3269 universales

2171 3308 2362 3369 totius
2413 3304 2696 3368 Ecclesiae
2742 3302 3058 3365 catholicas
3077 3348 3099 3379 ‚
3155 3300 3288 3363 aliae
3337 3300 3746 3383 particulares

2173 3398 2587 3479 quarumdam
2611 3396 3047 3471 Ecclesiarum,
3079 3399 3149 3455 ut
3178 3393 3555 3475 experientia
3585 3410 3748 3453 con-

2173 3498 2316 3567 stat,
2360 3497 2422 3552 et
2465 3490 2654 3551 tradit
2676 3488 3076 3569 Augustinus,
3113 3488 3292 3567 epist.
3324 3488 3404 3549 86
3443 3487 3519 3547 ad
3547 3486 3752 3547 Casu-

2171 3583 2410 3645 lanum.
2443 3584 2508 3644 ln
2540 3582 2824 3663 praesenti
2869 3598 3039 3663 ergo,
3073 3587 3320 3641 tantum
3365 3580 3441 3641 de
3487 3579 3752 3639 nniver-

2173 3676 2402 3737 salibus
2427 3674 2860 3737 traditionibus
2905 3674 3185 3752 agimus,
3224 3690 3370 3733 nam
3409 3670 3758 3752 particula-

2172 3786 2292 3845 res,
2327 3786 2438 3849 per
2461 3786 2547 3843 se,
2587 3784 2716 3828 non
2746 3773 2893 3827 sunt
2917 3764 3150 3844 regulae
3178 3764 3349 3842 fidei,
3377 3764 3496 3825 nisi
3534 3762 3758 3824 aliun-

2172 3862 2250 3923 de
2300 3860 2552 3922 accedat
2593 3860 2877 3921 Ecclesioe
2929 3858 3210 3920 definitio
3251 3876 3388 3938 quae
3437 3856 3574 3917 illas
3630 3872 3756 3935 ap·-

2173 3954 2416 4035 probet‚
2449 3962 2511 4015 et
2553 3954 2690 4014 ideo
2717 3953 3118 4032 particulares
3149 3952 3509 4013 traditiones
3539 3948 3757 4011 eccle-

2176 4050 2282 4109 sioe
2329 4048 2646 4123 Romanae,
2692 4052 2764 4106 ut
2811 4052 2903 4107 est
2958 4046 3236 4127 specialis
3289 4044 3697 4124 Episcopatus
3731 4090 3757 4120 ‚

2178 4147 2324 4202 sunt
2368 4141 2620 4220 majoris
2660 4138 3075 4215 auctoritatis,
3114 4139 3261 4219 quia
3296 4138 3496 4199 solent
3540 4154 3676 4197 esse
3713 4156 3764 4198 a

2181 4233 2581 4296 Pontificibus
2641 4232 3015 4313 approbatoe.
3065 4232 3317 4294 Seclusa
3359 4236 3566 4291 autem
3627 4230 3768 4290 hac

2181 4326 2624 4409 approbatione
2649 4372 2671 4402 ,
2728 4324 3122 4407 particularis
3193 4324 3401 4402 aliqua
3471 4321 3770 4383 Ecclesia

2181 4438 2387 4483 errare
2459 4425 2698 4501 potest,
2767 4425 2830 4479 et
2890 4419 3030 4480 ideo
3091 4418 3225 4497 ejus
3281 4416 3530 4478 traditio
3551 4460 3572 4491 ,
3637 4432 3774 4493 per

2179 4532 2243 4576 se
2276 4530 2401 4573 non
2444 4512 2634 4574 habet
2673 4510 3062 4573 infallibilem
3101 4511 3548 4571 auctoritatem.
3591 4506 3772 4568 Uni-

2178 4606 2427 4668 versalis
2456 4613 2668 4667 autem
2707 4604 2977 4666 Ecclesia
3013 4620 3216 4665 errare
3258 4620 3384 4664 non
3423 4606 3661 4682 potest,
3691 4608 3774 4662 et

2178 4700 2317 4761 ideo
2365 4706 2457 4759 est
2496 4698 2680 4780 longe
2711 4696 2835 4759 alia
2859 4696 3017 4758 ratio
3060 4697 3136 4757 de
3191 4693 3523 4757 universali
3551 4692 3778 4753 tradi-

2177 4796 2369 4855 tione.

2259 4890 2319 4948 4.
2369 4886 2652 4950 Secunda
2702 4884 2942 4948 divisio.
2979 4881 3396 4957 -Secundo,
3447 4900 3525 4944 ex
3567 4886 3778 4962 parte

2185 4986 2535 5059 temporum
2592 4984 2794 5057 potest
2846 4978 3064 5038 similis
3119 4975 3340 5037 divisio
3379 4974 3536 5037 dari.
3585 4976 3776 5036 Nam

2181 5072 2465 5153 quaedam
2491 5078 2586 5131 est
2613 5070 2863 5130 traditio
2891 5075 3188 5150 perpetua
3219 5066 3298 5129 ab
3326 5066 3504 5128 initio
3539 5067 3786 5128 Eccle-

2181 5166 2327 5241 siae3
2358 5164 2480 5225 alia
2514 5182 2660 5225 vcro
2715 5169 2805 5225 est
2840 5162 3219 5243 temporalis,
3261 5164 3438 5241 cujus
3490 5160 3788 5221 initium

2181 5258 2567 5337 cognoscitur
2611 5256 2941 5335 aliquando
2979 5254 3232 5317 definite
3253 5299 3272 5330 ,
3321 5272 3428 5315 seu
3461 5254 3787 5334 positive,

2181 5356 2250 5409 ut
2297 5350 2383 5409 sic
2411 5348 2635 5424 dicam,
2685 5350 2831 5427 quia
2871 5354 3108 5408 constat
3133 5365 3255 5426 quo
3295 5364 3459 5407 anno
3493 5341 3594 5404 vel
3631 5364 3792 5423 quo

2179 5448 2456 5520 tempore
2488 5440 2808 5520 incoeperit
2849 5440 3035 5521 (quod
3068 5458 3208 5500 raro
3243 5438 3572 5517 contingit,
3637 5438 3792 5498 nisi

2180 5534 2427 5615 quando
2479 5552 2611 5594 mos
2646 5532 2902 5616 incaepit
2951 5530 3030 5592 ab
3076 5530 3283 5613 aliquo
3317 5532 3587 5612 decretu,
3645 5548 3792 5595 seu
