3900 6217
513 334 634 397 318

513 441 682 501 tione
718 438 954 501 iactum
989 443 1082 500 est
1097 459 1116 513 ς
1149 435 1260 499 sed
1298 454 1426 497 non
1467 436 1734 517 legimus
1769 438 2073 501 hactenus

509 532 814 612 judicium
853 530 971 592 hoc
1007 530 1132 591 illis
1169 548 1300 591 esse
1347 531 1779 606 commissum3
1811 531 2073 611 ideoque

513 625 846 687 dicendum
871 642 983 705 per
1003 643 1070 686 se
1098 623 1408 704 pertinere
1440 623 1519 685 ad
1547 641 1764 684 omnes
1789 624 2075 687 Ecclesiae

513 719 879 799 Episcopos;
907 736 1056 778 nam
1092 734 1234 777 cum
1268 714 1360 776 illi
1387 717 1514 776 sint
1542 716 1842 777 ordinarii
1871 724 2077 797 pasto-

513 830 612 873 res
639 818 702 873 et
743 810 1048 871 columnae
1087 809 1394 885 Ecclesiae,
1427 808 1506 869 ad
1537 807 1674 869 illos
1700 809 2076 871 credendum

513 902 872 983 hujusmodi
915 882 1166 965 causam
1203 902 1524 978 interesse,
1557 908 1620 963 et
1645 920 1788 962 cum
1825 920 1903 963 ex
1936 902 2077 981 jure

515 996 728 1059 divino
743 1014 872 1057 non
894 996 974 1056 sit
998 995 1201 1075 major
1219 996 1378 1057 ratio
1405 994 1482 1055 de
1507 994 1604 1055 his
1623 1012 1812 1074 quam
1828 994 1904 1055 de
1927 994 2073 1072 illis,

514 1096 697 1170 atque
716 1090 864 1169 jure
885 1088 1163 1150 humano
1195 1087 1354 1149 nihil
1386 1087 1464 1148 de
1491 1086 1611 1148 hoc
1637 1088 1719 1148 sit
1743 1093 2069 1164 statutum,

511 1181 853 1245 necessario
873 1180 1200 1243 dicendum
1221 1186 1493 1260 spectare
1519 1178 1598 1241 ad
1614 1198 1853 1256 omnes,
1883 1186 2073 1259 atque

513 1276 668 1337 adeo
689 1275 772 1336 ad
799 1273 1086 1353 generale
1115 1274 1482 1347 Concilium,
1523 1279 1585 1335 et
1612 1274 1700 1333 ita
1725 1274 2074 1335 communis

513 1368 820 1430 sententia
850 1368 1178 1429 Doctorum
1210 1365 1418 1427 habet.
1448 1366 1777 1446 viderique
1817 1372 2074 1447 possunt

513 1479 652 1542 quas
681 1461 842 1523 circa
869 1459 990 1522 hoc
1014 1466 1314 1540 punctum
1341 1459 1474 1521 fuse
1503 1459 1650 1521 satis
1683 1466 1907 1521 tractat
1929 1460 2074 1521 Car-

512 1555 738 1617 dinalis
783 1554 1082 1629 Albanus,
1135 1554 1204 1615 in
1247 1570 1434 1634 opere
1489 1553 1566 1613 de
1621 1554 2072 1631 CardinalibuS,

514 1654 731 1728 quaest.
765 1650 866 1723 35,
897 1653 960 1709 et
985 1646 1254 1709 habetur
1279 1648 1444 1708 inter
1473 1652 1766 1709 tractatus
1789 1647 2077 1709 editionis

512 1742 666 1804 anni
691 1742 870 1817 ⁴584,
903 1741 970 1801 in
995 1746 1150 1801 tom.
1177 1740 1277 1816 13,
1309 1759 1375 1821 p.
1401 1742 1464 1801 2.

593 1836 656 1898 8.
703 1833 1052 1899 Secundmn
1091 1833 1355 1897 dubium.
1374 1866 1455 1881 --
1480 1833 1830 1898 Resolvitwr
1875 1834 2077 1915 dupli-

523 1927 693 1991 citer.
731 1962 806 1973 —-
840 1928 1016 1988 Tunc
1043 1934 1252 1988 autem
1281 1928 1548 1989 occurrit
1575 1926 1920 1988 secundum
1966 1928 2077 1989 du-

513 2020 712 2092 bium,
742 2018 1053 2101 quomodo
1073 2026 1276 2100 posset
1291 2020 1415 2083 tale
1435 2020 1776 2081 Concilium
1795 2020 2077 2099 legitime

512 2115 900 2195 congregari,
933 2134 1074 2177 cum
1108 2114 1387 2193 legitima
1415 2114 1814 2193 congregatio
1842 2114 1925 2175 ad
1967 2117 2077 2177 Pa-

513 2228 656 2290 pam
685 2214 935 2288 spectet.
975 2208 1402 2289 Respondetur
1429 2209 1630 2288 primo
1655 2207 1912 2270 fortasse
1947 2227 2077 2269 non

513 2308 796 2382 oportere
833 2302 971 2381 cogi
1019 2302 1340 2381 proprium
1371 2301 1710 2362 Concilium
1757 2304 2069 2381 generale,

514 2402 792 2477 essetque
816 2396 962 2457 satis
989 2396 1053 2457 in
1095 2394 1354 2474 singulis
1397 2394 1756 2474 regionibus
1799 2394 2074 2457 Concilia

513 2488 916 2570 provincialia
961 2487 1062 2549 vel
1105 2487 1443 2549 nationalia
1488 2488 1814 2555 convocari
1859 2487 1938 2549 ab
1972 2499 2074 2548 ar-

515 2581 932 2662 chiepiscopis,
967 2580 1064 2642 vel
1100 2580 1489 2659 primatibus,
1521 2587 1585 2641 et
1613 2582 1826 2642 omnia
1865 2581 1932 2643 in
1972 2598 2073 2642 ea-

513 2674 657 2737 dem
680 2675 988 2737 sententia
1009 2674 1360 2735 convenire.
1389 2673 1696 2745 Secundo,
1735 2691 1876 2733 cum
1915 2674 2075 2734 Con-

513 2768 726 2830 cilium
753 2766 1042 2847 generale
1067 2769 1356 2829 convenit
1377 2767 1456 2827 ad
1483 2784 1581 2827 res
1611 2765 1756 2827 fidei
1778 2766 2075 2827 definien-

513 2863 644 2939 das,
675 2862 776 2923 vel
813 2861 892 2923 ad
941 2859 1322 2923 universales
1375 2860 1542 2939 leges
1587 2858 1897 2936 ferendas,
1927 2867 2079 2922 tunc

513 2961 818 3037 oportere,
850 2960 922 3015 ut
943 2954 1294 3032 legitimum
1317 2954 1416 3026 sit,
1447 2972 1485 3014 a
1527 2955 1692 3033 Papa
1729 2954 1961 3031 indici3
1996 2952 2076 3015 ad

511 3049 631 3111 hoc
661 3067 807 3110 vero
844 3047 1168 3127 negotium
1193 3047 1360 3127 quod
1396 3048 1790 3126 peculiariter
1828 3044 2082 3108 Pontifi-

517 3160 652 3205 cem
717 3142 916 3221 ipsum
972 3139 1288 3202 concernit
1313 3184 1334 3215 ,
1387 3140 1566 3219 eique
1623 3138 2081 3219 quodammodo

515 3236 899 3297 contrarium
927 3240 1043 3309 est,
1075 3234 1352 3313 legitime
1389 3234 1752 3312 congregari
1782 3250 1959 3311 posse
1984 3230 2083 3293 vel

517 3348 554 3391 a
581 3328 847 3408 Collegio
873 3325 1316 3402 cardinalium,
1349 3326 1553 3387 velex
1580 3344 1882 3387 consensu
1907 3326 2081 3405 Epis-

517 3440 850 3503 coporum;
904 3428 1090 3501 atque
1135 3420 1188 3481 si
1232 3419 1516 3481 Pontifex
1552 3425 1821 3481 tentaret
1867 3419 2081 3498 hujus-

515 3516 689 3577 modi
717 3515 1264 3595 congregationem
1297 3513 1623 3591 impedire,
1674 3532 1800 3573 non
1828 3513 1961 3575 fore
1988 3512 2081 3575 illi

517 3609 883 3689 parendum,
911 3609 1058 3688 quia
1083 3613 1296 3669 contra
1328 3607 1637 3685 justitiam
1667 3613 1731 3669 et
1752 3624 2081 3669 commune

517 3703 754 3765 bonum
781 3700 1140 3763 abuteretur
1165 3717 1411 3761 summa
1433 3706 1756 3779 potestate.

597 3796 662 3856 9.
711 3794 986 3858 Teo-timu
1025 3791 1286 3855 dubim.
1331 3826 1412 3837 -
1457 3790 1734 3870 Caietam'
1771 3790 2082 3868 responsio

519 3893 886 3969 confutatur.
917 3917 1001 3932 --
1028 3885 1108 3947 At
1137 3884 1288 3947 hinc
1315 3886 1514 3947 oritur
1543 3885 1728 3947 tertia
1753 3883 2077 3959 dubitatio,

518 4002 640 4065 quo
686 3984 830 4062 jure
877 3980 1066 4061 possit
1109 3978 1190 4041 ah
1240 3978 1350 4041 illa
1395 3978 1870 4057 congregatione
1917 3979 2085 4058 Papa

513 4076 804 4157 judicari,
840 4091 982 4135 cum
1028 4078 1187 4135 esset
1225 4071 1333 4134 illa
1375 4071 1692 4151 superior?
1732 4071 1864 4145 Qua
1902 4070 1973 4131 in
2016 4086 2085 4131 re

520 4170 852 4249 Cajetanus
881 4184 945 4228 se
983 4165 1142 4227 mire
1169 4170 1372 4241 vexat,
1403 4182 1484 4225 ne
1513 4169 1770 4242 cogatur
1797 4162 2087 4224 admitte-

517 4282 588 4327 re
605 4262 936 4325 Ecclesiam
955 4259 1056 4321 vel
1073 4257 1417 4321 Concilium
1439 4262 1603 4318 stare
1619 4272 1810 4337 supra
1827 4257 2080 4335 Papam,

517 4356 588 4419 in
619 4374 764 4419 casu
791 4357 981 4417 etiam
1006 4351 1292 4424 haeresim
1316 4350 1566 4413 tandem
1594 4368 1744 4411 vero
1772 4347 2085 4413 concludit

517 4468 704 4531 supra
732 4452 961 4529 Papam
997 4446 1252 4528 quidem
1283 4450 1470 4519 stare,
1499 4449 1573 4504 ut
1601 4443 1908 4523 privatam
1938 4460 2080 4522 per-

516 4561 758 4619 sonam,
788 4560 917 4603 non
946 4547 1034 4601 ut.
1051 4556 1273 4619 papam
1297 4553 1318 4615 ;
1349 4536 1454 4599 sed
1481 4554 1608 4597 non
1637 4534 1928 4597 satisfacit
1960 4535 2082 4595 dis·

518 4639 767 4709 tinctio;
795 4652 945 4696 nam
975 4633 1190 4695 eodem
1217 4630 1402 4691 modo
1429 4635 1631 4709 posset
1649 4628 1947 4691 affirmari
1970 4629 2083 4689 Ec-

519 4730 768 4791 clesiam
789 4728 1066 4807 judicare
1096 4726 1326 4804 Papam
1355 4723 1583 4799 valere,
1617 4729 1803 4803 atque
1831 4722 2078 4802 punire,

519 4841 649 4885 non
694 4828 766 4883 ut
807 4823 1061 4899 Papam,
1109 4818 1216 4879 sed
1259 4824 1330 4877 ut
1370 4816 1676 4896 privatam
1719 4833 2077 4896 personam3

519 4916 670 4977 item
699 4914 846 4994 quia
875 4914 1104 4991 Papam
1123 4909 1506 4990 superiorem
1529 4926 1658 4971 esse
1679 4910 1748 4971 in
1775 4914 2081 4989 quantum

519 5011 776 5089 Papam,
807 5006 971 5069 nihil
1009 5010 1103 5068 est
1145 5003 1315 5067 aliud
1346 5021 1535 5083 quam
1577 5021 1718 5065 eam
1751 5021 2081 5083 personam

519 5104 763 5165 ratione
789 5098 1116 5180 dignitatis
1141 5115 1272 5161 esse
1299 5102 1651 5176 exemptam
1683 5097 1764 5159 ab
1791 5097 1963 5157 omni
1980 5096 2084 5175 ju-

518 5196 878 5259 risdictione
913 5191 1188 5255 hominis
1223 5190 1500 5265 alterius,
1536 5196 1599 5251 et
1638 5188 1870 5251 habere
1894 5190 2084 5270 juris-

519 5290 860 5353 dictionem
881 5288 949 5349 in
967 5286 1146 5361 alios,
1165 5290 1238 5345 ut
1261 5289 1432 5363 patet
1453 5284 1530 5345 de
1547 5302 1936 5364 quacumque
1962 5284 2085 5345 alia

521 5384 852 5463 dignitatc;
884 5386 946 5444 et
971 5379 1334 5460 explicatur,
1365 5395 1515 5439 nam
1541 5378 1812 5457 dignitas
1839 5376 2087 5457 pontifi-

521 5478 620 5537 cia
664 5494 792 5537 non
826 5473 972 5539 facit
1021 5472 1404 5553 superiorem
1440 5470 1746 5535 abstracte
1789 5476 1854 5533 et
1891 5477 2087 5533 meta-

1577 336 1816 390 mst'r.
1850 338 1914 390 X.
1947 338 2031 391 ΒΕ
2063 337 2273 391 81111Ηο
2306 336 2649 391 pommus.

2153 438 2429 519 physice,
2464 438 2569 499 sed
2618 453 2837 499 revera
2874 441 2939 497 et
2977 435 3053 503 in.
3084 434 3407 497 individuo
3444 435 3720 517 superio-

2154 549 2289 594 rem
2317 532 2476 593 nulli
2512 530 2890 610 subjectum3
2920 547 3091 609 ergo,
3116 534 3260 602 etc.;
3288 536 3477 608 atque
3502 530 3591 590 ita
3624 532 3718 589 in-

2158 626 2394 687 tellexit
2423 642 2559 687 rem
2592 624 2754 685 hanc
2790 622 3131 685 Concilium
3162 628 3443 701 tempore
3470 621 3723 683 Marcel-

2152 718 2268 779 lini
2298 722 2768 797 congregatum,
2794 734 2938 778 cum
2966 715 3305 777 declaravit
3324 716 3597 797 primam
3632 733 3724 777 se-

2155 815 2287 876 dem
2318 830 2359 875 a
2384 812 2614 875 nemine
2626 810 2951 890 judicari,-
2976 810 3041 871 id
3082 810 3253 871 enim
3289 810 3447 871 dixit
3470 810 3549 871 de
3588 808 3725 869 illa·

2156 912 2287 969 met
2310 924 2573 987 persona
2603 903 2969 980 Marcellini,
3011 922 3153 984 quae
3182 903 3421 983 privata
3450 901 3724 983 profecto

2158 1006 2323 1075 erat3
2357 999 2445 1061 ita
2481 1016 2726 1079 quoque
2758 998 2948 1059 refert
2974 997 3259 1059 Nicolaus
3284 998 3475 1077 Papa,
3494 996 3727 1075 episto-

2154 1090 2216 1151 la
2257 1091 2335 1151 ad
2374 1090 2735 1153 Michaelem
2782 1091 3246 1169 imperatorem,
3286 1090 3397 1151 ubi
3435 1088 3728 1150 meminit

2152 1184 2374 1246 similis
2404 1184 2628 1247 decreti
2670 1185 2823 1246 editi
2864 1185 2933 1245 in
2976 1183 3247 1246 Concilio
3274 1185 3577 1259 Romano,
3608 1181 3727 1242 sub

2152 1278 2466 1357 Sylvestro
2482 1300 2499 1353 ;
2530 1284 2593 1339 et
2619 1277 2800 1358 plura
2828 1278 3039 1339 statim
3067 1276 3419 1339 afferemus.

2236 1372 2333 1432 10.
2378 1370 2661 1435 Aliorum
2684 1373 2991 1453 responsio
3022 1370 3321 1451 difficilis.
3343 1402 3424 1417 -
3448 1366 3729 1433 Facilior

2153 1466 2479 1545 responsio.
2502 1498 2585 1511 —
2610 1465 2982 1529 Declaratur
3010 1464 3366 1527 occurrendo
3394 1463 3604 1526 taeitoe
3633 1462 3732 1523 ob-
3748 1476 3767 1491 ⁸

2142 1560 2423 1641 jectiom‘,
2457 1558 2555 1622 oui
2582 1557 2846 1622 concinit
2872 1562 3107 1631 auctor,
3138 1558 3183 1618 l.
3219 1558 3259 1616 4
3296 1562 3507 1619 eontra
3542 1556 3729 1619 Jaco-

2154 1654 2314 1727 bum,
2346 1670 2396 1715 e.
2426 1653 2491 1725 6,
2517 1670 2579 1713 n.
2614 1654 2715 1713 Π.
2735 1682 2819 1697 -
2840 1650 3297 1729 Multipliciter.
3318 1682 3399 1695 —-
3423 1648 3548 1710 Alii
3574 1666 3729 1727 ergo

2154 1745 2429 1806 fatentur
2454 1744 2787 1805 Ecclesiam
2814 1745 2881 1804 in
2908 1762 3051 1805 casu
3078 1743 3335 1805 haeresis
3358 1760 3488 1803 esse
3512 1742 3732 1803 Ponti-

2154 1840 2268 1901 fice
2315 1840 2697 1919 superiorem
2712 1888 2729 1908 ,
2780 1838 2885 1899 sed
2928 1837 3181 1899 difficile
3226 1839 3347 1899 hoc
3382 1837 3557 1899 dictu
3606 1842 3727 1897 aet.

2156 1934 2313 1995 Nam
2352 1933 2630 2012 Christus
2669 1932 2965 1993 Dominus
3008 1932 3235 2011 Papam
3266 1931 3589 1991 constituit
3616 1929 3731 1990 ab·

2158 2026 2356 2087 solute
2384 2043 2746 2105 supremum
2775 2024 3081 2103 Judicem3
3114 2042 3381 2085 canones
3406 2023 3599 2084 etiam
3628 2022 3731 2091 in-

2156 2119 2515 2181 differenter
2542 2126 2605 2181 et
2628 2117 3001 2197 generaliter
3030 2116 3094 2178 id
3122 2117 3471 2196 affirmant3
3492 2135 3567 2179 ac
3589 2123 3735 2177 tan-

2154 2212 2300 2274 dem
2368 2212 2637 2273 Ecclesia
2698 2211 2947 2272 nullum
3011 2218 3220 2272 actum
3280 2210 3733 2289 jurisdictionis

2156 2324 2441 2367 exercere
2485 2304 2653 2366 valet
2695 2304 2763 2365 in
2812 2305 3066 2383 Papam,
3102 2322 3305 2383 neque
3348 2303 3593 2363 confert
3629 2301 3731 2361 illi

2153 2404 2521 2479 potestatem
2566 2390 2876 2477 eligendo,
2911 2396 3017 2457 sed
3064 2414 3393 2476 personam
3438 2395 3733 2475 designat

2154 2494 2253 2553 cui
2272 2492 2550 2553 Christus
2576 2510 2685 2571 per
2702 2510 2767 2552 se
2793 2489 3032 2551 confert
3052 2496 3445 2569 potestatem
3470 2489 3732 2569 quando

2155 2604 2303 2664 ergo
2351 2584 2623 2647 Ecclesia
2668 2586 2901 2663 Papam
2944 2583 3311 2645 haereticum
3358 2583 3729 2661 deponeret,

2156 2697 2283 2740 non
2318 2679 2456 2757 ipsa
2489 2684 2785 2757 tanquam
2820 2677 3101 2755 superior
3140 2676 3207 2736 id
3242 2680 3589 2755 praestaret,
3616 2674 3731 2735 sed

2156 2790 2233 2834 ex
2260 2772 2661 2834 consensione
2688 2770 2913 2832 Christi
2952 2769 3203 2831 Domini
3232 2768 3497 2848 juridice
3522 2768 3731 2829 decla-

2154 2872 2321 2927 raret
2342 2884 2484 2927 eum
2514 2864 2873 2926 haereticum
2902 2880 3056 2938 esse,
3082 2868 3267 2941 atque
3294 2862 3447 2923 adeo
3477 2880 3731 2941 prorsus

2158 2958 2491 3038 indignum
2540 2955 2849 3018 Pontificis
2896 2956 3233 3033 dignitate3
3281 2960 3557 3035 tuncque
3593 2955 3730 3035 ipso

2156 3052 2320 3113 sacto
2348 3050 2705 3111 immediate
2732 3069 2772 3111 a
2808 3049 3049 3110 Christo
3076 3049 3511 3127 deponeretur,
3538 3048 3729 3127 depo·

2154 3145 2435 3223 situsque
2482 3148 2765 3205 maneret
2805 3142 3084 3217 inferior,
3130 3160 3201 3203 ac
3241 3147 3441 3220 posset
3484 3141 3715 3219 puniri.

2161 3236 2531 3299 Addendum
2559 3254 2731 3311 vero,
2760 3236 3043 3315 quamvis
3072 3234 3341 3296 Ecclesia
3370 3239 3517 3295 ante
3546 3252 3719 3295 suam

2160 3331 2637 3393 declarationem
2676 3330 2839 3391 nihil
2883 3329 3074 3409 possit
3114 3330 3183 3391 in
3218 3328 3582 3391 haereticum
3618 3330 3727 3389 Pa-

2160 3442 2329 3504 pam,
2360 3442 2472 3504 per
2503 3423 2759 3484 modum
2788 3421 3122 3502 superioris
3143 3428 3205 3483 et
3231 3421 3517 3484 habentis
3532 3421 3731 3499 juris·-

2162 3516 2498 3579 dictionem
2526 3517 2593 3577 in
2638 3516 2841 3591 illum,
2882 3515 3151 3577 naturali
3178 3522 3387 3577 tamen
3410 3514 3557 3593 jure
3594 3531 3728 3575 suaa

2162 3608 2535 3670 defensionis
2561 3627 2733 3689 posse
2780 3606 2955 3669 illum
3002 3626 3303 3683 coercere,
3331 3608 3383 3667 si
3421 3606 3583 3669 forte
3616 3626 3734 3668 no-

2162 3708 2524 3764 cumentum
2556 3700 2809 3780 aliquod
2853 3700 3243 3761 machinetur
3267 3701 3333 3761 in
3360 3700 3728 3776 Ecclesiam,

2162 3802 2271 3857 aut
2304 3795 2851 3872 congregationem
2896 3793 3151 3855 Concilii
3190 3794 3495 3873 generalis
3526 3794 3734 3873 impe-

2164 3888 2297 3951 dire
2340 3894 2617 3949 conetur.
2656 3888 2830 3949 Unde
2871 3904 3019 3947 vero
3060 3892 3296 3948 constet
3333 3887 3477 3966 jure
3508 3886 3732 3948 divino

2164 3983 2375 4044 statim
2419 3981 2646 4061 deponi
2692 3979 3051 4041 Pontificem
3097 3980 3225 4041 lata
3266 3980 3549 4043 Ecclesiae
3588 3998 3731 4041 scn-

2164 4076 2395 4151 tentia,
2416 4073 2760 4155 respondeo
2786 4072 2987 4153 primo
3003 4072 3141 4151 jam
3174 4072 3451 4135 attulisse
3474 4090 3579 4133 me
3608 4080 3733 4133 tes-

2167 4169 2498 4230 timonium
2546 4166 2877 4229 Clementis
2918 4182 2997 4227 ex
3044 4183 3151 4226 ore
3196 4166 3389 4241 Petri;
3428 4165 3726 4238 secundo,

2168 4278 2367 4323 sacras
2397 4259 2762 4339 Scripturas,
2792 4276 2929 4338 quae
2969 4258 3342 4337 praecipiunt
3378 4258 3575 4321 vitare
3600 4258 3734 4321 hm-

2163 4354 2405 4428 reticoS,
2434 4351 2551 4413 hoc
2572 4351 2719 4411 satis
2742 4350 3047 4423 indicare3
3074 4351 3280 4428 tertio,
3306 4368 3383 4413 ex
3404 4351 3733 4415 communi

2162 4464 2463 4509 consensu
2506 4444 2794 4507 Ecclesiae
2838 4450 2901 4505 et
2945 4444 3313 4508 Pontificum
3362 4445 3426 4507 id
3470 4444 3729 4523 haberi3

2164 4546 2407 4620 quarto,
2438 4538 2746 4601 rationem
2785 4536 3138 4599 naturalem
3170 4537 3257 4598 ita
3295 4539 3535 4615 docem,
3582 4540 3733 4618 quia

2160 4652 2291 4695 non
2330 4639 2423 4693 est
2463 4631 2839 4694 credendum
2880 4631 3193 4693 Christum
3236 4632 3585 4695 destituisse
3620 4634 3735 4693 Ec-

2162 4726 2409 4789 clesiam
2436 4725 2613 4789 omni
2636 4724 2914 4789 remedio
2938 4724 3005 4785 in
3031 4732 3206 4785 tanto
3228 4724 3533 4804 periculo;
3560 4725 3735 4805 quod

2164 4838 2311 4881 vero
2338 4818 2571 4881 adduxi
2598 4819 2869 4881 maxime
2908 4817 3441 4881 accommodatum
3471 4824 3737 4898 apparet

2160 4930 2361 4975 causae
2390 4912 2469 4975 de
2498 4929 2621 4991 qua
2649 4911 3055 4989 disputamus

2243 5007 2310 5065 Η
2328 5049 2342 5065 .
2392 5004 2690 5079 Quartum
2716 5002 3399 5085 dubim.-Respomio
3427 5002 3729 5085 Gajetani.

2160 5132 2243 5147 —
2269 5097 2395 5172 Quo
2418 5103 2597 5179 paeto
2624 5098 2789 5161 diota
2816 5098 3121 5178 responsio
3148 5098 3235 5161 eit
3260 5099 3737 5179 acceptanda.—

2162 5192 2443 5255 Dubitari
2471 5196 2673 5272 potest
2699 5196 2923 5271 quarto
2958 5190 3037 5252 de
3074 5190 3239 5269 Papa
3264 5190 3454 5255 semel
3480 5190 3736 5253 haereti-

2162 5304 2257 5361 cO,
2296 5284 2403 5346 sed
2429 5285 2559 5364 iam
2589 5282 2939 5345 emendato.
2971 5284 3299 5362 Cajetanus
3326 5300 3512 5363 supra
3552 5284 3737 5345 docet

2163 5397 2293 5441 non
2316 5378 2541 5441 dehere
2566 5383 2675 5439 aut
2702 5394 2881 5457 posse
2906 5376 3156 5458 deponi,
3182 5376 3343 5456 quod
3366 5376 3501 5454 jam
3532 5377 3737 5438 haere-

2163 5474 2321 5534 ticus
2350 5489 2477 5534 uon
2500 5472 2602 5549 sit,
2627 5477 2700 5531 ut
2738 5470 3003 5533 hahetur
3024 5470 3095 5531 in
3121 5469 3303 5551 capit.
3332 5470 3513 5535 Dia-it
3536 5468 3737 5551 Apoe-
