3900 6217
144 5978 162 6166 n-''U-p*

593 380 714 447 496
1064 388 1302 443 msrnr.
1339 389 1446 443 xx.
1483 362 1882 443 nc'nencnus
1917 388 2229 443 ccctcsta
2261 386 2507 443 conum
2538 388 2831 441 Ila-:RESES
2864 389 2943 441 ετ
2976 387 3337 444 cananeus,

592 490 800 567 debet,
841 494 950 551 aut
976 489 1176 551 talem
1190 490 1670 571 disputationem
1700 489 2051 565 admittere,
2087 494 2157 549 ut

593 604 706 665 per
732 603 795 646 se
846 584 1084 644 clarum
1113 589 1226 645 cst.
1259 584 1490 645 Deinde
1531 583 1942 645 necessarium
1972 588 2063 643 est
2089 587 2158 643 ut

597 678 676 737 sit
697 676 1071 740 sufficienter
1098 676 1334 753 doctuS,
1358 684 1428 737 ut
1449 695 1635 757 supra
1662 678 1733 738 D.
1757 676 2025 737 Thomas
2052 676 2161 735 do-

597 776 716 847 cet,
748 776 810 832 et
851 769 1118 831 sumitur
1163 789 1235 831 cx
1276 770 1464 831 Paulo
1511 769 1578 831 111
1607 769 1806 830 citatis
1851 768 2076 844 verbiS,
2117 772 2155 830 2

598 864 678 925 ad
725 863 952 924 Timot.
999 866 1038 925 2
1077 863 1594 944 :Amplectentem
1625 880 1778 939 eum,
1817 864 1924 943 qui
1952 880 2160 925 secun-

598 958 741 1019 dum
765 956 1102 1019 doctrinam
1135 964 1248 1031 est,
1265 957 1496 1035 fidelem
1521 973 1869 1027 sermonem,
1895 954 2005 1015 ubi
2033 973 2159 1016 non

598 1049 799 1111 solum
833 1049 1044 1125 fidem,
1075 1047 1181 1109 sed
1209 1050 1398 1110 etiam
1425 1048 1766 1109 doctrinam
1789 1046 1936 1109 fidei
1958 1047 2161 1127 requi-

597 1142 683 1203 rit
707 1141 775 1203 in
801 1142 1174 1223 disputante,
1225 1147 1294 1203 ut
1315 1143 1515 1224 possit
1548 1159 1668 1216 e08,
1711 1142 1818 1223 qui
1857 1142 2163 1205 contradi-

602 1241 768 1311 cunt,
805 1254 1057 1318 orauere
1075 1262 1102 1311 ,·
1140 1242 1201 1297 et
1227 1238 1387 1298 ratio
1412 1242 1504 1298 est
1535 1255 1644 1317 per
1689 1254 1753 1297 se
1788 1235 1977 1311 clara,
2017 1235 2165 1314 quia

603 1330 670 1393 in
697 1332 867 1393 omni
902 1349 1161 1393 munere
1197 1335 1448 1393 tenetur
1489 1329 1909 1411 unusquisque
1936 1329 2165 1391 habere

603 1422 946 1500 scientiam,
977 1423 1076 1485 vel
1104 1432 1299 1485 artem
1330 1424 1737 1485 necessariam
1771 1424 1848 1485 ad
1880 1422 2003 1485 tale
2031 1442 2165 1484 mu-

603 1534 720 1579 nus
767 1516 1205 1579 convenienter
1259 1516 1703 1595 exercendum3
1761 1534 1910 1597 ergo
1966 1515 2165 1577 multo

603 1610 804 1688 magis
839 1611 908 1671 in
945 1616 1074 1671 tam
1103 1611 1280 1687 gravi
1316 1609 1580 1673 actione.
1631 1609 1785 1671 Item
1821 1609 1971 1689 quia
2011 1608 2166 1669 alias

604 1709 667 1763 et
695 1721 782 1779 se,
814 1708 876 1764 et
900 1703 1202 1765 honorem
1231 1701 1400 1781 fidei,
1450 1710 1512 1765 et
1532 1704 1958 1783 proximorum
2000 1701 2165 1763 salu-

603 1802 731 1857 tem
762 1796 1035 1875 periculo
1061 1796 1314 1876 exponit
1325 1812 1346 1875 3
1369 1804 1604 1877 quanta
1626 1814 1773 1857 vero
1792 1814 1923 1857 esse
1944 1794 2168 1857 debeat

603 1886 740 1949 haec
780 1890 1083 1965 doctrina,
1137 1908 1263 1951 non
1303 1896 1502 1969 potest
1547 1888 1916 1969 generaliter
1954 1893 2015 1951 et
2040 1906 2169 1951 una

604 1982 822 2062 regula
874 1982 1145 2059 definiri,
1203 1983 1308 2043 sed
1362 1983 1820 2044 considerandae
1861 1987 2007 2043 sunt
2052 1982 2167 2043 cir-

606 2078 1025 2155 cumstantiae3
1053 2095 1199 2141 nam
1224 2077 1302 2137 ad
1327 2077 1762 2157 disputandum
1796 2095 1938 2137 cum
1973 2076 2167 2139 haere-

605 2170 727 2231 tico
774 2169 1022 2231 indocto
1074 2170 1174 2231 vel
1215 2170 1484 2251 vulgari,
1535 2172 1739 2232 minor
1769 2170 2053 2231 doctrina
2100 2170 2169 2231 in

607 2261 917 2327 Catholico
965 2262 1220 2325 sufficit:
1276 2264 1427 2325 item
1479 2265 1684 2325 minor
1726 2264 1793 2325 in
1837 2284 1906 2327 re
1954 2265 2121 2327 clara
2148 2308 2164 2335 ,

607 2375 796 2436 quam
824 2357 893 2419 in
921 2356 1180 2431 difficili,
1213 2364 1274 2418 et
1301 2357 1386 2419 sic
1413 2358 1488 2417 dc
1510 2357 1671 2419 aliis.
1719 2359 1872 2419 Item
1898 2357 2016 2419 hoc
2040 2376 2171 2417 ma-

607 2450 776 2513 xime
817 2451 1181 2531 requiritur,
1223 2450 1471 2531 quando
1515 2450 1848 2531 disputatio
1893 2459 1984 2513 est
2027 2470 2171 2531 pro-

609 2542 766 2623 pria,
800 2549 863 2604 et
891 2562 1030 2605 cum
1061 2544 1519 2617 concertatione
1547 2544 1711 2605 inter
1738 2544 1890 2605 duos
1921 2543 2018 2605 vel
2033 2543 2171 2624 plu·

608 2654 705 2697 res
727 2651 746 2713 ;
773 2654 920 2698 nam
949 2637 1003 2699 si
1028 2643 1274 2699 tantum
1301 2638 1380 2697 sit
1411 2655 1522 2717 per
1549 2636 1806 2697 modum
1832 2637 2167 2714 concionis,

609 2746 717 2789 seu
741 2728 1036 2810 simplicis
1057 2731 1492 2810 persuasionis,
1523 2730 1726 2792 minor
1745 2730 2024 2792 doctrina
2044 2729 2162 2791 suf·

608 2820 796 2898 ficiet,
828 2826 1112 2902 quamvis
1138 2824 1205 2885 111
1228 2823 1433 2885 debito
1461 2830 1524 2885 et
1549 2824 2010 2904 proportionato
2033 2842 2174 2903 gra-

612 2914 699 2976 du
745 2917 1090 2978 necessaria
1139 2918 1326 2978 etiam
1382 2918 1480 2979 sit.
1535 2916 1812 2997 Denique
1844 2916 2174 2979 observan-

613 3008 762 3095 dum
790 3014 882 3071 est
907 3008 1238 3089 aliquando
1267 3009 1593 3089 contigisse
1613 3010 1957 3090 simplicem
1984 3010 2171 3071 fidem

611 3101 979 3183 disputantis
1020 3103 1426 3165 efficaciorem
1464 3103 1650 3165 fuisse
1687 3103 1766 3163 ad
1795 3103 2172 3165 vincendum

615 3194 973 3257 haereticum
999 3238 1024 3273 ,
1076 3215 1262 3277 quam
1310 3196 1574 3258 multam
1621 3194 1890 3256 aliorum
1948 3196 2174 3257 doctri-

615 3306 788 3360 nam,
822 3293 892 3348 ut
933 3289 1010 3350 de
1037 3288 1265 3352 Concil.
1299 3290 1530 3352 Nicaen.
1565 3288 1840 3351 referunt
1871 3287 2169 3365 historiae,

613 3380 922 3457 RuffinuS,
955 3381 1002 3443 1.
1037 3384 1136 3459 10,
1175 3400 1230 3444 0.
1265 3384 1334 3461 33
1379 3382 1778 3463 Nicephorus,
1808 3382 1852 3445 1.
1886 3384 1946 3459 8,
1993 3402 2047 3444 c.
2083 3386 2173 3459 25,

614 3483 676 3536 et
704 3474 814 3536 lib.
860 3478 958 3552 15,
986 3494 1040 3536 c.
1069 3476 1178 3551 233
1213 3476 1318 3537 sed
1347 3474 1498 3536 illud
1527 3476 1705 3555 quasi
1740 3474 2175 3539 miraculosum

615 3574 730 3643 est,
757 3574 818 3630 et
845 3586 922 3631 ex
949 3568 1520 3651 speciali-instinctu
1548 3569 1810 3649 Spiritus
1847 3570 2083 3647 Sancti,
2116 3576 2177 3631 et

613 3660 754 3723 ideo
777 3662 1153 3724 imitandum
1181 3681 1310 3724 non
1357 3668 1470 3739 cst,
1501 3662 1606 3724 sed
1635 3662 1952 3725 ordinaria
1988 3662 2091 3725 lex
2116 3668 2179 3725 et

612 3754 832 3834 regula
857 3755 1058 3835 posita
1084 3761 1176 3817 est
1195 3754 1515 3817 servanda.

698 3853 758 3913 9.
778 3848 1008 3912 Deinde
1039 3849 1237 3930 quoad
1257 3846 1323 3911 id
1344 3851 1502 3930 quod
1513 3850 1785 3929 emiqitur
1796 3848 2057 3929 positivo
2063 3852 2181 3930 ju-

622 3965 710 4009 re.
741 3944 1008 4005 —Ultra
1031 3943 1163 4005 haec
1190 3961 1268 4004 ex
1299 3942 1442 4021 jure
1476 3944 1737 4025 positivo
1765 3943 2181 4007 necessarium

616 4045 707 4101 est
734 4045 804 4099 ut
833 4054 1094 4118 persona
1122 4054 1234 4116 pro
1272 4034 1394 4099 fide
1427 4038 1746 4117 disputans
1788 4041 1868 4099 sit
1901 4037 2178 4115 clericus,

617 4150 768 4211 :nam
804 4131 977 4192 laicis
1004 4130 1121 4191 sub
1149 4147 1332 4209 poena
1359 4130 2017 4193 excommunicationis
2042 4149 2184 4211 pro-

615 4226 886 4289 hibitum
915 4231 1030 4301 est,
1048 4226 1115 4285 in
1129 4242 1185 4285 c.
1215 4222 1710 4304 2,§Iuliibomus,
1741 4225 1818 4287 de
1847 4226 2094 4300 Haeret„
2116 4225 2183 4285 in

621 4321 681 4381 6.
715 4318 924 4381 Glossa
961 4325 1172 4379 tamen
1197 4317 1311 4393 ibi,
1341 4319 1624 4397 quamvis
1663 4316 2043 4393 dubitanter,
2074 4336 2186 4397 per

618 4414 807 4476 laicos
827 4411 1080 4491 exponit
1110 4411 1400 4485 indoctos,
1429 4410 1534 4471 sed
1564 4415 1656 4471 est
1679 4410 1936 4472 omnino
1958 4410 2187 4489 impro-

618 4504 842 4567 babilis
870 4503 1192 4583 expositio.
1223 4503 1453 4578 Prim0,
1504 4503 1651 4583 quia
1673 4512 1765 4564 est
1800 4509 2011 4564 contra
2047 4521 2186 4583 pro-

619 4600 943 4680 prietatem
970 4596 1164 4659 verbi.
1181 4595 1483 4672 Secundo,
1508 4596 1654 4675 quia
1669 4596 2187 4675 condistinguun-

617 4698 720 4753 tur
745 4692 887 4753 laici
931 4710 970 4751 a
998 4690 1256 4766 clericiS,
1289 4688 1616 4769 quod-non
1656 4688 1728 4751 fit
1775 4689 2019 4751 ratione
2046 4688 2187 4749 doc-

615 4786 820 4861 trinae,
867 4784 976 4847 sed
1001 4784 1240 4845 ratione
1293 4783 1550 4858 ordiniS,
1601 4801 1712 4845 scu
1757 4788 1975 4859 statue,
2009 4783 2187 4861 juxta

616 4899 754 4961 cap.
784 4880 920 4942 Duo
961 4882 1128 4953 sunt,
1175 4878 1273 4953 12,
1305 4895 1364 4955 q.
1410 4877 1468 4938 1.
1503 4876 1735 4952 Tertio,
1781 4876 1929 4956 quia
1968 4876 2035 4937 in
2066 4876 2185 4938 hoc

623 4992 806 5035 sensu
827 4972 956 5035 lata
985 4973 1106 5033 fuit
1124 4976 1185 5031 et
1215 4970 1519 5049 explicata
1539 4969 1756 5030 similis
1792 4969 1984 5031 lexin
2012 4976 2185 5031 sexta

621 5066 772 5147 Syn.
779 5112 801 5143 ,
820 5083 956 5145 cap.
995 5066 1075 5125 64
1101 5062 1396 5139 Trulan.;
1428 5060 1515 5122 ibi
1535 5068 1744 5123 tamen
1765 5062 1965 5123 solum
1980 5061 2186 5141 prohi-

615 5161 842 5223 bentur
891 5158 1033 5221 laici
1060 5155 1302 5237 publice
1330 5154 1644 5234 disputare
1671 5154 1773 5216 vel
1814 5154 2035 5217 docere
2050 5172 2071 5234 ;
2118 5156 2185 5217 in

618 5254 782 5315 dicto
810 5257 1022 5313 autem
1053 5248 1296 5311 noviori
1336 5249 1477 5327 jure
1518 5246 1788 5325 additur,
1837 5248 2067 5329 publice
2093 5248 2185 5313 vd

610 5348 927 5427 privatim.
973 5344 1150 5407 Ratio
1183 5347 1396 5404 autem
1418 5340 1605 5420 hujus
1632 5338 2062 5421 prohibitionis
2090 5342 2186 5403 in-

616 5438 859 5501 dicatur
884 5438 952 5499 in
992 5437 1100 5498 illo
1142 5453 1400 5509 canone,
1443 5434 1541 5495 his
1581 5434 1817 5496 verbis:
1857 5433 1987 5498 Sed
2016 5453 2189 5517 opor-

619 5538 702 5597 tet
734 5529 935 5595 ordini
958 5550 998 5597 a
1045 5530 1300 5595 Domino
1349 5528 1489 5593 dato
1531 5528 1745 5605 cedere,
1789 5527 1983 5608 juxta
2030 5528 2196 5593 illud

2236 490 2451 564 Pauli,
2480 492 2560 554 ad
2579 490 2812 569 Eplces.
2830 490 2871 551 4
2886 515 2910 550 .·
2932 488 3231 561 Quosdam
3252 492 3393 554 dedit
3411 495 3673 567 Pastas-aa

2235 582 2543 647 Doctores.
2582 584 2853 645 Pertinet
2882 600 3035 661 ergo
3072 582 3187 643 hoc
3232 602 3439 649 munus
3458 608 3523 651 ex
3544 594 3677 659 offitio

2238 678 2505 741 clericali
2532 679 2743 753 statui,
2794 685 2857 739 et
2881 677 3021 739 ideo
3050 676 3139 739 illi
3175 680 3383 739 merito
3406 696 3677 751 reservatur,

2240 772 2491 833 Accedit
2509 772 2673 853 quod
2696 771 2865 849 leges
2889 772 3221 832 attendunt
3239 771 3301 831 id
3316 775 3461 853 quod
3482 776 3683 859 frequen.

2238 865 2363 925 tius
2389 865 2651 938 accidit3
2688 862 2896 925 clerici
2938 873 3149 925 autem
3186 866 3377 925 solent
3418 886 3525 931 esse
3556 878 3685 951 magis

2240 958 2525 1019 instructi
2554 964 2617 1019 et
2632 956 2797 1019 docti
2828 956 2893 1017 in
2916 956 3197 1017 doctrina
3220 975 3421 1033 sacra3
3444 959 3557 1023 laici
3572 982 3685 1041 vem,

2241 1069 2275 1111 e
2330 1051 2661 1127 contrario,
2715 1049 3085 1129 regulariter
3131 1068 3258 1112 non
3314 1058 3446 1113 sunt
3484 1057 3621 1133 periti
3648 1062 3688 1121 in

2244 1142 2353 1204 illa
2394 1143 2673 1219 scientia,
2724 1149 2786 1204 et
2843 1143 2983 1204 ideo
3046 1144 3267 1204 merito
3302 1143 3429 1204 talis
3476 1150 3597 1209 actio
3632 1154 3691 1213 eis

2243 1236 2608 1317 prohibetur
2628 1282 2643 1297 .
2700 1237 2779 1297 Et
2836 1234 3191 1297 confirmari
3242 1242 3463 1315 potest,
3506 1243 3617 1319 quia
3630 1262 3693 1305 ea-

2245 1331 2387 1393 dem
2434 1332 2593 1391 ratio
2647 1329 2745 1391 vel
2780 1331 2981 1407 major
3028 1337 3119 1391 est
3164 1330 3237 1391 111
3284 1330 3395 1391 hac
3428 1330 3693 1412 disputatio-

2245 1442 2351 1500 ne,
2412 1442 2603 1504 quam
2657 1424 2725 1483 in
2768 1423 3037 1502 simplici
3066 1423 3483 1502 praedicatione
3504 1427 3580 1487 vel
3599 1430 3692 1490 doc.-

2242 1518 2443 1591 trina3
2502 1518 2633 1579 haec
2670 1521 2879 1577 autem
2925 1515 3290 1595 prohibetur
3336 1515 3519 1595 laids3
3540 1532 3693 1599 ergoet

2244 1611 2353 1673 illa
2380 1658 2397 1673 .
2440 1612 2643 1675 Minor
2694 1610 2957 1671 habetur
3013 1604 3081 1671 111
3133 1611 3339 1690 capite
3382 1610 3513 1675 Cum
3546 1634 3597 1675 oc
3632 1620 3689 1677 11·

2232 1706 2473 1785 juncto,
2522 1710 2587 1765 et
2624 1704 2825 1783 capite
2868 1701 3047 1766 Siout
3080 1701 3145 1765 in
3174 1720 3321 1777 uno,
3356 1703 3428 1764 de
3460 1705 3687 1783 fluentia,

2245 1797 2314 1858 in
2356 1804 2529 1861 sexto
2545 1841 2568 1873 ,
2624 1803 2684 1859 et
2737 1796 2805 1857 in
2851 1795 3119 1857 Concilio
3176 1794 3594 1873 Carthaginensi
3618 1800 3681 1873 lv,

2246 1909 2381 1970 cap.
2415 1892 2531 1954 98:
2572 1891 2819 1965 Laious,
2854 1889 3081 1969 inquit,
3111 1888 3499 1970 prce-centibus
3526 1892 3673 1967 clud,

2245 1988 2372 2049 nisi
2395 1983 2551 2065 ipsis
2561 1983 2931 2065 jubentibus,
2954 1984 3153 2045 docere
3176 2000 3300 2045 nou
3324 1984 3550 2056 audean-
3564 1988 3679 2047 eliu

2251 2079 2438 2157 Papa,
2470 2076 2712 2157 epistol.
2744 2077 2849 2151 62,
2880 2094 3014 2155 cap.
3038 2075 3283 2137 ultim.:
3316 2076 3611 2141 Proetereoe
3630 2080 3689 2158 qui

2246 2176 2391 2235 sunt
2416 2172 2667 2234 Domini
2690 2170 3051 2244 sacerdotes,
3080 2170 3293 2233 nullus
3308 2170 3527 2249 sibiju
3542 2172 3689 2233 accen

2248 2271 2303 2329 et
2326 2266 2705 2345 praedicandi
2730 2266 2945 2329 audeat
2973 2265 3313 2337 vendicare,
3346 2265 3465 2327 sive
3488 2267 3559 2327 sit
3572 2284 3693 2329 mona·

2250 2359 2422 2435 char,
2448 2358 2573 2423 sivo
2600 2358 2819 2435 caiam,
2842 2359 2951 2440 qui
2990 2358 3265 2436 alicuius
3292 2356 3534 2423 scientio
3552 2362 3695 2421 min

2248 2452 2565 2535 ylorietur.

2333 2548 2431 2607 10.
2478 2546 2564 2608 In
2584 2546 2886 2625 pra-dicta
2905 2546 3317 2628 prohibitione
3330 2545 3493 2626 juris
3518 2545 3699 2627 positivi,

2250 2639 2358 2719 qui
2386 2639 2683 2703 laicorum
2708 2640 2944 2703 nomine
2968 2640 3239 2713 veniant,
3266 2642 3376 2721 qui
3408 2639 3563 2703 eliam
3596 2638 3703 2701 deri·

2253 2749 2479 2795 corum.
2502 2764 2585 2779 —
2627 2733 3078 2795 Verumtamen
3120 2734 3290 2797 circa
3332 2733 3489 2795 illam
3525 2732 3705 2812 prohihi-

2251 2826 2488 2887 tionem
2522 2824 2733 2905 aliqua
2762 2826 3036 2887 notanda
3076 2832 3140 2889 et
3177 2826 3557 2907 expendenda
3598 2832 3703 2885 sunt.

2252 2919 2557 2994 Primum,
2590 2919 2700 2998 qui
2726 2919 2851 2981 sint
2877 2918 3273 2998 intelligendi
3294 2921 3559 2985 laicorum
3578 2924 3623 2979 et
3638 2918 3705 2981 cle·

2251 3011 2519 3075 riom-um
2566 3011 2863 3073 nomine?
2912 3012 3205 3075 Auctorae
3248 3012 3617 3077 communiter
3636 3011 3705 3069 suh

2253 3105 2510 3167 nomine
2556 3103 2764 3169 olem‘oi
2802 3105 3162 3183 intelligunt
3220 3106 3411 3169 etiam
3464 3104 3705 3181 religiosos,

2258 3198 2545 3277 quamvis
2587 3196 2832 3258 nullum
2886 3198 3170 3261 ordinem
3210 3198 3494 3271 habeant,
3530 3196 3639 3275 quia
3668 3197 3706 3253 in

2254 3290 2465 3370 ampla
2502 3289 2957 3369 significatione
3004 3292 3095 3351 ita
3120 3291 3281 3353 solet
3308 3291 3415 3353 illa
3444 3306 3547 3351 vox
3568 3288 3707 3366 accipi,

2256 3391 2320 3446 et
2345 3384 2413 3445 in
2441 3383 2547 3444 illo
2574 3390 2779 3459 textu,
2810 3384 3012 3463 quoad
3036 3383 3203 3445 hanc
3244 3392 3479 3464 partem
3500 3380 3709 3443 [averahi

2256 3476 2407 3553 lem,
2451 3476 2695 3537 videtur
2724 3477 2813 3537 ita
2840 3476 3221 3556 amplianda.
3250 3478 3569 3556 Itemque,
3586 3492 3711 3553 quan·

2256 3570 2427 3631 dom
2448 3570 2591 3649 jure
2608 3569 2681 3631 fit
2708 3569 2817 3631 illa
2840 3568 3207 3633 bimembris
3234 3572 3479 3650 partitio
3510 3554 3711 3633 &oanni

2259 3668 2322 3725 et
2355 3662 2735 3737 clericorum,
2764 3661 2879 3725 sub
2906 3662 3148 3727 clericis
3188 3661 3592 3744 comprehendi
3618 3658 3710 3719 solet

2258 3763 2428 3819 totus
2456 3762 2651 3819 status
2698 3754 3163 3833 ecclesiasticus,
3196 3756 3280 3819 ad
3324 3772 3497 3835 quem
3530 3750 3712 3829 religioei

2260 3850 2597 3931 pertinent,
2621 3851 2803 3930 juxta
2824 3850 3059 3911 dictum
3082 3867 3219 3928 cap.
3252 3851 3385 3913 Duo
3408 3853 3557 3923 sunt,
3578 3852 3711 3922 estque

2259 3944 2395 4006 haec
2432 3942 2739 4005 sententia
2766 3943 2915 4005 satis
2940 3941 3299 4022 probabilis,
3326 3948 3385 4004 et
3420 3941 3637 4021 practice
3658 3954 3712 3995 se·

2262 4054 2451 4111 cura3
2482 4036 2687 4097 solum
2713 4041 2914 4115 potest
2940 4034 3185 4097 obstare
3211 4034 3461 4097 verbum
3496 4031 3709 4103 1111111111

2261 4127 2560 4205 monachi,
2594 4128 2759 4209 quod
2798 4146 2875 4189 ex
2904 4128 3105 4196 Leone
3149 4128 3335 4191 retuli
3348 4143 3371 4205 3
3418 4126 3511 4189 sed
3548 4140 3711 4201 respon·

2264 4222 2400 4285 deri
2438 4226 2659 4302 potest,
2689 4220 2787 4283 vel
2830 4219 2988 4283 illud
3022 4227 3379 4283 revocatum
3412 4236 3531 4279 esse
3550 4229 3709 4295 perna

2266 4332 2416 4375 vum
2446 4315 2575 4393 jus,
2634 4312 2737 4375 vel
2774 4314 3044 4375 Leonem
3088 4312 3365 4375 locutum
3416 4311 3579 4373 fuisse
3602 4308 3713 4384 juxta

2266 4424 2507 4469 morem
2533 4406 2631 4469 sui
2658 4408 2980 4487 temporis,
3022 4406 3093 4467 in
3126 4424 3257 4486 quo
3278 4397 3717 4477 monachireguln·

2264 4499 2419 4563 riter
2440 4518 2567 4561 non
2596 4500 3070 4578 ordinabantur,
3098 4517 3221 4561 nec
3256 4498 3463 4561 litteris
3485 4492 3714 4556 vacabant

2264 4594 2441 4655 Addo
2487 4594 2677 4657 etiam
2720 4611 2853 4655 non
2883 4594 3085 4655 videri
3118 4592 3553 4663 inconveniens,
3578 4588 3617 4645 si
3646 4580 3715 4643 suh

2265 4688 2445 4753 laicis
2499 4686 3111 4769 comprehendantur
3162 4686 3347 4768 etiam
3395 4683 3483 4745 illi
3530 4674 3714 4755 religiosi

2266 4784 2377 4861 qui
2399 4783 2469 4845 111
2494 4784 2624 4844 suis
2650 4780 2973 4843 ordinibus
3000 4780 3143 4843 laici
3170 4789 3337 4855 sunt,
3370 4794 3503 4839 nam
3538 4772 3621 4833 alii
3656 4784 3715 4827 re·

2266 4874 2470 4955 ligiosi
2503 4874 2733 4955 optime
2763 4873 3116 4937 clericorum
3142 4872 3389 4935 nomine
3416 4862 3717 4945 comprehen-

2262 4969 2517 5039 duntur,
2547 4968 2695 5048 quia
2723 4964 2968 5029 ordines
2995 4966 3395 5047 participant,
3422 4962 3481 5023 in
3502 4958 3609 5019 aliis
3624 4968 3719 5013 vem

2261 5059 2567 5139 religiosis
2620 5059 2794 5121 laicis
2829 5059 2989 5119 ratio
3052 5058 3213 5136 legis
3258 5051 3533 5119 ordnmrie
3578 5046 3715 5105 locum

2263 5151 2475 5228 habet,
2523 5152 2672 5231 quia
2700 5170 2831 5215 non
2878 5158 3024 5212 sunt
3054 5151 3245 5227 docti,
3288 5168 3394 5211 nec
3436 5142 3715 5206 sufficientes

2264 5246 2345 5309 ad
2367 5245 2849 5326 disputandum3
2866 5243 3277 5307 nihilominus
3298 5248 3483 5303 tamen
3500 5236 3545 5297 si
3560 5226 3714 5309 aliqu&

2265 5338 2652 5402 inveniretur
2682 5357 2825 5401 cum
2850 5338 3180 5400 sufficienti
3198 5336 3473 5406 doctrina,
3498 5330 3603 5389 sine
3622 5336 3714 5401 pet

2270 5438 2405 5494 cato
2433 5432 2497 5493 id
2518 5432 2722 5494 facere
2744 5438 2971 5513 posset,
2998 5430 3335 5511 praesertim
3371 5445 3405 5488 a
3426 5441 3520 5485 suo
3536 5416 3710 5499 {mekito

2263 5526 2492 5619 jussus,
2535 5531 2671 5588 tum
2732 5531 2988 5607 propter
3038 5521 3405 5604 probabilem
3442 5512 3707 5595 opinionem
