3900 6217
750 340 917 403 sacr.
953 341 1055 401 vu.
1092 344 1176 397 ΑΝ
1207 335 1549 399 tactuum:
1580 332 1909 397 corteluun
1940 336 2036 398 s‘n·
2069 338 2270 401 esau
2303 340 2550 403 amum
2581 344 2764 403 riost.

144 444 443 506 sumimus
474 446 827 508 Concilium
854 462 980 507 non
1024 451 1305 506 coactum
1348 461 1387 504 a
1416 443 1711 507 Pontifice

146 554 259 599 non
290 556 429 599 esse
454 538 745 619 regulam
774 537 943 615 fidei,
986 539 1115 599 imo
1157 554 1329 617 posse
1365 555 1596 613 errare,
1640 541 1713 597 ut

146 634 203 692 in
228 630 508 692 Concilio
538 632 921 694 Ariminensi
947 632 1149 695 visum
1184 637 1291 693 est.
1321 632 1476 692 Item
1510 629 1711 710 sequi·

146 734 233 785 tur
257 724 618 787 Concilium
646 726 717 787 in
744 725 1047 805 principio
1068 724 1347 803 legitime
1373 741 1710 803 congrega-

146 824 285 891 tum,
330 816 385 876 si
415 818 487 877 in
520 817 821 892 *discursu
860 818 1157 898 temporis
1198 836 1310 897 pro
1338 834 1461 896 quo
1502 816 1709 893 durat,

144 908 397 969 discedat
426 909 512 971 ab
538 909 897 973 obedientia
925 916 988 972 et
1015 910 1245 971 unione
1272 908 1603 984 Pontificis,
1632 926 1707 971 ex

144 1008 275 1061 tunc
306 1020 443 1063 non
470 1002 713 1065 habere
740 1004 1191 1078 auctoritatem,
1218 1020 1421 1083 neque
1450 1020 1579 1064 esse
1616 1020 1712 1063 re·-

140 1092 361 1173 gulam,
408 1100 487 1155 ut
514 1096 589 1156 in
636 1095 961 1157 Basiliensi
1001 1094 1272 1169 Concilio
1312 1113 1389 1156 ex
1417 1101 1591 1175 parte
1621 1094 1714 1153 vi-

140 1204 261 1247 sum
304 1194 427 1260 est,
472 1187 561 1248 de
600 1207 725 1268 quo
758 1182 1060 1251 nonnulla
1098 1188 1369 1250 diximus
1395 1188 1462 1248 in
1493 1186 1713 1248 Defen-

140 1279 295 1339 sione
324 1278 507 1355 fidei,
541 1278 693 1341 libr.
726 1282 786 1357 3,
818 1300 952 1364 cap.
986 1281 1087 1357 18,
1116 1299 1154 1342 a
1189 1282 1435 1343 num.·8
1447 1295 1469 1359 3
1498 1286 1559 1341 ct
1586 1280 1711 1340 dis·

138 1382 255 1453 put.
283 1372 323 1433 9
346 1372 435 1433 de
462 1376 759 1451 Censur.,
785 1382 931 1437 sect.
959 1376 1021 1452 2,
1048 1374 1274 1435 multos
1304 1374 1710 1435 indicavimus

136 1464 201 1529 dc
226 1483 293 1526 re
320 1467 563 1529 eadem
596 1472 951 1542 tractantes,
982 1485 1123 1547 quae
1152 1466 1403 1547 quidem
1431 1466 1644 1528 omnia
1671 1485 1710 1527 a

135 1558 365 1620 fortiori
424 1558 1095 1641 confirmabuntunex
1145 1558 1420 1620 dicendis
1435 1576 1458 1637 ;
1507 1559 1708 1619 solum

132 1668 269 1729 ergo
314 1659 616 1732 superest
658 1652 1003 1715 Concilium
1042 1652 1418 1731 legitimum,
1460 1652 1537 1713 de
1583 1670 1708 1733 quo

136 1742 566 1823 principaliter
600 1750 771 1807 mota
798 1752 891 1806 est
921 1745 1199 1825 quaestio.

202 1837 265 1897 5.
322 1835 511 1901 Varii
554 1838 721 1899 modi-
749 1838 1069 1915 definiendi
1100 1838 1165 1899 iu
1204 1838 1471 1919 quer-ali
1502 1835 1711 1901 Conci-

140 1918 227 1990 ῑῖὃ.
254 1963 339 1976 ——
366 1930 457 1993 Ut
486 1938 709 1993 autem
735 1930 1007 1994 breviter
1034 1930 1109 1992 ad
1138 1931 1310 1993 illam
1344 1932 1710 2012 respondea-

140 2040 293 2099 mus,
318 2025 815 2107 supponendum
846 2032 939 2087 est
972 2027 1174 2087 varios
1199 2043 1329 2087 esse
1360 2026 1573 2086 modos
1600 2044 1711 2088 seu

139 2119 359 2195 gradus
415 2120 489 2181 in
540 2116 910 2181 definitione
956 2120 1097 2182 talis
1142 2119 1417 2181 Concilii.
1468 2120 1710 2181 Primus

140 2218 241 2284 est,
272 2212 534 2291 quando
561 2212 633 2273 in
662 2212 771 2274 illo
797 2214 964 2293 Papa
992 2212 1391 2293 personaliter
1418 2211 1613 2289 adest,
1639 2218 1712 2274 ut

138 2306 191 2363 in
228 2306 669 2382 Lateranens„
703 2306 819 2366 suh
850 2304 1233 2381 Innocentio,
1278 2312 1340 2367 et
1379 2304 1707 2382 similibus,

138 2404 189 2457 ct
212 2396 505 2458 definitio
546 2397 625 2459 fit
666 2399 1089 2461 consentiente
1122 2398 1289 2479 Papa
1316 2404 1379 2461 et
1418 2397 1705 2461 Concilio.

138 2492 453 2553 Secundus
478 2498 605 2567 est,
652 2493 903 2571 quando
934 2492 1097 2572 Papa
1123 2492 1298 2553 adest
1332 2510 1438 2571 per
1476 2492 1713 2571 legatos

140 2582 433 2643 hahentes
469 2584 553 2645 ab
599 2586 733 2665 ipso
762 2583 1087 2663 specialem
1132 2583 1602 2646 instructionem
1633 2582 1711 2645 de

142 2676 494 2737 veritatibus
524 2674 925 2753 definiendis,
959 2684 1019 2737 ct
1057 2675 1335 2737 definitio
1362 2676 1433 2737 fit
1468 2695 1507 2737 a
1552 2678 1707 2739 Con·

144 2768 297 2844 cilio,
320 2769 509 2847 juxta
550 2770 743 2830 talem
774 2769 1265 2831 instructionem.
1310 2770 1549 2830 Tertius
1590 2775 1706 2846 est,

152 2864 381 2939 quando
417 2860 619 2941 legati
652 2865 915 2924 veniunt
949 2866 1078 2923 sine
1121 2863 1525 2923 instructione
1559 2881 1702 2943 par-

166 2956 405 3030 ticulari,
425 2954 533 3015 sed
567 2956 846 3017 Concilio
874 2958 939 3016 in
970 2954 1246 3035 generali
1274 2955 1704 3030 committitur,

172 3054 233 3105 ut
269 3050 327 3108 in
352 3048 441 3109 liis
468 3048 575 3110 vel
610 3049 735 3110 illis
779 3048 1052 3110 materiis
1094 3066 1300 3109 veram
1344 3047 1527 3109 fidem
1559 3046 1705 3108 defi-

168 3140 301 3217 niat,
344 3150 403 3202 et
466 3148 687 3221 postea
744 3140 1025 3202 delinitio
1070 3140 1142 3202 fit
1183 3139 1707 3202 consentientibus

154 3233 377 3310 legatis,
404 3241 471 3294 et
496 3234 760 3295 tandem
795 3232 1043 3295 additur
1083 3232 1472 3295 confirmatio
1501 3232 1709 3293 Ponti-

152 3326 267 3386 ficis
278 3344 297 3403 3
342 3334 613 3407 quartus
650 3328 881 3407 gradus
914 3326 1055 3402 erit,
1086 3328 1137 3387 si
1178 3325 1455 3387 definitio
1482 3326 1643 3387 facta
1670 3343 1707 3387 a

149 3420 407 3479 Concilio
428 3428 495 3479 et
516 3420 742 3499 legatis
764 3418 1180 3482 consideretur
1195 3426 1529 3498 antequam
1559 3437 1708 3480 con-

146 3511 421 3573 firmetur
463 3531 503 3573 a
554 3514 741 3592 Papa.
773 3511 1035 3587 Quintus
1080 3512 1220 3587 erit,
1264 3512 1317 3571 si
1364 3510 1708 3571 Concilium

144 3605 371 3685 aliquid
398 3602 685 3679 definiat,
715 3602 1205 3685 repugnantibus
1229 3602 1449 3683 legatis
1478 3602 1711 3665 haben-

144 3698 308 3757 tibus
334 3698 838 3759 instructionem.
868 3698 1108 3773 SextuS,
1140 3696 1193 3757 si
1231 3694 1487 3759 definiat
1527 3714 1712 3777 repu-

149 3791 487 3873 gnantibus
548 3790 773 3870 legatis
831 3790 939 3871 qui
996 3788 1182 3851 talem
1239 3787 1712 3849 instructionem

150 3903 273 3943 non
310 3884 576 3945 habent.
610 3884 837 3944 Omitto
878 3888 1087 3947 autem
1120 3881 1460 3958 haereticOS,
1491 3882 1601 3961 qui
1642 3883 1709 3941 in

153 3976 316 4036 nullo
340 3976 615 4038 istorum
640 3976 967 4055 graduum,
996 3974 1407 4037 Conciliorum
1437 3974 1708 4035 auctori-

154 4076 334 4129 tatem
360 4070 711 4131 admittunt
720 4086 741 4147 3
768 4086 937 4143 nam,
963 4067 1290 4149 suppositis
1314 4084 1453 4147 quae
1483 4065 1613 4127 dixi
1642 4065 1708 4126 in

156 4162 641 4241 precedentibus
700 4162 1071 4224 sectionibus
1088 4207 1111 4237 ,
1172 4159 1417 4221 nullum
1477 4160 1711 4221 habent

154 4257 649 4333 fundamentum,
679 4260 743 4317 et
768 4253 1119 4317 testimonia
1146 4253 1326 4328 salsa,
1351 4270 1490 4333 quae
1521 4254 1709 4315 variis

158 4350 436 4411 &nciliis
460 4348 815 4428 imponunt,
836 4347 1061 4410 refellit
1080 4345 1456 4417 sufficienter
1482 4345 1710 4408 Bellar·

170 4440 369 4515 minus,
402 4440 551 4503 libr.
585 4442 647 4517 2,
678 4442 865 4521 capit.
892 4442 951 4503 8.
984 4440 1060 4501 Et
1085 4440 1138 4501 si
1165 4446 1396 4500 attente
1424 4438 1712 4518 legantur

162 4552 287 4612 ‹111ae
314 4533 532 4611 refert,
554 4534 683 4596 fere
712 4554 836 4595 non
862 4534 1179 4615 pertinent
1204 4532 1284 4593 ad
1309 4532 1578 4595 Concilia
1607 4549 1712 4611 ge·

162 4628 379 4689 nerelia
390 4674 417 4705 ,
448 4628 796 4707 praesertim
824 4626 892 4687 in
920 4625 1180 4689 materia
1211 4624 1377 4687 fidei.

234 4724 291 4782 6.
332 4720 561 4783 Prima
583 4721 833 4783 assertio
858 4746 881 4781 .·
911 4718 1245 4787 Concilium
1266 4718 1540 4799 annale
1568 4718 1712 4797 defi·

164 4818 321 4877 niens
350 4815 559 4897 primo
593 4816 783 4888 modo,
812 4820 897 4878 est
923 4814 1137 4893 regula
1164 4812 1332 4889 fidei.
1362 4846 1443 4857 --
1479 4812 1711 4875 Proba-

170 4915 257 4967 tur
280 4910 481 4987 prium
498 4926 575 4970 ea·
596 4907 950 4987 Scriptura.
973 4938 1055 4952 —-
1086 4906 1293 4967 Primo
1326 4922 1474 4985 ergo
1502 4902 1713 4965 certis·

173 5000 381 5061 simum
402 5008 497 5062 est
518 4998 864 5063 Concilium
888 4999 1179 5080 generale
1204 4999 1269 5059 in
1294 5016 1415 5077 quo
1445 5014 1712 5078 praesens

176 5094 325 5153 adest
386 5092 673 5155 Pontifex
702 5140 721 5167 ,
782 5112 913 5155 esse
974 5092 1366 5153 infallibilem
1429 5089 1715 5167 regulam

176 5184 323 5262 fidei,
350 5192 417 5247 et
448 5205 577 5249 non
617 5204 796 5265 posse
822 5202 1029 5247 errare
1056 5185 1122 5245 in
1162 5183 1262 5245 his
1302 5200 1438 5263 qnae
1481 5184 1547 5243 in
1570 5183 1710 5244 doc-

186 5278 487 5340 trinafidei
507 5277 747 5355 definit,
774 5276 877 5339 vel
916 5295 1058 5357 quae
1087 5273 1387 5357 approbat
1418 5275 1487 5335 in
1516 5280 1711 5336 mate·

182 5370 259 5431 ria
276 5390 536 5433 morum.
560 5372 706 5435 Haec
728 5371 955 5435 veritas
977 5388 1056 5431 ex
1077 5368 1393 5451 Scriptura
1404 5369 1713 5449 praecipue

184 5464 450 5539 pmhatur
466 5464 747 5546 exemplo
766 5462 1227 5546 Apostolorum,
1252 5462 1459 5525 Actor.
1486 5462 1583 5537 15,
1606 5460 1714 5521 ubi

3235 342 3352 413 150

1790 444 1857 505 in
1912 444 2115 510 forma
2173 447 2511 511 definiendi
2579 470 2593 509 :
2670 448 2876 514 Visum
2924 454 3013 513 est
3071 450 3352 533 Spiritui

1794 536 2024 601 Sancto
2046 545 2101 603 et
2145 540 2338 615 uobis,
2377 548 2587 622 aperte
2627 541 2970 605 docuerunt
3011 543 3352 611 Concilium

1792 629 1993 693 simile
2036 632 2170 713 regi
2212 632 2290 693 ab
2337 633 2572 714 Spiritu
2617 636 2860 709 Sancto,
2909 652 3052 699 cum
3094 636 3348 718 definit3

1790 740 1938 802 ergo
1968 741 2092 785 non
2120 732 2318 805 potest
2349 744 2574 795 errare.
2609 726 2841 789 Deinde
2869 726 3168 806 probatur
3193 732 3352 812 opti.

1790 832 1891 875 me
1913 833 1988 877 ex
2016 816 2418 896 promissione
2442 818 2688 893 Christi,
2719 820 2900 881 Joan.
2934 822 3010 881 16
3035 835 3052 881 :
3082 821 3234 885 Cum
3259 843 3352 888 ve-

1788 908 1949 971 nerit
1973 908 2075 971 illo
2102 910 2388 989 Spiritus
2418 912 2722 989 veritatis,
2754 913 2972 977 docebit
2995 932 3097 977 vos
3127 934 3354 979 omnem

1789 1003 2099 1065 veritatem
2138 1030 2160 1063 .·
2187 1022 2334 1067 nam
2372 1003 2484 1067 illa
2527 1005 2848 1085 promissio
2894 1024 3021 1067 non
3061 1014 3152 1069 est
3190 1008 3356 1071 sacta

1792 1094 1992 1155 solum
2037 1096 2316 1175 personis
2361 1096 2818 1178 Apostolorum,
2869 1100 3137 1178 pertinet
3182 1101 3352 1161 enim

1790 1186 1866 1246 ad
1890 1189 2367 1267 perpetuitatem
2390 1196 2452 1251 et
2479 1190 3010 1253 conservationem
3033 1192 3314 1257 Ecclesiae
3328 1208 3350 1271 ;

1790 1297 1938 1359 ergo
1979 1280 2143 1342 facta
2175 1289 2266 1344 est
2308 1284 2494 1345 etiam
2547 1302 2658 1363 pro
2699 1285 3150 1347 successoribus
3177 1308 3196 1361 3
3226 1286 3352 1362 vel,
3401 1269 3420 1283 ⁰

1790 1373 1839 1432 si
1871 1372 2033 1435 facta
2079 1383 2172 1435 est
2217 1373 2332 1436 toti
2369 1375 2678 1453 Ecclesiae,
2717 1395 2961 1441 necesse
2991 1384 3084 1439 est
3131 1378 3198 1439 in
3242 1379 3354 1440 tali

1789 1465 2060 1527 Concilio
2099 1466 2371 1548 impleri,
2403 1476 2472 1529 ut
2503 1487 2613 1547 pro
2650 1475 2779 1531 tota
2823 1469 3090 1533 Ecclesia
3119 1471 3356 1535 servari

1791 1558 2002 1637 possit.
2036 1558 2204 1621 Solet
2234 1562 2424 1622 etiam
2457 1560 2592 1623 haec
2615 1562 2844 1625 veritas
2881 1562 3086 1643 colligi
3117 1583 3194 1627 ex
3216 1583 3354 1627 ver—

1788 1652 1881 1711 bis
1921 1652 2168 1728 Christi,
2213 1654 2432 1717 Matth.
2469 1655 2546 1716 18
2578 1670 2594 1714 2
2638 1654 2756 1719 Ubi
2795 1660 2938 1719 sunt
2967 1658 3080 1719 duo
3119 1658 3354 1721 veltres

1790 1747 2134 1824 oonqroqati
2162 1748 2229 1809 in
2246 1749 2479 1811 nomino
2501 1766 2647 1823 meo,
2672 1748 2760 1811 ibi
2784 1767 2918 1813 sum
2947 1750 3014 1811 in
3047 1752 3235 1815 medio
3263 1771 3352 1815 eo-

1792 1857 1925 1899 rum
1944 1861 1972 1909 ,·
1991 1857 2130 1917 quae
2157 1838 2346 1901 verba
2387 1839 2465 1903 ad
2506 1840 2624 1902 hoc
2655 1842 3036 1920 propositum
3085 1842 3356 1907 afferunt

1791 1931 1988 1992 multa
2016 1932 2309 2009 Concilia,
2335 1951 2472 2012 quae
2498 1951 2684 2013 supra
2703 1934 2891 1997 refert
2917 1935 3348 1998 Bellarminus.

1791 2024 1946 2099 Quia
1980 2043 2127 2086 vero
2152 2032 2408 2107 possunt
2436 2026 2894 2089 accommodari
2933 2033 2997 2090 et
3024 2030 3102 2091 ad
3141 2028 3354 2090 Conci-

1788 2118 1873 2179 lia
1902 2120 2308 2199 provincialia
2334 2126 2394 2181 et
2419 2120 2494 2181 ad
2520 2120 2790 2183 minores
2814 2122 3348 2200 congregationes,

1789 2209 2236 2272 advertendum
2261 2218 2352 2273 est
2374 2211 2462 2272 ibi
2483 2213 2761 2293 promitti
2777 2214 3150 2294 peculiarem
3175 2215 3351 2276 assis-

1790 2302 2077 2381 tentiam,
2111 2302 2210 2365 vel
2233 2302 2562 2379 auxilium,
2587 2304 2684 2367 vel
2708 2306 3179 2384 providentiam,
3215 2324 3352 2367 om-

1791 2395 1974 2456 nibus
2001 2396 2109 2477 qui
2150 2398 2400 2458 nomine
2426 2415 2560 2475 suo,
2594 2396 2662 2459 id
2697 2403 2810 2473 est,
2852 2416 2962 2479 per
2987 2405 3352 2478 potestatem

1790 2488 2029 2568 abipso
2065 2490 2298 2567 datam,
2345 2490 2442 2552 vel
2485 2488 2826 2553 secundum
2859 2491 3138 2553 debitum
3187 2493 3350 2553 ordi·

1790 2600 1963 2657 nem,
1993 2584 2070 2643 ad
2097 2584 2328 2663 aliquid
2357 2590 2816 2664 congregantur
2832 2606 2850 2659 ;
2900 2574 3232 2665 unicuique
3260 2595 3352 2649 ta-

1788 2694 1932 2737 men
1958 2676 2445 2756 congregationi,
2472 2676 2654 2756 juxta
2676 2676 3076 2757 capacitatem
3101 2679 3258 2758 ejuS,
3288 2685 3353 2742 et

1780 2768 1964 2847 juxta
1995 2769 2372 2848 exigentiam
2416 2787 2636 2846 causae,
2688 2769 2786 2831 vel
2834 2770 3065 2848 negotii
3090 2791 3108 2845 3
3155 2784 3216 2833 et
3261 2771 3352 2835 ita

1787 2866 1951 2923 recte
1998 2860 2388 2922 concluditur
2430 2862 2606 2941 quasi
2656 2878 2766 2941 per
2816 2868 3256 2941 argumentum
3312 2882 3352 2925 a

1788 2953 2066 3029 fortiori5
2094 2954 2250 3015 sicut
2284 2954 2472 3016 etiam
2499 2952 2825 3035 perpendit
2865 2972 2938 3015 eo
2961 2955 3093 3017 loco
3121 2956 3351 3019 Maido-

1789 3053 1919 3107 nat.
1927 3092 1948 3122 ,
1981 3046 2033 3108 si
2061 3046 2336 3109 Christus
2363 3046 2532 3107 adest
2573 3046 3062 3125 quibuscumque
3093 3067 3353 3127 congre·

1789 3139 1949 3216 gatis
1971 3138 2037 3199 in
2065 3156 2170 3199 suc.
2205 3138 2481 3215 nomine,
2510 3140 2704 3201 multo
2728 3138 2926 3219 magis
2951 3140 3116 3201 dicto
3136 3140 3354 3203 Conci-

1787 3230 1873 3291 lio
1903 3230 2204 3309 generali‚
2229 3237 2296 3291 et
2335 3230 2712 3292 conferendo
2753 3230 2850 3291 illi
2894 3232 3200 3295 auxilium
3242 3232 3354 3298 tali

1792 3325 2037 3385 muneri
2062 3324 2509 3391 necessariumz
2541 3331 2603 3386 et
2637 3324 2734 3390 ita,
2765 3323 3013 3389 induxit
3047 3325 3224 3389 illum
3261 3327 3354 3390 lo·

1790 3435 1931 3478 cum
1966 3418 2319 3497 Gregorius,
2347 3416 2460 3481 lib.
2487 3418 2524 3479 7
2551 3417 2740 3497 Epist.
2749 3462 2770 3493 ,
2805 3436 2937 3500 cap.
2971 3420 3107 3481 101.

1872 3512 1933 3571 7.
1950 3509 2262 3573 Probatur
2278 3510 2528 3572 secundo
2550 3528 2624 3572 ex
2649 3511 2997 3576 traditione.
3025 3512 3102 3558 -ὲ
3128 3514 3356 3575 Secun-

1790 3604 1894 3681 do,
1925 3600 2193 3664 habetur
2217 3602 2348 3664 baec
2375 3602 2605 3665 veritas
2645 3621 2722 3665 ex
2755 3610 3049 3685 perpetua
3077 3606 3354 3669 traditio-

1792 3716 1871 3758 ne
1905 3702 1969 3758 et
2000 3713 2304 3757 consensu
2333 3694 2611 3757 Ecclesiae
2639 3710 2660 3773 3
2707 3714 2854 3757 nam
2884 3697 3187 3777 imprimis
3222 3716 3355 3761 om·

1791 3791 1897 3850 nia
1926 3788 2240 3867 generalia
2282 3786 2553 3848 Concilia
2586 3788 2649 3847 in
2693 3807 2756 3849 se
2798 3798 3138 3867 agnoscunt
3173 3790 3354 3853 istam

1794 3882 2207 3945 assistentiam
2225 3880 2492 3962 Spiritus
2509 3879 2738 3955 Sancti,
2752 3887 2815 3943 et
2833 3880 2949 3943 sub
2962 3882 3356 3946 anathemate

1792 3982 2092 4055 tanquam
2113 3972 2435 4036 haereticos
2450 3973 2752 4035 damnant
2764 3992 2890 4035 non
2915 3976 3232 4039 credentes
3252 3976 3356 4039 de·

1792 4066 2181 4129 finitionibus
2200 4067 2328 4127 suis
2339 4082 2360 4145 3
2382 4070 2446 4128 et
2460 4067 2748 4127 universa
2767 4065 3036 4129 Ecclesia
3054 4068 3358 4133 catholica

1794 4161 2094 4223 hactenus
2127 4157 2250 4220 illis
2286 4158 2531 4242 paruit,
2566 4164 2626 4219 et
2666 4158 2875 4219 Patres
2904 4158 3022 4221 hoc
3053 4160 3356 4240 judicium

1791 4253 1931 4314 talis
1958 4250 2215 4315 Concilii
2243 4257 2494 4313 censent
2519 4250 2905 4313 immutabile
2939 4258 3001 4317 et
3035 4254 3351 4331 ultimum,

1790 4346 1956 4428 quod
1979 4344 2268 4407 nonlicet
2290 4344 2556 4424 amplius
2576 4344 2641 4404 in
2667 4343 2926 4405 dubium
2945 4364 3254 4423 revocare,
3285 4352 3356 4409 ut

1792 4444 1962 4519 patet
1979 4456 2056 4499 ex
2079 4438 2279 4499 Leone
2304 4438 2351 4513 1,
2384 4436 2574 4517 Epist.
2608 4440 2709 4514 61,
2746 4438 2826 4498 62
2852 4442 2913 4499 et
2942 4440 3059 4499 150
3069 4455 3090 4516 3
3114 4444 3177 4500 et
3207 4438 3356 4501 Gre-

1795 4533 1992 4613 gorio,
2021 4530 2130 4592 lib.
2164 4535 2187 4592 1
2228 4528 2446 4611 Epist„
2481 4548 2616 4610 cap.
2650 4532 2755 4607 24,
2785 4550 2976 4612 prope
2996 4530 3213 4609 finem,
3245 4532 3358 4596 ubi

1794 4625 1944 4685 dicit
1981 4629 2249 4704 quatuor
2275 4622 2547 4683 Concilia
2587 4624 2792 4704 prima
2836 4624 3153 4702 generalia
3194 4628 3356 4687 reci-

1794 4717 2021 4798 pienda
2056 4735 2209 4792 esse,
2247 4716 2402 4777 sicut
2430 4722 2696 4797 quatuor
2725 4716 3085 4798 Evangelia,
3128 4719 3357 4783 scilicet

1792 4810 1994 4890 quoad
2023 4808 2460 4871 certitudinem
2486 4809 2554 4869 in
2582 4807 2766 4871 rebus
2812 4808 3084 4872 definitis
3096 4828 3118 4890 3
3164 4812 3355 4876 sumi-

1794 4910 1896 4963 tur
1928 4904 2118 4964 etiam
2151 4920 2226 4964 ex
2257 4900 2616 4979 Athanasio,
2639 4902 2702 4963 in
2729 4902 2977 4982 Epistol.
3007 4904 3084 4967 ad
3107 4904 3358 4985 Epicte-

1792 5004 1930 5059 tum
1946 5012 1968 5075 ;
2000 5014 2072 5057 ex
2115 4994 2485 5073 Augustino,
2516 4993 2705 5073 Epist.
2738 4996 2876 5073 162,
2906 4998 3015 5076 qui
3043 4998 3259 5076 etiam,
3286 5000 3358 5063 in

1794 5090 1984 5171 Epist.
2015 5088 2153 5163 118,
2184 5088 2357 5164 dicit,
2387 5086 2700 5169 disputare
2727 5090 2804 5150 de
2823 5108 2897 5151 eo
2917 5091 3082 5171 quod
3106 5094 3357 5155 univer-

1792 5201 1860 5245 sa
1888 5180 2156 5245 Ecclesia
2183 5182 2390 5256 sentit,
2416 5182 2900 5245 insolentissima·
2934 5186 3240 5250 dementioe
3269 5205 3358 5251 es·

1793 5296 1873 5340 se.
1912 5273 2281 5354 Huiusmodi
2310 5280 2522 5336 autem
2556 5276 2778 5337 merito
2811 5283 3132 5356 reputatur
3167 5280 3358 5358 quid-

1794 5368 1942 5451 quid
1975 5366 2320 5429 universale
2349 5366 2690 5431 Concilium
2733 5386 2876 5437 cum
2924 5368 3219 5433 Pontifice
3251 5372 3358 5446 de-

1795 5462 1957 5523 finit.
