3900 6217
776 422 943 476 SECT.
979 423 1046 475 lx
1099 424 1183 475 AN
1212 422 1341 475 NON
1370 422 1561 475 vlsun
1592 422 1715 473 vm.
1746 422 1869 475 Non
1900 422 2127 477 scitum
2159 422 2256 475 SIT
2288 422 2596 487 commo,
2629 423 2766 477 mc,

162 520 365 599 specie
412 520 782 585 distinctum
833 523 917 583 ab
969 542 1233 585 assensu
1275 523 1423 586 fidei
1480 522 1729 593 infusae,

160 614 299 691 quia
326 615 673 677 resolvitur
696 617 981 679 ultimate
998 619 1065 679 in
1094 618 1373 681 medium
1387 617 1728 693 diversum,

160 712 213 767 et
242 708 605 787 concipitur
622 727 741 789 per
764 711 1046 787 modum,
1064 730 1179 773 seu
1207 712 1555 773 discursum
1580 710 1731 773 alie·-

156 818 329 873 num,
360 807 430 863 et
482 808 859 865 extraneum
903 824 941 865 a
990 805 1177 867 modo
1226 804 1529 886 operandi
1580 802 1729 865 fidei

156 894 395 957 infusa.
428 897 511 958 Et
552 915 671 976 per
694 898 815 959 hoc
848 899 1036 959 etiam
1089 918 1465 979 responsum
1507 902 1603 959 est
1646 896 1729 957 ad

152 986 647 1051 fundamentum
688 991 885 1053 tertiae
914 994 1274 1065 sententiae3
1304 991 1530 1072 probat
1559 990 1731 1053 enim

154 1098 297 1141 cum
338 1082 665 1145 evidentia
714 1085 1127 1163 testificantis,
1154 1104 1340 1166 posse
1395 1086 1581 1147 simul
1622 1103 1729 1146 es·

156 1194 223 1235 se
264 1192 609 1239 assensum
650 1178 799 1240 fidei
850 1177 1095 1254 infusas,
1143 1199 1271 1242 non
1312 1186 1527 1242 tamen
1558 1180 1729 1261 quod

156 1269 345 1347 possit
402 1286 528 1349 per
582 1288 655 1333 se
702 1272 953 1334 fundari
1004 1274 1068 1335 in
1120 1274 1227 1335 ino
1276 1274 1487 1335 medio
1516 1320 1529 1345 ,
1615 1290 1725 1335 seu

154 1362 491 1442 principio,
542 1371 611 1427 ut
656 1366 914 1429 evidens
944 1372 1058 1429 est.
1103 1369 1320 1447 Neque
1356 1368 1423 1429 in
1461 1369 1581 1429 hoc
1622 1368 1729 1429 de-

150 1457 257 1517 bet
300 1460 673 1537 comparari
714 1458 877 1537 fides
928 1460 1139 1521 infusa
1196 1468 1259 1522 et
1312 1461 1541 1535 diviua,
1582 1480 1729 1523 cum

148 1548 275 1609 fide
301 1550 599 1612 humana
649 1558 711 1614 et
754 1554 1098 1633 acquisita;
1130 1572 1280 1616 nam
1324 1556 1455 1617 haec
1500 1562 1595 1617 est
1621 1556 1731 1615 im-

148 1642 437 1721 perfecta
478 1645 733 1707 ratione
782 1646 1161 1726 imperfectis
1214 1649 1621 1723 auctoritatiS,
1662 1650 1729 1710 in

150 1753 277 1813 qua
312 1734 669 1811 fundatur;
700 1742 763 1801 et
784 1740 928 1801 ideo
954 1740 1291 1803 intrinsece
1314 1744 1588 1822 postulat
1608 1743 1729 1804 dis-

152 1848 413 1889 cursum
450 1848 533 1891 ex
558 1832 877 1912 principiis
900 1834 1162 1913 cognitis
1188 1853 1305 1914 per
1330 1836 1453 1895 alia
1494 1836 1726 1907 media,

156 1927 213 1983 et
241 1940 359 2000 per
388 1940 705 1987 assensus
720 1926 983 2004 priores„
1013 1932 1073 1989 et
1092 1927 1351 1991 diversae
1374 1928 1631 1990 rationis
1650 1929 1732 1989 ab

154 2033 421 2079 assensu
446 2017 657 2097 ipsius
706 2018 853 2081 fidei
898 2020 1255 2099 acq1usitae;
1314 2021 1475 2083 fides
1519 2026 1733 2083 autem

155 2107 357 2169 infusa
392 2129 533 2171 non
562 2112 651 2171 ita
680 2116 794 2183 est,
822 2112 937 2173 sed
964 2117 1095 2175 tota
1120 2114 1338 2176 nititur
1360 2116 1426 2176 in
1456 2116 1733 2177 testimo·

156 2200 257 2263 nio
282 2202 533 2277 divino,
568 2210 631 2267 et
648 2205 719 2266 in
742 2205 899 2267 illud
923 2207 1128 2268 solum
1142 2226 1257 2288 per
1286 2227 1352 2270 se
1376 2209 1725 2285 resolvitur,

158 2304 221 2355 ut
238 2296 647 2361 declaratum
672 2304 789 2361 est.

788 2507 1007 2560 sEc’rlo
1040 2506 1123 2559 lx.

173 2672 387 2734 Utrum
414 2690 551 2736 esse
574 2690 701 2735 noa
724 2675 928 2739 visum
968 2676 1065 2738 ‘cel
1088 2678 1311 2742 scitum
1338 2679 1427 2743 rit
1470 2678 1732 2743 condono

234 2768 609 2841 nemaei-ia,
642 2769 777 2831 siae
806 2788 925 2850 qua
964 2772 1253 2851 objectum
1288 2773 1543 2851 turmale
1582 2773 1727 2852 fidet

241 2860 567 2923 subsistere
587 2878 713 2923 non
748 2866 984 2943 possit?

254 3040 695 3105 Immemor
716 3044 991 3124 quae-atio.
1008 3074 1090 3089 —
1122 3044 1266 3106 Haec
1296 3044 1559 3125 quaestio
1586 3063 1729 3123 per-

180 3134 315 3195 tinet
332 3133 411 3195 ad
432 3134 801 3199 secundum
823 3155 1077 3199 sensum
1102 3158 1293 3218 supra
1317 3139 1723 3219 propositum,

168 3234 304 3287 sect.
352 3229 768 3306 praecedenti,
804 3250 978 3294 num.
1008 3236 1110 3305 16,
1146 3239 1208 3295 et
1248 3234 1536 3295 coincidit
1582 3250 1729 3294 cum

164 3322 397 3397 vulgari
434 3325 798 3401 quaestione
830 3372 846 3399 ‚
882 3345 964 3387 an
994 3328 1254 3389 scientia
1281 3335 1343 3388 et
1393 3326 1574 3399 fides,
1614 3346 1727 3389 scu

162 3414 303 3473 visio
323 3421 391 3477 et
412 3414 585 3477 fides
606 3417 855 3496 possint
880 3438 1017 3481 esse
1044 3419 1231 3481 simul
1249 3440 1266 3493 ;
1286 3438 1433 3483 nam
1462 3420 1513 3481 si
1543 3439 1733 3500 repn-

170 3514 373 3585 gnant,
398 3508 553 3569 ideo
578 3516 679 3573 est
692 3512 840 3589 quia
857 3513 1035 3585 visio,
1056 3514 1158 3575 vel
1186 3513 1447 3575 scientia
1472 3514 1725 3593 objecti,

170 3602 399 3663 etiamsi
449 3604 537 3665 sit
568 3622 689 3684 per
740 3606 915 3667 aliud
939 3606 1239 3683 medium,
1269 3626 1397 3669 non
1462 3607 1730 3669 admittit

168 3712 369 3757 seeum
398 3697 729 3774 objectum
753 3698 1015 3761 female
1040 3700 1213 3773 fidei,
1248 3706 1311 3763 et
1336 3718 1730 3779 consequen—

168 3794 243 3849 ter
268 3790 451 3868 quod
490 3791 809 3869 objectum
832 3793 912 3856 sit
942 3812 1073 3855 non
1100 3793 1305 3855 visum
1327 3812 1727 3874 quocumque

166 3883 391 3957 medio,
422 3884 551 3945 erit
574 3886 849 3949 conditio
879 3889 1234 3951 necessaria
1265 3906 1341 3949 ex
1374 3892 1551 3968 parte
1578 3888 1729 3949 sub-

162 3978 315 4053 jecti,
352 3984 425 4039 ut
456 3980 705 4042 moveri
754 3982 948 4061 possit
986 3981 1068 4043 ab
1092 3982 1337 4061 objecto
1382 3981 1627 4045 formali
1654 3980 1731 4043 fi-

168 4072 287 4144 dei;
318 4074 377 4133 si
400 4092 563 4135 vero
592 4073 743 4152 ipsae
768 4075 1157 4139 conditiones
1183 4076 1346 4137 inter
1374 4094 1443 4137 sc
1470 4093 1601 4137 non
1628 4094 1727 4137 re-

166 4159 465 4245 pagnant,
500 4186 712 4247 neque
752 4170 997 4249 objecta
1024 4170 1488 4251 repugnabunt,
1521 4188 1729 4250 neque

164 4262 265 4321 erit
300 4261 443 4322 ulla
480 4264 830 4325 necessitas
860 4264 997 4325 talis
1026 4264 1417 4327 conditionis.

228 4358 290 4415 1.
330 4354 570 4417 Prima
582 4358 886 4420 sententia
909 4374 1135 4440 nepam
1157 4358 1337 4435 sidem
1366 4362 1533 4422 stare
1552 4374 1731 4440 posse

163 4468 280 4513 cnm
308 4452 624 4515 evidentia
650 4452 909 4531 ejusdem
937 4456 1048 4517 rei.
1068 4484 1149 4501 —-·
1184 4454 1499 4519 Suadetur
1532 4453 1731 4537 primo

162 4564 219 4606 ez
238 4546 409 4609 Heb.
424 4551 458 4606 1
468 4548 501 4606 1
515 4545 1621 4627 .-Effnffivm.—Obstmitur.—Est
1638 4567 1733 4609 er·

162 4658 229 4718 go
284 4641 507 4720 prima
554 4640 887 4715 sententia,
931 4660 1070 4722 quae
1123 4643 1408 4703 absolute
1470 4643 1731 4722 requirit

160 4732 317 4794 hanc
378 4732 808 4795 conditionem
867 4735 948 4796 ad
1002 4736 1212 4811 fidem,
1249 4741 1313 4797 et
1370 4736 1731 4816 simpliciter

160 4832 349 4905 negat
372 4826 575 4887 fidem
610 4844 797 4906 posse
822 4846 962 4889 esse
990 4827 1175 4889 simul
1201 4846 1347 4889 cum
1375 4830 1729 4909 cognitione

162 4920 477 4992 erici—te,
524 4920 657 4980 sive
685 4920 789 4981 illa
813 4920 1099 4983 intuitiva
1148 4922 1251 4995 sit,
1286 4922 1417 4983 sive
1460 4922 1732 4983 abstrac-

161 5012 303 5084 tiva,
337 5013 475 5075 sive
520 5030 559 5073 a
598 5014 813 5093 priori,
858 5014 985 5076 sive
1016 5034 1057 5075 a
1079 5015 1431 5094 posteriori,
1464 5016 1593 5076 sive
1622 5034 1723 5075 su-

160 5106 607 5183 pernaturalis.
644 5108 790 5169 Haec
840 5108 1087 5170 videtur
1126 5128 1265 5171 esse
1314 5108 1623 5171 sententia
1648 5110 1721 5169 D.

162 5200 415 5261 Thomas
454 5200 527 5261 in
555 5201 677 5261 hac
720 5209 937 5281 quaest.
974 5207 1033 5276 1,
1071 5210 1188 5265 art.
1242 5205 1283 5264 4
1330 5208 1391 5266 et
1417 5208 1481 5279 5,
1538 5207 1603 5265 et
1640 5203 1727 5264 ita

166 5292 333 5353 iilam
380 5292 737 5355 defendunt
793 5295 984 5375 Cajet.
1036 5300 1100 5358 et
1144 5298 1344 5359 Banu.
1374 5296 1485 5373 ibi,
1520 5302 1582 5359 et
1620 5297 1732 5359 Ca-

169 5404 273 5457 no,
318 5386 434 5449 lib.
466 5388 511 5449 2
556 5386 639 5449 ds
678 5387 877 5465 Locis,
920 5408 975 5451 c.
1032 5392 1139 5464 12ς
1172 5397 1235 5452 et
1270 5390 1635 5471 CapreoluS,
1664 5391 1731 5451 in

174 5480 230 5548 3,
258 5479 405 5542 dist.
438 5482 543 5553 25,
587 5499 651 5541 a.
685 5485 713 5542 1
752 5486 814 5543 et
844 5483 907 5556 2,
946 5488 1009 5544 ct
1036 5483 1119 5545 ibi
1147 5482 1413 5563 Hispal„
1444 5498 1503 5543 a.
1530 5485 1592 5555 3,
1616 5500 1733 5544 no-

178 5572 298 5635 iah.
351 5574 391 5634 3
436 5578 499 5637 et
534 5576 597 5637 4.
650 5574 823 5638 Idem
878 5576 1067 5639 sentit
1098 5576 1419 5651 Richard.,
1446 5576 1591 5639 dist.
1624 5576 1723 5652 24,

3295 418 3376 481 79

1814 498 2080 602 quaest:
2096 524 2137 583 4
2168 529 2232 585 et
2267 523 2336 595 ὃς
2373 522 2615 595 Scotus,
2657 540 2720 602 q.
2755 526 2784 583 1
2814 538 2835 601 ;
2863 522 3136 598 Gabriel,
3161 531 3280 587 art.
3307 528 3372 601 Ξ,

1814 616 2014 678 concl.
2059 619 2136 689 ὦς
2175 615 2431 690 Melina,
2473 619 2498 676 1
2541 622 2730 695 part„
2772 617 3116 696 quaestione
3146 618 3371 699 prima,

1811 714 1929 771 art.
1973 711 2035 782 2,
2065 710 2226 789 disp.
2261 712 2320 782 4,
2359 708 2396 789 ἓ
2431 709 2590 772 Hoeo
2618 714 2854 783 autenm
2889 710 3154 784 CumeL,
3191 711 3372 786 ibid„

1811 810 2034 883 quaest.
2059 806 2122 873 2,
2154 809 2270 864 art.
2315 808 2374 863 1.
2409 802 2714 865 Probatur
2745 804 2944 883 primo
2973 822 3050 865 ex
3085 805 3192 865 illa
3219 804 3377 867 defi-

1808 898 2046 958 nitione
2075 897 2246 959 Pauli
2277 914 2294 958 ε
2326 896 2514 958 Fides
2541 902 2630 959 est
2667 902 3094 977 armamentum
3125 916 3245 961 non
3271 916 3376 979 ap-

1800 992 2152 1071 parentium
2177 1010 2196 1064 ;
2223 1008 2376 1051 nam
2402 988 2592 1068 paulo
2621 994 2766 1051 ante
2803 992 3208 1071 exposuimus
3235 1010 3375 1054 esse

1808 1102 1937 1145 non
1975 1084 2432 1163 apparentium,
2463 1100 2580 1161 per
2621 1102 3081 1165 quamcumque
3125 1086 3376 1147 eviden-

1809 1176 1982 1237 tiam.
2011 1178 2262 1238 Dicetur
2302 1175 2566 1237 fortasse
2596 1176 2768 1237 illam
2795 1178 3170 1257 particulam
3197 1178 3378 1240 intel·

1808 1268 2130 1350 ligendam
2161 1288 2302 1331 esse
2343 1270 2712 1346 formaliter,
2761 1288 2874 1332 seu
2907 1272 3274 1352 respective,
3307 1273 3376 1335 id

1810 1369 1927 1437 est,
1961 1382 2094 1424 non
2111 1364 2548 1443 apparentium
2588 1382 2703 1442 per
2751 1365 2954 1444 ipsam
2993 1365 3222 1437 fidem,
3255 1382 3375 1427 nec

1810 1476 1927 1538 per
1977 1457 2184 1518 media
2211 1458 2374 1537 ejus,
2411 1476 2556 1517 nam
2582 1459 2704 1519 hoc
2743 1459 3012 1537 pertinet
3039 1477 3154 1538 per
3193 1478 3260 1520 se
3293 1459 3374 1521 ad

1809 1550 2040 1623 fidem;
2073 1550 2246 1630 quod
2272 1554 2486 1611 autem
2517 1570 2630 1632 per
2675 1550 2864 1613 aliam
2891 1554 3058 1613 viam
3091 1551 3374 1632 subjecto

1810 1651 2158 1725 appareant
2183 1645 2282 1706 vel
2305 1664 2434 1705 non
2469 1652 2819 1726 appareant
2841 1664 2944 1707 res
2971 1646 3246 1718 creditae,
3276 1664 3376 1709 ac·

1814 1739 2226 1800 cidentarium
2259 1744 2374 1812 est,
2409 1745 2472 1801 et
2511 1740 2595 1800 ita
2642 1759 2774 1803 non
2809 1742 3085 1819 pertinet
3131 1741 3213 1801 ad
3265 1740 3375 1803 de·

1810 1831 2158 1893 finitionem
2214 1832 2384 1895 fidei.
2439 1834 2668 1895 Contra
2710 1834 2832 1894 hoc
2877 1851 3028 1895 vero
3074 1840 3192 1910 est,
3226 1834 3374 1913 quia

1764 1932 1789 1949 ⁸
1812 1925 2043 1985 Paulus
2073 1924 2434 2005 simpliciter
2463 1932 2526 1987 et
2577 1926 2712 1987 sine
2753 1925 3122 1989 limitatione
3173 1926 3320 1988 dicit
3355 1944 3370 1986 ε

1810 2016 2248 2099 Aryium-entem
2287 2036 2408 2079 non
2461 2019 2886 2101 apparentium
2900 2048 2926 2093 ;
2975 2020 3226 2101 negatio
3268 2039 3377 2081 au-

1812 2117 1939 2171 tem
1972 2111 2182 2171 omnia
2233 2110 2531 2182 destruit;
2563 2131 2694 2173 non
2724 2130 2875 2190 ergo
2897 2119 3102 2193 potest
3127 2132 3166 2173 a
3193 2114 3374 2175 nobis

1810 2203 2062 2265 limitari
2107 2210 2180 2266 ut
2230 2204 2613 2283 intelligatur
2647 2205 2728 2267 de
2759 2224 2890 2267 non
2931 2208 3374 2287 apparentibus

1811 2315 1927 2377 per
1952 2296 2169 2370 fidem,
2199 2298 2312 2359 sed
2339 2298 2622 2360 absolute
2657 2300 2740 2360 de
2771 2318 2900 2361 non
2927 2301 3376 2380 apparentibus

1812 2390 1929 2469 ipsi
1962 2390 2239 2452 credenti
2268 2388 2667 2472 quocumque
2693 2392 2903 2453 modo.
2935 2394 3024 2453 Eo
3051 2394 3150 2455 vel
3177 2394 3378 2453 maxi-

1809 2502 1913 2545 me
1938 2484 2108 2564 quod
2143 2486 2356 2547 Patres
2402 2486 2491 2547 ita
2519 2486 2811 2547 videntur
2847 2486 3020 2546 illum
3049 2488 3257 2548 locum
3284 2488 3374 2549 in·

1811 2578 2164 2658 terpretari‚
2199 2585 2262 2640 et
2290 2580 2430 2641 ideo
2468 2598 2546 2641 ex
2572 2580 2680 2641 illo
2705 2580 3008 2660 colligunt
3031 2598 3160 2643 non
3187 2599 3371 2661 posse

1809 2672 2002 2734 fidem
2033 2691 2169 2733 esse
2199 2674 2279 2734 de
2311 2674 2534 2735 eadem
2570 2692 2638 2735 re
2669 2674 2748 2735 de
2776 2692 2902 2753 qua
2935 2680 3030 2735 est
3060 2674 3238 2737 visio,

1886 2768 1949 2826 Ξ.
1999 2765 2314 2849 Suadam·
2349 2768 2601 2831 secundo
2627 2784 2702 2829 ιω
2735 2767 3140 2831 Patribus.-
3167 2768 3372 2833 Tertio

1807 2860 1879 2922 ab
1916 2860 2310 2940 experientia.
2335 2890 2416 2907 -
2437 2860 2532 2921 Et
2555 2858 2788 2923 rationo
2835 2858 2972 2923 inde
2999 2865 3262 2944 sumpta.
3295 2892 3372 2911 «-

1806 2954 1986 3015 Unde
2037 2958 2559 3032 argumentantur
2595 2953 2872 3015 secundo
2911 2973 2990 3016 ex
3041 2955 3368 3019 Patribus:

1812 3064 1961 3106 nam
1981 3047 2054 3107 D.
2089 3047 2448 3125 Gregorius,
2480 3049 2648 3109 hom.
2683 3048 2763 3108 26
2786 3048 2850 3108 in
2898 3048 3226 3128 Evangel„
3255 3050 3372 3111 du-

1811 3138 1970 3199 bitat
1997 3139 2310 3215 quomodo
2339 3140 2616 3201 Christos
2669 3140 2895 3201 dixerit
2926 3158 2940 3200 :
2977 3141 3136 3215 Quia
3159 3143 3374 3207 vidisti

1808 3250 1921 3304 me,
1957 3232 2210 3309 stoma,
2253 3232 2587 3306 credidisti,
2619 3252 2758 3293 cum
2817 3233 2972 3295 fides
3025 3234 3102 3295 sit
3132 3234 3212 3295 de
3243 3252 3372 3295 non

1811 3325 2290 3405 apparentibus;
2323 3326 2696 3405 respondet:
2727 3325 2883 3400 Quia
2899 3326 3162 3390 Thomas
3183 3344 3372 3389 uxum

1810 3420 1988 3493 vidit,
2009 3423 2070 3481 et
2093 3419 2266 3482 aliud
2289 3418 2546 3482 credidit
2562 3444 2587 3492 ,·
2615 3436 2759 3481 ozam
2785 3418 2936 3483 vidit
2963 3420 3282 3493 hominem,
3312 3428 3374 3485 ct

1810 3510 2069 3575 credidit
2095 3514 2314 3585 Deum,
2341 3512 2699 3591 significans
2725 3512 3016 3575 eamdem
3054 3532 3190 3574 rem
3230 3532 3374 3594 quas

1807 3606 2078 3679 videtur,
2115 3623 2245 3666 non
2275 3623 2462 3686 posse
2512 3624 2651 3667 esse
2693 3606 2996 3668 creditam
3025 3608 3371 3669 secuudum

1808 3699 2000 3772 idem,
2029 3698 2262 3777 alioqui
2277 3698 2580 3779 potuisset
2601 3700 3006 3778 respondere,
3031 3700 3376 3779 quodlicet

1808 3792 2080 3854 Thomas
2123 3792 2366 3853 videret
2415 3792 2728 3853 Christum
2784 3793 2980 3855 oculis
3029 3796 3368 3875 corporeis,

1808 3890 2056 3965 poterat
2077 3884 2372 3947 eumdem
2391 3886 2648 3947 credere
2669 3904 2784 3965 per
2797 3885 3013 3961 fidem,
3044 3904 3160 3966 per
3179 3906 3372 3968 quam

1810 3978 1990 4041 illum
2015 3997 2146 4039 non
2173 3978 2449 4041 videbat.
2491 3979 2664 4043 Idem
2694 3987 3134 4059 argumentum
3185 3984 3374 4043 sumi·

1812 4078 1913 4133 tur
1939 4090 2020 4133 ex
2044 4074 2116 4131 D.
2169 4072 2538 4152 Augustino,
2570 4076 2748 4135 tract.
2791 4076 2868 4135 79
2913 4074 2980 4135 in
3005 4074 3218 4152 Joan.,
3263 4077 3373 4138 uhi

1811 4167 2035 4229 codem
2083 4166 2272 4227 modo
2301 4168 2550 4247 expedit
2600 4166 2773 4229 illam
2815 4168 3276 4245 difficultatem,
3312 4180 3375 4233 et

1811 4260 1988 4322 addit
2023 4259 2278 4321 laudem
2323 4260 2472 4321 fidei
2511 4278 2686 4323 esse:
2719 4259 2880 4334 Quia
2917 4264 3078 4343 quod
3111 4264 3380 4329 creditur

1809 4374 1929 4417 non
1957 4352 2229 4425 videtum
2255 4353 2426 4415 unde
2472 4355 2536 4416 in
2589 4360 2766 4417 tract.
2801 4358 2882 4419 ⁴0
2917 4355 3162 4436 iuquit:
3216 4358 3379 4433 Quid

1810 4454 1899 4512 est
1918 4448 2112 4527 fides?
2136 4446 2386 4510 Credere
2405 4448 2563 4528 quod
2575 4466 2694 4510 non
2705 4449 2872 4512 vides
2887 4476 2913 4522 ;
2942 4456 3004 4511 et
3023 4450 3202 4529 epist.
3229 4453 3369 4527 1¹2,

1813 4560 1868 4603 c.
1902 4544 1964 4615 Ξ,
1999 4542 2117 4603 ait:
2150 4541 2498 4606 Credantur
2525 4542 2820 4616 absentia,
2864 4548 2984 4605 etc.
3021 4544 3218 4619 Idem,
3259 4546 3370 4609 lib.

1815 4639 1883 4697 11
1920 4635 2001 4696 de
2039 4633 2240 4708 Civit„
2287 4653 2342 4696 c.
2378 4636 2442 4709 2,
2473 4640 2536 4697 et
2563 4635 2732 4714 apud
2781 4638 3094 4716 Prosper.,
3127 4638 3169 4699 l.
3219 4638 3376 4703 Sen-

1808 4734 1964 4792 tent.
2011 4728 2368 4807 Augustini,
2411 4735 2680 4791 sentent.
2713 4731 2854 4804 350,
2885 4737 2948 4793 et
2974 4730 3142 4793 idem
3188 4734 3378 4797 sentit

1812 4822 2105 4895 HilariuS‚
2153 4822 2314 4883 libro
2357 4824 2394 4882 Ἰ
2448 4822 2529 4883 de
2577 4823 2820 4898 Trinit.,
2857 4829 3133 4888 tractans
3188 4828 3378 4889 citata

1809 4916 2004 4978 verba
2033 4915 2290 4988 Christi3
2326 4920 2390 4976 et
2415 4916 2815 4992 Athanasius,
2847 4917 2956 4979 lib.
3002 4918 3080 4981 de
3105 4920 3374 4983 Salutari

1802 5008 2028 5074 Christi
2053 5009 2324 5071 adventu
2355 5008 2544 5073 :Non
2573 5008 2817 5091 (iuquit)
2839 5012 2992 5091 fides
3035 5014 3104 5077 de
3150 5034 3217 5079 re
3254 5016 3380 5081 evi·

1804 5106 2012 5168 deuter
2049 5107 2329 5183 concepta
2359 5104 2510 5184 fides
2535 5102 2660 5167 diei
2681 5106 2928 5186 poterit.
2955 5108 3168 5171 Potest
3185 5111 3376 5174 etiam

1809 5198 1929 5259 hoc
1973 5198 2296 5261 evidenter
2333 5196 2690 5259 confirmari
2715 5199 3143 5278 experientia;
3184 5222 3374 5268 nemo

1814 5292 1984 5355 enim
2010 5292 2258 5355 videtur
2283 5306 2470 5372 posse
2493 5292 2776 5367 credere,
2817 5293 2916 5355 vel
2950 5302 3206 5374 propter
3225 5318 3376 5362 auc·-

1811 5388 2128 5449 toritatem
2149 5383 2437 5447 assentiri
2461 5385 2558 5447 his
2583 5384 2774 5447 rebus
2803 5403 2959 5465 quas
2988 5392 3134 5450 ante
3160 5392 3374 5456 oculos

1809 5480 2024 5543 habet.
2060 5478 2237 5542 Unde
2267 5479 2430 5539 sumi
2459 5482 2664 5558 potest
2703 5478 2883 5551 ratio,
2915 5479 3064 5558 quia
3121 5484 3375 5548 eviden-

1811 5574 1919 5649 tia,
1940 5572 2041 5635 vel
2066 5572 2226 5634 visio
2245 5572 2360 5647 rei,
2378 5588 2779 5652 quocumque
2806 5572 3014 5635 medio
3039 5574 3372 5662 habeatur,
