3900 6217
1348 90 1367 127 t

448 390 565 453 164

444 494 718 572 moralis,
757 501 821 556 et
859 495 1040 557 valde
1078 494 1420 557 necessaria
1458 499 1530 555 ut
1564 490 1833 554 Ecclesia
1872 508 2002 553 non

444 597 608 652 erret
636 590 704 651 in
732 588 936 665 cultu,
980 594 1042 653 et
1068 588 1426 651 adoratione
1453 585 1805 665 religionis,
1848 584 2004 647 alias

446 684 804 763 contingere
827 689 1027 764 posset
1053 688 1124 743 ut
1152 681 1376 743 coleret
1402 679 1719 742 hominem
1745 678 1886 740 dam
1895 697 2004 740 na-

444 782 604 854 tum,
654 784 715 837 et
752 776 831 838 ad
872 776 1049 837 illum
1091 792 1302 855 preces
1346 772 1660 848 funderet,
1702 770 1871 852 quod
1914 777 2010 833 est

444 871 630 931 etiam
660 875 874 931 contra
908 870 1239 950 puritatem
1280 872 1342 930 et
1375 867 1759 928 sanctitatem
1803 864 2007 927 Eccle-

444 965 571 1025 sioe.
609 966 759 1026 [tem
785 982 912 1026 non
938 962 1084 1025 iicet
1102 960 1387 1023 fidelibus
1404 958 1690 1021 dubitare
1710 958 1789 1021 de
1807 957 2009 1039 gloria

445 1058 653 1121 Sancti
681 1056 1059 1132 canonizati3
1088 1055 1153 1117 id
1179 1056 1346 1117 enim
1370 1053 1485 1115 sub
1504 1051 1753 1135 praecisa
1771 1052 2009 1131 obliga·

443 1150 613 1213 tione
646 1152 1015 1233 praecipiunt
1051 1149 1376 1213 Pontifices
1412 1147 1481 1211 in
1513 1148 1645 1229 ipsa
1678 1146 2003 1209 canoniza-

448 1244 652 1319 tione3
684 1263 831 1325 ergo
854 1250 1093 1325 oportet
1120 1250 1190 1304 ut
1214 1242 1307 1303 illi
1335 1246 1639 1323 proecepto
1663 1258 1792 1302 non
1820 1240 2012 1320 possit

448 1336 692 1400 subesse
716 1355 911 1413 error,
941 1335 1094 1399 alias
1120 1335 1411 1399 deficeret
1438 1336 1595 1396 Deus
1619 1334 1686 1395 in
1713 1352 1782 1397 re
1807 1334 2008 1395 maxi·

442 1450 543 1493 me
570 1430 915 1493 necessaria
942 1429 1227 1491 Ecclesiae
1244 1476 1267 1507 ,
1313 1428 1480 1509 quod
1508 1435 1598 1489 est
1624 1437 1839 1489 contra
1862 1444 2005 1507 pro·

440 1523 777 1587 videntiam
801 1570 822 1601 ,
873 1530 935 1587 et
992 1522 1427 1605 promissiones
1478 1520 1612 1601 ejus
1639 1535 1662 1600 3
1723 1524 1786 1581 et
1838 1519 2004 1597 ideo,

442 1619 726 1698 quamvis
762 1617 899 1679 haec
944 1616 1140 1677 illatio
1181 1635 1310 1678 non
1354 1616 1434 1677 sit
1480 1616 1557 1676 de
1601 1612 1745 1690 fide,
1789 1632 2008 1675 censeo

442 1730 571 1773 esse
603 1715 747 1773 satis
781 1715 1040 1786 certam,
1082 1714 1141 1770 et
1168 1708 1539 1770 contrariam
1583 1725 1715 1769 esse
1745 1706 2005 1788 impiam

441 1822 513 1866 ac
567 1804 959 1865 temerariam
1014 1802 1207 1882 (Lege
1236 1847 1257 1879 ,
1304 1803 1356 1863 si
1406 1800 1633 1882 placet,
1690 1800 2004 1877 Walden.,

438 1905 593 1961 tom.
624 1899 662 1959 3
686 1897 979 1971 Doctrin.,
1006 1888 1103 1956 tit.
1142 1898 1242 1972 14,
1283 1914 1414 1976 cap.
1462 1896 1542 1955 22
1578 1900 1640 1957 et
1681 1899 2002 1975 sequent.;

439 1993 663 2067 Castr.,
702 1990 865 2053 libro
913 1990 943 2051 1
990 1988 1069 2051 de
1114 1989 1289 2051 Justa
1338 1990 1552 2051 haeret.
1608 1989 1809 2069 punit.
1824 2032 1846 2065 ,
1906 2004 2008 2049 ca-

436 2088 565 2167 pite
596 2086 637 2147 6
655 2100 677 2163 ;
724 2084 1207 2159 Anconitanum,
1252 2089 1473 2163 quaest.
1522 2084 1601 2145 14
1640 2087 1705 2144 et
1744 2099 2008 2161 sequen·-

440 2178 652 2259 tibus).

518 2274 579 2335 9.
630 2262 1035 2335 Coronas-ium
1073 2270 1323 2334 tertium
1348 2270 1417 2335 de
1452 2269 1878 2351 approbatione
1912 2288 2006 2333 ro-

440 2363 977 2445 limoniam-Cani
994 2382 1165 2427 error
1193 2366 1356 2425 circa
1378 2363 1483 2425 hoc
1506 2362 2007 2425 corollarium.—

440 2459 624 2523 Ratio
650 2476 762 2538 pro
790 2456 980 2519 eodem
1014 2457 1352 2519 corollaria
1398 2490 1479 2501 -
1512 2454 1718 2517 Tertio
1736 2502 1757 2533 ,
1800 2455 2005 2516 infero

442 2571 568 2614 non
610 2570 783 2634 posse
822 2548 1181 2612 Pontificem
1211 2569 1417 2614 errare
1450 2550 1517 2611 in
1558 2549 2000 2631 approbatione

441 2645 799 2725 religionis3
824 2644 911 2706 ita
930 2644 1232 2705 tradimus
1256 2650 1444 2705 etiam
1473 2661 1547 2704 ac
1576 2642 1762 2704 latius
1782 2648 1935 2704 tom.
1963 2644 2000 2704 3

443 2740 520 2801 de
544 2739 884 2819 Religione‚
917 2738 1025 2800 lib.
1059 2740 1121 2816 2,
1151 2758 1287 2819 cap.
1323 2740 1423 2814 17,
1454 2743 1517 2799 et
1543 2735 2002 2817 amplectuntur

438 2836 809 2896 recentiores
841 2833 1288 2895 communiter:
1322 2833 1499 2908 Azor,
1536 2836 1689 2892 tom.
1713 2832 1776 2905 2,
1797 2829 1907 2893 lib.
1932 2831 1997 2905 5,

440 2946 572 3009 cap.
606 2928 663 3002 7,
693 2933 909 3009 quaest.
926 2928 1007 3005 ‘23
1034 2925 1319 2988 Valentia
1337 2944 1547 3005 supra,
1569 2930 1633 2987 et
1657 2942 1811 3004 quos
1836 2923 2002 2985 dicto

438 3021 574 3084 loco
614 3022 894 3095 citamus,
942 3020 1104 3102 quod
1158 3018 1629 3097 intelligendum
1673 3024 1765 3079 est
1795 3016 2002 3098 quoad

439 3115 849 3177 substantiam
878 3114 1035 3194 ejus,
1064 3112 1363 3193 quidquid
1392 3112 1474 3174 sit
1498 3112 1575 3173 de
1599 3112 2002 3175 circumstan-

438 3209 562 3281 tiis,
594 3214 663 3269 ut
688 3226 815 3270 esse
840 3214 1101 3288 possunt
1117 3253 1136 3281 ,
1166 3207 1264 3268 vel
1293 3208 1358 3267 in
1386 3204 1832 3287 approbatione
1859 3204 2003 3265 reli·

440 3302 645 3383 gionis
672 3320 798 3362 non
826 3302 1183 3362 necessariae
1205 3346 1226 3377 ,
1270 3300 1368 3362 vel
1394 3301 1463 3361 in
1490 3300 1687 3362 nimia
1714 3299 1990 3361 multitu·

440 3394 587 3457 dine
616 3412 858 3471 earum,
888 3394 1171 3474 quamvis
1197 3394 1384 3455 etiam
1413 3395 1480 3455 in
1509 3392 1607 3454 his
1644 3411 1773 3455 non
1800 3393 1879 3453 sit
1912 3398 2003 3455 te·

442 3507 609 3553 mere
635 3488 959 3551 ferendum
985 3488 1333 3569 judicium3
1360 3488 1769 3552 substantiam
1790 3492 2000 3549 autem

443 3601 619 3660 voco,
662 3582 825 3663 quod
865 3581 1081 3663 religio
1118 3582 1456 3663 approbata
1481 3598 1609 3642 non
1643 3579 1844 3641 solum
1873 3596 2001 3641 non

444 3680 523 3741 sit
550 3679 737 3741 noxia
763 3677 864 3739 vel
890 3677 1148 3752 inutilis,
1182 3676 1288 3739 sed
1316 3676 1506 3740 etiam
1531 3674 1895 3757 simpliciter
1920 3676 2003 3737 sit

444 3772 548 3833 via
585 3771 667 3834 ad
698 3771 1175 3853 perfectionem3
1216 3771 1284 3832 in
1314 3788 1437 3853 quo
1466 3771 1737 3849 graviter
1777 3768 2007 3831 erravit

446 3864 635 3943 Cano,
672 3865 839 3927 dicto
872 3864 1011 3928 libr.
1053 3864 1114 3937 5,
1155 3883 1290 3945 cap.
1335 3864 1397 3933 5,
1439 3862 1820 3925 contrarium
1862 3881 2003 3925 sen·

440 3960 637 4037 tiens;
668 3976 817 4019 nam
849 3954 1001 4019 illud
1031 3958 1433 4019 temerarium
1466 3955 1781 4036 reputavit
1820 3954 2003 4017 divus

444 4049 735 4128 Thomas,
777 4068 985 4132 opusc.
1020 4052 1120 4127 19,
1151 4068 1285 4132 cap.
1316 4048 1400 4126 ⁴3
1448 4054 1511 4111 et
1539 4047 1704 4109 dicta
1745 4048 2004 4111 assertio

444 4151 537 4208 est
581 4145 759 4207 valde
808 4150 1217 4205 consentanea
1272 4140 1539 4204 Concilio
1587 4140 1951 4203 Tridentino
1987 4189 2002 4209 .

446 4258 590 4302 sess.
623 4238 726 4315 25,
758 4256 894 4319 cap.
925 4237 1001 4298 16
1043 4236 1121 4297 de
1156 4233 1597 4315 RegularibuS,
1648 4240 1710 4296 et
1737 4234 2004 4297 Concilio

448 4332 767 4394 Constant.
805 4375 825 4405 ‚
876 4329 1042 4411 quod
1115 4328 1434 4391 damnavit
1493 4326 1889 4409 Wiclephum
1942 4334 2010 4390 et

447 4423 750 4488 Joannem
776 4422 938 4484 Huss
952 4468 974 4500 ,
1008 4422 1154 4503 quia
1181 4420 1343 4483 male
1379 4419 1727 4482 sentiebant
1754 4418 1833 4482 de
1860 4418 2004 4481 reli·

446 4517 736 4597 gionibus
776 4535 813 4576 a
851 4516 1006 4579 Sede
1048 4512 1397 4594 Apostolica
1432 4510 1811 4593 approbatis,
1852 4528 2006 4591 quos

444 4610 671 4674 refellit
714 4608 999 4671 Walden.
1053 4626 1262 4689 supra,
1311 4607 1409 4669 tit.
1468 4606 1533 4681 9,
1582 4605 1927 4688 proesertim
1969 4622 2008 4665 a

445 4723 580 4785 cap.
612 4700 722 4779 833
752 4702 1184 4775 Bellarminus,
1208 4700 1317 4762 lib.
1346 4699 1422 4761 de
1443 4698 1780 4776 Monachis,
1811 4704 1875 4759 et
1896 4696 2007 4759 alii

446 4796 783 4860 scribentes
831 4801 1049 4856 contra
1098 4792 1437 4855 haereticos.
1513 4792 1785 4873 Denique
1840 4789 2010 4853 favet

444 4889 798 4952 communis
840 4905 1053 4949 sensus
1100 4887 1406 4961 Ecclesiae,
1452 4885 1540 4947 ita
1578 4886 1897 4947 sentientis
1928 4883 2008 4945 de

444 4981 847 5061 religionibus
892 4979 1247 5063 approbatis
1276 5026 1297 5057 ,
1347 4985 1408 5040 et
1446 4978 1825 5040 contrarium
1872 4983 2009 5037 tan-

442 5092 632 5156 quam
660 5074 1085 5135 scandalosum
1110 5078 1172 5135 et
1190 5074 1454 5153 impium
1479 5072 1855 5133 damnantis.
1887 5070 2006 5131 Ra-

443 5172 532 5228 tio
565 5184 711 5229 vero
741 5175 854 5245 est,
897 5170 1046 5248 quia
1080 5167 1215 5229 haec
1242 5166 1432 5227 etiam
1475 5172 1566 5227 est
1606 5182 1835 5243 magna
1860 5182 2003 5245 pars

444 5263 721 5324 materiae
745 5262 1030 5336 moralis;
1062 5264 1303 5341 oportet
1325 5258 1495 5320 enim
1516 5263 1587 5319 ut
1608 5256 1874 5319 Ecclesia
1893 5256 2002 5317 ha·

442 5352 588 5415 beat
610 5356 998 5416 securitatem
1026 5359 1089 5414 et
1114 5351 1570 5427 certitudinem,
1604 5368 1729 5411 non
1757 5354 2004 5411 tantum

446 5448 515 5509 in
545 5450 889 5528 praeceptis,
930 5446 1033 5507 sed
1070 5446 1254 5507 etiam
1286 5446 1355 5507 in
1384 5444 1677 5522 consiHiS,
1722 5444 1874 5504 etin
1906 5443 2006 5503 via

441 5544 855 5624 perfectionis.
894 5542 1069 5619 item,
1100 5540 1247 5621 quia
1272 5536 1615 5620 approbare
1639 5534 2004 5615 religionem

918 390 1158 447 msi‘n'r.
1193 392 1253 445 V.
1290 392 1372 445 ma}
1400 388 1666 445 naeuus
1696 386 1923 451 omnus
1951 388 2114 443 Finm
2145 386 2461 443 OBJECTU!
2491 388 3002 451 mummium&
3031 388 3170 443 E‘rc.

2087 499 2180 555 est
2206 494 2381 575 quasi
2423 494 2788 557 canonizare
2825 490 2950 555 tale
2983 492 3340 555 institutum
3375 497 3448 553 ut
3471 508 3651 555 sane·

2087 594 2222 649 tum
2257 611 2274 665 3
2318 606 2468 669 ergo
2509 586 2591 650 ad
2635 587 3092 669 providentiam
3137 587 3405 668 Spiritus
3441 586 3657 649 Sancti

2089 688 2320 763 spectat
2345 688 2414 744 ut
2441 683 2509 744 in
2541 682 2660 743 hoc
2699 700 2826 743 non
2857 680 3180 763 permittat
3208 698 3414 743 errare
3443 679 3654 743 Eccle-

2085 776 2242 839 siam
2283 794 2470 857 quam
2517 774 2860 855 specialiter
2901 774 3066 855 regit
3091 789 3114 851 ;
3163 780 3399 837 erraret
3435 779 3654 835 autem

2083 869 2352 931 Ecclesia
2392 870 2446 931 si
2485 869 2769 931 Pontifex
2803 874 3003 949 posset
3037 884 3292 946 errare3
3329 884 3480 949 ergo
3515 886 3656 929 cre-

2084 962 2356 1025 dendum
2385 980 2512 1025 non
2542 969 2636 1024 est
2657 961 2724 1022 id
2745 961 3026 1025 accidere
3049 980 3250 1041 posse.

2168 1059 2266 1120 10.
2310 1056 2416 1119 Ad
2471 1058 2744 1137 primum
2809 1060 3230 1135 aratiunculam
3289 1056 3360 1117 in
3407 1072 3662 1120 numero

2089 1148 2681 1213 tertia—Primum
2709 1154 3156 1230 argumentum
3181 1165 3257 1211 ex
3280 1147 3460 1211 dictis
3485 1148 3661 1211 solu·

2089 1249 2225 1304 tum
2262 1250 2402 1306 este
2455 1262 2604 1306 nam
2651 1262 2868 1305 revera
2915 1241 2982 1304 in
3024 1240 3296 1303 Ecclesia
3338 1260 3467 1305 non
3505 1246 3664 1305 sunt

2089 1336 2230 1399 duae
2253 1337 2486 1419 regulae
2512 1336 2867 1399 infallibiles
2890 1336 3072 1411 vivoe,
3097 1334 3203 1395 sed
3229 1353 3358 1397 una
3375 1340 3659 1412 tantum,

2088 1449 2228 1511 qum
2266 1437 2358 1493 est
2394 1432 2690 1493 Summus
2733 1428 3016 1493 Pontifex
3033 1471 3057 1503 ‚
3093 1426 3206 1507 qui
3235 1433 3438 1509 potest
3462 1428 3662 1491 variis

2088 1524 2290 1589 modis
2315 1524 2408 1585 uti
2429 1524 2509 1586 ad
2531 1523 2957 1586 definiendum
2979 1538 3092 1583 sua
3114 1526 3438 1602 potestate,
3469 1528 3664 1605 prout

2086 1618 2517 1701 opportunitas
2557 1617 2788 1693 tulerit,
2831 1622 2894 1679 ct
2929 1613 3214 1677 Ecclesiae
3246 1615 3434 1677 fuerit
3471 1634 3665 1697 expe·

2085 1712 2285 1788 diens,
2321 1716 2385 1773 et
2409 1711 2548 1773 ideo
2577 1729 2742 1773 unus
2769 1710 3024 1771 illorum
3051 1707 3377 1775 modorum
3399 1718 3514 1787 est,
3547 1710 3663 1773 de-

2085 1802 2265 1866 finire
2294 1822 2438 1865 cum
2471 1804 2740 1867 Concilio
2767 1802 3042 1883 generali
3079 1848 3101 1879 ,
3145 1804 3294 1883 quia
3333 1804 3662 1867 interdum

2086 1898 2335 1979 expedit
2365 1898 2443 1959 ad
2473 1899 2774 1978 majorem
2811 1898 3098 1961 Ecclesiae
3127 1896 3612 1961 satisfactionem
3631 1942 3659 1975 ,

2085 1998 2279 2071 utque
2329 1992 2527 2071 magis
2572 1997 2809 2053 constet
2855 1991 2934 2055 de
2971 1991 3294 2055 communi
3347 2008 3658 2053 consensu

2085 2084 2139 2166 ej
2147 2104 2217 2147 us
2237 2130 2257 2161 ,
2297 2091 2362 2148 et
2398 2085 2480 2146 ad
2521 2086 2824 2165 majorem
2865 2086 3294 2149 confusionem
3331 2084 3662 2147 haeretico·

2082 2197 2248 2251 rum,
2281 2179 2383 2241 vel
2409 2197 2942 2260 quorumcumque
2969 2180 3548 2258 contradicentium,
3583 2185 3664 2241 ut

2083 2279 2246 2335 recte
2273 2271 2454 2335 nobis
2481 2272 2875 2335 declararunt
2899 2272 3176 2353 Apostoli
3201 2272 3485 2354 exemplo
3507 2290 3658 2349 suo,

2083 2366 2289 2429 Actor.
2322 2368 2422 2443 15,
2450 2372 2512 2429 et
2538 2364 2616 2429 ad
2642 2365 2843 2427 Galat.
2875 2368 2940 2427 2.

2164 2464 2264 2524 11.
2308 2460 2415 2524 Ad
2437 2463 2772 2525 seeundum.
2795 2492 2877 2507 -
2898 2461 2970 2524 ln
2999 2459 3268 2522 secundo
3296 2478 3442 2523 vero
3465 2478 3664 2539 argn-

2085 2561 2298 2617 mento
2315 2601 2334 2631 ,
2375 2554 2720 2637 postulatur
2759 2572 2952 2634 quam
2994 2553 3384 2633 diligentiam
3425 2552 3662 2616 debeat

2087 2650 2370 2711 Pontifex
2431 2648 2724 2711 adhibere
2785 2649 2866 2709 ad
2917 2647 3346 2711 definiendum
3395 2649 3661 2730 quando

2084 2742 2426 2806 Concilium
2457 2742 2746 2823 generale
2785 2761 2910 2804 non
2945 2748 3283 2822 congregat
3308 2758 3329 2819 3
3372 2742 3452 2804 ad
3479 2734 3658 2823 quod

2081 2835 2351 2899 breviter
2389 2836 2752 2917 respondeo,
2795 2836 3072 2917 aliquam
3111 2837 3248 2899 sine
3286 2835 3475 2898 dubio
3511 2854 3658 2900 esse

2081 2930 2508 3006 necessariam,
2541 2929 2688 3010 quia
2717 2930 2879 2992 Deus
2917 2948 3048 2991 non
3089 2929 3224 2992 vult
3255 2935 3326 2991 ut
3361 2930 3662 2993 homines

2081 3030 2316 3086 temere
2342 3022 2618 3103 judicent
2653 3022 2752 3085 vel
2793 3022 3186 3101 gubernent;
3236 3030 3472 3103 quanta
3497 3041 3657 3085 vero

2081 3116 2291 3180 futura
2305 3116 2409 3192 sit,
2434 3116 2608 3179 nullo
2629 3116 2793 3197 jure,
2819 3116 3040 3179 saltem
3057 3117 3294 3191 divino,
3319 3116 3660 3179 definitum

2080 3215 2197 3285 est,
2245 3210 2348 3271 sed
2387 3209 2730 3289 prudentiae
2776 3209 2967 3299 ipsius
3005 3208 3318 3273 Pontificis
3351 3210 3662 3290 relinqui-

2078 3309 2204 3366 tur.
2255 3302 2423 3365 Solet
2463 3308 2674 3365 autem
2715 3302 2916 3383 quaeri
2961 3302 3114 3383 quid
3157 3306 3238 3364 sit
3275 3302 3561 3365 futurum
3599 3302 3662 3363 si

2081 3396 2364 3458 Pontifex
2413 3396 2547 3458 sine
2593 3397 2914 3477 praemissa
2963 3395 3291 3476 diligentia
3329 3394 3592 3459 definiat
3631 3412 3656 3456 ε

2085 3489 2280 3569 aliqui
2309 3490 2524 3551 dicunt
2544 3507 2724 3571 posse
2750 3496 2901 3555 tunc
2935 3488 3298 3553 Pontificem
3323 3506 3554 3565 errare,
3589 3494 3665 3550 et

2084 3584 2413 3647 Ecclesiam
2455 3602 2632 3665 posse
2675 3591 2826 3647 tunc
2871 3604 3000 3647 nou
3035 3584 3358 3661 assentiri;
3387 3584 3495 3645 sed
3532 3582 3666 3645 hoe

2085 3678 2494 3760 periculosum
2543 3683 2637 3741 est
2657 3724 2677 3754 ,
2725 3679 2876 3760 quia
2915 3678 3200 3741 Ecclesiae
3247 3696 3376 3739 non
3421 3677 3664 3757 poterit

2084 3776 2366 3835 constare
2397 3790 2481 3833 an
2518 3771 2802 3835 Pontifex
2842 3771 3200 3835 adhibuerit
3241 3770 3664 3835 sufficientem

2082 3864 2472 3945 diligentiam
2518 3883 2714 3927 necne
2728 3910 2752 3942 ,
2802 3864 2903 3927 vel
2947 3864 3335 3945 relinquetur
3369 3863 3660 3942 singulo-

2083 3974 2224 4020 rum
2259 3957 2520 4021 arbitrio
2537 4003 2557 4034 ‚
2597 3964 2668 4019 ut
2701 3957 2984 4039 judicent
3013 3976 3094 4021 an
3124 3956 3452 4037 diligentia
3475 3957 3662 4019 suffi-

2082 4050 2252 4113 ciens
2277 4049 2490 4127 fuerit,
2532 4058 2595 4113 et
2621 4050 2760 4112 ideo
2789 4050 3038 4127 melius,
3081 4057 3152 4112 ut
3177 4050 3488 4125 existimo,
3521 4068 3662 4111 res-

2082 4142 2391 4224 pondetur
2416 4161 2546 4205 non
2571 4142 2956 4206 admittendo
2983 4136 3195 4205 casum
3219 4160 3242 4223 ;
3279 4161 3430 4205 nam
3455 4142 3664 4223 Spiri-

2083 4243 2181 4298 tus
2207 4236 2488 4313 Sanctus,
2521 4237 2630 4318 qui
2657 4236 2818 4317 regit
2843 4236 3200 4315 Ecclesiam,
3233 4254 3362 4299 non
3398 4238 3666 4315 permit-

2083 4334 2172 4390 tet
2207 4326 2568 4391 Pontificem
2608 4335 2737 4391 tam
2776 4329 3204 4411 imprudenter
3237 4328 3496 4391 definire
3521 4352 3542 4405 ;
3591 4336 3666 4392 et

2083 4420 2248 4496 ideo,
2287 4420 2530 4501 quoties
2559 4420 2838 4483 absolute
2867 4420 3109 4497 definit,
3151 4421 3526 4483 credendum
3559 4428 3666 4485 est

2085 4512 2498 4576 sufficientem
2525 4514 2916 4595 diligentiam
2943 4515 3338 4597 praemisisse.

2169 4607 2267 4667 ⁴2.
2309 4606 2416 4669 Ad
2451 4608 2719 4671 tertium.
2769 4638 2851 4653 —
2892 4608 2962 4671 ln
3008 4606 3229 4670 ultimo
3254 4615 3662 4687 argumento,

2083 4698 2316 4779 petitur
2349 4698 2605 4789 quaestio
2631 4699 3054 4781 superioribus
3079 4700 3263 4763 annis
3298 4700 3474 4763 valde
3502 4720 3664 4765 con-

2085 4798 2359 4855 troversa
2379 4836 2400 4867 ,
2446 4811 2530 4854 an
2557 4791 2638 4855 sit
2667 4792 2744 4855 de
2771 4792 2894 4855 fide
2926 4794 3094 4855 hunc
3123 4794 3482 4857 Pontificem
3509 4813 3660 4859 esse

2084 4903 2302 4947 verum
2353 4884 2737 4962 Pontificem,
2777 4904 2964 4966 quam
3007 4906 3136 4949 non
3181 4905 3430 4969 possum
3477 4906 3660 4951 nunc

2086 4997 2198 5058 pro
2219 4978 2521 5058 dignitate
2548 4978 2862 5060 disputare
2875 5002 2894 5057 ;
2917 4980 3184 5043 breviter
3203 4988 3434 5059 tamen,
3465 4982 3664 5047 multi

2085 5072 2360 5134 sentiunt
2383 5090 2509 5133 non
2534 5090 2663 5135 esse
2686 5072 2803 5133 hoc
2825 5072 2901 5134 de
2929 5072 3075 5149 fide,
3101 5072 3210 5135 sed
3232 5076 3338 5135 vix
3361 5080 3664 5155 poterunt

2088 5164 2388 5225 sustinere
2417 5165 2852 5227 certitudinem
2884 5164 3032 5228 fidei
3064 5168 3130 5227 in
3169 5166 3352 5229 rebus
3381 5164 3666 5229 definitis

2091 5275 2130 5316 a
2160 5256 2476 5334 Pontifice,
2525 5257 2646 5319 nisi
2672 5265 3118 5338 consequenter
3157 5260 3366 5321 dicant
3399 5278 3524 5323 non
3553 5279 3665 5325 so-

2087 5347 2219 5411 lum
2248 5350 2608 5413 Pontificem
2641 5368 2880 5428 verum,
2910 5352 3018 5413 sed
3047 5352 3236 5415 etiam
3265 5371 3379 5415 nec
3405 5360 3663 5435 reputa·

2088 5446 2224 5504 tum
2248 5442 2327 5505 ab
2347 5442 2636 5519 Ecclesia,
2661 5462 2830 5524 posse
2855 5462 3062 5507 errare
3083 5444 3458 5517 definiendo,
3484 5448 3660 5526 quod

2084 5540 2292 5599 censet
2345 5536 2755 5599 Belial-minus
2805 5556 3018 5623 supra.
3075 5540 3202 5623 Ego
3259 5544 3472 5605 tamen
3521 5541 3660 5611 fere
