3900 6217
545 337 706 389 sEc'r.
742 337 779 388 1.
819 337 899 386 AN
933 336 1228 388 CHRISTUS
1259 336 1530 391 potimus
1563 335 2001 388 univi-:asueri
2038 296 2347 389 EcuLssstAE
2379 334 2589 387 cmm
2624 331 2842 393 PETRD‚
2878 330 3011 383 mc.

230 438 622 501 derivarentur.
686 435 776 495 lta
835 434 1144 513 significat
1207 434 1600 497 Innocentius
1656 433 1680 493 1
1711 481 1725 505 ,

227 531 372 609 epist.
394 528 466 589 ad
487 526 820 589 Concilium
843 527 1346 606 Carthaginense,
1369 532 1586 607 quaest.
1615 528 1730 607 193

225 624 270 690 Α
293 641 409 705 quo,
437 622 652 701 inquit,
697 621 884 685 Petro
917 621 1046 702 ipse
1081 624 1456 705 episcopatus
1491 627 1546 685 et
1585 623 1728 701 ipsa

225 716 503 783 auctoritas
533 716 714 794 hujus
751 715 1011 779 nominis
1051 716 1313 779 emersit.
1358 716 1446 777 Ita
1480 734 1727 796 quoque

223 810 508 874 Anacletus
525 809 708 888 Papa,
733 810 908 888 epist.
929 813 970 871 Ξ
996 810 1073 871 ad
1091 809 1124 871 J
1131 808 1436 884 alianum,
1454 811 1728 890 primum

223 907 540 985 Episcopum
566 924 582 975 ς
627 902 994 982 cyprinum,
1027 902 1284 983 epistola
1319 904 1396 978 63
1427 904 1574 977 Len,
1605 922 1730 965 ser·

225 1016 374 1061 mone
397 999 432 1059 3
457 996 530 1057 de
553 996 876 1059 Annivers.
907 1014 1034 1057 suae
1059 997 1538 1077 Assumptiouis,
1575 1003 1638 1059 et
1661 997 1730 1059 iu

220 1089 432 1170 epistola
471 1090 584 1151 89:
637 1089 721 1152 Ut
749 1090 822 1153 ab
851 1090 1004 1169 ipso,
1047 1090 1119 1153 id
1150 1096 1242 1153 est
1267 1092 1516 1168 metro),
1557 1092 1736 1172 quasi

217 1186 428 1266 qnidam
463 1184 656 1261 capite
691 1184 850 1247 dona
889 1200 1006 1247 ma
1033 1183 1197 1247 velut
1225 1182 1292 1247 in
1325 1201 1542 1264 corpu
1569 1200 1736 1245 omne

217 1278 540 1354 diffundes-et
558 1298 586 1346 ;
603 1275 1092 1353 chrysostomus,
1119 1276 1348 1339 Joaun.
1380 1276 1492 1339 ult.
1521 1292 1540 1339 z
1573 1275 1736 1339 Gom·

211 1370 369 1433 mictu
387 1368 566 1429 Petro
589 1368 1050 1447 presidentium
1073 1370 1375 1447 fratrum,
1415 1373 1486 1432 ut
1517 1368 1588 1433 ab
1621 1368 1732 1431 illo

211 1461 470 1525 det-iretur
495 1462 562 1523 in
583 1462 870 1542 reliquos.

272 1557 320 1615 6.
365 1553 640 1619 Secunda
659 1553 858 1635 opinio
887 1553 1174 1620 azioma.
1205 1586 1288 1603 -·-
1316 1555 1580 1619 Jacobus
1603 1554 1733 1636 pri-

209 1668 316 1711 m
340 1648 933 1727 Karmana-‘tanus
957 1648 1272 1729 episcopus
1289 1694 1304 1719 ,
1331 1648 1457 1725 fxit
1481 1646 1734 1729 Aposto-

209 1744 399 1805 1η-
421 1742 540 1803 Alii
565 1760 720 1803 vero
745 1742 1024 1805 sentiunt
1051 1740 1364 1805 Christum
1399 1741 1732 1805 Dominum

211 1838 474 1899 ordinasse
495 1836 824 1914 Episcopos
845 1837 1117 1910 Petrum,
1138 1835 1438 1897 Jacobum
1461 1842 1524 1897 et
1545 1836 1734 1897 Joan·

207 1948 344 2003 nem,
367 1929 596 2008 hosque
627 1935 878 1991 ceteros
915 1947 1334 2004 consecrasse3
1375 1930 1462 1991 ita
1499 1930 1734 1993 indicat

205 2026 458 2098 Clemens,
499 2021 616 2086 lib.
663 2025 704 2085 6
750 2030 813 2085 et
860 2028 892 2084 ἲ
933 2024 1485 2097 constitutionum,
1540 2042 1728 2104 quem

209 2116 360 2177 refert
401 2116 653 2195 Niceph.
681 2160 700 2191 ,
749 2116 861 2177 lib.
915 2119 978 2188 2,
1028 2134 1162 2195 cap.
1207 2118 1267 2179 3.
1327 2117 1408 2179 At
1447 2118 1616 2179 enim
1665 2118 1732 2177 iu

209 2212 361 2291 priori
378 2210 816 2271 loco‘Clemens
840 2211 916 2272 de
933 2210 1164 2273 Jacobo
1183 2212 1400 2289 Maiori
1421 2211 1693 2291 loquitur
1712 2226 1728 2271 ε

211 2305 356 2377 Quen
387 2303 710 2377 Dominus,
743 2303 970 2383 inquit,
1001 2322 1138 2367 cum
1179 2304 1366 2367 Petro
1403 2310 1462 2367 et
1495 2304 1734 2368 Ioanne

203 2397 458 2479 μνάμα)
497 2396 724 2459 honore
765 2397 1052 2478 dianam
1094 2396 1239 2472 suit.
1301 2396 1367 2457 ln
1408 2394 1734 2476 posteriori

207 2507 320 2551 vero
337 2490 454 2565 agit
477 2488 554 2549 de
579 2488 818 2551 Jaeoho
843 2488 1042 2564 Justo,
1069 2488 1148 2551 de
1177 2508 1298 2570 quo
1328 2489 1567 2551 nnllam
1591 2506 1734 2569 pro·

209 2582 534 2643 habilitatem
563 2582 804 2644 habere
832 2590 1036 2662 potest
1069 2582 1202 2645 hoec
1229 2584 1558 2655 sententia,
1589 2600 1732 2662 pro·

211 2686 311 2755 pter
331 2694 396 2737 aa
416 2695 556 2755 quae
601 2677 908 2739 dicemus.
960 2678 1046 2739 De
1073 2676 1214 2738 aliis
1241 2677 1442 2739 tribus
1473 2691 1726 2756 persna-

213 2770 306 2831 drri
335 2777 540 2848 potest,
579 2788 670 2833 ex
699 2789 774 2833 eo
803 2772 967 2851 quod
1001 2770 1180 2835 multi
1211 2772 1418 2849 Patres
1445 2770 1728 2833 indicant

223 2863 444 2925 iacobum
465 2864 726 2925 Justum
755 2864 1112 2927 ordinatum
1146 2864 1332 2927 fuisse
1355 2864 1722 2943 Episcopum

229 2955 799 3035 Hiemsolymitauum
859 2976 900 3017 a
951 2958 1130 3019 Petro
1187 2975 1324 3021 eum
1381 2956 1608 3019 ,lacobo
1663 2962 1730 3017 et

227 3050 434 3121 Jcaunez
495 3052 676 3131 quod
719 3052 908 3113 sensit
959 3052 1292 3115 Auaeletus
1339 3050 1604 3131 epistola
1642 3053 1680 3111 2
1705 3096 1726 3126 ,

218 3144 424 3207 scribens
459 3146 776 3224 ejusmodi
816 3144 1098 3225 exemplo
1131 3152 1436 3220 constare,
1480 3144 1728 3223 Episco-

215 3254 322 3313 pum
345 3240 580 3299 nounisi
609 3258 656 3299 a
685 3238 884 3299 tribus
919 3239 1227 3318 Episcopis
1249 3238 1522 3299 ordinari
1547 3255 1726 3317 opor·

213 3334 324 3389 tere.
355 3331 634 3393 Concinit
661 3332 828 3393 idem
854 3332 1134 3393 Clemens
1159 3330 1402 3404 citatus,
1440 3331 1726 3409 quamvis

211 3437 302 3481 noa
325 3424 694 3500 ord-’murm
730 3424 832 3485 sed
863 3426 1110 3487 electum
1137 3422 1322 3487 dica.
1349 3422 1516 3483 Idem
1537 3422 1726 3483 sentit

208 3512 585 3595 Hieronymus,
632 3516 712 3577 de
749 3518 914 3579 Viris
947 3516 1310 3587 illustribus,
1351 3516 1420 3577 in
1445 3515 1720 3593 Jacobo3

205 3624 360 3685 neque
395 3616 482 3669 est
517 3610 896 3683 verisimile,
941 3609 1104 3688 quod
1138 3609 1358 3671 dicunt
1399 3608 1720 3681 nonnulli,

205 3700 479 3777 praefatum
495 3701 810 3765 Jacohum
831 3702 1461 3781 Hierosolymitanum
1485 3702 1728 3781 Episco-

205 3808 338 3867 pum,
359 3812 476 3855 nou
501 3796 700 3857 finisse
719 3812 916 3857 unum
942 3794 1214 3873 aliquem
1247 3812 1322 3857 ex
1345 3795 1652 3875 Apostolis
1677 3799 1721 3869 ⁸,

206 3890 256 3943 ut
277 3886 496 3966 Niceph.
527 3904 750 3966 supra,
790 3894 854 3948 et
875 3906 1015 3966 cap.
1055 3890 1140 3951 36
1165 3893 1228 3949 et
1263 3889 1364 3951 4-4.
1409 3890 1496 3949 Ex
1519 3888 1721 3949 Evan-

207 3976 330 4051 gelio
363 3980 522 4041 enim
562 3986 634 4043 et.
679 3980 850 4041 Actis
889 3980 1321 4059 Apostolorum
1367 3982 1719 4059 oppositum

207 4068 492 4149 colligitur,
526 4072 836 4137 Jacobum
865 4074 1117 4147 scilicet,
1159 4072 1416 4135 fratrem
1447 4072 1718 4147 Domini,

205 4182 358 4227 unum
385 4167 562 4228 fuisse
589 4187 672 4229 ex
701 4168 1032 4229 duodecim
1069 4167 1396 4247 Apostolis,
1427 4176 1490 4227 et
1517 4167 1596 4227 de
1619 4184 1720 4227 eo-

206 4256 334 4331 dem,
359 4262 668 4339 quietiam
688 4262 726 4323 J
733 4268 904 4324 ustus
931 4260 1292 4322 vocabatur.
1315 4266 1572 4321 narrant
1595 4259 1722 4321 his-

206 4353 342 4419 10riae
377 4354 812 4434 Hierosolymis
843 4355 1208 4433 Episcopum
1251 4352 1476 4429 fuisse3
1521 4351 1724 4413 Eccle-

207 4442 272 4501 sia
303 4444 548 4525 denique
579 4448 874 4511 eumdem
909 4448 1178 4509 celebrat
1215 4452 1398 4525 atque
1427 4454 1497 4505 ut
1535 4448 1722 4525 Apos-

206 4535 360 4597 tolum
387 4548 714 4603 veueratur
751 4559 766 4601 :
799 4548 964 4601 certe
983 4558 1060 4601 ex
1103 4540 1382 4619 opposito
1421 4538 1602 4617 plane
1629 4558 1722 4600 se·

205 4631 376 4704 quitur
397 4652 590 4713 neque
627 4635 920 4697 historias
949 4651 1150 4712 neque
1179 4632 1718 4695 Ecclesiam-men-

207 4722 396 4785 tionem
421 4727 608 4790 ullam
638 4728 854 4789 fecisse
877 4727 1034 4787 tanti
1061 4727 1362 4806 Apostoli.

268 4818 316 4873 7.
337 4818 528 4883 Tertia
545 4818 748 4901 opinio
776 4817 1171 4881 verisimilior
1183 4820 1715 4901 probatum—Alii

209 4922 322 4983 ergo
333 4911 531 4971 volunt
539 4910 1088 4991 omnesApostolos
1105 4912 1465 4975 immediate
1479 4914 1560 4975 ab
1581 4917 1714 4994 ipso

212 4997 400 5061 Christo
425 5004 606 5065 fuisse
625 5006 954 5085 Episcopo-s
983 5004 1321 5067 ordinatos.
1358 5007 1450 5069 lta
1481 5007 1714 5083 Glossa,

215 5092 488 5156 teorinih.
507 5100 618 5171 12,
639 5098 803 5159 circa
829 5096 1025 5159 illud:
1059 5098 1276 5161 Posuit
1303 5100 1716 5181 quidcmDm

213 5183 266 5243 in
283 5185 536 5253 Ecclesia
553 5191 826 5269 primum
863 5190 1212 5273 Apostolos,
1247 5198 1368 5253 etc.
1413 5192 1492 5255 Et
1520 5193 1714 5255 -multi

1810 433 2133 510 Theologi,
2186 434 2253 494 in
2292 436 2365 509 4,
2398 432 2460 493 d.
2512 434 2627 507 233
2674 430 3041 508 videturque
3092 446 3381 507 expressa

1809 529 2118 589 sententia
2160 526 2515 607 Augustini,
2559 525 2723 587 libro
2763 524 3185 599 Quaestionum
3232 522 3377 582 novi

1809 627 1871 683 et
1902 624 2128 685 veteris
2151 622 2558 695 Testamenti,
2592 626 2814 699 quaest.
2862 618 2969 694 97,
3004 617 3121 678 sub
3146 616 3375 678 finem:

1810 716 1958 797 Ipse
1982 718 2162 791 enim,
2194 716 2281 777 ait
2305 716 2565 794 loquens
2604 714 2683 775 de
2716 712 2981 787 Christo,
3015 712 3379 795 priusquam

1807 808 1874 870 in.
1893 809 2087 872 Calos
2102 810 2469 881 ascenderet,
2490 810 2798 888 imponens
2814 824 3025 869 nomm
3045 802 3375 886 apostolis,

1810 904 2112 967 ordinavit
2139 904 2207 965 in
2230 902 2587 983 Episcopus.
2616 900 2737 962 Ubi
2764 917 2907 960 cum
2936 896 3260 959 indefinite
3291 897 3380 956 lo-

1809 1003 2061 1075 quatur,
2092 997 2273 1077 plane
2302 995 2379 1056 de
2406 993 2699 1055 omnibus
2728 1011 2793 1055 se
2820 993 2991 1071 loqui
3020 990 3370 1069 significan

1815 1110 2099 1153 sermone
2142 1091 2327 1151 etiam
2377 1090 2459 1151 28
2498 1088 2573 1163 (si
2608 1089 2745 1167 ejus
2788 1088 2929 1163 est),
2956 1086 3035 1146 ad
3066 1086 3289 1147 fratres
3310 1086 3376 1145 in

1815 1202 2055 1259 eremo,
2080 1183 2299 1245 eodem
2326 1182 2649 1243 indefinito
2690 1179 2985 1260 loquendi
3030 1177 3237 1253 modo,
3276 1178 3378 1239 in-

1815 1279 1951 1358 quit
1984 1278 2293 1339 Christum
2332 1276 2647 1338 ordinasse
2674 1272 2995 1355 Apostolos
3020 1270 3380 1335 Sacerdotes

1817 1376 1882 1435 in
1909 1378 2091 1433 nocte
2118 1370 2350 1445 Coenoe3
2376 1388 2453 1431 ex
2480 1388 2602 1449 quo
2622 1374 2826 1448 potest
2852 1366 3015 1429 sumi
3044 1384 3379 1445 argumen-

1812 1472 1981 1540 tnm3
2014 1482 2161 1525 nam
2216 1464 2264 1525 si
2315 1464 2592 1524 Christus
2646 1461 3004 1523 immediate
3058 1458 3373 1521 ordinavit

1815 1576 2032 1620 omnes
2057 1557 2374 1639 Apostolos
2414 1557 2793 1631 Sacerdotes,
2820 1572 2933 1615 cur
2974 1570 3101 1615 nou
3135 1552 3380 1632 Episco-

1814 1654 1962 1733 pos?
1986 1652 2092 1713 vix
2144 1668 2293 1712 sane
2336 1657 2536 1730 potest
2582 1648 2755 1711 reddi
2804 1646 2969 1709 ratio
3008 1644 3375 1727 probabam

1813 1764 1959 1807 nam
1986 1747 2149 1807 sicut
2172 1744 2519 1825 presbyteri
2564 1742 2829 1822 aequales
2858 1748 3005 1802 sunt
3034 1740 3099 1800 iu
3128 1736 3373 1814 ordine,

1814 1844 1876 1899 et
1925 1856 2059 1899 esse
2098 1838 2439 1917 inaequales
2482 1842 2738 1917 possunt
2786 1833 3241 1916 jurisdictione,
3290 1833 3379 1893 ita

1813 1932 2095 2011 Episcopi
2146 1932 2348 2010 quoad
2408 1930 2933 1991 consecrationem
2988 1925 3256 2006 aequales
3308 1926 3381 1985 iu

1805 2026 2241 2104 jurisdictione
2270 2032 2525 2105 possunt
2564 2042 2693 2085 esse
2742 2021 3095 2101 inaequales.
3137 2022 3225 2080 Ex
3254 2034 3378 2099 quo

1813 2121 2141 2181 deducitur
2193 2136 2425 2180 novum
2472 2125 2913 2193 argumentum
2946 2132 2964 2176 t
2998 2130 3290 2193 namque,
3322 2114 3377 2172 si

1812 2215 1880 2274 in
1909 2214 2119 2291 aliquo
2149 2212 2270 2273 ruit
2288 2212 2673 2291 inaequalitas
2701 2212 2867 2271 inter
2894 2207 3231 2283 Apostolos,
3258 2206 3377 2266 tuit

1811 2306 1983 2367 haud
2013 2304 2203 2367 dubie
2247 2307 2313 2366 in
2349 2312 2649 2385 potestate
2688 2300 3153 2383 jurisdictionis,
3187 2314 3377 2377 quam

1812 2398 2225 2460 nihilominus
2262 2398 2623 2459 immediate
2650 2416 2685 2457 a
2714 2396 2953 2457 Christo
2985 2393 3249 2454 Domino
3280 2410 3377 2451 re·

1811 2500 2147 2573 ceperunt3
2175 2512 2324 2571 ergo
2352 2492 2548 2553 multo
2594 2489 2951 2552 credibilius
2976 2488 3141 2549 idem
3168 2486 3377 2549 dicen·

1812 2586 1963 2647 dum
2005 2592 2097 2647 est
2129 2586 2206 2647 de
2256 2591 2557 2666 potestate
2596 2584 2852 2645 ordinis.
2910 2582 3185 2660 Denique
3230 2596 3375 2641 cum

1805 2679 2087 2758 proxime
2114 2680 2243 2741 sint.
2268 2698 2305 2739 a
2322 2678 2563 2741 Christo
2589 2677 2909 2738 constituti
2936 2678 3003 2737 in
3028 2674 3375 2755 Apostolica

1806 2772 2135 2849 dignitate,
2152 2790 2349 2849 eaque
2378 2772 2653 2832 maxima
2674 2790 2753 2833 ex
2787 2771 3046 2850 partein
3071 2767 3375 2845 dignitate

1806 2865 2136 2945 episcopali
2192 2865 2490 2926 fundetur
2507 2910 2527 2940 ‚
2574 2864 2975 2926 verisimilius
3040 2862 3222 2943 plane
3276 2866 3377 2922 est

1811 2961 2002 3021 etiam
2036 2960 2234 3037 ipsum
2266 2958 2572 3019 Christum
2602 2976 2709 3038 per
2734 2974 2799 3019 se
2838 2958 2903 3017 in
2930 2954 3251 3036 Apostolos
3276 2972 3375 3015 or-

1811 3053 2080 3126 dinasse,
2112 3068 2268 3131 quos
2298 3052 2425 3132 ipse
2476 3054 2685 3113 vivens
2730 3065 3119 3131 praesensque
3162 3048 3370 3128 elegit,

1810 3151 1873 3207 et
1906 3144 2277 3224 quibuscum
2306 3152 2397 3205 est
2426 3150 2847 3205 conversatus.

1888 3239 1946 3299 8.
1994 3240 2333 3301 Moderatio
2383 3237 2693 3320 pra-diotre
2744 3236 3069 3317 opinionis.
3091 3268 3173 3283 --
3198 3236 3373 3311 Quod

1807 3333 1946 3393 ideo
1982 3334 2147 3408 dico,
2172 3332 2319 3413 quia
2348 3331 2425 3393 de
2457 3332 2717 3393 Matthia
2746 3348 2845 3393 res
2888 3330 3137 3393 videtur
3164 3332 3375 3391 minus

1804 3425 2159 3505 explorata,
2205 3426 2489 3503 quamvis
2540 3426 2605 3486 in
2658 3424 2917 3486 Actibus
2956 3440 3081 3483 non
3131 3424 3377 3500 legatur

1805 3520 1940 3597 ejus
1966 3519 2313 3593 ordinatim
2348 3519 2553 3579 solum
2590 3519 2817 3598 quippe
2848 3518 2916 3578 iu
2956 3534 3087 3596 cap.
3124 3518 3153 3575 1
3185 3515 3378 3575 habe-

1803 3619 1928 3687 tur,
1964 3614 2241 3675 cecidisse
2266 3617 2487 3676 sortem
2510 3629 2693 3692 super
2708 3612 3063 3684 Mennim,
3100 3614 3157 3671 et
3178 3624 3373 3671 annu-

1803 3718 2105 3770 meratum
2146 3707 2341 3785 fuisse
2377 3724 2511 3769 cum
2537 3706 2811 3769 uotdm'm
2838 3702 3169 3787 Apostozis.
3202 3704 3373 3763 Veri·

1805 3799 2075 3859 similius
2102 3806 2313 3859 tamen
2346 3806 2439 3861 est
2468 3799 2927 3859 ordinationem
2966 3798 3267 3876 recepisse
3294 3794 3377 3855 ab

1805 3892 2111 3971 Apostolis
2136 3936 2156 3966 ,
2210 3911 2291 3954 ue
2344 3892 2607 3972 speciale
2666 3891 3039 3952 miraculum
3086 3890 3375 3950 admittu-

1801 4004 1967 4057 ωας,
1994 3993 2108 4047 aut
2132 3987 2333 4065 potius
2354 3984 2919 4046 extraordinarium
2950 3984 3205 4045 modum
3234 3998 3373 4061 pro·-

1800 4078 2139 4139 videntiae:
2172 4096 2297 4139 non
2340 4080 2507 4139 euim
2550 4076 2815 4137 dubium
2866 4077 3019 4156 quin
3052 4078 3375 4154 potuissset

1803 4170 2082 4231 Christus
2124 4172 2422 4232 Dominus
2470 4188 2584 4231 sua
2633 4176 2937 4251 potestate
2992 4168 3373 4229 excellentia

1803 4262 1981 4325 illum
2014 4283 2053 4325 a
2094 4265 2249 4325 coelo
2292 4281 2681 4338 consecrare,
2718 4266 2811 4324 vel
2846 4282 2953 4342 per
2998 4260 3267 4338 Angelos
3310 4260 3371 4320 id

1803 4357 2069 4432 efficere,
2116 4364 2187 4440 ut
2244 4358 2397 4419 alias
2443 4358 2521 4419 de
2559 4356 2993 4437 Amphilochio
3040 4354 3231 4415 refert
3272 4354 3370 4415 Ni·

1803 4451 2009 4529 ceph„
2038 4450 2081 4513 l.
2114 4454 2179 4512 ti
2197 4496 2215 4525 ,
2248 4470 2302 4513 c.
2338 4452 2398 4512 2.
2436 4452 2566 4512 Nou
2608 4458 2819 4511 tamen
2848 4455 3031 4509 teneo
3064 4446 3369 4507 sufficien-

1803 4550 1928 4605 tem
1982 4546 2413 4606 auctori'tatem
2455 4544 2554 4605 vel
2586 4544 3013 4605 necessitatem
3057 4542 3217 4601 tanti
3254 4540 3373 4600 mi-

1801 4638 2019 4713 raculi,
2052 4640 2360 4719 praecipue
2390 4656 2531 4700 cum
2556 4640 2761 4699 Actor.
2796 4638 2871 4697 13
2894 4635 3201 4697 iudicetur
3217 4634 3371 4694 Pau·

1799 4728 1930 4791 lum
1974 4732 2339 4811 Apostolum
2388 4751 2499 4813 per
2548 4731 3009 4811 impositionem
3062 4745 3369 4788 manuum

1796 4822 1876 4885 ab
1917 4824 2277 4885 homiuibus
2322 4825 2509 4887 tuisse
2554 4826 2913 4885 ordinatum
2942 4822 3366 4901 Episcopum;

1795 4934 1919 4995 quo
1947 4917 2012 4977 in
2028 4918 2163 4979 loeo
2184 4919 2651 4998 chrysostomus
2676 4918 2743 4977 id
2769 4918 2859 4977 ita
2888 4916 3365 4996 interpretatur,

1796 5010 2087 5089 idemque
2112 5013 2299 5073 sentit
2332 5012 2453 5073 Leo
2490 5014 2677 5090 Papa,
2709 5010 2970 5090 epistola
3006 5010 3075 5071 8¹
3096 5058 3109 5071 .
3156 5010 3367 5087 Neque

1797 5120 1950 5165 vero
1978 5104 2198 5165 eadem
2228 5110 2321 5165 est
2346 5105 2509 5166 ratio
2550 5104 2627 5165 de
2656 5104 2755 5165 his
2780 5109 2968 5183 atque
2996 5104 3073 5165 de
3101 5101 3362 5177 ceteris,

1796 5214 1950 5275 quos
1998 5198 2271 5259 Christus
2314 5199 2611 5259 Dominus
2656 5213 2763 5275 per
2810 5197 3081 5276 seipsum
3128 5196 3195 5257 in
3234 5197 3365 5255 vita

1795 5291 2043 5352 mortali
2072 5292 2337 5366 vocavit,
2370 5298 2435 5352 et
2454 5307 2599 5365 eum
2630 5288 2855 5369 quihus
2896 5288 3054 5349 vixit
3082 5306 3099 5349 ε
3130 5289 3363 5349 etenim

279 5372 292 5403 ¹
329 5370 461 5431 Vide
480 5373 548 5435 in
567 5377 608 5437 3
629 5393 721 5456 p.,
745 5380 904 5439 tom.
927 5378 992 5455 2,
1019 5376 1179 5457 disp.
1213 5380 1276 5455 5,
1304 5386 1452 5443 sect.
1483 5382 1548 5458 4,
1577 5381 1714 5461 plu·
1791 5382 2024 5462 absque
2066 5384 2194 5445 ullo
2236 5372 2535 5448 miraculo
2579 5383 2683 5445 vel
2706 5380 3193 5445 extraordinaria
3223 5398 3367 5461 pro-

219 5474 292 5520 ras
313 5465 455 5544 apud
475 5467 680 5533 Loriu.
709 5468 778 5531 in
803 5471 982 5548 Acta,
1010 5490 1067 5535 c.
1097 5475 1160 5550 1,
1194 5490 1350 5537 vcra.
1386 5476 1486 5541 13.

1793 5476 2071 5541 videntia
2104 5478 2305 5561 potuit
2344 5476 2483 5541 illos
2521 5494 2631 5558 per
2680 5492 2747 5539 se
2786 5474 3079 5539 ordinare
3114 5474 3363 5557 Episco-
