3900 6217
545 271 666 334 256
1738 279 1978 333 msrur.
2016 280 2097 331 tx,
2133 278 2213 330 DE
2246 278 2562 334 ECCLESIA.

542 396 734 454 rasse,
788 375 1059 460 dubitari
1094 394 1221 438 non
1256 382 1493 458 petest,
1523 385 1597 439 nt
1624 385 1815 459 patet,
1848 387 1984 440 tum
2030 399 2108 443 ex

465 503 476 516 ·
545 473 874 552 Scripturae
940 470 1147 534 verbis
1216 476 1279 533 et
1336 473 1705 550 conjecturis
1768 474 2051 534 adductis
2085 495 2104 548 ;

543 573 682 627 tum
725 567 875 645 qnia
914 566 1078 639 Noe,
1126 570 1341 644 utpote
1390 566 1844 644 sanctissimus,
1893 585 2108 628 veram

544 661 730 722 fidem
785 661 852 720 in
889 657 1157 738 Ecclesia
1194 660 1444 720 Patrum
1489 679 1742 721 suerum
1776 680 1887 742 per
1918 662 2108 722 tradi-

542 756 780 816 tionem
808 753 1065 832 accepit,
1095 771 1299 833 neque
1336 753 1507 813 enim
1540 772 1768 815 nevam
1814 754 1907 815 illi
1936 773 2109 816 reve-

543 847 841 909 lationem
884 846 1111 908 faetam
1146 863 1276 908 esse
1328 846 1611 924 legimus.
1661 848 1800 908 Jam
1840 866 1988 909 vero
2031 847 2108 908 de

543 947 823 1020 tempore
854 941 981 1001 Noe
1016 957 1211 1020 usque
1250 939 1327 1000 ad
1377 939 1691 1002 Abraham
1738 941 1803 1002 id
1855 941 2108 1002 eviden-

542 1033 667 1096 tius
700 1040 813 1108 est,
848 1050 994 1093 nam
1025 1033 1153 1112 ipse
1182 1033 1308 1092 Noe
1336 1032 1491 1093 vixit
1520 1050 1713 1112 usque
1748 1033 1825 1093 ad
1854 1050 2108 1111 sexage-

542 1127 771 1188 simum
816 1143 1053 1187 annum
1094 1125 1235 1186 vitae
1276 1124 1576 1203 Abrahae3
1618 1132 1681 1186 et
1723 1126 1889 1201 Sem,
1940 1124 2107 1186 filius

544 1219 698 1296 Nee,
748 1237 787 1278 a
828 1237 951 1298 quo
992 1217 1308 1280 Abraham
1354 1218 1689 1295 descendit,
1738 1218 1895 1280 vixit
1940 1217 2106 1298 plus·

544 1329 733 1391 quam
761 1311 1071 1372 Abraham
1103 1329 1297 1372 annes
1336 1313 1434 1386 35,
1462 1317 1534 1371 ut
1558 1310 1739 1391 plane
1762 1317 2001 1373 constat
2028 1329 2106 1372 ex

544 1406 791 1482 Genes„
819 1405 1017 1484 capite
1046 1404 1398 1479 undecimo,
1442 1410 1507 1465 et
1534 1405 1831 1482 vigesimo
1859 1405 2101 1483 quinte.

546 1499 704 1560 Satis
766 1511 976 1560 autem
1023 1504 1231 1577 aperte
1282 1497 1518 1558 indicat
1578 1498 1894 1576 Scriptura
1963 1497 2106 1558 Sem

546 1591 734 1654 fuisse
772 1591 978 1652 virum
1016 1591 1255 1670 justum
1299 1596 1362 1651 et
1404 1588 1673 1652 fidelem.
1702 1591 1935 1652 Verum
1970 1591 2108 1670 qni-

546 1683 687 1745 dem
722 1692 815 1745 est
850 1684 1055 1763 colligi
1098 1685 1287 1745 etiam
1329 1702 1401 1744 ex
1440 1685 1795 1764 Scripturis,
1822 1690 2108 1762 parentes

548 1775 817 1839 Abrahae
856 1777 1047 1838 fuisse
1074 1776 1449 1851 idololatraS,
1478 1784 1550 1838 ut
1570 1779 1781 1850 Jesue,
1810 1778 2108 1857 vigesimo

546 1877 790 1950 quarto,
818 1870 897 1932 de
916 1871 1117 1930 There
1144 1877 1205 1931 et
1228 1871 1469 1931 Nacher
1496 1871 1743 1945 dicitur,
1774 1871 1939 1950 quod
1967 1889 2109 1931 con·

546 1963 756 2026 firmat
783 1965 1247 2045 chrysostomus
1276 1962 1531 2025 homilia
1558 1965 1639 2026 80
1664 1965 1743 2025 ad
1778 1963 2104 2045 populum,

546 2057 692 2119 licet
736 2058 1119 2137 Augustinus
1165 2057 1403 2118 decime
1454 2058 1636 2118 tertie
1684 2058 1761 2119 de
1808 2059 2102 2132 Civitate,

546 2170 681 2230 cap.
710 2151 954 2212 decime
983 2150 1189 2225 tertie,
1238 2149 1403 2210 dicat
1446 2150 1647 2211 Thare
1671 2150 1845 2230 pium
1888 2149 2100 2224 fuisse,

548 2251 610 2305 et
642 2262 839 2304 unum
875 2242 1133 2305 coluisse
1160 2243 1375 2304 Deum.
1406 2243 1786 2324 Epiphanius
1831 2260 2099 2322 queque,

546 2337 727 2398 initio
754 2335 895 2397 libri
926 2343 1139 2397 centra
1166 2336 1446 2408 haereses,
1474 2336 1561 2396 ait
1588 2337 1886 2415 incepisse
1915 2335 2106 2396 idolo-

546 2428 793 2491 latriam
823 2436 949 2490 tem
959 2447 1100 2508 pore
1126 2429 1385 2502 Saruch,
1410 2429 1519 2508 qui
1547 2428 1809 2489 Abrahae
1843 2446 2110 2508 proavus

548 2522 692 2598 fnit,
734 2541 844 2602 per
876 2521 1180 2601 imagines
1212 2527 1457 2582 tantum
1504 2521 1771 2601 depictas
1789 2543 1808 2596 ;
1839 2541 1877 2582 a
1904 2520 2106 2582 'share

550 2633 720 2691 vere,
772 2617 949 2676 Patre
977 2613 1261 2687 Abrahae‚
1314 2615 1611 2694 incepisse
1650 2633 1761 2694 per
1807 2613 1975 2675 idola
2030 2633 2105 2674 ex

546 2707 680 2769 luto
710 2715 773 2769 et
792 2707 966 2786 ligno
995 2707 1305 2782 confecta;
1332 2707 1438 2768 sed
1479 2725 1605 2768 non
1632 2713 1955 2787 prepterea
1997 2725 2104 2786 pn-

547 2802 807 2863 tandum
860 2802 925 2862 in
974 2799 1263 2861 omnibus
1301 2799 1657 2862 hominibus
1710 2819 1783 2861 ee
1830 2808 2106 2880 tempore

548 2894 838 2956 defecisse
861 2894 1216 2969 Ecclesiam,
1260 2912 1407 2955 nam
1448 2895 1777 2974 imprimiS,
1828 2902 1900 2955 ut
1955 2894 2104 2955 dici-

545 3006 703 3050 mns
753 2993 881 3049 teto
935 3005 1011 3049 eo
1057 2994 1334 3067 tempere
1363 2987 1519 3047 vixit
1567 2987 1731 3063 Sem,
1783 2988 1890 3068 qui
1941 2992 2107 3048 certe

546 3099 673 3142 non
712 3083 914 3160 potuit
941 3100 1066 3143 non
1095 3079 1325 3142 habere
1352 3079 1591 3160 aliquos
1623 3099 1747 3141 suae
1772 3099 1931 3142 verae
1963 3078 2109 3140 fidei

546 3179 878 3236 consortes.
910 3176 1216 3236 Praeterea
1248 3175 1513 3235 [renaeus
1534 3219 1553 3248 ,
1584 3173 1765 3233 initio
1797 3172 1941 3232 libri
1984 3173 2110 3250 pri-

546 3267 639 3328 mi
666 3267 892 3328 Contra
930 3266 1213 3342 haereses,
1252 3265 1455 3327 Heber
1500 3272 1682 3327 vocat
1732 3265 1935 3325 virum
1977 3265 2107 3344 jus-

546 3365 682 3420 tum
712 3365 776 3420 et
802 3366 1125 3435 sanctum,
1158 3365 1220 3421 et
1260 3360 1427 3421 idem
1456 3359 1686 3419 indicat
1726 3359 2108 3438 Epiphanius

546 3470 751 3531 snpra,
802 3457 865 3513 et
908 3453 1041 3513 sine
1077 3451 1268 3513 dnbio
1301 3450 1489 3512 fidem
1530 3470 1705 3514 suam
1732 3451 1886 3511 alios
1930 3451 2109 3512 dece-

547 3543 735 3618 bant;
777 3543 905 3605 imo
944 3544 1201 3606 fortasse
1228 3544 1296 3606 in
1328 3544 1450 3605 illis
1477 3544 1586 3624 qui
1628 3544 1920 3605 dicuntur
1940 3543 2107 3606 idola

549 3637 833 3714 coluisse,
862 3657 988 3699 non
1012 3639 1268 3700 omnino
1302 3638 1422 3700 fuit
1452 3656 1600 3699 vera
1636 3637 1785 3698 fides
1812 3639 2103 3712 extincta,

549 3731 656 3790 sed
704 3731 1125 3812 superstitiose
1170 3737 1419 3792 tantum
1474 3737 1688 3792 centra
1742 3731 2107 3809 religionem

551 3831 903 3904 peccarunt.
960 3826 1171 3904 Itaque
1221 3826 1371 3886 satis
1420 3843 1498 3886 ex
1557 3823 1871 3904 Scriptura
1938 3825 2107 3887 colli-

549 3917 721 3996 gitur
757 3935 953 3998 usque
1001 3918 1080 3978 ad
1111 3916 1427 3980 Abraham
1476 3919 1806 3980 Ecclesiam
1831 3937 2110 4000 perseve-

550 4026 737 4072 rasse.

633 4105 693 4164 Ξ.
725 4104 815 4166 De
832 4109 1091 4184 tempore
1116 4105 1363 4169 dcem-so
1385 4104 1458 4168 ab
1482 4103 1795 4170 Abraham
1821 4123 2008 4188 usque
2033 4107 2117 4170 ad

549 4196 825 4276 Moysen.
847 4197 1023 4258 -De
1050 4203 1326 4278 tempore
1354 4215 1503 4259 vero
1529 4195 1793 4259 Abrahae
1814 4217 2008 4279 usque
2031 4199 2109 4259 ad

550 4297 815 4351 mortem
829 4289 1044 4366 Jacob,
1066 4291 1163 4352 vel
1178 4291 1365 4352 etiam
1384 4290 1634 4371 Joseph,
1656 4291 1829 4370 cujus
1842 4291 2112 4371 Scriptu-

548 4402 620 4445 ra
638 4383 1033 4464 peculiariter
1062 4385 1370 4460 meminit,
1400 4403 1499 4446 res
1521 4391 1733 4464 aperta
1752 4386 1929 4446 estin
1952 4385 2112 4446 Scri-

549 4478 769 4558 ptnris,
802 4493 1011 4539 veram
1040 4477 1371 4539 Ecclesiam
1412 4479 1477 4538 in
1508 4477 1653 4539 filiis
1682 4476 1945 4552 Abrahae
1967 4497 2110 4558 per-

551 4589 889 4644 severasse;
933 4570 1011 4632 dc
1036 4571 1277 4650 reliquo
1310 4589 1457 4632 vero
1488 4581 1764 4652 tempore
1797 4588 1991 4650 usque
2029 4571 2107 4632 ad

550 4665 937 4727 vocationem
971 4666 1219 4745 Moysis,
1252 4668 1368 4727 etsi
1397 4685 1495 4727 res
1530 4684 1657 4727 nen
1705 4666 1785 4726 sit
1810 4665 1964 4727 adeo
2005 4684 2108 4726 ex-

549 4775 781 4838 pressa,
806 4765 1121 4820 esttamen
1154 4759 1301 4819 satis
1321 4764 1629 4835 constans,
1652 4759 1800 4838 quia
1816 4758 2108 4819 credibile

551 4869 680 4912 non
707 4857 798 4912 est
816 4859 945 4912 tam
970 4851 1145 4912 brevi
1166 4858 1443 4932 tempore
1472 4856 1673 4913 totum
1708 4850 1883 4911 illum
1916 4869 2111 4930 pepu-

550 4943 683 5005 lum
707 4964 745 5006 a
768 4964 914 5007 vera
942 4947 1047 5006 Dei
1074 4946 1196 5007 fide
1223 4946 1539 5023 excidisse,
1584 4963 1725 5006 cum
1752 4944 1916 5005 inter
1942 4946 2112 5024 Moy-

548 5056 679 5100 sem
696 5045 758 5099 et
775 5039 944 5114 Levi,
969 5039 1169 5100 filium
1192 5040 1405 5114 Jacob,
1434 5045 1555 5101 tres
1582 5043 1825 5100 tantum
1853 5055 2112 5116 genera-

549 5133 749 5193 tiones
796 5133 1283 5207 intercesserint,
1341 5139 1411 5194 nt
1453 5139 1691 5194 constat
1728 5133 1922 5194 Exed.
1955 5135 2012 5207 6,
2051 5138 2114 5193 et

549 5225 692 5285 Levi
717 5230 813 5285 tot
828 5242 1023 5285 annes
1052 5226 1295 5301 vixerit,
1326 5233 1395 5286 ut
1422 5227 1550 5288 fere
1574 5217 1653 5287 ad
1676 5233 1958 5306 tempera
1986 5229 2114 5288 Me·

549 5319 676 5398 ysis
697 5320 1067 5398 pervenerit.
1092 5320 1338 5381 Constat
1363 5321 1550 5381 etiam
1572 5338 1649 5382 ex
1670 5337 1765 5397 eo,
1798 5321 1943 5400 quia
1970 5339 2112 5400 pro-

552 5413 762 5494 phetia
778 5413 966 5476 Jacob
996 5413 1071 5475 dc
1100 5415 1336 5477 Christo
1368 5421 1649 5491 venturo,
1676 5423 1737 5476 et
1765 5415 2112 5494 promissio-

2188 397 2301 442 nes
2331 377 2507 441 factae
2551 378 2837 455 Abrahae,
2882 379 3354 460 perseverabant
3395 383 3521 445 sine
3543 385 3704 452 dubio

2188 471 2256 532 in
2287 472 2406 534 fide
2436 473 2648 554 populi
2682 472 2884 548 illius3
2915 474 3045 551 jam
3077 491 3217 534 vero
3246 475 3374 553 ipse
3411 476 3626 556 Moyses
3649 483 3706 541 fi-

2188 564 2340 627 delis
2364 574 2540 643 erat,
2574 573 2637 628 et
2677 568 2867 628 Deum
2904 568 3274 645 agnoscebat
3322 587 3456 629 cum
3491 580 3708 636 vocatus
3816 643 3817 646 Ἴ

2189 667 2306 736 est,
2345 669 2412 720 ut
2447 661 2637 720 etiam
2679 679 2755 721 ex
2784 658 3038 740 epistola
3072 659 3150 719 ad
3181 660 3396 736 Hebr.,
3435 663 3709 743 colligitur
3816 661 3817 664 '

2189 759 2438 832 apertc3
2488 753 2614 814 imo
2643 761 2704 814 et
2753 759 2956 833 patres
3005 753 3139 832 ejus
3184 753 3394 815 fideles
3431 754 3625 833 fnisse,
3659 770 3710 822 et

2189 843 2471 907 membra
2493 846 2794 920 Ecclesiae‚
2812 847 3041 907 ibidem
3059 852 3268 926 aperte
3291 848 3460 909 docet
3473 849 3706 926 Paulus3

2189 958 2261 1000 ac
2304 939 2571 1018 denique
2597 939 2760 1001 idem
2789 941 3029 1018 Moyses
3082 939 3299 1000 missus
3336 946 3427 1000 est
3451 959 3487 1001 a
3507 941 3619 1004 Dee
3644 945 3708 1004 ad

2185 1032 2485 1112 populum
2510 1032 2718 1107 Israel,
2745 1040 3040 1112 tanquam
3072 1033 3150 1092 ad
3174 1031 3469 1112 populum
3497 1033 3708 1096 fidelem

2186 1126 2295 1204 qni
2323 1125 2526 1204 ipsum
2553 1124 2687 1203 jam
2713 1124 3104 1204 agnoscebat.

2268 1222 2327 1281 3.
2372 1221 2426 1282 A
2457 1222 2672 1301 Moyse
2685 1239 2872 1301 usque
2899 1221 2982 1283 ad
3007 1219 3430 1283 Christum.-
3450 1221 3710 1286 Praeterea

2188 1314 2265 1375 de
2286 1319 2563 1395 tempore
2581 1314 2770 1375 tetius
2794 1313 2948 1392 legis
2967 1314 3206 1392 scriptae
3233 1331 3422 1393 usqne
3438 1315 3518 1374 ad
3539 1315 3711 1378 Chris·

2187 1413 2322 1467 tum
2352 1407 2417 1468 id
2443 1427 2567 1477 uon
2593 1413 2834 1488 opertet
2856 1407 3303 1481 demonstrare,
3330 1409 3472 1486 quia
3495 1411 3706 1472 eviden-

2190 1504 2282 1561 ter
2310 1506 2548 1560 constat
2577 1519 2654 1561 ex
2700 1499 3036 1579 Scriptura.
3072 1499 3165 1559 Ex
3205 1499 3431 1579 quibus
3455 1500 3712 1561 omnibus

2192 1599 2360 1673 patet
2399 1593 2850 1655 conclusionem
2880 1611 3007 1654 esse
3051 1592 3478 1668 certissimam,
3524 1600 3581 1654 et
3621 1595 3713 1654 sli-

2189 1687 2412 1766 quibns
2439 1687 2687 1748 videtur
2735 1687 2812 1747 de
2857 1685 3018 1762 fide;
3069 1691 3129 1746 et
3176 1693 3248 1745 ut
3286 1685 3606 1747 minimum
3643 1689 3714 1748 ita

2189 1787 2352 1841 ccrta
2381 1787 2494 1854 est,
2519 1773 2589 1840 ut
2617 1781 2896 1859 opposita
2925 1779 3004 1839 sit
3035 1797 3321 1855 erronea,
3353 1798 3486 1858 quae
3521 1779 3712 1841 mulir-

2189 1874 2347 1933 mari
2380 1881 2582 1953 potest
2615 1893 2688 1934 ex
2713 1891 2784 1933 ee
2815 1873 3041 1934 Psalmi
3072 1871 3523 1952 quadragesimi
3556 1875 3716 1952 septi·

2187 1967 2314 2026 mi:
2360 1967 2524 2029 Deus
2557 1965 2839 2042 fundavit
2865 1983 2990 2029 eam
3027 1967 3096 2027 in
3131 1971 3421 2029 aeternum
3437 1992 3463 2039 ;
3489 1973 3545 2026 et
3573 1966 3712 2029 Oseae

2185 2059 2489 2121 secunde:
2550 2057 2860 2140 Sponsabo
2907 2065 2964 2123 te
3017 2061 3168 2121 milti
3206 2060 3275 2120 in
3301 2062 3708 2138 sempitmum,

2186 2159 2342 2229 etc.;
2375 2160 2436 2215 et
2463 2153 2648 2232 paule
2669 2153 2862 2213 infra:
2908 2151 3218 2233 Sponsabo
3247 2158 3303 2216 te
3336 2153 3484 2215 milti
3504 2154 3711 2234 infide,-

2186 2246 2284 2306 cui
2324 2245 2584 2326 adjungi
2614 2251 2810 2325 potest
2845 2245 3034 2306 illud:
3081 2246 3350 2327 Propter
3376 2247 3524 2309 Itane
3557 2247 3716 2307 relin-

2185 2345 2322 2420 quet
2347 2340 2515 2400 homo
2539 2343 2775 2418 patrem
2798 2342 2856 2400 et
2877 2344 3146 2412 matrem,
3187 2342 3249 2400 et
3274 2337 3585 2402 adltoerebit
3596 2357 3714 2400 uxo-

2185 2433 2247 2495 ri
2275 2450 2422 2505 ἅπτε,
2473 2429 2580 2491 ubi
2599 2430 2745 2491 satis
2763 2438 2971 2510 aperte
3000 2432 3261 2492 docetur
3283 2431 3588 2492 vinculum
3609 2451 3716 2491 ma-

2185 2524 2464 2585 trimonii
2503 2543 2540 2585 a
2575 2523 2876 2604 principie
2921 2523 3109 2586 fuisse
3145 2523 3586 2600 indissolubile,
3611 2545 3714 2605 quo

2185 2618 2332 2678 dicit
2383 2616 2608 2677 Paulus
2663 2616 3082 2694 significatum
3137 2619 3330 2678 fuisse
3385 2619 3714 2697 mysterium

2187 2709 2433 2785 Christi,
2458 2717 2520 2770 et
2533 2707 2838 2784 Ecclesiae,
2868 2727 3129 2789 quorum
3155 2709 3499 2785 vinculum,
3522 2729 3556 2770 a
3575 2710 3718 2790 prin-

2187 2802 2348 2882 cipie
2381 2801 2600 2862 mundi
2629 2801 2950 2881 incipienS,
2983 2809 3370 2882 perpetuum.
3395 2810 3458 2864 et
3493 2802 3717 2862 indisse-

2185 2894 2376 2956 lubile
2399 2901 2771 2975 perseverat.
2815 2893 2992 2956 Unde
3029 2897 3104 2956 ad
3135 2895 3448 2957 Romanos
3475 2913 3645 2971 none,
3667 2901 3717 2956 et

2188 2988 2540 3063 undecimo,
2581 2987 2848 3048 ostendit
2899 2987 3122 3049 Paulus
3163 3005 3288 3050 non
3315 2987 3593 3052 excidisse
3615 3005 3716 3050 ser-

2188 3081 2324 3143 bum
2344 3081 2484 3152 Dei,
2515 3080 2579 3140 id
2609 3087 2723 3156 est,
2750 3079 2960 3141 fidem.
2993 3081 3300 3142 Praetcrea
3328 3081 3405 3143 de
3424 3081 3712 3161 Synagoga

2191 3179 2336 3233 sunt
2385 3173 2736 3254 frequentes
2787 3173 3223 3253 promissiones
3281 3176 3350 3236 in
3395 3176 3680 3254 Scriptura
3699 3219 3714 3249 ‚

2187 3267 2383 3327 Deum
2410 3265 2478 3326 in
2505 3283 2577 3327 ea
2598 3265 3024 3327 habitaturum
3073 3285 3269 3348 usque
3305 3267 3388 3328 ad
3413 3266 3714 3330 adventum

2186 3359 2441 3435 Messiae,
2471 3358 2724 3420 Levitici
2743 3359 2846 3434 26,
2877 3359 3290 3421 Numer-erum
3313 3361 3413 3436 35,
3433 3362 3602 3421 tertio
3625 3360 3720 3420 Re·

2189 3469 2337 3529 gum
2359 3458 2556 3527 sexto,
2579 3451 2750 3511 Isaiae
2772 3453 2852 3512 54
2873 3451 3310 3531 (quemlocum
3333 3453 3481 3514 citat
3503 3451 3719 3528 Paulus,

2188 3550 2250 3604 et
2285 3543 2581 3622 intelligit
2608 3545 2686 3604 de
2716 3545 3002 3618 Ecclesia,
3037 3545 3114 3607 ad
3143 3545 3348 3608 Galat.
3380 3549 3467 3622 4),
3509 3551 3568 3607 et
3605 3563 3717 3623 cap.

2188 3639 2296 3698 55:
2329 3639 2465 3699 Hoc
2487 3637 2680 3714 foedus
2704 3655 2894 3699 meum
2925 3655 3057 3700 omn
3086 3637 3195 3715 eis,
3235 3645 3355 3701 etc.
3382 3654 3398 3714 ;
3431 3645 3490 3700 et
3526 3637 3720 3699 Psalm.

2187 3731 2296 3792 98:
2327 3727 2813 3793 Misericordiam
2837 3737 3036 3794 autem
3059 3749 3248 3794 meam
3272 3749 3392 3794 non
3411 3733 3722 3813 disperyam

2190 3825 2260 3888 ab
2289 3839 2373 3886 eo,

2269 3919 2332 3978 4.
2377 3915 2656 3980 Assertio
2684 3919 2884 3998 quoad
2911 3917 3252 3980 Ecclesiam
3298 3937 3338 3981 a
3385 3915 3611 3980 Christo
3647 3915 3722 3975 in·

2189 4012 2492 4076 stitutum.
2541 4045 2626 4058 —
2678 4013 2822 4072 Dico
2851 4011 3160 4074 secundo:
3219 4011 3491 4073 Ecclesia
3530 4007 3725 4070 Christi

2192 4104 2466 4180 Domini,
2498 4103 2566 4164 id
2614 4109 2740 4179 est,
2776 4110 2962 4185 prout
3003 4105 3083 4166 ab
3117 4105 3227 4166 illo
3277 4111 3373 4167 est
3419 4103 3722 4175 instituta,

2189 4216 2511 4277 nunquam
2543 4214 2713 4258 asna
2753 4198 3142 4259 institutione
3180 4196 3429 4268 defecit,
3457 4211 3644 4274 neque
3669 4193 3724 4251 in

2191 4297 2496 4352 aeternum
2526 4289 2792 4351 deficiet.
2837 4291 2945 4350 Est
2973 4291 3050 4351 de
3086 4289 3210 4351 fide
3229 4335 3251 4366 ,
3305 4289 3574 4352 Matthaei
3603 4286 3726 4346 ulti·

2191 4399 2338 4446 me:
2382 4385 2542 4449 Eece
2584 4401 2686 4466 eqo
2723 4385 3028 4448 sabisoum
3068 4401 3227 4460 sum,
3261 4387 3380 4444 etc.
3391 4426 3412 4458 ,
3453 4397 3624 4460 quem
3647 4378 3725 4438 lo-

2190 4497 2333 4539 cum
2364 4477 2444 4539 ad
2471 4477 2588 4539 hoe
2611 4478 2966 4538 institutum
2990 4476 3450 4555 exponuntLeo
3481 4475 3528 4546 1,
3561 4475 3723 4551 Papa,

2191 4571 2448 4650 epistola
2491 4569 2568 4631 ad
2624 4568 3014 4630 Pulcheriam
3066 4571 3376 4648 August,;
3423 4574 3484 4630 et
3517 4569 3628 4628 Leo
3659 4564 3719 4635 ll,

2191 4664 2444 4745 epistola
2481 4663 2557 4724 ad
2587 4663 2970 4723 Constantia.
3005 4663 3108 4723 Est
3135 4662 3328 4723 etiam
3375 4667 3552 4742 aptus
3576 4658 3726 4719 locus

2189 4757 2462 4822 Matthaei
2494 4757 2734 4818 decimo
2779 4763 2988 4817 sexte·
3030 4756 3124 4818 Et
3158 4762 3362 4837 porta·
3403 4754 3581 4835 inseri
3624 4765 3726 4811 uon

2187 4851 2598 4932 praevalebunt
2641 4850 2929 4912 adversus
2989 4867 3168 4922 eam;
3225 4849 3407 4910 Lucre
3449 4845 3725 4926 vigesimo

2192 4944 2502 5005 secundo:
2547 4943 2784 5024 Roqavi
2813 4959 2928 5024 pro
2969 4950 3044 5015 te,
3086 4943 3290 5018 Petro,
3335 4947 3406 5006 ut
3449 4957 3562 5001 non
3601 4935 3726 5012 defi·

2193 5040 2318 5101 ciat
2349 5038 2500 5113 fides
2541 5042 2702 5110 tua;
2689 5035 2888 5098 ·.Psal
2926 5036 3092 5097 118:
3126 5037 3210 5097 In
3251 5038 3573 5104 cetea-uum,
3621 5029 3726 5090 Do-

2193 5132 2382 5207 mine,
2427 5132 2664 5194 verbum
2732 5137 2903 5193 tuum
2954 5122 3722 5212 permanet;.1erem.32.

2195 5224 2406 5286 Ezech.
2448 5227 2565 5286 37:
2598 5225 2862 5287 Pactum
2893 5224 3323 5303 sempiternum
3347 5223 3464 5284 ent
3492 5221 3595 5290 eis,
3620 5221 3721 5276 etc..

2194 5317 2372 5380 Unde
2413 5318 2588 5379 Lucae
2634 5321 2656 5380 t
2717 5334 2980 5395 regnum
3045 5316 3268 5376 Christi
3320 5315 3540 5374 dicitur
3572 5315 3723 5369 aeter-

2194 5429 2370 5488 num,
2403 5420 2464 5472 ct
2505 5411 2788 5472 similiter
2814 5409 3222 5470 sacerdotium
3246 5453 3266 5482 ,
3319 5407 3552 5468 Psalmo
3579 5401 3720 5464 ⁴09:
