3900 6217
734 394 907 449 sset.
942 398 1001 449 11.
1039 395 1123 449 AN
1156 394 1315 450 DEUS
1347 396 1445 451 Sl’l'
1483 392 1886 460 ADAEQUATUM
1918 393 2234 450 omi-:erun
2263 393 2620 447 nATERtALs
2652 394 2833 449 Flnm.

164 502 243 563 tia
272 500 409 571 Dei,
442 498 591 578 quia
642 505 739 560 est
780 499 987 579 ipsum
1036 518 1174 561 esse
1221 518 1337 580 per
1363 500 1724 571 essentiam,

156 597 331 675 juxta
360 591 515 654 illud
548 610 561 652 :
596 592 738 675 qu
766 610 903 656 sum
945 592 1051 675 qui
1088 610 1245 656 sum.
1301 595 1515 673 Neque
1544 610 1731 675 repu-

158 693 310 767 gnat
332 686 571 748 dicium
598 685 723 746 divi
756 684 1011 747 Thomae
1046 705 1235 767 supra
1266 686 1558 759 citatum;
1603 686 1729 747 dis-

158 778 507 859 tinguenda
552 784 647 839 est
690 780 859 840 enim
900 780 1130 859 duplex
1176 780 1405 842 veritas
1450 778 1513 840 in
1549 781 1677 841 Deo
1703 824 1719 853 ,

160 874 389 934 scilieet
422 874 490 932 in
520 872 790 933 essendo
820 878 883 934 et
920 874 984 933 in
1026 872 1311 948 dicende,
1346 872 1425 935 de
1456 892 1581 953 qua
1604 872 1725 934 dis-

160 966 453 1027 tinctione
485 966 671 1045 plura
699 965 761 1027 in
796 966 998 1046 capite
1028 966 1338 1047 sequenti.
1370 967 1542 1028 Prior
1567 967 1725 1028 veri-

162 1066 251 1120 tas
278 1076 405 1118 non
444 1064 545 1120 est
591 1060 843 1139 proprie
878 1060 1146 1139 speciale
1190 1060 1557 1122 attributum
1584 1060 1720 1133 Dei,

156 1154 261 1213 sed
310 1159 407 1213 est
454 1154 691 1215 veritas
741 1152 1324 1227 transcendentaliS,
1381 1173 1519 1234 quae
1573 1154 1729 1215 nihil

153 1246 319 1307 addit
346 1253 601 1309 naturae
624 1247 741 1325 rei,
774 1252 837 1309 et
865 1248 951 1308 ita
972 1266 1121 1309 vera
1146 1246 1353 1309 Deitas
1380 1247 1532 1309 nihil
1558 1248 1729 1309 aliud

149 1341 295 1402 dicit
314 1358 521 1421 quam
540 1342 851 1403 Deitatem
876 1341 1098 1419 ipsam,
1124 1340 1287 1402 etde
1317 1341 1437 1402 hac
1466 1342 1726 1404 veritate

148 1433 638 1514 intelligendum
669 1440 763 1496 est
791 1452 936 1496 cum
963 1434 1187 1495 dieitur
1211 1434 1403 1509 Deus,
1428 1438 1501 1496 ut
1524 1436 1727 1516 prima

148 1526 404 1601 veritus,
452 1544 598 1587 esse
635 1528 1004 1607 primarium
1046 1526 1363 1607 objectum
1404 1528 1727 1590 materiale

156 1620 313 1693 fidei,
360 1622 540 1701 quod
580 1620 844 1702 perinde
883 1626 977 1683 est
1012 1640 1085 1683 ac
1130 1621 1335 1684 dicere
1379 1624 1602 1696 Deum,
1636 1640 1730 1684 se-

156 1714 431 1777 cundum
466 1734 687 1776 veram
724 1714 1057 1790 Deitatem,
1098 1722 1286 1795 atque
1321 1715 1480 1777 adeo
1511 1734 1729 1777 secun-

150 1809 293 1871 dum
332 1808 683 1871 essentiam
712 1826 914 1884 suam,
944 1827 1082 1870 esse
1112 1809 1235 1871 tale
1260 1809 1598 1889 objectum.
1628 1809 1731 1870 Al-

148 1909 273 1963 tera
314 1910 541 1964 autem
564 1904 795 1965 veritas
824 1908 917 1965 est
949 1904 1218 1983 speciale
1242 1904 1633 1976 attributum,
1670 1910 1735 1965 et

146 1996 427 2075 pertinet
453 1996 755 2076 primario
778 1996 860 2057 ad
884 1996 1199 2075 objectum
1226 1997 1508 2071 formale,
1545 2004 1611 2058 ut
1637 1999 1733 2059 in-

142 2090 233 2149 fra
282 2090 619 2165 dicemus;
670 2095 983 2171 quatenus
1036 2108 1185 2151 vero
1238 2096 1341 2169 est·
1385 2090 1573 2152 etiam
1626 2108 1731 2152 res

146 2182 411 2257 eredita,
445 2201 584 2243 non
620 2188 716 2244 est
744 2182 995 2262 proprie
1024 2182 1338 2263 objectum
1364 2183 1731 2263 primarium

146 2277 509 2338 seeundum
556 2278 893 2352 rationem,
948 2277 1062 2339 sed
1096 2283 1237 2357 post
1284 2277 1615 2353 Deitatem,
1662 2284 1733 2340 ut

144 2370 251 2441 sic,
290 2370 593 2449 quamvis
619 2368 911 2443 fortasse,
944 2376 1235 2450 respectu
1264 2370 1530 2431 aliorum
1560 2371 1730 2432 attri-

146 2465 475 2533 butorum,
530 2462 769 2525 habeat
809 2463 1149 2542 quamdam
1206 2464 1595 2543 prioritatem
1638 2481 1733 2525 se—

151 2555 433 2621 cundum
476 2556 813 2631 rationem,
848 2556 1154 2619 utstatim
1192 2557 1519 2638 attingam,
1558 2562 1621 2618 et
1646 2556 1733 2618 la·

152 2653 267 2713 tius
295 2651 731 2732 disputatione
758 2650 1070 2730 sequenti.
1414 2728 1428 2743 ·

225 2746 285 2807 8.
342 2744 593 2819 Quarta
636 2743 894 2807 assertio
939 2744 1007 2806 in
1052 2744 1283 2826 duplici
1314 2763 1497 2808 sensu
1527 2762 1737 2825 proce·

156 2842 318 2901 dm.
346 2870 435 2885 —
458 2838 821 2901 Discrimen
838 2838 984 2918 fidei
1011 2838 1289 2901 humaaoe
1311 2844 1371 2901 et
1394 2838 1635 2901 divinoe.
1653 2870 1736 2883 —

166 2932 417 3005 Quarto,
441 2928 787 2991 dicendum
808 2936 907 2991 est
926 2930 1088 2991 inter
1115 2930 1360 3011 objecta
1382 2930 1734 2992 materialia

172 3024 332 3099 fidei,
364 3025 559 3085 Deum
592 3042 733 3085 esse
763 3022 1033 3084 maxime
1070 3025 1499 3085 necessarium
1543 3030 1605 3085 et
1636 3024 1733 3084 in-

164 3116 507 3197 separabile
539 3136 578 3177 a
608 3116 995 3178 revelatione
1025 3115 1196 3178 fidei.
1226 3118 1357 3178 Hoc
1386 3122 1591 3197 potest
1618 3117 1733 3178 du-

154 3210 395 3290 pliciter
442 3210 711 3289 intelligi
747 3228 761 3269 :
793 3226 920 3269 uno
974 3208 1186 3281 modo,
1238 3209 1317 3271 de
1357 3210 1731 3273 necessitate

156 3305 233 3365 ad
258 3304 459 3365 finem
482 3302 851 3375 revelantiS,
878 3306 941 3363 et
964 3300 1045 3362 ad
1074 3302 1310 3363 cultum
1340 3307 1402 3364 et
1425 3304 1729 3365 honorem

153 3400 309 3479 ejuS,
333 3403 535 3477 atque
557 3396 749 3457 etiam
778 3395 861 3457 ad
881 3394 1144 3457 salutem
1167 3414 1385 3457 eorum
1413 3396 1641 3479 quibus
1664 3396 1735 3458 fit

154 3492 456 3554 revelatio
481 3509 500 3564 ς
536 3490 688 3551 etin
716 3490 837 3551 hoc
867 3506 1055 3551 sensu
1084 3493 1181 3551 est
1219 3508 1323 3551 res
1348 3491 1539 3568 clara,
1586 3488 1733 3570 quia

154 3586 267 3647 nisi
290 3586 467 3647 Deus
488 3583 571 3646 de
594 3583 805 3663 seipso
826 3582 1191 3664 loqueretur
1209 3580 1589 3659 hominbus,
1614 3604 1733 3647 nec

144 3686 358 3759 posset
388 3678 476 3741 ab
506 3677 601 3738 eis
627 3676 815 3757 digne
844 3678 983 3751 coli,
1026 3678 1200 3757 juxta
1228 3676 1383 3739 illud
1425 3678 1507 3739 ad
1544 3681 1724 3741 Rom.

144 3776 220 3835 10
253 3792 270 3832 ε
310 3772 619 3848 Quomodo
658 3770 1021 3836 invocabunt
1060 3772 1127 3833 in
1174 3788 1345 3852 quem
1382 3790 1501 3834 non
1542 3774 1729 3837 credi-

142 3866 410 3929 derunt?
438 3866 663 3944 Neque
688 3864 877 3925 etiam
898 3870 1155 3943 possent
1178 3864 1426 3939 salvari,
1457 3884 1600 3926 cum
1632 3884 1729 3927 sa·

142 3958 239 4019 lus
260 3958 550 4019 bominis
575 3958 644 4018 in
668 3958 797 4017 Deo
838 3956 1038 4037 posita
1075 3958 1173 4031 sit,
1208 3962 1270 4018 et
1300 3958 1435 4020 sine
1460 3958 1583 4021 fide
1611 3960 1725 4022 Dei

144 4071 271 4112 non
300 4050 509 4133 possit
534 4051 727 4111 homo
777 4048 1028 4129 placere
1079 4051 1231 4125 Dec,
1278 4050 1359 4111 ad
1396 4050 1587 4113 Hebr.
1626 4054 1721 4114 Η.

156 4146 283 4207 Alio
330 4144 532 4206 modo
574 4142 844 4223 intelligi
880 4148 1087 4223 potest
1124 4145 1382 4205 assertio
1411 4144 1613 4223 posita
1647 4144 1728 4207 de

160 4239 531 4300 necessitate
556 4236 897 4297 intrinseca
926 4242 987 4298 et
1006 4236 1320 4298 essentiali
1340 4238 1534 4318 ipsius
1556 4238 1729 4303 habi·

163 4336 257 4391 tus
282 4332 454 4406 fidei,
488 4337 557 4393 et
589 4329 655 4390 in
680 4330 801 4391 hoc
822 4330 1009 4391 etiam
1039 4349 1229 4391 sensu
1262 4332 1727 4393 conclusionem

150 4424 457 4506 intelligo.
490 4424 673 4485 Ratio
701 4428 914 4485 autem
958 4430 1070 4500 est,
1105 4424 1253 4503 quia
1289 4422 1443 4486 nihil
1471 4430 1566 4486 est
1596 4442 1726 4487 cre-

148 4519 339 4581 dibile
380 4536 501 4599 per
527 4515 718 4579 fldem
762 4516 877 4577 nisi
920 4516 1041 4577 sub
1080 4514 1439 4579 testimonio
1488 4518 1721 4595 divin0,

150 4620 217 4673 ut
244 4630 419 4673 nunc
438 4628 727 4691 suppono
747 4629 763 4683 ;
796 4610 1076 4691 quisquis
1100 4628 1249 4691 ergo
1271 4612 1469 4673 credit
1489 4612 1727 4691 aliquid

146 4724 267 4784 per
292 4702 494 4765 fidem
536 4702 841 4777 infusam,
886 4702 1082 4765 credit
1122 4703 1279 4765 illud
1306 4720 1443 4766 esse
1492 4706 1729 4767 revela-

146 4804 285 4858 tum
310 4816 349 4857 a
378 4798 533 4869 Dee,
574 4802 637 4857 et
666 4795 1096 4858 testimonium
1133 4797 1247 4858 Dei
1277 4814 1415 4859 esse
1443 4796 1727 4861 infallibi-

146 4889 247 4961 le;
280 4907 439 4969 ergo
472 4888 857 4969 impossibile
905 4891 1001 4951 est
1046 4889 1304 4952 credere
1334 4890 1570 4969 aliquid
1599 4891 1726 4954 fide

147 4982 391 5059 divina,
420 4982 594 5063 quod
634 5000 763 5043 non
806 4982 883 5045 sit
911 4983 1101 5057 Deus,
1146 4983 1297 5063 quin
1339 4988 1727 5063 supponatur

148 5074 397 5154 aliquid
432 5074 743 5139 creditum
764 5074 845 5139 de
874 5076 1011 5156 ipso
1038 5077 1187 5151 De0,
1225 5076 1419 5157 quod,
1450 5080 1519 5137 ut
1542 5076 1727 5137 mini-

144 5188 355 5245 mum,
391 5187 531 5232 esse
578 5169 789 5243 debet,
834 5171 1036 5232 Deum
1080 5188 1243 5245 esse,
1276 5176 1337 5232 et
1367 5188 1507 5232 esse
1552 5188 1728 5232 vera-

149 5282 289 5325 cem
318 5264 387 5324 in
440 5264 541 5325 his
570 5280 713 5344 quae
752 5262 1163 5337 testificatur;
1202 5263 1291 5325 sic
1335 5281 1485 5343 ergo
1513 5263 1681 5325 Deus
1706 5308 1723 5339 ,

151 5366 221 5419 ut
254 5358 577 5439 objectum
622 5358 969 5433 materiale,
1008 5374 1122 5418 seu
1154 5358 1496 5438 cognitum,
1540 5357 1731 5419 hahet

154 5453 583 5515 necessariam
637 5450 1093 5513 connexionem
1136 5470 1281 5513 cum
1334 5449 1481 5525 fide,
1539 5468 1729 5530 quam

152 5565 279 5609 non
324 5547 563 5610 habent
605 5546 727 5607 alia
778 5546 1057 5627 objecta;
1103 5564 1254 5610 nam
1298 5552 1509 5627 posset
1560 5546 1729 5607 Deus

478 5667 589 5715 111.

3304 394 3378 455 17

1810 496 2006 561 multa
2035 499 2316 562 revelare
2353 497 2432 559 de
2479 498 2706 577 seipso,
2735 502 2798 559 et
2842 498 2998 559 nihil
3025 498 3104 560 de
3135 508 3384 563 creatu-

1808 592 1915 653 ris.
1975 592 2050 653 Et
2083 592 2148 652 in
2197 592 2318 652 hoc
2357 594 2452 652 est
2491 590 2772 651 notanda
2813 590 3162 655 differentia
3215 593 3381 655 inter

1807 685 2000 747 fidem
2031 688 2374 746 humanam
2399 690 2462 746 et
2490 683 2762 745 divinam
2787 704 2802 759 ;
2837 704 2989 747 nam
3023 704 3137 765 per
3161 687 3375 762 fldem,

1808 798 1924 859 per
1944 798 2135 859 quam
2171 778 2482 841 credimus
2525 779 2706 840 alicui
2739 779 3000 856 homini,
3031 798 3160 841 non
3192 800 3379 861 opor-

1802 878 1893 933 tet
1912 873 2169 934 credere
2194 870 2429 953 aliquid
2457 871 2535 933 de
2560 872 2826 951 ipsomet
2863 873 3199 951 loquente;
3229 892 3378 937 nam

1804 964 2010 1043 ipsum
2039 982 2178 1026 esse
2210 970 2272 1026 et
2310 965 2478 1043 loqui
2530 983 2658 1026 non
2699 965 3033 1041 credimus,
3067 966 3179 1026 sed
3209 966 3377 1027 vide-

1804 1076 1982 1132 mus;
2019 1076 2157 1122 esse
2192 1066 2403 1121 autem
2431 1077 2744 1134 veracem,
2784 1078 2896 1121 seu
2929 1060 3189 1140 dignum
3224 1062 3372 1134 fide,

1808 1151 1957 1213 licet
1987 1152 2251 1215 fortasse
2283 1170 2410 1213 non
2450 1153 2798 1227 videamuS,
2827 1158 3040 1215 tamen
3085 1154 3276 1215 etiam
3311 1154 3375 1214 id

1808 1264 1938 1306 non
1968 1246 2280 1307 credimus
2306 1264 2382 1307 ex
2411 1246 2765 1308 testimonio
2797 1247 2955 1325 ejuS,
2989 1246 3102 1308 sed
3124 1247 3376 1309 aliunde

1810 1340 2224 1419 supponimus
2271 1340 2590 1419 cognitum
2647 1339 2874 1401 saltem
2911 1358 3024 1419 per
3064 1340 3379 1421 conjectu-

1808 1450 1933 1493 ras.
1966 1434 2038 1493 In
2093 1432 2298 1493 divina
2333 1439 2544 1494 autem
2593 1430 2720 1493 fide
2771 1450 2897 1493 non
2933 1434 3018 1493 ita
3059 1438 3174 1506 est,
3231 1434 3378 1512 quia

1808 1543 1938 1587 non
1963 1531 2167 1603 potest
2192 1526 2360 1586 Deus
2383 1544 2496 1605 per
2527 1526 2688 1586 hanc
2715 1524 2907 1586 fldem
2929 1525 3166 1605 aliquid
3195 1526 3377 1587 nobis

1808 1618 2112 1691 revelare,
2156 1619 2307 1698 quin
2332 1620 2540 1697 aliquo
2583 1618 2772 1680 modo
2802 1619 3038 1681 revelet
3075 1620 3374 1699 seipsum,

1812 1712 1960 1791 quia
1976 1729 2104 1772 non
2123 1711 2408 1773 videmus
2431 1728 2578 1773 eum
2605 1712 2970 1791 loquentem
2986 1718 3096 1773 aut
3113 1713 3382 1775 existen-

1812 1810 1964 1880 tem,
1993 1804 2106 1867 sed
2125 1805 2466 1878 credimus„
2495 1824 2614 1867 nec
2652 1824 2766 1886 per
2791 1807 2948 1867 alias
2987 1807 3381 1886 conjecturas

1812 1904 1921 1959 aut
1946 1898 2225 1959 rationes
2253 1898 2419 1959 solas
2449 1898 2764 1959 credimus
2791 1900 2967 1961 illum
3013 1918 3154 1963 esse
3201 1918 3380 1962 vera-

1813 2008 1974 2064 cem,
1996 1990 2106 2052 sed
2136 1991 2358 2053 eadem
2375 1992 2500 2053 fide
2527 1992 2774 2054 dicente
2807 1994 3160 2057 nobiszssst
3183 1998 3382 2057 autem

1810 2085 1978 2148 Deus
2003 2102 2210 2148 veram.
2247 2085 2424 2145 Dices
2459 2104 2472 2145 :
2507 2089 2641 2146 esto
2661 2086 2784 2146 hoc
2807 2104 3025 2147 verum
3059 2088 3223 2149 sitin
3251 2088 3381 2149 via-

1810 2177 2072 2251 toribus,
2131 2181 2345 2239 tamen
2399 2178 2461 2238 in
2511 2178 2710 2239 beatis
2754 2178 3104 2241 videntibus
3151 2182 3376 2256 Deum,

1813 2278 2025 2351 posset
2075 2272 2440 2353 contingere
2477 2272 2678 2333 Deum
2721 2274 2841 2335 illis
2886 2273 3218 2336 testificare
3275 2274 3384 2335 ali-

1813 2364 1966 2444 quid
1995 2372 2168 2427 extra
2209 2384 2300 2439 se,
2335 2372 2398 2427 et
2440 2386 2478 2427 a
2509 2368 2716 2428 Beatis
2755 2386 2883 2429 non
2927 2367 3152 2443 visum,
3193 2370 3384 2430 etiam

1812 2458 1877 2518 in
1919 2458 2151 2533 Verbo,
2184 2463 2246 2520 et
2273 2460 2356 2521 ita
2384 2463 2599 2539 posset
2627 2457 2761 2522 dari
2785 2461 3086 2523 revelatio
3111 2460 3258 2523 fidei
3301 2462 3383 2523 de

1812 2570 1881 2613 re
1910 2557 2145 2625 creata,
2177 2558 2239 2613 et
2266 2570 2394 2613 non
2437 2552 2514 2615 de
2544 2555 2700 2627 De0,
2731 2555 2880 2633 quia
2913 2555 3047 2634 ,iam
3091 2546 3378 2629 Videtum

1812 2649 2002 2725 atque
2031 2646 2110 2706 ita
2147 2645 2392 2709 videtur
2435 2648 2706 2709 sensisse
2746 2648 2966 2710 Scotus
2994 2648 3055 2709 iu
3089 2648 3148 2723 3,
3182 2647 3242 2708 d.
3279 2649 3379 2708 30.

1817 2736 1940 2800 Sed
1969 2740 2090 2799 hoc
2138 2740 2386 2820 attingit
2434 2741 2868 2821 quaestionem‚
2921 2760 3002 2802 an
3061 2742 3125 2803 in
3176 2742 3402 2804 Beatis-

1814 2832 2012 2911 possit
2047 2833 2416 2895 essaffides?
2444 2852 2634 2913 quam
2666 2834 2824 2896 infra
2865 2834 3182 2909 tractabo;
3213 2854 3384 2897 nunc

1812 2924 2084 2987 breviter
2141 2924 2280 2987 dico
2325 2927 2771 2989 revelationem
2830 2928 3024 3001 illam,
3077 2929 3128 2989 si
3173 2928 3382 3008 aliquo

1812 3018 2002 3079 modo
2043 3018 2346 3081 fundetur
2381 3021 2446 3081 in
2474 3020 2712 3083 visione
2749 3022 2860 3083 Dei
2889 3021 3226 3101 loquentiS,
3255 3040 3384 3082 non

1810 3112 2124 3190 pertinere
2164 3112 2247 3173 ad
2297 3113 2488 3175 fidem
2536 3113 2829 3189 infusam,
2863 3113 2976 3175 sed
2997 3132 3138 3177 esse
3169 3114 3382 3195 cogni-

1809 3206 2046 3269 tionem
2101 3214 2164 3269 et
2212 3208 2428 3269 lumen
2475 3210 2731 3271 alterius
2787 3210 3046 3272 rationis
3071 3256 3087 3283 ,
3139 3218 3201 3273 et
3236 3211 3381 3273 ideo

1812 3298 1968 3360 nihil
1995 3301 2248 3363 obstare
2278 3302 2662 3364 conclusioni
2691 3303 2932 3383 positae.

2435 3508 2651 3561 SEcTw
2694 3509 2752 3562 11.

1824 3671 2044 3737 Utrwm
2077 3674 2244 3737 Deus
2279 3674 2368 3738 sit
2408 3676 2790 3756 adoequatum
2837 3676 3167 3759 subjectum
3195 3683 3384 3743 mate·

1977 3776 1990 3789 ·
2097 3768 2256 3830 riale
2272 3768 2440 3847 fidei,
2487 3769 2582 3831 vel
2607 3770 2768 3851 quod
2791 3770 2954 3834 illud
2986 3774 3096 3835 sit.

1891 3963 1947 4021 1.
1978 3958 2200 4025 Prima
2232 3962 2490 4025 assertio
2520 3968 2732 4027 contra
2760 3980 2938 4043 quam
2978 3962 3212 4029 militat
3254 3966 3382 4032 dio-

1810 4054 1939 4115 tum
1979 4052 2314 4116 Paludam'.
2353 4086 2435 4099 —
2462 4056 2646 4119 Illud
2683 4056 2910 4119 dictum
2949 4056 3192 4120 videtur
3233 4059 3380 4135 fidei

1807 4161 2178 4227 repuynans.
2202 4178 2285 4191 —
2311 4147 2516 4208 Primo
2534 4193 2551 4222 ,
2583 4154 2823 4209 certum
2854 4167 2992 4211 esse
3021 4149 3210 4212 debet
3251 4170 3381 4213 non

1808 4238 2011 4300 solum
2041 4238 2260 4313 Deum,
2293 4239 2407 4301 sed
2436 4240 2627 4301 etiam
2646 4258 2749 4302 res
2779 4249 3023 4303 creatas
3063 4260 3202 4304 esse
3233 4244 3382 4307 sub-

1800 4332 2039 4411 jectum
2065 4332 2389 4399 materiale
2421 4332 2592 4407 fidei,
2617 4335 2766 4413 quia
2792 4333 2870 4395 de
2899 4337 3199 4397 creaturis
3223 4324 3381 4397 mul·

1808 4431 1871 4488 ta
1912 4444 2028 4507 per
2075 4424 2268 4487 fidem
2319 4426 2682 4489 creduntur.
2731 4427 2912 4491 Unde
2954 4428 3149 4491 miror
3195 4432 3378 4493 valde

1806 4518 2123 4599 quomodo
2175 4518 2531 4581 Paludanus
2583 4520 2646 4581 in
2705 4522 2766 4596 3,
2829 4521 2971 4584 dist.
3031 4524 3134 4595 24,
3195 4529 3375 4601 q.,--l,

1808 4613 2008 4675 concl.
2057 4614 2121 4685 2,
2173 4612 2398 4674 dixerit
2439 4613 2676 4674 nullam
2714 4632 2854 4675 esse
2886 4616 3378 4694 propositionem

1808 4705 2112 4767 creditam
2139 4722 2254 4785 per
2277 4704 2470 4767 fidem
2497 4706 2793 4780 infusam,
2817 4707 2996 4785 cujus
3025 4709 3377 4789 subjectum

1810 4799 1889 4861 sit
1913 4805 2220 4871 ereatura,
2257 4800 2658 4878 quantumvis
2682 4799 3090 4880 praedicatum
3119 4803 3218 4877 sit,
3249 4820 3381 4865 non

1807 4892 1999 4953 DeuS.
2029 4892 2118 4951 Ex
2147 4910 2272 4971 qua
2297 4891 2602 4971 positione
2645 4898 2861 4973 aperte
2890 4895 3194 4973 sequitur,
3229 4916 3382 4958 con·-

1806 4990 1900 5045 tra
1931 4989 2206 5046 nostram
2251 4986 2686 5061 assertionem,
2729 4986 2882 5047 nihil
2925 4995 3208 5051 creatum
3239 5008 3378 5052 esse

1808 5079 2156 5158 subjectum
2195 5078 2384 5152 fidei3
2414 5098 2585 5154 nam,
2609 5086 2678 5141 ut
2715 5099 2904 5160 supra
2934 5082 3267 5158 declaravi,
3307 5085 3379 5145 il-

1804 5172 1917 5234 lud
1957 5172 2184 5233 dicitur
2223 5172 2572 5251 subjectum
2621 5172 2790 5247 fidei,
2836 5174 2915 5236 de
2963 5192 3090 5254 quo
3143 5177 3378 5255 aliquid

1810 5264 2208 5343 praedicatur,
2233 5265 2404 5344 quod
2423 5265 2546 5327 fide
2574 5266 2779 5327 infusa
2808 5267 3118 5341 creditur;
3148 5268 3199 5329 si
3226 5287 3378 5349 ergo

1808 5355 2268 5436 propositiones
2323 5357 2403 5419 de
2461 5359 2740 5438 subjecto
2801 5366 3012 5421 creato
3057 5378 3190 5421 non
3244 5380 3379 5423 cre-

1810 5450 2046 5511 duntur
2099 5450 2224 5511 fide
2285 5449 2526 5525 infusa,
2577 5452 2820 5511 nullum
2874 5458 2970 5514 est
3027 5453 3378 5531 subjectum

1812 5550 2092 5608 creatum
2139 5542 2308 5607 fidei.
2343 5544 2792 5609 Verumtamen
2833 5544 3056 5626 positio
3109 5544 3213 5605 illa
3251 5564 3381 5611 nou

3021 5649 3060 5712 2
