3900 6217
1030 414 1199 466 smr.
1234 413 1316 467 lv.
1353 415 1437 466 ΑΝ
1468 414 1779 469 Α85ΕΝ8115
1808 415 1972 468 mom
2007 415 2102 480 sn*
2135 415 2548 470 mscunswus.

168 509 267 582 tio,
300 507 455 587 qnia
498 508 555 570 si
587 527 873 572 assensus
909 510 1057 572 fidei
1106 531 1215 592 per
1266 530 1335 574 se
1380 511 1673 592 penderet
1698 529 1735 572 a

167 600 474 676 discursu,
524 619 659 664 non
689 609 853 667 esset
879 606 1107 666 certior
1150 603 1389 666 lumine
1436 603 1730 678 naturali,

167 697 326 780 quod
348 715 487 758 esse
506 697 765 774 falsum,
796 707 941 762 sect.
969 702 1031 774 6,
1056 700 1474 762 ostendemus.
1506 703 1734 780 Seque-

165 791 221 852 la
248 809 403 852 vero
432 797 633 871 patet,
662 795 813 873 quia
848 793 1149 855 certitudo
1175 812 1481 867 assensus,
1509 795 1617 873 qui
1644 804 1736 856 est

166 901 268 962 per
289 901 355 946 se
388 904 467 946 ex
502 883 814 960 discursu,
852 886 1077 966 pendet
1106 904 1185 948 ex
1218 887 1603 949 connexione
1636 905 1741 948 ex-

168 985 519 1040 tremorum
564 997 707 1040 cum
750 979 981 1055 medio,
1024 993 1085 1041 et
1114 987 1564 1060 consequenter
1596 998 1745 1060 pcn-

166 1070 265 1132 det
284 1090 363 1132 ex
386 1071 564 1132 illius
590 1072 994 1148 certitudiue3
1020 1072 1127 1134 sed
1154 1073 1261 1134 illa
1284 1073 1588 1135 connexio
1610 1078 1746 1134 tan·

164 1173 301 1224 tum
328 1172 427 1226 est
452 1173 627 1228 certa
659 1166 1029 1228 certitudine
1070 1166 1363 1244 naturali,
1411 1183 1603 1248 quam
1629 1182 1739 1226 na-

164 1257 365 1318 turale
396 1257 623 1320 lumen
649 1257 921 1339 praebet3
969 1277 1117 1340 ergo
1142 1279 1273 1322 non
1307 1266 1504 1340 potest
1531 1277 1737 1320 assen-

162 1369 265 1410 sus
292 1369 373 1412 ex
406 1369 483 1412 ea
514 1358 694 1432 parte
718 1370 844 1414 non
873 1351 1217 1416 claudicare
1248 1354 1317 1414 in
1343 1350 1735 1426 certitudine,

134 1511 143 1516 ,
152 1445 342 1522 juxta
383 1443 860 1506 dialecticorum
900 1445 1169 1522 axioma,
1217 1446 1383 1525 quod
1424 1441 1740 1508 conclusio

158 1535 455 1616 seqnitur
480 1536 847 1600 debiliorem
878 1544 1117 1618 partem
1146 1558 1161 1599 ε
1192 1538 1358 1619 quod
1388 1556 1513 1600 non
1536 1537 1738 1600 solum

158 1637 251 1688 est
286 1647 525 1692 verum
552 1629 759 1711 quoad
787 1631 1158 1710 praemissas,
1184 1631 1289 1692 sed
1314 1631 1507 1693 etiam
1534 1629 1739 1710 quoad

158 1721 542 1786 illationem.
600 1723 995 1804 Respondent
1040 1724 1257 1806 aliqui,
1286 1725 1738 1788 connexionem

162 1813 397 1876 divinae
428 1813 833 1878 revelationis
861 1834 1007 1879 cum
1040 1818 1297 1878 veritate
1332 1817 1426 1879 rei
1452 1817 1740 1879 revelatae

164 1907 387 1970 haberi
418 1928 536 1990 per
565 1909 1007 1972 certitudinem
1034 1910 1204 1988 fidei,
1236 1918 1299 1972 et
1338 1911 1479 1974 ideo
1514 1910 1741 1992 depen-

166 2001 449 2062 dentium
482 2002 661 2063 illam
686 2003 843 2064 nihil
872 2003 1140 2078 obstare,
1169 2006 1505 2086 quominus
1534 2022 1743 2066 assen-

166 2113 263 2156 sus
286 2095 369 2155 ab
398 2094 513 2156 illa
540 2097 932 2159 connexione
964 2097 1237 2176 pendens
1265 2095 1491 2160 babeat
1519 2115 1739 2177 puram

168 2187 627 2250 certitudinem
657 2189 823 2252 fidei.
875 2191 993 2252 Sed
1021 2190 1115 2251 vel
1145 2189 1279 2252 liaec
1308 2191 1623 2270 responsio
1646 2208 1743 2252 re-

164 2281 319 2344 cedit
348 2300 393 2344 a
424 2281 629 2362 priori
672 2282 1004 2360 sententia,
1048 2283 1149 2344 vel
1199 2282 1567 2344 verosimilis
1614 2301 1743 2344 non

164 2383 251 2436 nst
268 2391 293 2452 3
326 2375 489 2456 quia
518 2375 625 2436 vel
650 2376 927 2454 loquitur
968 2375 1046 2438 de
1074 2377 1427 2456 cognitione
1464 2376 1745 2456 syllogis-

166 2469 311 2542 tica,
362 2485 515 2547 quoe
549 2486 664 2548 per
705 2487 768 2528 se
824 2468 1053 2548 pendet
1096 2488 1171 2530 ex
1216 2468 1521 2550 principio
1567 2476 1745 2530 natu-

164 2561 305 2636 rali,
340 2571 411 2620 et
437 2562 729 2622 consistit
748 2561 817 2622 in
842 2561 1121 2624 illatione
1150 2564 1401 2624 unionis
1442 2573 1747 2624 extremo-

166 2674 303 2716 rum
330 2655 507 2718 inter
529 2675 624 2730 se,
664 2674 804 2736 quae
831 2655 1081 2717 ducitur
1114 2675 1191 2718 ex
1218 2657 1451 2719 unione
1489 2655 1747 2718 illorum

170 2750 235 2810 in
264 2749 477 2810 medio
496 2765 524 2826 3
557 2748 725 2811 etde
745 2748 862 2810 hac
881 2749 1065 2830 plane
1093 2749 1316 2812 falsum
1342 2756 1435 2812 est
1456 2749 1590 2810 fieri
1619 2766 1746 2810 cer-

172 2849 297 2904 tam
320 2843 709 2904 certitudine
734 2841 903 2919 fidei,
926 2843 1167 2904 etiamsi
1188 2844 1470 2918 materia,
1501 2841 1600 2903 vel
1630 2849 1749 2904 ter-

186 2935 338 2996 mini
372 2935 439 2996 in
498 2934 741 3016 quibus
792 2935 864 2996 fit
906 2938 1385 3014 argumentatio,
1437 2935 1515 2996 ad
1561 2935 1746 2998 fidem

196 3027 555 3106 pertineant,
588 3027 743 3108 quia
772 3029 1099 3091 necessitas
1138 3029 1279 3090 talis
1319 3028 1613 3090 illationis
1642 3045 1748 3090 ne-

194 3139 305 3198 que
360 3121 643 3184 revelata
695 3127 785 3184 est
812 3168 835 3198 ,
894 3139 1095 3202 neque
1150 3122 1417 3184 creditur
1473 3139 1749 3202 unquam

178 3219 421 3294 propter
464 3213 586 3275 Dei
631 3214 1103 3291 auctoritatem3
1144 3215 1195 3276 si
1241 3232 1388 3276 vero
1430 3215 1510 3274 sit
1545 3231 1750 3276 sermo

180 3303 251 3366 de
270 3305 645 3370 immediata
674 3325 748 3368 ac
784 3306 1127 3370 necessaria
1172 3307 1559 3369 connexione
1584 3306 1751 3368 inter

178 3396 487 3478 objeemm
515 3398 783 3461 formale
806 3398 975 3478 fidei,
1008 3406 1071 3461 et
1100 3400 1423 3460 veritatem
1461 3397 1552 3461 rei
1578 3416 1751 3460 reve·

174 3489 313 3552 lstae
330 3539 355 3568 ‚
384 3491 479 3554 sic
502 3511 733 3554 verum
757 3499 849 3554 est
871 3491 1045 3554 illam
1066 3492 1515 3554 connexionem
1544 3509 1654 3570 per
1678 3490 1750 3552 fi-

174 3587 313 3648 dem
336 3589 685 3670 cognosci3
712 3589 858 3650 inde
884 3596 1094 3650 tamen
1118 3585 1191 3648 fit
1210 3605 1337 3648 non
1365 3587 1650 3664 cognosci
1675 3605 1753 3648 cx

174 3680 233 3740 vi
251 3681 598 3757 discursus,
624 3681 732 3742 sed
756 3701 866 3762 per
894 3681 1298 3742 necessariam
1326 3684 1389 3741 et
1410 3678 1751 3760 simplicem

174 3773 603 3840 adhaeswnem
652 3773 926 3836 hominis
964 3774 1045 3834 ad
1092 3773 1237 3834 fidei
1278 3771 1588 3852 objectum
1636 3773 1754 3834 sibi

174 3867 577 3948 propositum
630 3866 747 3928 sub
803 3864 911 3928 tali
952 3865 1194 3928 ratione
1242 3865 1525 3941 formali,
1578 3866 1755 3945 cujus

178 3961 359 4024 etiam
413 3968 869 4040 argumentum
912 3969 1005 4024 est
1026 4007 1049 4038 ,
1096 3961 1244 4042 quia
1292 3961 1403 4022 illa
1449 3961 1753 4022 connexio

178 4073 299 4116 non
332 4055 741 4134 cognoscitur
776 4072 882 4135 per
918 4053 1287 4130 discursum,
1330 4052 1485 4114 alias
1521 4051 1751 4113 rediret

176 4153 635 4227 argumentum
658 4163 846 4226 supra
874 4145 1105 4208 factum
1128 4147 1199 4206 in
1216 4163 1392 4207 num.
1423 4148 1486 4223 4,
1514 4146 1591 4206 de
1613 4163 1751 4250 pro·

178 4257 349 4302 sessu
377 4242 445 4302 in
476 4239 842 4317 infinitum3
870 4257 1021 4318 ergo
1052 4239 1443 4318 cognoscitur
1476 4256 1587 4318 per
1606 4237 1755 4297 sim-

180 4331 402 4412 plicem
430 4351 759 4394 assensum
787 4333 1112 4395 fundatum
1147 4333 1213 4393 iu
1263 4331 1623 4393 auctoritate
1665 4328 1757 4389 di·

190 4426 347 4502 vina,
388 4444 538 4506 quae
571 4427 639 4486 ιιι
670 4425 778 4487 illo
806 4425 1041 4506 objecto
1076 4423 1455 4501 includitur3
1486 4439 1636 4501 ergo
1660 4439 1760 4482 eo-

192 4519 327 4581 dem
357 4519 555 4582 modo
584 4517 859 4580 creditur
886 4519 1111 4582 veritas
1138 4519 1231 4580 rei
1259 4517 1573 4580 revelatae.

262 4613 321 4674 7.
356 4611 647 4678 Tertium
673 4614 1155 4692 paxamatem.
1179 4643 1261 4658 -
1291 4611 1452 4672 Hinc
1477 4609 1616 4670 dico
1644 4615 1761 4672 ter-

188 4705 297 4781 tio,
325 4703 519 4768 fidem
550 4705 745 4766 etiam
774 4723 899 4766 non
934 4703 1213 4784 praebere
1242 4721 1559 4766 assensum
1593 4720 1669 4762 ex
1696 4701 1761 4762 vi

192 4795 504 4858 discursus
538 4795 791 4858 fundati
830 4795 895 4858 in
922 4796 1128 4858 medio
1160 4795 1515 4870 intrinseco,
1546 4813 1656 4856 seu
1694 4795 1761 4856 in

190 4892 635 4972 propositione,
696 4908 803 4951 seu
858 4889 1381 4970 propositionibus
1430 4887 1716 4950 revelatis
1736 4932 1758 4964 ,

196 5001 327 5062 <111oe
351 4986 676 5064 pertinent
701 4982 781 5044 ad
814 4985 1139 5046 materiam
1169 4980 1333 5043 fidei.
1371 4981 1545 5042 Hanc
1567 4999 1758 5042 asser-

200 5077 419 5140 tionem
470 5098 511 5138 a
554 5075 801 5140 fortiori
846 5075 1113 5155 probant
1155 5073 1427 5137 rationes
1469 5073 1645 5136 factae
1692 5073 1758 5134 in

202 5169 589 5248 precedenti,
610 5167 762 5250 quia
790 5170 981 5230 etiam
1005 5169 1070 5228 iu
1103 5166 1221 5230 hoc
1245 5167 1546 5240 discursu,
1576 5165 1628 5225 si
1658 5184 1759 5226 su-

168 5333 177 5338 ,
208 5269 397 5324 matur
426 5270 501 5325 ut
526 5281 717 5324 inlisa
742 5280 855 5342 per
880 5281 944 5322 se
980 5267 1042 5322 et
1069 5260 1318 5341 propria
1357 5258 1518 5320 ratio
1554 5276 1759 5320 assen-

210 5353 408 5432 tiendi,
453 5353 764 5418 minuitur
793 5353 1059 5414 multum
1101 5351 1405 5414 certitudo
1435 5349 1606 5425 fidei,
1654 5368 1761 5412 sen

210 5465 513 5526 assensus,
557 5450 706 5530 quia
740 5447 818 5509 fit
864 5466 976 5528 per
1018 5466 1083 5509 se
1130 5451 1404 5527 pendens
1447 5465 1484 5507 a
1521 5444 1761 5506 lumine

216 5542 489 5604 naturali.
528 5542 763 5604 Deinde
794 5541 899 5603 hic
930 5539 1277 5604 evidentius
1324 5544 1601 5602 mutatur
1636 5538 1761 5600 for-

522 5670 631 5716 111.

1817 511 1995 574 malis
2021 514 2180 574 ratio
2199 513 2448 593 objecti,
2469 530 2610 593 quse
2637 512 2745 576 dat
2771 513 3100 590 unitatem,
3138 514 3238 575 vel
3257 516 3378 578 dis·

1816 606 2183 670 tinctionem
2225 606 2576 688 specificam
2625 607 2895 670 actibus·
2876 651 2897 684 ,
2943 625 3092 688 ergo
3119 610 3260 672 talis
3291 627 3390 673 as·

1816 717 2028 762 sensus
2069 717 2198 762 non
2239 705 2442 779 potest
2473 717 2606 764 esse
2645 699 2924 778 ejusdem
2969 702 3196 780 speciei
3241 721 3384 766 cum

1807 789 2070 856 'assensu
2101 793 2271 869 fidei,
2299 801 2364 856 et
2397 794 2536 856 ideo
2563 811 2768 874 neque
2808 792 2964 856 fides
2992 812 3121 856 esse
3165 803 3380 874 potest.

1823 887 2210 950 Antecedens
2249 894 2446 968 patet,
2493 889 2642 968 quia
2686 887 2774 948 ibi
2817 888 2980 950 ratio
3009 890 3385 952 assentiendi

1823 999 1952 1042 non
1979 989 2073 1044 est
2097 983 2434 1044 auctoritas
2468 981 2601 1058 Dei,
2631 982 2850 1044 saltem
2879 985 3142 1060 integre,
3175 983 3278 1046 sed
3305 985 3384 1046 ad

1824 1091 2144 1135 summum
2173 1092 2249 1135 ex
2295 1082 2489 1154 parte,
2535 1075 2682 1155 quia
2720 1093 3004 1138 assensus
3027 1075 3134 1138 ille
3160 1095 3388 1157 magna

1818 1185 1894 1229 ex
1940 1175 2116 1247 parte
2157 1167 2455 1232 fundatur
2500 1169 2568 1229 in
2617 1167 2823 1230 medio
2863 1169 3220 1242 intrinseco,
3263 1171 3387 1246 vel,

1816 1261 1984 1342 quod
2014 1261 2178 1324 idem
2213 1266 2326 1336 est,
2369 1262 2438 1322 in
2463 1267 2686 1322 natura
2711 1261 2902 1341 ipsius
2933 1262 3050 1337 rei,
3077 1269 3171 1338 ut,
3213 1264 3388 1327 verbi

1796 1356 2048 1432 ‚gu-ntia,
2071 1372 2212 1416 cum
2232 1355 2318 1414 ita
2341 1353 2688 1433 Theologus
2705 1362 3220 1432 argumentatur:
3249 1356 3387 1420 Om-

1820 1451 1921 1510 nis
1939 1449 2110 1510 homo
2139 1454 2226 1512 est
2245 1447 2558 1519 mikilin
2587 1447 2875 1511 Christus
2901 1457 2985 1511 eet
3011 1449 3182 1512 homo
3193 1477 3220 1524 ;
3249 1469 3389 1532 ergo

1827 1539 2116 1606 Christus
2143 1547 2228 1604 ost
2251 1541 2520 1604 risibilis
2533 1563 2560 1611 ,·
2587 1539 2639 1601 si
2663 1557 2946 1602 assensus
2979 1543 3389 1606 conclusionis

1823 1634 2080 1714 praecise
2103 1639 2410 1714 spectetur
2433 1639 2504 1694 ut
2522 1633 2760 1696 elicitus
2781 1651 2859 1696 ex
2887 1636 3242 1714 praemissis,
3263 1655 3389 1699 non

1826 1726 2011 1788 datur
2058 1733 2306 1808 propter
2353 1726 2548 1790 solam
2598 1728 2704 1788 Dei
2753 1729 3186 1790 auctoritatem
3203 1775 3224 1806 ,
3283 1731 3387 1791 sed

1828 1821 2100 1882 maxime
2127 1823 2274 1900 quia
2298 1825 2460 1881 iuter
2482 1819 2802 1882 hominem
2825 1828 2888 1882 et
2905 1821 3136 1882 risibile
3156 1828 3250 1884 est
3277 1841 3387 1884 na·

1825 1913 2048 1974 turalis
2099 1914 2404 1976 connexio
2423 1959 2440 1986 ,
2494 1919 2558 1975 et
2607 1913 2956 1976 differentia
3009 1917 3391 1978 constituens

1825 2007 2150 2070 hominem
2181 2015 2277 2070 est
2295 2008 2574 2072 medium
2601 2007 3004 2070 intrinsecum
3029 2025 3107 2070 ex
3125 2027 3252 2089 quo
3271 2011 3394 2071 ori-

1825 2105 1931 2162 tur
1957 2099 2276 2162 risibilitas
2299 2118 2319 2178 3
2349 2119 2502 2180 ergo
2529 2118 2814 2162 assensus
2835 2118 2948 2181 per
2987 2120 3052 2162 se
3091 2101 3390 2165 fundatus

1823 2193 1891 2256 in
1934 2193 2047 2255 tali
2093 2195 2298 2256 medio
2345 2213 2474 2256 non
2518 2199 2716 2275 potest
2755 2213 2885 2256 esse
2913 2212 3191 2258 assensus
3219 2194 3386 2258 fidei.

1828 2290 1905 2352 Et
1943 2288 2064 2351 hoc
2096 2293 2296 2368 potest
2337 2290 2527 2350 etiam
2575 2287 2929 2350 confirmari
2957 2307 2996 2349 a
3047 2289 3393 2368 posteriori,

1824 2383 1972 2462 quia
1997 2380 2152 2443 alias
2177 2400 2302 2442 nou
2329 2389 2488 2443 esset
2517 2381 2832 2444 distinctio
2864 2381 3202 2444 essentialis
3229 2382 3393 2446 inter

1824 2474 2018 2537 fidem
2083 2480 2146 2535 et
2202 2473 2600 2554 Theologiam
2615 2519 2636 2550 ,
2689 2491 3027 2556 earumque
3072 2493 3354 2538 assensus
3371 2521 3393 2553 ,

1830 2567 1996 2648 quod
2029 2585 2160 2629 non
2179 2566 2424 2630 videtur
2449 2565 2926 2630 admittendum.

1906 2661 1968 2722 8.
2017 2659 2124 2724 Aa
2167 2661 2626 2738 fundamentum
2672 2661 2896 2740 prim
2939 2662 3285 2736 sententia,
3327 2661 3397 2724 in

1827 2770 1992 2816 num.
2025 2753 2088 2827 2,
2113 2757 2170 2816 et
2189 2753 2271 2816 ad
2285 2752 2788 2829 confirmaciones.
2809 2783 2893 2800 -
2913 2752 3009 2816 Ad
3025 2751 3394 2818 fundamen-

1828 2852 1964 2907 tum
2001 2861 2149 2924 ergo
2171 2846 2390 2924 primm
2417 2845 2742 2908 sententias
2775 2852 3040 2924 negatur
3060 2846 3394 2926 propositio

1828 2937 1916 3000 ibi
1955 2950 2297 3016 assumpta,
2338 2955 2478 3018 quoe
2507 2945 2601 3000 est
2617 2937 2782 3000 basis
2806 2938 2996 2999 totius
3013 2941 3393 3017 argumenti,

1832 3030 2084 3107 scilicet,
2112 3030 2360 3110 quando
2392 3031 2672 3110 potentia
2709 3031 2911 3094 tendit
2939 3031 3006 3092 in
3061 3049 3258 3093 unum
3285 3031 3395 3093 ob·

1827 3124 2064 3204 jectum
2090 3123 2410 3184 materiale
2432 3129 2682 3203 propter
2719 3123 2888 3186 aliud
2919 3123 3182 3187 formale
3203 3126 3392 3187 etiam

1832 3217 2272 3291 extrinsecum,
2322 3222 2388 3278 et
2431 3234 2503 3278 re
2541 3216 2674 3296 ipsa
2717 3216 3076 3280 distinctum
3117 3235 3156 3278 a
3201 3225 3396 3280 mate-

1831 3309 1996 3386 riali,
2019 3310 2392 3372 necessarios
2413 3328 2545 3372 esse
2565 3309 2772 3389 plures
2799 3317 3010 3372 actus:
3043 3329 3213 3386 nam,
3249 3311 3395 3374 licet

1832 3399 2146 3462 interdum
2173 3401 2260 3464 ita
2279 3399 2420 3462 fieri
2443 3401 2659 3482 possit,
2675 3401 2926 3481 quando
2943 3403 3174 3466 scilicet
3193 3403 3396 3484 ipsum

1832 3493 2146 3572 obJectum
2193 3493 2450 3556 formale
2498 3493 2686 3554 etiam
2722 3500 2818 3554 est
2862 3512 2971 3574 per
3001 3513 3064 3556 se
3094 3496 3397 3558 terminus

1832 3586 2098 3665 alicujus
2134 3593 2308 3646 actus
2349 3592 2414 3648 et
2458 3586 2718 3647 materia
2761 3587 2920 3665 ejuS,
2959 3587 3394 3662 nihilominus,

1834 3681 2083 3760 quando
2109 3679 2359 3760 praecise
2390 3679 2688 3758 accipitur
2715 3685 2786 3740 ut
2811 3681 2971 3741 ratio
3001 3681 3295 3743 tendendi
3325 3681 3392 3742 in

1833 3772 2031 3848 aliud,
2058 3791 2184 3834 nou
2208 3776 2450 3851 oportet
2477 3777 2646 3834 actus
2673 3789 2803 3833 esse
2831 3772 3172 3848 distinctos,
3205 3780 3275 3834 ut
3308 3775 3397 3834 vi-

1834 3866 1981 3928 dere
2021 3865 2166 3928 licet
2201 3866 2272 3926 in
2301 3864 2602 3926 electione
2653 3865 2840 3927 medii
2884 3872 3134 3946 propter
3179 3867 3396 3944 finem,

1834 3976 1976 4040 quas
2021 3964 2218 4038 potest
2263 3956 2396 4018 fieri
2439 3956 2702 4037 simplici
2743 3963 2922 4032 actu,
2983 3965 3045 4019 et
3093 3959 3159 4018 in
3207 3958 3387 4023 dilec-

1832 4052 2002 4115 tione
2030 4050 2296 4134 proximi
2324 4057 2572 4130 propter
2601 4050 2818 4124 Deum,
2849 4057 2914 4112 et
2948 4051 3017 4113 in
3051 4050 3221 4113 cultu
3251 4051 3404 4112 ima·

1832 4145 2000 4226 ginis
2023 4149 2272 4224 propter
2297 4160 2432 4205 rem
2459 4148 2962 4222 repraesentatam
2973 4160 2996 4221 3
3027 4151 3092 4204 et
3108 4144 3270 4205 ratio
3287 4152 3400 4218 est,

1836 4237 2006 4320 quia,
2037 4237 2344 4316 proposito
2376 4235 2487 4298 tali
2523 4235 2764 4314 objecto
2799 4242 2870 4298 ut
2907 4233 3185 4312 amabili,
3231 4233 3406 4298 verbi

1836 4330 2064 4412 gratia,
2107 4329 2222 4390 sub
2247 4329 2355 4390 tali
2377 4329 2617 4390 ratione
2643 4330 3010 4405 extrinseca,
3047 4335 3246 4409 potest
3290 4346 3400 4389 vo-

1838 4423 2046 4486 luntas
2089 4421 2452 4502 simpliciter
2511 4421 2767 4484 tendere
2818 4422 2885 4482 in
2945 4421 3099 4483 illud
3153 4428 3400 4501 propter

1838 4514 2010 4578 aliud
2025 4536 2046 4590 3
2075 4515 2162 4575 ita
2193 4532 2342 4594 ergo
2378 4516 2444 4574 iu
2474 4517 2792 4596 praesenti,
2824 4515 3136 4595 proposito
3163 4513 3403 4593 obJecto

1807 4685 1811 4690 .
1842 4607 2148 4669 materiali
2177 4606 2350 4684 fidei,
2380 4614 2452 4667 ut
2480 4607 2758 4669 credibili
2786 4607 2900 4667 sub
2929 4607 3293 4668 auctoritate
3315 4605 3408 4664 di-

1843 4701 2011 4778 vina,
2045 4707 2243 4780 potest
2266 4700 2612 4762 intellectus
2634 4718 2744 4780 per
2765 4698 3150 4762 voluntatem
3171 4700 3405 4760 moveri

1841 4800 1904 4854 et
1932 4793 2256 4874 captivari,
2287 4798 2355 4852 ut
2389 4793 2455 4853 in
2486 4792 2636 4854 illud
2661 4791 3025 4872 simpliciter
3050 4792 3264 4853 tondat
3291 4789 3408 4852 sub

1843 4885 1949 4946 tali
1985 4887 2252 4960 motivo3
2275 4892 2337 4946 et
2363 4886 2646 4966 quamvis
2675 4885 2929 4946 fortasse
2957 4885 3272 4946 disi-ursus
3295 4903 3408 4946 an·-

1842 4980 2106 5054 tecedat‚
2137 4988 2206 5039 ut
2234 4978 2544 5058 objectum
2597 4981 2785 5058 possit
2821 4977 3088 5058 perfecte
3129 4979 3214 5038 ita
3269 4997 3409 5056 pro-

1839 5073 2012 5156 poni,
2042 5072 2147 5133 ille
2175 5071 2486 5133 discursus
2527 5089 2654 5133 non
2698 5078 2788 5134 est
2813 5089 2998 5132 causa
3041 5090 3150 5152 per
3172 5091 3262 5146 sc,
3297 5091 3405 5132 ne-

1838 5185 1960 5246 que
1987 5168 2237 5246 propria
2271 5165 2431 5226 ratio
2457 5165 2772 5242 credendi,
2810 5164 2918 5226 sed
2947 5171 3038 5226 est
3077 5163 3412 5245 applicatio

1840 5258 2089 5338 objecti,
2129 5265 2196 5318 ut
2237 5275 2402 5338 soepe
2443 5257 2510 5318 in
2553 5256 2970 5337 superioribus
3017 5257 3170 5318 dixi.
3242 5258 3314 5318 Et
3347 5258 3415 5318 in

1838 5350 1958 5414 hoc
2011 5351 2280 5412 cernitur
2329 5369 2560 5430 magna
2610 5347 2958 5412 differentia
3006 5350 3170 5412 inter
3225 5350 3412 5413 fidem

1839 5443 2118 5506 divinam
2156 5450 2219 5506 et
2263 5443 2630 5518 humanam,
2689 5443 2836 5525 quia
2871 5442 3151 5508 humana
3195 5463 3304 5526 per
3347 5465 3413 5507 se

1838 5539 2133 5618 supponit
2187 5537 2604 5615 cognitionem
2661 5535 3109 5616 principiorum
3169 5556 3209 5599 a
3273 5541 3410 5620 qui·
