3900 6217
624 408 791 462 SECT.
827 408 884 460 V.
922 408 1002 460 DE
1035 406 1335 459 sumnum
1367 406 1662 469 HAERESlS‚
1695 406 1776 459 ΕΤ
1807 405 1957 469 Qum
1987 406 2240 460 TANDEM
2273 406 2572 468 HAEREsls,
2604 406 2741 459 Ere.

151 519 316 583 resim.
341 509 554 575 Deinde
597 508 808 571 eadem
850 508 1010 569 ratio
1056 513 1147 569 est
1173 506 1250 567 de
1290 524 1544 569 assensu
1573 504 1645 567 fi-

149 615 226 675 dei
263 610 526 671 humanae
577 608 636 665 et
689 601 1024 682 opinionis,
1056 600 1204 681 quia
1249 606 1508 681 uterque
1554 605 1646 662 est

149 706 404 783 subjectus
447 695 799 771 formidini;
836 696 945 757 sed
987 694 1236 757 credere
1291 712 1423 755 rem
1471 693 1641 769 fidei,

150 800 241 863 fide
265 798 534 869 humana,
567 809 688 853 non
714 790 914 851 solum
963 808 1090 851 non
1128 795 1222 849 est
1249 787 1636 862 haereticum,

149 908 323 955 verum
359 887 534 949 etiam
573 902 685 945 nec
715 883 952 945 malum
990 887 1080 945 est
1111 905 1130 958 3
1165 883 1291 943 imo
1333 881 1642 944 credImus

149 985 449 1063 frequenter
473 996 598 1039 esse
625 976 925 1039 usitatum
943 995 981 1037 a
1005 975 1288 1038 fidelibus
1301 996 1320 1052 3
1353 993 1500 1054 ergo
1529 992 1644 1035 nec

149 1093 382 1143 assensus
406 1072 750 1153 opinativus
775 1090 882 1152 per
911 1090 976 1133 se
1003 1089 1236 1152 pravus
1262 1075 1369 1133 aut
1391 1070 1639 1131 haereti-

148 1192 234 1235 cus
251 1176 349 1232 est.
385 1166 650 1247 Denique
705 1165 812 1227 ille
837 1183 1120 1227 assensus
1146 1163 1492 1226 formaliter
1527 1162 1644 1222 fal-

145 1286 224 1329 sus
257 1280 364 1325 non
406 1265 493 1323 est
513 1305 536 1337 ,
580 1258 728 1341 quia
786 1264 876 1321 est
940 1257 1284 1329 conformis,
1328 1258 1419 1319 rei
1482 1259 1646 1318 circa

147 1376 292 1441 quam
331 1360 596 1417 versatur
625 1369 648 1431 3
696 1371 844 1431 ergo
889 1370 966 1415 ex
1012 1351 1129 1414 hac
1170 1359 1344 1433 parte
1374 1369 1502 1413 non
1541 1369 1649 1430 po-

145 1458 236 1515 test
257 1468 367 1511 esse
402 1446 647 1509 haeresis
670 1463 693 1526 ;
725 1446 946 1507 deinde
971 1464 1100 1508 non
1125 1444 1392 1505 includit
1420 1444 1649 1505 forma·

148 1545 240 1605 lem
276 1540 703 1603 dubitationem
755 1542 918 1601 circa
963 1537 1151 1601 fidem
1197 1536 1293 1597 vel
1333 1534 1648 1598 certitudi-

151 1654 257 1699 nem
281 1634 418 1713 ejus,
448 1634 596 1713 quia
631 1633 900 1694 formido
924 1648 1000 1694 ex
1020 1636 1198 1713 parte
1226 1628 1489 1709 subjecti
1522 1646 1648 1689 non

156 1736 218 1791 est
237 1728 298 1789 de
329 1734 560 1788 ratione
596 1726 928 1807 opinionis,
959 1725 1062 1787 sed
1097 1730 1340 1785 tantum
1371 1740 1449 1783 ex
1475 1728 1648 1803 parte

157 1820 370 1883 formalis
425 1820 677 1899 obJecti,
706 1824 777 1879 ut
821 1825 1100 1893 constat3
1135 1835 1282 1896 ergo
1329 1834 1530 1895 neque
1571 1832 1648 1875 ex

151 1916 234 1975 hac
267 1918 424 1991 parte
462 1912 656 1973 habet
680 1912 784 1973 ille
814 1929 1095 1973 assensus
1147 1910 1647 1971 contrarietatem

147 2026 249 2069 eum
287 2006 412 2077 fide,
447 2024 592 2085 quoe
637 2007 714 2067 ad
743 2006 1028 2069 hoeresim
1055 2005 1340 2066 sufficiat.
1373 2003 1648 2083 Quapro-

147 2108 249 2182 pter
279 2100 592 2161 dicendum
625 2106 718 2161 est
769 2099 1010 2161 duobus
1061 2099 1260 2161 modis
1311 2116 1484 2177 posse
1535 2096 1646 2156 ali-

146 2211 284 2275 quem
311 2194 536 2275 opinari
589 2193 668 2255 de
697 2194 882 2255 rebus
920 2191 1069 2255 fidei
1100 2209 1115 2253 ε
1157 2210 1284 2253 uno
1322 2190 1506 2252 modo
1535 2208 1646 2250 ex-

145 2288 345 2363 clusive,
379 2294 445 2348 ut
471 2288 556 2349 sic
597 2288 825 2364 dicam,
867 2288 1030 2367 quod
1059 2306 1188 2349 non
1221 2286 1288 2347 nt
1330 2286 1462 2346 sine
1506 2289 1648 2344 actu

147 2382 342 2457 reflexo,
381 2400 502 2461 quo
533 2380 765 2461 aliquis
791 2382 1027 2461 judicat
1063 2399 1162 2442 res
1195 2380 1332 2441 illas
1353 2396 1478 2438 non
1519 2395 1648 2438 esse

151 2476 316 2555 dignas
342 2474 604 2537 firmiori
644 2492 920 2551 assensu,
949 2479 1011 2536 et
1037 2473 1139 2535 hic
1163 2473 1380 2535 modus
1405 2469 1650 2533 haereti·

149 2588 222 2629 eus
252 2575 346 2645 est,
386 2574 444 2629 et
474 2568 562 2628 ita
605 2567 859 2629 fortasse
896 2567 1123 2647 exponi
1153 2572 1430 2645 possunt
1473 2563 1650 2625 citari

147 2669 404 2736 auctores;
444 2662 565 2723 alio
622 2679 770 2724 vero
825 2660 1009 2722 modo
1057 2659 1361 2737 contingit
1409 2657 1650 2737 opinari

151 2756 367 2837 praecise,
398 2756 472 2816 ad
499 2774 656 2817 eum
704 2754 958 2816 modum
1012 2772 1135 2833 quo
1166 2751 1520 2814 Aristoteles
1557 2748 1650 2810 di-

151 2851 250 2924 xit,
287 2848 754 2913 abstrahentiam
811 2865 929 2909 non
979 2864 1102 2911 essa
1144 2845 1516 2909 mendacium
1537 2868 1562 2917 ,·
1595 2847 1656 2902 et

157 2940 244 2999 hoc
262 2941 412 3001 modo
439 2941 804 3013 assentitur,
838 2941 946 3019 qui
975 2947 1117 3003 actu
1143 2937 1537 3000 considerans
1563 2954 1654 2996 so-

159 3033 254 3093 lum
289 3036 565 3095 motivum
621 3035 990 3107 humanum,
1026 3033 1123 3095 vel
1161 3032 1466 3095 rationem
1509 3047 1652 3111 pro-

153 3126 376 3189 babiliter
409 3129 786 3191 suadentem
822 3128 1148 3191 veritatem
1181 3126 1366 3201 fidei,
1403 3131 1654 3206 propter

146 3220 262 3281 illud
295 3224 596 3284 motivum
637 3241 751 3302 pro
790 3230 940 3284 tunc
979 3221 1332 3294 assentitur,
1377 3238 1506 3281 non
1549 3238 1656 3281 ex·-

151 3314 418 3392 cludendo,
457 3335 580 3379 nec
637 3316 714 3377 de
751 3314 874 3377 alio
919 3314 1246 3394 cogitando
1261 3336 1282 3391 3
1331 3323 1394 3375 et
1438 3314 1526 3373 sic
1563 3330 1658 3373 as-

147 3410 316 3471 sentiri
350 3410 666 3489 opinative
692 3406 760 3471 in
801 3408 1062 3471 materia
1099 3407 1268 3483 fidei,
1311 3424 1513 3487 neque
1563 3412 1657 3467 est

147 3502 346 3565 heresis
367 3548 386 3579 ,
434 3520 650 3584 neque
701 3521 874 3565 error
907 3548 930 3579 ,
977 3519 1177 3583 neque
1227 3518 1340 3581 per
1394 3518 1458 3561 se
1524 3517 1656 3561 ma-

147 3594 264 3655 lum.

203 3692 286 3752 17.
323 3688 420 3755 Aa
439 3692 772 3757 seomtaum
817 3696 1244 3773 armatam
1280 3688 1346 3751 in
1382 3706 1446 3751 a.
1486 3692 1545 3750 1.
1575 3721 1659 3735 —

145 3782 248 3843 Alia
269 3790 631 3861 argumenta
675 3784 742 3845 in
771 3782 1075 3864 principio
1113 3782 1404 3844 sectionis
1438 3800 1660 3862 propo-

145 3877 232 3935 sita
277 3878 504 3939 facilius
567 3876 992 3957 expediuntur
1039 3898 1058 3951 3
1114 3892 1262 3937 nam
1313 3873 1659 3937 secundum

144 3976 246 4031 erat
280 3970 350 4033 de
393 3972 776 4033 assentiente
827 3970 1076 4031 veritati
1124 3969 1340 4043 alicui,
1388 3986 1464 4030 ex
1513 3985 1656 4029 con·

147 4064 350 4125 scientia
393 4082 694 4139 erronea,
744 4081 869 4143 qua
916 4062 1230 4124 existimat
1276 4061 1658 4123 contrarium

149 4172 246 4217 esse
287 4158 606 4219 definitum
665 4156 744 4217 ab
793 4155 1082 4218 Ecclesia.
1131 4154 1219 4216 De
1261 4154 1381 4215 hoc
1447 4160 1659 4217 autem

145 4248 242 4323 jam
275 4250 532 4311 diximus
587 4268 722 4311 esse
789 4248 1040 4329 quidem
1100 4246 1457 4308 lioereticum
1485 4296 1498 4319 ‚
1530 4266 1658 4309 non

145 4350 352 4421 propter
399 4364 532 4407 rem
589 4344 918 4418 creditam,
951 4342 1056 4404 sed
1088 4348 1338 4423 propter
1373 4342 1658 4403 animum

145 4436 558 4499 contradicendi
589 4437 894 4512 Eccloeioe,
927 4436 995 4495 in
1037 4453 1162 4514 quo
1189 4453 1434 4497 necesse
1471 4442 1562 4497 est
1591 4441 1662 4496 ut

147 4526 378 4591 includat
401 4547 705 4604 errorem,
735 4546 858 4608 quo
901 4528 1140 4608 judicat
1165 4527 1497 4588 Ecclesiam
1526 4546 1662 4607 pos-

147 4622 264 4681 sein
289 4623 404 4683 suis
431 4622 903 4685 definitionibus
934 4638 1159 4681 errare.
1195 4619 1488 4681 Dubitant
1521 4638 1662 4680 vero

145 4720 378 4777 auctores
405 4735 488 4777 an
521 4715 666 4779 talis
690 4714 1014 4777 haereticus
1043 4715 1319 4775 incurrat
1346 4713 1662 4774 haeretico·

143 4822 252 4865 rum
291 4826 499 4887 poenas
523 4854 545 4884 ,
583 4826 734 4869 nam
767 4808 1038 4870 Simanc.
1065 4852 1086 4883 ,
1117 4806 1302 4867 titulo
1333 4808 1399 4868 31
1416 4850 1435 4881 ,
1480 4824 1658 4868 num.

144 4898 192 4972 9,
223 4906 424 4979 negat3
475 4900 588 4963 alii
619 4918 762 4961 vero
809 4899 1146 4975 affirmant,
1176 4916 1329 4979 quos
1371 4898 1561 4960 refert
1601 4903 1666 4959 et

143 4994 380 5071 sequitur
419 4994 702 5070 Sancius,
732 4992 897 5055 dicto
935 4992 1044 5055 lib.
1073 4996 1135 5068 2,
1167 5010 1300 5072 cap.
1336 4994 1398 5069 7,
1443 4991 1550 5053 cit.
1595 5010 1660 5053 n.

143 5086 219 5148 ³0.
248 5087 572 5149 Dicendum
601 5104 746 5149 vero
784 5092 898 5161 est,
931 5087 981 5147 si
1013 5085 1439 5148 consideretur
1461 5085 1526 5146 in
1557 5085 1662 5146 illo

139 5178 354 5241 homine
391 5180 662 5243 exterior
696 5180 848 5243 fides
867 5226 890 5255 ,
941 5198 1050 5243 seu
1096 5180 1350 5241 assertio
1372 5226 1391 5255 ,
1422 5180 1662 5240 ratione

144 5268 276 5332 illius
305 5292 427 5335 non
456 5292 633 5354 posse
665 5274 983 5335 incurrere
1025 5291 1262 5353 poenas,
1293 5272 1438 5353 quia
1466 5292 1660 5334 asser-

144 5364 211 5425 tio
243 5384 357 5429 non
392 5376 486 5429 ast
535 5367 822 5430 haeretica
869 5386 1014 5428 vere
1041 5373 1106 5428 et
1147 5366 1215 5425 in
1262 5384 1350 5441 se,
1381 5366 1662 5445 quamvis

146 5473 174 5515 a
213 5459 524 5537 profitente
554 5460 693 5521 talis
745 5466 1099 5540 reputetur,
1127 5458 1284 5519 sicut
1326 5459 1435 5539 qui
1473 5458 1664 5521 inter·-

147 5551 248 5615 ficit
289 5555 506 5631 seram,
535 5561 762 5636 putans
785 5562 848 5618 et
872 5553 1086 5617 volens
1138 5552 1416 5615 occidere
1462 5552 1664 5615 homi-

3164 398 3286 461 485

1725 524 1894 581 nem,
1927 505 2074 566 licet
2123 506 2381 568 interius
2435 510 2687 587 peccet,
2726 511 2789 567 et
2822 504 2888 569 in
2926 504 3152 567 affectu
3204 508 3284 569 sit

1723 594 2059 675 homicida,
2088 616 2214 660 non
2238 605 2447 661 tamen
2480 600 2547 661 in
2575 598 2820 675 effectu,
2851 605 2913 661 et
2964 599 3102 660 ideo
3142 618 3283 681 pro·

1725 693 1930 773 prium
1974 711 2218 771 poenam
2247 693 2575 755 homicidae
2605 712 2732 755 non
2754 694 3047 755 incurret.
3079 694 3143 756 Si
3173 712 3283 755 au·

1723 793 1849 849 tem
1879 788 1945 849 in
1977 788 2083 849 illo
2112 788 2367 850 homine
2405 788 2823 849 consideretur
2867 788 3023 849 falsa
3076 789 3282 849 existi·

1721 882 1939 957 mati0,
1970 900 2160 962 quam
2210 880 2395 944 habet
2441 881 2519 943 de
2565 880 2848 943 Ecclesiae
2892 884 3280 959 auctoritate,

1723 976 1965 1037 ratione
2000 975 2169 1036 illius
2214 982 2306 1036 est
2332 994 2475 1037 vere
2514 975 2866 1051 haereticus,
2897 982 2967 1036 ut
2991 976 3157 1048 dixi;
3191 981 3283 1039 ta-

1723 1088 1868 1131 men
1895 1070 2171 1149 quandiu
2197 1069 2369 1131 illam
2404 1076 2678 1131 mentem
2708 1070 2973 1131 exterius
3002 1088 3126 1130 non
3155 1088 3284 1130 ma-

1725 1163 1999 1238 nifestat,
2048 1180 2258 1241 poenas
2303 1164 2735 1225 haereticorum
2792 1181 2919 1225 non
2970 1163 3280 1239 incurrit3

1726 1258 2094 1337 proferendo
2122 1263 2331 1318 autem
2367 1256 2637 1319 exterius
2676 1255 2871 1317 solam
2918 1255 3283 1335 propositio-

1727 1368 1872 1414 nem
1911 1370 2162 1426 veram,
2206 1367 2393 1431 quam
2432 1348 2653 1411 falsam
2698 1354 2921 1429 putat,
2972 1367 3099 1409 non
3138 1349 3286 1411 satis

1729 1444 1908 1506 illum
1946 1446 2261 1507 internum
2286 1443 2581 1519 animum⁸
2612 1442 2881 1503 exterius
2906 1441 3279 1513 manifestat,

1730 1544 1793 1601 et
1820 1537 1962 1599 ideo
2002 1539 2065 1601 id
2095 1556 2221 1599 non
2257 1537 2402 1599 satis
2434 1544 2525 1598 est
2554 1542 2621 1597 ut
2650 1555 2861 1616 poenas
2882 1537 3161 1599 incurrat
3179 1558 3195 1611 ;
3232 1537 3285 1597 si

1730 1652 1876 1696 vero
1908 1632 2047 1694 aliis
2075 1631 2279 1693 verbis
2316 1637 2380 1693 et
2404 1631 2599 1711 signis
2634 1630 2813 1693 illum
2856 1630 3139 1691 animum
3182 1631 3287 1692 dc-

1731 1727 1947 1803 claret,
1977 1733 2126 1788 tunc
2155 1744 2371 1807 poenas
2394 1724 2681 1801 incurrit,
2712 1724 3015 1804 quiajam
3040 1730 3133 1787 est
3183 1742 3286 1789 ve-

1728 1840 1836 1882 rus
1859 1820 2185 1881 haereticus
2229 1819 2513 1881 exterior.

1808 1918 1904 1978 18.
1961 1914 2063 1979 Ad
2101 1913 2347 1976 tertium
2374 1916 2431 1975 et
2456 1915 2747 1993 quartam
2772 1957 2792 1988 ,
2832 1912 2975 1975 ibid.
3016 1942 3098 1957 --
3141 1913 3285 1975 Ter-

1726 2007 1884 2071 tium
1923 2013 2361 2087 argumentum
2393 2010 2525 2066 erat
2550 2005 2627 2067 de
2660 2004 2790 2077 illo,
2824 2006 2929 2085 qui
2960 2005 3027 2066 in
3068 2006 3287 2067 morali

1726 2102 2001 2185 periculo
2051 2099 2365 2163 incidendi
2392 2100 2459 2161 in
2500 2098 2789 2161 haeresim
2839 2118 2905 2161 se
2946 2102 3281 2175 constituit,

1727 2195 2010 2259 nondum
2047 2201 2258 2256 tamen
2296 2197 2479 2255 errat.
2524 2194 2843 2268 Quartum,
2879 2193 2955 2255 de
3004 2192 3111 2254 illo
3152 2194 3285 2273 qui,

1729 2309 1870 2353 cum
1911 2294 2075 2351 recte
2102 2288 2353 2363 sentiat,
2398 2286 2553 2348 alios
2593 2287 2659 2347 in
2707 2305 2982 2349 errorem
3026 2287 3283 2349 inducit.

1729 2386 1802 2446 Et
1829 2384 1905 2444 de
1934 2389 2197 2463 utroque
2215 2382 2547 2444 dicendum
2570 2387 2683 2457 est,
2714 2382 2781 2443 in
2812 2382 3129 2443 voluntate
3151 2382 3287 2461 qui·

1727 2478 1868 2539 dem
1923 2478 2306 2539 committere
2355 2476 2631 2556 aliquam
2680 2477 2927 2557 culpam
2992 2476 3237 2538 haeresis
3260 2520 3280 2551 ,

1728 2578 2036 2653 quatenus
2064 2576 2156 2633 est
2182 2567 2433 2631 moralis
2462 2587 2645 2631 causa
2686 2570 2842 2649 ejus,
2862 2569 2959 2631 vel
2990 2569 3288 2633 indirecte

1727 2685 1836 2729 seu
1861 2664 2209 2727 virtualiter
2228 2662 2401 2724 illam
2430 2661 2585 2738 vult,
2616 2662 2877 2725 volendo
2901 2662 3239 2741 periculum
3268 2682 3285 2736 ς

1735 2759 2142 2821 nihilominus
2200 2764 2413 2819 tamen
2459 2756 2565 2818 ille
2623 2757 2981 2837 simpliciter
3027 2775 3157 2819 non
3202 2764 3295 2819 est

1737 2852 2080 2927 haereticus‚
2114 2852 2260 2931 quia
2282 2851 2413 2913 haec
2435 2849 2855 2911 denominatio
2888 2856 2979 2913 est
3008 2853 3183 2931 quasi
3210 2852 3291 2913 ab

1735 2954 1876 3011 actu
1917 2947 2322 3021 immanente,
2353 2944 2461 3024 qui
2488 2942 2556 3005 in
2594 2944 2705 3005 tali
2727 2944 2981 3006 homine
3008 2946 3289 3007 nondum

1735 3041 2093 3111 invenitur;
2127 3045 2189 3099 et
2218 3037 2377 3113 ide0,
2408 3035 2685 3099 absolute
2712 3035 3043 3117 loquendO,
3074 3039 3143 3100 in
3184 3038 3294 3099 tali

1731 3133 1986 3195 homine
2030 3129 2310 3194 nondum
2356 3134 2449 3191 est
2490 3134 2805 3207 peccatum
2854 3129 3098 3193 haeresis
3149 3148 3295 3191 con·

1733 3231 2136 3300 summatum,
2169 3232 2229 3285 et
2258 3228 2581 3304 propterea
2618 3240 2749 3285 esse
2781 3227 2979 3303 potest
3027 3222 3161 3284 sine
3201 3241 3297 3283 er-

1735 3338 1895 3396 rore,
1925 3318 2036 3397 qui
2055 3318 2190 3397 jam
2214 3316 2389 3379 sitin
2416 3314 2525 3376 tali
2548 3315 2825 3393 homine,
2853 3316 3138 3397 quamvis
3163 3335 3292 3379 non

1735 3413 1815 3475 sit
1841 3412 1976 3475 sine
2004 3410 2211 3491 aliquo
2236 3410 2465 3473 affeetu
2505 3410 2749 3483 erroris,
2781 3416 2853 3471 ut
2890 3409 3211 3491 explicavi.

2360 3660 2576 3715 saeuo
2608 3662 2668 3712 V.

1737 3842 1827 3903 Do
1861 3840 2123 3921 subjecto
2152 3840 2361 3921 capaci
2414 3840 2683 3915 kaim-is,
2740 3840 2798 3903 et
2856 3838 3005 3921 qaid
3058 3840 3296 3904 tandem

2120 3930 2363 3996 haeresis
2385 3938 2443 3996 et
2467 3932 2783 3997 haereticus
2802 3934 2907 3996 sit.

1823 4158 2253 4240 Consequentia
2306 4157 2619 4222 doctrina.
2645 4188 2727 4203 -
2757 4156 3041 4236 Explicui
3090 4158 3303 4219 condi-

1739 4250 1937 4313 tiones
1966 4270 2046 4311 ex
2070 4259 2243 4331 parte
2278 4248 2577 4324 materias,
2607 4256 2671 4311 et
2704 4266 2780 4311 ex
2807 4254 2981 4330 parte
3010 4256 3203 4325 actus,
3222 4248 3302 4312 ad

1737 4342 2021 4405 haeresim
2048 4344 2453 4407 necessarias:
2488 4361 2653 4403 nunc
2682 4348 2957 4421 superest
2985 4340 3303 4405 declaran-

1741 4434 1914 4510 dum,
1950 4454 2032 4497 an
2076 4456 2153 4497 ex
2182 4443 2356 4517 parte
2394 4435 2679 4514 subiecti,
2722 4453 2830 4495 seu
2862 4452 3137 4513 personae
3164 4454 3303 4516 pec-

1742 4532 1934 4589 cantis
1963 4530 2097 4591 aliae
2127 4529 2511 4592 conditiones
2532 4528 2608 4589 ad
2638 4526 2924 4589 hoeresim
2940 4529 3302 4590 necessariae

1744 4621 1889 4697 sint,
1918 4628 1981 4682 et
2008 4622 2153 4685 inde
2181 4620 2365 4683 facile
2410 4619 2847 4683 concludemus
2876 4619 3305 4683 definitionem

1741 4714 1992 4775 haeresis
2038 4716 2239 4795 quoad
2286 4734 2419 4777 rem
2480 4716 2704 4794 ipsam,
2751 4719 2812 4774 et
2863 4720 3309 4793 consequenter

1743 4804 2068 4868 definitum
2108 4806 2408 4884 manebit,
2458 4808 2607 4888 quid
2652 4806 2983 4869 haereticus
3026 4808 3149 4870 sit:
3182 4813 3307 4868 tres

1745 4904 1955 4959 autem
1980 4900 2365 4961 conditiones
2394 4918 2469 4961 ex
2507 4906 2680 4980 parte
2707 4900 2969 4979 subjecti
3016 4900 3309 4961 videntur

1747 4991 1826 5051 ab
1854 4991 2209 5054 auctoribus
2237 4994 2409 5072 poni,
2435 5006 2505 5053 ut
2517 4994 2879 5055 necessariae
2904 4993 2981 5053 ad
2996 4992 3301 5066 haeresim,

1745 5103 1884 5165 quoe
1917 5093 2129 5147 tamen
2177 5093 2342 5147 recte
2396 5088 2815 5163 consideratae,
2846 5093 2909 5149 et
2958 5087 3301 5165 explicatae,

1745 5178 1822 5239 ad
1847 5196 2039 5239 unam
2084 5180 2363 5241 revocari
2397 5186 2677 5260 possunt,
2705 5187 2777 5241 ut
2816 5199 2884 5242 n.
2930 5182 3009 5241 13
3050 5179 3306 5257 planum

1745 5270 1874 5333 fiet.

1825 5369 1854 5428 1
1869 5408 1884 5426 .
1923 5364 2059 5429 Pro
2100 5366 2306 5448 prima
2349 5372 2532 5447 parto
2568 5365 2761 5441 tituli,
2786 5367 2999 5449 prima
3044 5367 3305 5431 conditio

1743 5460 1825 5523 ad
1847 5460 2181 5539 substat-um
2201 5461 2467 5537 lusu-esis,
2498 5465 2568 5525 ut
2592 5462 2999 5543 proelmbuerit
3016 5464 3311 5543 fidem.—

1742 5551 1842 5617 Ad
1858 5553 2042 5637 prius
2094 5554 2419 5618 membrum
2456 5555 2608 5635 quid
2658 5554 2936 5636 Cajetan.
2968 5560 3025 5619 et
3064 5555 3176 5619 alii
3211 5557 3305 5620 di·-
