3900 6217
515 303 635 364 284

1575 313 1818 365 msPU‘r.
1849 312 1910 366 X.
1952 313 2036 365 DE
2068 312 2277 369 81111110
2308 316 2646 373 PONTIFICE.

516 426 648 487 pos,
685 415 758 469 ut
783 410 1094 472 ordinavit
1123 411 1504 488 Sacerdotes,
1549 430 1620 474 ac
1647 412 1792 475 fecit
1815 414 2071 494 Aposto-
2139 414 2573 495 jurisdictione
2593 437 2797 501 pares.
2804 422 2989 482 —Ad
3011 428 3351 486 extremum
3375 428 3545 491 estin
3568 430 3663 495 hac

515 499 642 562 los.
657 520 796 581 quae
818 505 1124 565 sententia
1143 505 1535 567 verisimilior
1557 514 1831 586 apparet,
1855 524 2074 587 quam-

515 596 608 656 vis
635 596 702 655 in
731 596 848 657 hac
875 614 942 657 re
970 597 1128 658 nihil
1153 598 1343 677 possit
1370 604 1605 661 certum
1631 600 1869 662 haberi.

594 690 656 749 9.
709 688 844 762 Ubi,
872 694 931 752 et
961 692 1194 771 quando
1223 690 1502 773 Apostoli
1530 692 2076 758 ordinati—Alio-

513 798 654 844 rum
681 785 996 847 sententia.
1019 816 1102 831 —
1123 785 1326 846 Minus
1365 804 1513 847 vero
1543 792 1777 848 certum
1821 794 1914 847 est
1950 806 2075 868 quo

513 875 652 936 loco
679 883 786 937 aut
825 892 1102 957 tempore
1150 877 1388 940 fuerint
1421 879 1700 960 Apostoli
1748 900 1785 941 a
1834 881 2074 942 Christo

514 967 782 1031 ordinati
805 971 1128 1050 Episcopi;
1169 990 1318 1032 nam
1351 974 1644 1052 quidam¹
1681 982 1905 1055 putant
1941 972 2074 1035 fac-

513 1066 646 1122 tum
675 1062 744 1123 id
769 1063 960 1126 fuisse
983 1065 1050 1125 in
1095 1072 1271 1127 nocte
1301 1084 1522 1142 coenm,
1564 1073 1700 1129 tum
1749 1068 1898 1149 quia
1924 1073 2075 1130 tunc

514 1152 656 1215 data
695 1161 787 1216 est
825 1156 1105 1219 Ecclesiae
1145 1164 1409 1239 potestas
1454 1160 1535 1220 ad
1585 1162 2073 1223 consecrandum

514 1264 732 1327 eorpus
777 1249 1000 1311 Christi
1047 1251 1316 1327 Domini,
1361 1258 1423 1313 et
1470 1254 1549 1314 ad
1590 1259 1886 1334 perpetuo
1927 1256 2075 1316 reti-

515 1342 785 1403 nendam
829 1343 988 1405 hanc
1011 1349 1376 1424 potestatem
1416 1362 1433 1406 z
1476 1362 1603 1407 non
1633 1347 1936 1409 retinetur
1962 1366 2075 1408 au·

515 1440 642 1495 tem
673 1480 694 1509 ,
746 1434 870 1495 nisi
941 1454 1053 1516 per
1111 1438 1567 1501 ordinationem
1617 1440 2017 1501 Sacerdotum
2050 1456 2073 1518 ;

516 1544 664 1605 ergo
712 1530 1042 1591 verisimile
1087 1537 1181 1592 est
1224 1538 1376 1593 tunc
1415 1532 1711 1614 recepisse
1756 1534 2076 1615 Apostolos

515 1626 880 1699 potestatem
907 1624 1248 1687 ordinandi
1265 1626 1618 1689 Sacerdotes
1636 1674 1655 1703 ,
1695 1646 2076 1708 consequen-

519 1719 730 1793 terque
792 1716 982 1779 fuisse
1017 1725 1398 1781 consecratos
1443 1720 1510 1780 in
1566 1721 1900 1801 episcopos.
1954 1720 2079 1782 Alii

520 1808 766 1869 malunt
789 1809 1047 1888 factum,
1077 1812 1259 1874 Joan.
1309 1814 1412 1891 20,
1461 1814 1585 1874 illis
1621 1814 1825 1876 verbis
1854 1836 1868 1875 ε
1899 1815 2079 1879 Aeci-

510 1900 638 1979 pite
687 1901 1000 1984 Spiritum
1045 1904 1344 1970 Sanotwm
1363 1932 1392 1981 ,·
1427 1924 1679 1988 quorum
1717 1907 2081 1971 remiseritis

510 2000 780 2074 peecata,
803 2000 1201 2065 remittuntur
1228 2002 1340 2076 eis,
1361 2007 1480 2062 etc.
1500 2023 1518 2077 3
1547 2001 1648 2062 vel
1670 2006 1834 2062 certe
1855 2000 2078 2063 Matth.

520 2088 765 2167 ultimo,
805 2109 948 2152 cum
977 2092 1210 2154 dictum
1247 2112 1286 2155 a
1327 2094 1564 2156 Christo
1594 2092 1754 2154 fuit:
1781 2094 1950 2157 Data
1989 2100 2082 2159 est

516 2182 672 2245 milti
703 2185 897 2248 omnis
916 2192 1211 2267 potestas,
1259 2193 1375 2249 etc.
1419 2188 1658 2251 Euntes
1697 2184 1764 2248 in
1791 2190 2081 2252 mundum

520 2274 884 2353 universum,
913 2281 1262 2361 praedicate,
1291 2286 1406 2342 etc.
1439 2282 1531 2342 Ita
1575 2279 1854 2342 Carthus.
1867 2326 1886 2355 ,
1917 2282 1979 2357 i,
2012 2282 2075 2343 d.

519 2369 622 2443 24,
653 2387 716 2449 q.
749 2372 810 2433 8.
849 2373 990 2449 Sed,
1026 2379 1099 2434 ut
1123 2374 1366 2451 monui,
1411 2374 1529 2435 hac
1577 2374 1645 2435 in
1683 2392 1751 2435 re
1799 2372 1957 2435 nihil
1988 2388 2081 2435 est

519 2468 760 2524 certum
814 2466 892 2527 de
951 2472 1270 2549 tempore,
1317 2468 1794 2529 circumstantiis
1837 2473 1900 2529 et
1947 2484 2079 2527 mo-

519 2555 625 2631 do,
657 2560 940 2636 quamvis
977 2560 1336 2641 simpliciter
1375 2560 1755 2642 probabilius
1793 2560 2082 2623 videatur

521 2650 688 2728 quod
715 2654 1166 2733 proposuimus.

601 2747 701 2807 10.
731 2745 834 2811 Ad
856 2751 1315 2827 fundamentum
1343 2749 1411 2812 in
1444 2766 1610 2812 num.
1631 2751 1691 2811 5.
1716 2780 1799 2795 -
1824 2746 1926 2811 Aa
1939 2750 2081 2825 fun-

521 2841 908 2905 dementum
883 2862 952 2906 m
982 2861 1147 2907 otum.
1181 2845 1242 2906 6.
1277 2876 1362 2891 --
1395 2844 1518 2906 Nec
1543 2842 1744 2905 obstat
1769 2843 1927 2904 ratio
1956 2842 2082 2921 pri-

522 2952 639 2995 mae
660 2937 1002 2998 sententiae.
1027 2938 1186 3000 Nam
1212 2937 1617 2999 certissimum
1650 2940 1763 3012 est,
1786 2935 1898 2997 illa
1923 2936 2083 2997 Pon-

519 3028 760 3090 tificum
787 3030 948 3092 dicta
977 3049 1104 3092 non
1133 3030 1382 3092 fundari
1408 3030 1476 3091 in
1509 3048 1582 3091 eo
1613 3076 1630 3103 ,
1676 3028 1841 3108 quod
1867 3029 2083 3090 Petrus

521 3123 902 3185 ordinaverit
927 3142 1144 3187 omnes
1169 3124 1526 3207 Apostolos3
1556 3142 1704 3184 nam
1734 3122 2079 3200 Pontifices,

519 3214 644 3276 illis
667 3215 964 3297 loquendi
990 3220 1212 3295 modis,
1243 3219 1462 3281 volunt
1482 3216 1866 3279 solummodo
1891 3216 2083 3296 expli-

521 3326 662 3371 care
688 3317 924 3372 eertum
957 3312 1289 3391 primatum
1316 3312 1598 3375 Ecclesiae
1633 3312 1952 3385 Romanae,
1985 3328 2083 3371 es-

523 3420 708 3484 seque
735 3413 999 3467 matrem
1027 3406 1308 3468 omnium
1337 3404 1748 3467 Ecclesiarum
1767 3450 1788 3480 ,
1829 3406 1978 3484 quia
2006 3402 2086 3464 ad

523 3496 719 3573 illam,
745 3503 816 3558 ut
845 3498 1135 3576 diximus,
1165 3501 1433 3580 pertinet
1461 3498 1740 3577 regimen
1770 3503 1833 3559 et
1861 3496 2085 3577 guber-

523 3592 696 3652 natio
719 3592 1000 3655 omnium
1009 3615 1030 3673 3
1059 3594 1335 3674 itemque
1359 3612 1396 3654 a
1423 3594 1604 3656 Petro
1628 3593 1901 3674 incipere
1929 3592 2087 3671 epis-

522 3685 800 3765 copalem
845 3686 1213 3765 dignitatem
1235 3732 1252 3760 ,
1301 3684 1467 3765 quod
1513 3686 1798 3747 omnium
1845 3686 2087 3765 primus

522 3778 696 3840 illam
738 3782 998 3859 accepit,
1049 3786 1112 3841 et
1155 3797 1297 3842 cum
1351 3778 1576 3859 majori
1618 3779 1983 3841 excellentia
2026 3782 2089 3838 et

523 3873 930 3953 praerogativa
967 3891 1153 3954 quam
1189 3872 1420 3949 caeteri,
1464 3878 1764 3952 quantum
1797 3872 1875 3933 ad
1905 3872 2089 3951 juris-

523 3965 882 4041 dictionem,
928 3966 1004 4028 de
1033 3984 1155 4047 qua
1184 3966 1446 4028 materia
1499 3966 1822 4028 Pontifices
1864 3971 2085 4045 agunt.

523 4057 614 4121 Ad
653 4058 1131 4122 fundamentum
1163 4060 1445 4121 secundae
1471 4060 1813 4137 sententiae,
1836 4074 2091 4140 respon-

521 4153 706 4215 detur
723 4153 896 4215 illam
921 4172 1048 4215 non
1075 4154 1265 4217 fuisse
1294 4156 1604 4235 propriam
1628 4154 2087 4216 ordinationem

523 4246 932 4327 episcopalem
971 4248 1226 4325 Jacobi,
1267 4248 1374 4310 sed
1426 4247 1918 4327 designationem
1961 4254 2084 4308 seu

523 4340 1100 4403 determinationem
1133 4343 1268 4421 ejus
1300 4342 1379 4403 ad
1415 4344 1835 4423 episcopatum
1871 4341 2084 4403 Hiero-

524 4434 992 4514 solymitannm,
1023 4436 1186 4496 utin
1216 4454 1290 4497 eo
1316 4436 1574 4498 haberet
1601 4454 1728 4496 non
1756 4434 1958 4496 solum
1982 4436 2087 4496 de-

523 4528 792 4608 legatam
810 4573 830 4603 ,
869 4528 976 4590 sed
1030 4529 1408 4591 ordinariam
1450 4528 1640 4591 etiam
1682 4532 2083 4608 potestatem,

525 4629 850 4701 possetque
900 4622 1159 4702 proinde
1207 4623 1276 4683 in
1323 4641 1397 4684 eo
1445 4624 1805 4703 episcopatu
1858 4620 2091 4683 habere

525 4732 953 4777 successorem.
984 4716 1156 4791 Quod
1176 4717 1226 4777 si
1247 4717 1588 4778 intercessit
1605 4716 1763 4778 forte
1788 4734 2091 4778 manuum

525 4809 859 4888 impositio,
891 4826 1018 4870 non
1047 4828 1158 4889 per
1191 4809 1446 4871 modum
1474 4828 1636 4873 verse
1669 4810 2087 4872 consecratio-

525 4902 623 4963 nis
640 4900 1021 4982 episcopalis,
1051 4902 1157 4965 sed
1179 4904 1501 4983 cujusdam
1533 4902 1958 4967 ecclesiasticae
1990 4922 2089 4966 ce-

525 4995 820 5056 remoniae
863 4994 983 5055 ruit
1029 4994 1328 5059 adhibita.

609 5090 708 5151 ⁴1.
752 5088 1010 5156 Notatio
1063 5088 1246 5154 tertia
1265 5116 1286 5151 .·
1313 5094 1386 5154 ut
1429 5088 1708 5173 Apostoli
1745 5091 1985 5167 riserint
2024 5092 2091 5154 in

609 5282 626 5319 ¹
673 5278 884 5341 Videri
911 5284 1113 5361 potest
1129 5278 1348 5359 Vazq„
1377 5280 1454 5341 de
1473 5279 1721 5357 Ordine,
1748 5279 1907 5361 disp.
1940 5280 2084 5355 242,

523 5391 576 5529 p.
599 5374 678 5530 {16
693 5380 854 5530 ppst3.
896 5372 1186 5450 Salmer„
1213 5378 1295 5436 tr.
1325 5374 1426 5450 36,
1457 5374 1525 5436 in
1567 5372 1760 5454 Acta3
1797 5371 2084 5453 Henriq„

555 5511 571 5529 .
678 5512 700 5543 ,
763 5512 779 5530 .
855 5514 871 5531 .

2152 511 2541 591 qonclusione
2566 513 3065 591 observandum,
3118 535 3255 579 cum
3282 518 3528 583 dicimus
3552 543 3664 587 om-

2152 622 2263 665 nes
2296 605 2616 685 Apostolos
2643 606 2941 689 accepisse
2957 609 3472 689 jurisdictionem
3458 632 3517 674 in
3542 619 3665 678 uni-

2154 716 2403 761 versum
2424 700 2662 781 orbem,
2690 702 2954 783 intelligi
2986 709 3339 781 potestatem
3363 724 3487 767 eam
3508 709 3667 775 fuisse

2154 790 2611 872 quodammodo
2635 796 2937 878 aequalem
2961 796 3029 859 in
3056 796 3453 877 amplitudine
3476 800 3668 879 objecti

2155 890 2218 945 et
2246 885 2387 963 loci,
2432 904 2562 949 non
2590 908 2737 951 vero
2768 890 2835 951 in
2866 888 3091 964 modis,
3133 908 3333 969 neque
3367 891 3433 951 in
3466 894 3670 958 actibus

2155 977 2295 1039 talis
2311 980 2787 1061 jurisdictionis,
2818 988 2888 1044 ut
2908 984 3043 1063 jam
3071 985 3139 1045 in
3161 984 3433 1063 sequenti
3458 988 3671 1051 conclu·

2152 1071 2326 1135 sione
2355 1074 2613 1139 dicetur.

2153 1275 2428 1341 Assertio
2448 1278 2729 1351 secunda,
2753 1278 2821 1341 de
2834 1278 3295 1361 praeeminentia
3312 1279 3676 1359 Pontificatus

2564 1372 2764 1447 Petri,
2795 1377 2853 1435 et
2878 1389 3305 1437 suceessorum.

2240 1544 2334 1605 ¹2.
2362 1540 2583 1606 Prima
2602 1544 2875 1625 probatio
2896 1562 2969 1607 ew
2982 1544 3107 1609 loeo
3132 1546 3363 1609 Mami.
3386 1548 3678 1613 16.—Dico

2158 1636 2427 1698 secundo
2460 1640 2477 1675 ¹
2507 1654 2523 1698 ε
2556 1637 2769 1699 Petrus
2794 1636 3122 1718 Apostolus
3148 1638 3271 1699 ruit
3295 1638 3363 1699 in
3388 1636 3498 1701 hac
3514 1642 3681 1719 juris-

2160 1729 2432 1791 dictione
2460 1731 2698 1792 caeteris
2718 1730 3021 1811 superior,
3043 1732 3111 1793 in
3134 1750 3210 1793 eo
3230 1732 3521 1813 praecipue
3540 1735 3679 1815 quod

2158 1822 2253 1883 illi
2280 1822 2394 1883 soli
2427 1822 2506 1884 sit
2538 1822 2681 1885 data
2716 1830 2983 1903 potestas
3023 1824 3338 1887 ordinaria
3368 1828 3605 1905 regendi
3631 1834 3683 1891 et

2160 1914 2454 2023 pascendi
2481 1915 2834 1977 universam
2852 1918 3077 1978 Christi
3094 1918 3445 1997 Ecclesiam,
3472 1921 3608 1981 utin
3626 1939 3685 1983 ea

2162 2008 2283 2087 ipsi
2306 2014 2605 2089 perpetuo
2632 2010 3091 2087 succederetur,
3117 2010 3287 2092 quod
3310 2011 3442 2073 aliis
3464 2012 3686 2091 Aposto-

2160 2100 2237 2161 lis
2278 2102 2493 2163 datum
2534 2120 2659 2164 non
2693 2108 2805 2165 est.
2848 2104 2988 2165 Haec
3024 2105 3335 2166 conclusio
3365 2105 3688 2203 simpliciter
3807 2150 3808 2193 3

2160 2199 2253 2256 est
2304 2194 2380 2257 de
2422 2196 2565 2271 fide,
2618 2204 2906 2277 patetque
2954 2198 3158 2279 primo
3202 2217 3281 2260 ex
3322 2178 3538 2261 celebri
3574 2200 3687 2261 loco
3807 2198 3808 2201 ’

2160 2288 2431 2351 Matthaei
2463 2292 2577 2352 16·
2623 2290 2723 2354 1⁷20
2750 2309 2811 2354 es
2838 2292 3105 2369 Petrus,
3148 2298 3206 2357 et
3242 2310 3421 2377 super
3446 2294 3586 2357 lianc
3602 2312 3688 2377 pe-

2160 2388 2324 2447 tram
2347 2385 2646 2465 oedificabo
2672 2386 3020 2451 Ecclesiam
3045 2405 3261 2450 meam.
3310 2387 3377 2449 In
3406 2405 3520 2466 quo
3547 2388 3688 2449 testi-

2160 2478 2396 2554 monio,
2438 2478 2733 2557 quoniam
2766 2497 2895 2541 non
2937 2480 3136 2541 solum
3171 2480 3467 2555 haeretici,
3504 2498 3687 2543 verum

2160 2570 2348 2632 etiam
2377 2570 2711 2651 aliquando
2746 2570 3044 2636 Catholici
3066 2574 3226 2635 illud
3255 2573 3493 2637 eludere
3514 2574 3687 2635 conati

2158 2670 2327 2739 sunt,
2382 2664 2505 2726 duo
2558 2666 2897 2728 certissima
2940 2685 3071 2729 esse
3116 2666 3369 2729 debent.
3420 2668 3685 2741 Primum,

2161 2763 2361 2819 totum
2414 2758 2593 2819 illum
2651 2776 2999 2822 sermonem
3058 2760 3285 2823 Christi
3338 2760 3571 2823 Domini
3620 2760 3683 2822 ml

2165 2850 2413 2912 Petrum
2448 2870 2577 2913 esse
2599 2846 2885 2915 relatum.
2936 2852 3329 2931 Secundum,
3364 2854 3516 2917 Petri
3543 2872 3679 2915 sum·

2162 2962 2332 3005 mam
2387 2951 2754 3025 potestatem
2813 2952 2876 3007 et
2925 2946 3297 3025 dignitatem
3358 2942 3683 3029 patefacere.

2164 3038 2442 3100 Primum
2497 3038 2814 3101 evidenter
2856 3038 3051 3118 liquet
3090 3058 3169 3101 ex
3214 3040 3351 3120 ipso
3394 3038 3685 3102 verborum

2163 3132 2411 3207 ordine3
2453 3132 2543 3193 ait
2582 3132 2751 3193 enim
2793 3128 3071 3193 Christus
3114 3133 3460 3195 Dominus:
3494 3130 3686 3195 Beatus

2162 3243 2247 3297 es.
2284 3224 2503 3289 Simon.
2548 3224 2848 3304 Bao-Jonas,
2892 3230 2951 3289 et
2986 3244 3086 3309 eqo
3124 3228 3257 3290 dieo
3299 3225 3433 3303 tibi,
3474 3230 3581 3287 etc.
3616 3222 3685 3287 Et

2164 3336 2346 3401 super
2368 3319 2522 3381 lianc
2546 3318 2801 3382 Petram
2824 3320 3120 3399 aedificabo
3142 3319 3486 3384 Ecclesiam
3507 3336 3686 3381 mam.

2164 3412 2320 3474 Nam
2346 3428 2471 3471 vox
2499 3412 2653 3473 hanc
2680 3428 2755 3473 ex
2779 3411 3155 3491 proprietate
3178 3430 3293 3473 sua
3314 3410 3541 3491 aliquid
3562 3427 3694 3489 prae·

2165 3521 2329 3579 sens,
2355 3502 2454 3565 vel
2474 3502 2549 3564 de
2571 3519 2695 3582 quo
2720 3504 2903 3582 paulo
2924 3509 3069 3565 ante
3090 3522 3297 3565 sermo
3317 3507 3693 3584 praecesserat,

2165 3598 2482 3677 importat,
2508 3596 2811 3657 nimirum
2831 3596 2999 3657 Petri
3019 3614 3369 3677 personam.
3397 3598 3593 3675 Neque
3608 3594 3697 3655 ob-

2166 3694 2286 3749 stat
2320 3687 2428 3751 illa
2457 3690 2722 3750 mutatio
2756 3690 3000 3768 generis
3032 3689 3365 3751 masculini
3390 3688 3454 3750 in
3481 3686 3699 3751 femini·-

2166 3799 2355 3857 num,
2402 3800 2589 3860 quam
2626 3781 2821 3843 latina
2854 3781 3177 3845 translatio
3215 3802 3297 3845 ex
3334 3801 3530 3862 graeca
3560 3798 3701 3843 sum-

2168 3874 2311 3954 psit.
2357 3876 2512 3937 Nam
2542 3876 2611 3936 in
2638 3875 2898 3939 Hebraea
2922 3875 3021 3937 vel
3047 3876 3307 3957 Syriaca
3344 3876 3571 3955 lingua,
3596 3892 3700 3954 qua

2168 3968 2442 4029 Christus
2464 3968 2859 4051 loquebatur,
2890 3968 3220 4049 utrobique
3250 3976 3345 4031 est
3372 3986 3589 4030 nomen
3617 3964 3701 4029 Ce-

2160 4060 2342 4142 phas,
2371 4062 2531 4139 quod
2553 4066 2795 4141 petram
2821 4060 3154 4139 significat,
3174 4067 3335 4124 teste
3354 4062 3700 4139 Hieronymo

2168 4154 2245 4213 ad
2272 4152 2517 4214 Galatas
2538 4154 2762 4234 primo.
2796 4154 2972 4216 Unde
3000 4154 3258 4217 Joannis
3288 4156 3510 4235 primo,
3543 4154 3700 4214 Petro

2165 4245 2537 4325 praedixerat
2564 4246 2840 4309 Christus
2868 4244 3311 4327 appellandum
3342 4247 3587 4308 nomine
3620 4242 3701 4307 Ce-

2160 4340 2321 4419 pltoe,
2350 4356 2473 4418 qua
2501 4357 2651 4401 voce
2678 4356 2825 4401 usus
2859 4346 2952 4400 est
2986 4340 3103 4401 hoc
3129 4340 3403 4402 Matthaei
3434 4338 3596 4412 loco«,
3623 4336 3701 4394 ‹li-

2166 4448 2355 4493 cens:
2390 4432 2486 4495 Tu
2517 4450 2579 4495 es
2624 4430 2873 4515 Gepheis,
2918 4440 2977 4497 et
3016 4451 3197 4515 super
3232 4434 3391 4497 lianc
3434 4432 3695 4513 cepham,

2172 4544 2245 4587 ac
2273 4526 2325 4585 si
2349 4526 2577 4588 diceret
2608 4546 2623 4586 ε
2657 4526 2755 4589 ,Tu
2781 4544 2843 4589 es
2874 4527 3065 4609 lapis,
3096 4530 3152 4591 et
3180 4544 3365 4609 super
3392 4528 3541 4589 huno
3566 4522 3703 4603 lapi·-

2173 4619 2345 4681 dem:
2370 4636 2605 4698 graecus
2646 4624 2853 4679 antem
2896 4624 2959 4680 et
3000 4618 3230 4680 latinus
3262 4618 3559 4699 interpres
3584 4632 3704 4697 pro·

2170 4720 2311 4793 pter
2336 4714 2753 4775 diversitatem
2782 4711 3133 4788 masculini,
3162 4720 3225 4775 et
3242 4714 3523 4775 feminini
3544 4726 3705 4791 gene-

2172 4806 2277 4874 ris,
2310 4826 2488 4869 voces
2504 4808 2895 4888 aliquantum
2918 4812 3405 4884 commutarunt,
3430 4825 3495 4868 re
3518 4812 3703 4866 tamen

2175 4918 2323 4963 vera
2380 4900 2546 4964 idem
2610 4902 2916 4963 retinetur
2970 4916 3205 4965 sensus.
3268 4900 3698 4964 confirmatur:

2172 5012 2319 5056 nam
2371 4995 2422 5055 si
2471 4994 2774 5075 particula
2822 4996 2979 5058 Itane
3006 5039 3023 5067 ,
3079 4993 3313 5073 aliquid
3362 4998 3577 5075 proeter
3614 4990 3705 5049 Pe·

2168 5094 2341 5148 trum
2394 5088 2767 5166 designaret,
2811 5086 2943 5148 sine
2987 5104 3176 5151 causa
3212 5086 3482 5149 Christus
3518 5080 3703 5165 appel-

2166 5180 2325 5243 laret
2364 5181 2703 5256 Simonem,
2757 5180 2836 5242 ad
2870 5198 3135 5261 eumque
3186 5197 3525 5243 sermonem
3574 5175 3706 5236 diri·

2168 5281 2361 5353 geret,
2418 5293 2560 5335 cum
2608 5292 2807 5355 neque
2858 5277 2937 5337 ad
2988 5276 3236 5337 Petrum
3282 5274 3607 5355 pertineret
3648 5268 3703 5327 id

2253 5466 2270 5503 ¹
2317 5462 2477 5526 Vide
2496 5462 2564 5526 in
2592 5462 2839 5526 Deiens.
2869 5462 3036 5540 fidei,
3066 5462 3111 5526 1.
3140 5466 3203 5543 3,
3232 5483 3271 5526 a
3295 5482 3345 5527 c.
3374 5466 3471 5527 10.
