3900 6217
555 355 672 420 420
1647 355 1885 416 msru'r.
1919 355 2049 418 xvi.
2085 363 2165 418 ns
2196 359 2644 418 innuamus.

555 473 716 536 tam;
765 459 1158 523 concedimus
1194 461 1364 522 enim
1389 462 1784 542 partitionem
1819 481 1948 524 non
1978 481 2111 526 esse

557 557 813 618 omnino
860 553 1263 616 materialiter
1301 555 1790 634 intelligendam,
1839 563 1910 618 ιιι
1945 568 2111 620 recte

556 649 822 730 probant
861 665 998 726 quae
1024 647 1109 706 ibi
1137 647 1401 708 adducta
1431 653 1597 724 sunt,
1629 655 1690 709 et
1718 667 1932 710 omnes
1962 650 2108 710 Doc-

556 749 718 803 tores
770 741 1077 817 fatentur,
1139 758 1339 820 neque
1393 743 1579 802 etiam
1639 743 2110 822 distinguuntur

558 837 894 896 secundum
921 835 1258 912 rigorosam
1291 833 1612 895 formalem
1643 837 1947 897 rationem
1978 853 2112 914 spe-

557 927 837 1004 cificam3
899 927 1302 986 nihilominus
1353 933 1585 1000 tamen,
1641 935 1712 988 ut
1760 929 1981 988 divisio
2034 928 2115 986 sit

557 1022 884 1096 sufficienS,
931 1021 1078 1080 satis
1106 1027 1196 1080 cst
1242 1027 1312 1080 ut
1355 1021 1432 1082 ad
1483 1021 1737 1082 modum
1767 1021 2111 1102 specierum

555 1133 665 1196 per
691 1114 989 1194 quosdam
1028 1113 1425 1192 particulares
1453 1114 1668 1175 modos
1712 1115 1878 1175 inter
1915 1133 1980 1176 se
2016 1132 2111 1175 re-

555 1213 905 1290 pugnantes
933 1213 994 1268 et
1027 1205 1170 1266 fidei
1199 1207 1561 1284 contrari05,
1579 1207 1860 1269 membra
1893 1207 2113 1268 distin-

557 1308 849 1382 guantur,
901 1306 972 1360 ut
1010 1301 1240 1361 dictum
1291 1305 1412 1378 est3
1456 1319 1657 1380 neque
1704 1300 1988 1380 exempla
2023 1300 2113 1365 ibi

556 1397 817 1459 adduct-a
846 1401 1020 1456 extra
1065 1393 1430 1456 divisionem
1476 1395 1915 1468 inveniuntur;
1964 1412 2111 1455 nam

559 1491 934 1569 quicumque
987 1487 1087 1550 vel
1145 1487 1584 1549 revelationem
1643 1485 1916 1548 divinam
1937 1533 1958 1563 ,
2016 1487 2115 1548 vel

557 1583 866 1644 Christum
901 1581 1227 1641 Dominum
1259 1599 1383 1641 non
1407 1580 1687 1656 credunt,
1719 1580 1792 1642 ad
1828 1580 2113 1659 paganis-

558 1695 728 1737 mum
761 1675 1095 1754 pertinent,
1153 1674 1278 1734 sive
1329 1675 1408 1735 sit
1446 1674 1684 1745 atheuS,
1739 1673 1866 1734 sive
1915 1675 2113 1734 Deum

555 1785 770 1829 verum
799 1785 909 1846 per
947 1769 1251 1828 rationem
1293 1767 1501 1846 aliquo
1544 1767 1728 1826 modo
1759 1772 2110 1844 cognoscat,

556 1864 684 1923 imo
738 1860 981 1920 etiamsi
1039 1859 1282 1919 nullum
1334 1877 1609 1920 errorem
1669 1866 1885 1920 contra
1926 1859 2114 1920 ratio-

557 1973 700 2016 nem
732 1954 1078 2015 naturalem
1104 1953 1333 2014 habere
1378 1953 1718 2032 contingat,
1751 1951 1914 2032 quod
1951 1959 2114 2014 certe

557 2053 624 2110 in
684 2049 942 2130 paganis
998 2065 1318 2126 nunquam
1365 2047 1682 2126 continget
1719 2063 1736 2105 ε
1783 2045 2121 2106 infidelitas.

559 2149 767 2204 autem
791 2141 1176 2215 Antichristi,
1211 2145 1272 2201 et
1301 2141 1416 2200 sub
1453 2140 1561 2200 illo
1592 2141 1750 2200 saeta
1775 2137 1856 2200 ad
1881 2139 2115 2218 judais-

559 2254 733 2297 mum
758 2235 1115 2316 pertinebit,
1145 2239 1217 2295 ut
1253 2252 1328 2295 ex
1354 2233 1501 2295 alibi
1530 2234 1855 2313 disputatis
1888 2233 1965 2294 de
1994 2235 2121 2294 An-

559 2331 838 2392 tichristo
867 2333 1036 2409 patet
1077 2330 1244 2409 (tom.
1279 2329 1341 2402 2,
1373 2329 1438 2388 in
1481 2329 1518 2388 3
1570 2333 1754 2408 part„
1799 2327 1958 2407 disp.
2012 2329 2115 2403 54,

561 2429 708 2484 sect.
737 2424 779 2482 Ξ
805 2427 868 2482 et
893 2419 974 2499 4).

1191 2651 1406 2704 813ch
1439 2651 1499 2702 V.

616 2833 838 2896 Utrum
883 2829 1194 2910 apostasia
1223 2829 1310 2891 sit
1329 2827 1551 2908 species
1579 2825 1959 2906 infidelitatis
1992 2824 2087 2888 vel

850 2924 1317 2987 circumstantia
1342 2924 1496 3001 ejus,
1526 2924 1584 2983 et
1611 2921 1833 3001 qualis.

643 3169 700 3227 1.
754 3162 914 3236 Quid
933 3163 1019 3224 sit
1059 3160 1389 3242 apostasia.
1421 3193 1502 3206 -
1518 3160 1603 3220 De
1625 3158 1931 3239 apostasia
1956 3177 2126 3239 sepa-

564 3259 752 3320 ratim
788 3256 1124 3336 disputavit
1152 3254 1332 3315 divus
1367 3253 1636 3314 Thomas
1677 3255 1738 3313 9.
1787 3254 1851 3328 2,
1900 3256 2123 3330 quaest.

566 3355 644 3412 12
675 3373 692 3426 ;
719 3349 865 3429 quia
899 3355 1112 3410 tamen
1154 3365 1294 3407 cum
1325 3345 1688 3407 infidelitate
1717 3345 1783 3405 in
1805 3346 1948 3424 Jure
1978 3362 2118 3405 con-

561 3445 867 3525 jungitur,
924 3448 986 3502 et
1034 3440 1280 3501 easdem
1338 3439 1469 3500 fere
1517 3437 1704 3500 habet
1757 3455 1993 3518 poenaS,
2050 3454 2121 3496 ac

563 3536 822 3616 proinde
873 3533 1153 3594 doctrina
1209 3531 1461 3593 moralis
1505 3530 1583 3591 ad
1632 3530 1769 3591 illas
1807 3530 2121 3610 pertinens

561 3631 689 3691 fere
713 3627 928 3689 eadem
956 3631 1066 3700 est,
1097 3643 1169 3685 ac
1192 3625 1458 3702 denique
1499 3623 1645 3702 quia
1673 3623 1976 3704 apostasia
2006 3622 2121 3682 cir-

565 3724 932 3784 cumstantia
951 3724 1044 3780 est
1056 3717 1434 3778 infidelitatis
1459 3715 1636 3776 valde
1657 3716 1747 3776 illi
1766 3716 2118 3793 conjuncta,

565 3817 705 3876 ideo
735 3820 982 3893 propter
1013 3811 1374 3870 brevitatem
1421 3815 1483 3870 et
1528 3808 1896 3883 claritatem,
1951 3824 2120 3868 com·

567 3909 808 3968 modius
835 3907 1039 3965 visum
1070 3911 1160 3964 est
1180 3902 1345 3962 illam
1377 3901 1522 3962 huic
1549 3900 2121 3980 adjungere.Apos-

567 4003 722 4062 tasia
747 4017 896 4078 ergo
923 3999 1086 4058 idem
1139 4003 1229 4058 est
1260 3996 1423 4076 quod
1471 3996 1852 4068 retrocessi0‚
1885 4012 1994 4054 seu
2024 3993 2125 4054 de-

571 4093 754 4154 sertio
791 4091 1058 4152 instituti
1087 4089 1274 4149 semel
1315 4087 1576 4166 suscepti
1624 4103 1760 4146 cum
1792 4086 2002 4145 animo
2027 4085 2125 4145 vel

571 4185 944 4264 obligatione
979 4181 1380 4261 permanendi
1412 4180 1480 4239 in
1527 4179 1666 4254 illo;
1711 4197 1857 4240 nam
1887 4184 2126 4258 aposta·

569 4285 702 4339 tare
734 4279 898 4338 idem
927 4281 1016 4336 est
1043 4274 1202 4353 quod
1237 4273 1520 4347 deficere,
1569 4289 1679 4332 seu
1718 4271 2121 4343 retrocedere,

571 4387 936 4450 semperque
989 4367 1054 4428 in
1122 4364 1346 4426 malam
1396 4371 1638 4444 partem
1687 4365 1957 4424 sumitur
2014 4382 2126 4442 pro

573 4463 916 4524 desertione
934 4459 1147 4538 iniqua
1175 4465 1236 4517 et
1252 4457 1625 4518 inconstanti
1641 4472 1662 4534 ;
1694 4461 1754 4515 et
1769 4455 2125 4534 aliquandO,

568 4557 747 4636 juxta
769 4571 951 4614 usum
985 4551 1367 4623 Latinorum,
1395 4548 1622 4609 dicitur
1641 4549 1828 4610 etiam
1847 4549 1924 4610 de
1941 4549 2128 4609 rebus

576 4648 881 4722 civilibus,
931 4651 997 4705 ut
1038 4650 1382 4725 apostatare
1427 4661 1465 4704 a
1509 4661 1678 4721 rege,
1731 4642 1832 4702 vel
1864 4643 2131 4721 impera-

575 4753 730 4815 tore,
793 4745 868 4798 ut
935 4739 1094 4798 bene
1162 4737 1428 4798 advertit
1495 4736 1738 4796 Decian.
1813 4734 1880 4795 in
1941 4742 2124 4797 tract.

579 4833 864 4906 Crimin.,
899 4831 1006 4890 lib.
1041 4831 1103 4907 5,
1137 4849 1270 4910 cap.
1313 4831 1375 4903 7,
1406 4846 1580 4888 num.
1613 4831 1671 4887 1.
1706 4825 1843 4888 Jam
1869 4845 2015 4888 vero
2055 4845 2130 4887 ex

578 4946 693 4988 usu
729 4925 1131 4986 ecclesiastico
1161 4923 1405 5002 proprie
1444 4923 1673 4982 dicitnr
1717 4928 1993 5000 respectu
2021 4921 2132 4982 Dei

578 5020 676 5081 vel
721 5036 929 5078 rerum
959 5017 1338 5089 divinarum,
1381 5016 1562 5093 juxta
1609 5015 1759 5075 illud
1810 5014 2133 5074 Ecclesias—

575 5113 682 5173 tici
719 5114 758 5172 2
785 5129 803 5173 ι
833 5109 1096 5172 Initium
1117 5109 1410 5190 superbia·
1434 5107 1691 5170 hominis
1720 5112 2068 5188 apostatare
2096 5125 2134 5170 a

579 5205 726 5267 Deo.

657 5300 719 5359 2.
765 5294 1000 5358 Divisio
1049 5295 1373 5376 apostasia·
1406 5295 1476 5357 iu
1521 5293 1748 5376 triplex
1785 5295 2131 5358 membrum.

581 5423 664 5440 -
691 5392 991 5451 Praeterea
1057 5387 1192 5448 hoec
1241 5391 1542 5469 apostasia
1597 5407 1635 5448 a
1687 5389 1810 5449 Deo
1879 5391 1948 5450 in
2018 5389 2138 5449 tria

583 5483 866 5548 membra
905 5483 1306 5564 distinguitur
1355 5500 1392 5542 a
1442 5483 1512 5543 D.
1575 5481 1850 5558 Thoma,
1893 5501 1957 5563 q.
2015 5485 2091 5542 12
2116 5527 2132 5559 ,

2189 471 2307 526 art.
2346 469 2406 540 1,
2452 471 2513 526 et
2548 464 2739 528 Gloss.
2789 463 2857 524 in
2904 481 3042 544 cap.
3076 467 3107 526 1
3156 465 3225 530 de
3258 463 3573 547 Amnum,
3598 473 3692 536 uhi

2190 561 2533 633 innocent„
2562 557 2869 618 Hostiens.
2916 562 2979 616 et
3024 556 3165 632 alii3
3208 557 3491 622 dividitur
3527 565 3693 642 igitur

2189 653 2255 711 in
2282 651 2648 731 apostasiam
2690 669 2727 710 a
2774 649 3097 728 religione,
3128 649 3207 710 ab
3244 649 3567 714 obedientia
3588 665 3695 718 cta

2190 744 2334 820 fide,
2365 752 2429 806 et
2469 743 2669 822 prima
2712 741 3009 802 dividitur
3036 744 3101 802 in
3144 745 3493 822 apostasiam
3519 747 3587 808 ab
3610 769 3693 808 or·

2191 837 2359 912 dine,
2416 843 2479 898 et
2522 855 2561 896 a
2613 835 2989 916 professione
3024 835 3307 914 religiosa
3331 883 3351 912 ,
3392 838 3463 898 de
3505 843 3695 918 quihus

2192 930 2615 1010 principaliter
2665 935 2891 991 tractat
2950 929 3170 989 titulus
3214 931 3597 992 Decretalium
3641 938 3697 998 de

2192 1024 2536 1104 Apostolus,
2586 1026 2644 1084 et
2686 1022 3049 1085 iterantibus
3074 1022 3372 1102 baptisma
3388 1067 3405 1098 ,
3442 1031 3501 1084 et
3542 1029 3698 1103 perti-

2190 1123 2344 1178 nent
2374 1117 2448 1177 ad
2498 1115 2821 1176 materiam
2862 1115 2939 1176 de
2970 1113 3189 1174 ordine
3214 1121 3275 1176 et
3302 1121 3458 1176 statu
3488 1118 3697 1196 religio-

2190 1210 2309 1270 niS.
2345 1209 2627 1270 Secunda
2653 1207 2953 1286 apostasia
2982 1207 3061 1268 ab
3104 1207 3448 1268 obedientia
3486 1209 3544 1270 in
3595 1229 3701 1272 uno

2190 1320 2371 1363 sensu
2398 1302 2858 1380 generalissima
2877 1307 2991 1376 est,
3017 1307 3079 1361 et
3102 1300 3221 1362 dici
3251 1306 3444 1380 potest
3466 1302 3537 1361 de
3556 1304 3699 1364 omni

2190 1401 2441 1474 peccato
2469 1394 2737 1468 mortali,
2776 1394 3117 1472 praesertim
3148 1393 3393 1471 quaudo
3428 1393 3499 1454 ab
3536 1393 3705 1458 homi·

2193 1506 2296 1563 ne,
2345 1488 2627 1566 quiante
2666 1487 2867 1565 justus
2910 1495 3069 1561 erat,
3118 1486 3544 1561 committitur,
3576 1505 3705 1565 quo-

2195 1579 2379 1641 modo
2412 1579 2657 1658 Angeli,
2700 1581 2808 1657 qui
2838 1584 3193 1658 peccarunt,
3236 1584 3514 1658 apostatat
3542 1587 3595 1639 et
3631 1599 3709 1640 rc-

2196 1673 2386 1734 belles
2436 1673 2635 1734 solent
2662 1691 2701 1734 a
2732 1673 3015 1734 Patribus
3049 1673 3193 1747 dici,
3224 1681 3294 1731 ut
3322 1673 3522 1734 videre
3551 1675 3705 1734 estin

2194 1767 2489 1844 Gregorio
2519 1766 2827 1840 Nazianz.‚
2850 1772 3005 1826 orat.
3032 1765 3109 1826 18
3132 1773 3197 1826 et
3214 1767 3295 1826 42
3316 1781 3337 1842 3
3366 1771 3427 1826 et
3452 1766 3527 1826 sic
3552 1767 3708 1828 etiam

2195 1861 2527 1922 Anaclctus
2572 1862 2751 1940 Papa,
2806 1861 2871 1920 in
2925 1859 3183 1940 epistola
3236 1863 3266 1922 1
3322 1860 3705 1935 Decretalium,

2197 1954 2355 2016 dixit
2379 1960 2598 2034 sponte
2640 1953 3157 2032 transgredientes
3198 1952 3397 2030 legem
3446 1959 3708 2032 apostatas

2196 2047 2529 2108 nominari.
2572 2046 2830 2125 Speciali
2884 2052 3093 2106 autem
3146 2045 3333 2106 modo
3382 2052 3612 2124 possunt
3657 2047 3709 2106 in

2196 2139 2313 2200 hoe
2357 2139 2574 2202 ordine
2622 2139 2749 2200 dici
2802 2145 3093 2220 apostatae
3110 2185 3130 2215 ,
3194 2139 3305 2218 qui
3354 2157 3391 2198 a
3442 2136 3712 2200 Pontificis

2198 2232 2549 2293 obedientia
2584 2232 2903 2308 recedunt,
2943 2239 3007 2292 et
3052 2232 3172 2292 hoc
3216 2232 3401 2292 modo
3426 2250 3487 2294 se
3530 2231 3600 2292 ab
3624 2233 3713 2292 Ec-

2198 2325 2379 2386 clesia
2404 2330 2711 2404 separant.
2740 2325 3182 2385 Verumtamen
3212 2325 3400 2386 etiam
3424 2323 3545 2386 haec
3568 2341 3713 2404 apos-

2200 2419 2375 2492 tasia,
2398 2417 2540 2478 licet
2562 2435 2703 2478 cum
2730 2416 2950 2478 haeresi
2974 2417 3337 2496 frequenter
3360 2419 3439 2478 sit
3463 2419 3715 2496 conjunc-

2198 2519 2285 2586 ta,
2336 2517 2549 2572 tamen
2594 2511 2672 2570 ad
2724 2509 3153 2572 infidelitatem
3192 2529 3325 2570 non
3368 2517 3603 2590 spectat,
3628 2510 3715 2571 sed

2198 2603 2313 2664 sub
2338 2604 2505 2664 vitiis
2532 2603 2820 2664 charitati
2847 2604 3141 2684 oppositis
3167 2603 3474 2683 ponitura
3494 2604 3557 2662 D.
3584 2602 3719 2662 Tho·
3837 2593 3838 2636 Ῑ

2202 2713 2305 2757 ma
2333 2698 2391 2758 2.
2419 2698 2482 2772 2,
2513 2715 2574 2776 q.
2606 2698 2705 2758 39.
2752 2696 2890 2758 Sola
2934 2715 3082 2774 ergo
3126 2697 3430 2775 apostasia
3456 2714 3493 2756 a
3518 2695 3625 2756 fide
3656 2695 3719 2754 ad

2202 2797 2566 2868 praesentem
2592 2789 3023 2850 tractationem
3066 2795 3329 2870 spectat,
3361 2789 3435 2850 de
3472 2807 3584 2868 qua
3618 2789 3723 2866 pri·

2204 2901 2308 2943 mo
2336 2883 2663 2944 dicendum
2702 2889 2790 2944 est
2814 2883 2961 2962 quid
2996 2883 3075 2942 sit
3104 2883 3517 2944 necessarium
3548 2881 3720 2941 utilia

2206 2979 2649 3051 committatur,
2689 2976 2910 3038 deinde
2956 2976 3270 3056 quomodo
3316 2976 3395 3036 ad
3434 2975 3721 3036 infidelita-

2205 3078 2330 3130 tem
2358 3077 2769 3149 comparetur.

2288 3164 2347 3223 3.
2372 3161 2476 3226 Aa
2509 3165 2881 3244 apostasiam
2918 3162 3281 3246 requiritur,
3323 3169 3394 3225 ut
3442 3163 3581 3239 fides
3606 3163 3721 3239 jam

2207 3261 2485 3338 suscepta
2510 3257 2836 3320 deseratur.
2864 3288 2947 3303 —
2975 3257 3242 3320 Dubium
3283 3283 3307 3318 .·
3354 3261 3600 3336 quantus
3622 3271 3723 3316 esse

2202 3352 2400 3414 debeat
2426 3351 2542 3414 iste
2568 3368 2837 3414 recessus
2878 3369 2919 3413 a
2939 3352 3075 3430 fide.
3124 3379 3207 3396 --
3260 3351 3481 3412 Prima
3514 3354 3568 3411 et
3598 3365 3723 3410 com-

2199 3443 2439 3505 munior
2464 3441 2775 3506 sententia.
2816 3479 2897 3489 —
2933 3443 3442 3506 Fundamentum.
3480 3475 3555 3488 --
3578 3441 3721 3500 Circa

2201 3535 2498 3616 primum,
2552 3537 2931 3598 conveniunt
2978 3553 3194 3597 omues
3256 3535 3335 3596 ad
3394 3537 3720 3614 apostasiam

2200 3628 2431 3708 requiri
2457 3634 2527 3689 ut
2546 3628 2697 3689 fides
2718 3631 2847 3708 Jam
2870 3634 3149 3709 suscepta
3173 3628 3491 3688 deseratur
3499 3643 3519 3704 3
3544 3627 3719 3704 itaque

2197 3715 2375 3800 juxta
2428 3721 2881 3782 distinctionem
2943 3721 3152 3782 datam
3212 3722 3483 3784 sec-tione
3536 3737 3719 3800 praece-

2201 3813 2394 3889 denti,
2422 3815 2578 3874 sicut
2605 3813 2692 3873 ibi
2736 3815 3003 3876 diximus
3049 3815 3125 3873 ad
3150 3814 3443 3876 haeresim
3476 3832 3593 3874 non
3619 3829 3725 3872 esse
3837 3843 3838 3848 1

2202 3907 2614 3968 necessarium
2650 3914 2720 3966 ut
2747 3927 2823 3968 ex
2870 3914 3042 3987 parte
3092 3908 3354 3987 subjecti
3396 3905 3729 3988 praeccsserit

2204 4000 2359 4062 fides
2390 4001 2457 4060 in
2480 4000 2795 4073 hoereticO,
2832 4001 2921 4061 ita
2965 4019 3131 4061 nunc
3177 4019 3213 4060 e
3260 4001 3560 4062 contrario
3602 3997 3729 4058 dici-

2207 4111 2351 4154 mus
2378 4091 2459 4152 ad
2485 4095 2853 4172 apostasiam
2890 4092 3008 4154 hoc
3036 4111 3167 4156 esse
3194 4093 3631 4169 necessarium3
3660 4091 3731 4150 ita

2206 4187 2372 4246 enim
2403 4186 2581 4246 docet
2616 4185 2805 4246 Divus
2854 4186 3121 4247 Thomas
3165 4187 3415 4262 citatuS,
3446 4193 3505 4245 et
3546 4199 3731 4244 omnes

2206 4277 2505 4357 Theologi
2558 4297 2700 4339 cum
2752 4297 2862 4352 co;
2912 4281 3061 4340 item
3121 4280 3284 4359 juris
3342 4278 3607 4340 canonici
3654 4277 3733 4335 iu-

2206 4378 2527 4451 terpretes,
2571 4391 2725 4452 quos
2761 4372 2882 4433 late
2924 4371 3112 4433 refert
3162 4373 3472 4447 Farinac„
3519 4374 3728 4430 tractat.

2208 4465 2283 4525 de
2317 4465 2569 4540 Haeresi,
2594 4464 2929 4543 quaestione
2962 4467 3102 4538 183,
3142 4465 3179 4546 ξ
3227 4467 3287 4526 2.
3324 4467 3399 4525 Et
3426 4466 3614 4543 ipsum
3642 4480 3737 4520 no-

2209 4574 2354 4618 men
2396 4577 2468 4617 ac
2504 4560 2665 4619 ratio
2714 4558 2779 4618 id
2821 4577 2949 4637 prae
3000 4577 3065 4620 se
3111 4559 3272 4634 fert3
3322 4575 3469 4618 nam
3518 4561 3731 4635 aposta-

2209 4650 2299 4710 sia
2342 4650 2617 4711 consistit
2647 4652 2713 4710 in
2743 4669 3026 4727 recessu3
3059 4669 3246 4712 nemo
3288 4657 3495 4712 autem
3534 4645 3736 4710 recedit

2210 4743 2330 4804 nisi
2383 4762 2421 4803 a
2461 4743 2751 4819 terminu,
2792 4744 2855 4804 in
2896 4763 3020 4822 quo
3060 4745 3231 4824 prius
3276 4743 3589 4804 existebat.
3634 4741 3736 4799 Du-

2211 4835 2385 4896 bium
2418 4839 2624 4895 autem
2653 4842 2747 4896 est
2782 4837 2979 4916 qualis
3008 4845 3069 4898 et
3092 4843 3363 4916 quantus
3386 4853 3511 4898 esse
3546 4833 3737 4894 debeat

2211 4928 2314 4988 hic
2340 4947 2633 5004 recessus,
2664 4936 2737 4988 ut
2760 4931 3069 5010 apostasia
3094 4933 3209 5008 sit3
3250 4933 3311 4990 in
3342 4949 3465 5009 quo
3492 4935 3575 4989 est
3596 4942 3737 4987 com-

2213 5020 2417 5081 munis
2443 5023 2675 5102 opinio,
2715 5024 3119 5084 necessariam
3157 5042 3283 5085 esse
3317 5025 3497 5084 totius
3524 5019 3655 5080 fidei
3684 5021 3737 5078 et

2212 5114 2531 5194 ipsiusmet
2553 5113 2778 5176 Christi
2821 5116 3321 5194 abnegationem,
3362 5117 3533 5194 juxta
3574 5128 3737 5190 quam

2216 5207 2584 5268 sententiam
2620 5210 2925 5288 apostasia
2958 5210 3159 5270 solum
3202 5210 3513 5269 invenitur
3552 5206 3613 5264 in
3646 5202 3737 5262 illo

2216 5299 2492 5375 homine,
2534 5301 2641 5379 qui
2672 5319 2749 5362 ex
2788 5301 3242 5364 christianismo
3286 5301 3365 5360 ad
3386 5299 3737 5378 judaismum

2217 5392 2316 5452 vel
2366 5393 2797 5471 paganismum
2840 5395 3149 5472 transivit,
3203 5412 3329 5454 uon
3380 5391 3607 5452 veroin
3646 5385 3735 5446 illo

2216 5485 2325 5564 qui
2352 5486 2468 5546 sub
2500 5487 2716 5549 eodem
2758 5488 3095 5550 christiano
3149 5488 3419 5571 nomine·
3446 5482 3737 5546 haereticus
