3900 6217
633 416 798 471 sEcT.
837 416 898 469 ΙΙ.
934 416 1096 479 Quoi·
1131 414 1269 467 sm·
1303 410 1548 466 GnstDUS
1581 406 2006 461 nummum!
2040 406 2550 467 Paoposmoaun,
2586 402 2715 457 1-3Το.
3158 396 3271 459 869

162 533 229 605 nt,
253 542 416 607 quam
445 519 665 601 prolata
693 536 732 578 a
761 535 1022 597 persona
1041 516 1116 577 de
1144 516 1320 596 cujus
1348 511 1630 575 doctrina
1707 508 1839 571 rice.
1865 510 1969 569 Est
1990 514 2197 570 autem
2226 510 2564 584 temeritaS,
2596 514 2749 571 teste
2776 510 2842 569 D.
2866 509 3101 571 Thoma
3123 510 3181 569 2.
3202 513 3264 583 2,

161 634 190 687 it
225 618 488 681 catholica
531 613 644 675 fide
688 612 838 673 satis
877 616 1138 685 constat,
1183 627 1319 688 quoe
1376 606 1630 687 quidem
1711 621 1772 681 q.
1809 603 1909 678 53,
1942 614 2060 664 art.
2094 606 2153 673 3,
2190 602 2265 664 ad
2297 604 2358 675 2,
2401 603 2807 682 proecipitatio
2855 602 3138 683 quaedam
3176 602 3267 663 fa-

162 736 224 779 ›ro
236 716 348 775 foro
363 715 596 771 externo
628 704 893 765 multum
912 700 1296 765 observanda
1319 704 1486 761 sunt.
1515 697 1630 759 Hic

161 818 322 879 autem,
351 809 415 863 ut
437 802 500 861 in
532 800 666 861 aliis
698 798 852 872 dixi,
888 796 1205 875 loquimur
1249 795 1326 855 de
1355 791 1628 872 proposi-

161 906 270 965 ione
310 895 584 967 absolute,
625 899 686 954 et
723 890 1060 953 secundum
1101 908 1164 951 se
1207 887 1624 957 considerata,

161 1004 186 1057 εὶ
217 996 286 1055 sic
321 988 575 1071 procedit
623 985 948 1065 explicatio
991 983 1136 1044 data
1189 983 1266 1043 de
1313 980 1630 1061 aequivoca

161 1084 490 1167 impositione
534 1078 892 1158 simpliciter
938 1082 1000 1139 et
1037 1077 1170 1137 sine
1213 1074 1627 1136 declaratione

162 1186 351 1259 umpta.
398 1177 462 1236 In
508 1192 579 1235 ea
623 1178 832 1235 tamen
887 1176 1143 1249 possunt
1181 1186 1311 1229 esse
1355 1165 1624 1246 gradus;

162 1292 252 1339 iam
271 1272 312 1332 si
337 1286 536 1331 sensus
559 1265 892 1329 catholicus
919 1270 1010 1325 est
1033 1263 1230 1342 magis
1253 1261 1536 1341 proprius
1568 1266 1630 1320 et

162 1370 366 1439 isitatus,
389 1369 526 1423 tunc
543 1358 876 1439 propositio
893 1376 1020 1419 non
1041 1356 1378 1417 merebitur
1388 1360 1629 1414 tantam

161 1470 436 1531 aensiiram3
473 1454 523 1514 si
555 1470 703 1513 vero
741 1468 778 1513 e
819 1450 1128 1513 contrario
1154 1448 1540 1529 frequentius
1569 1450 1632 1507 et

162 1549 464 1615 eommunius
483 1546 814 1625 accipiatur
832 1544 897 1604 in
927 1562 1110 1607 sensu
1134 1543 1447 1619 haereticO,
1477 1548 1630 1603 tunc

161 1646 354 1709 naxime
402 1641 598 1701 locum
648 1639 840 1699 habet
897 1656 1180 1699 censura.
1253 1636 1317 1697 Si
1365 1636 1631 1716 donique

161 1737 336 1817 equalis
357 1735 431 1795 sit
457 1733 536 1793 ad
565 1739 893 1812 utramque
929 1738 1190 1811 partem,
1221 1748 1348 1791 non
1381 1746 1631 1791 excusa-

161 1833 316 1891 bimi-a
345 1844 608 1898 censura,
669 1828 817 1906 quia
857 1823 1492 1905 imprudentissimum
1539 1828 1629 1883 est

161 1923 433 1999 impliciter
465 1920 798 1994 affirmare,
831 1919 996 1998 quod
1017 1924 1145 1978 tam
1174 1917 1536 1995 ambiguum
1567 1920 1629 1975 et

161 2017 456 2095 equivocum
497 2019 606 2075 est.
661 2014 738 2073 Et
781 2012 922 2073 ideo
951 2012 1173 2072 merito
1201 2011 1492 2071 dixerunt
1519 2008 1631 2069 ali-

161 2112 224 2190 1ui
261 2128 322 2171 ex
363 2108 551 2169 citatis
600 2105 979 2177 auctoribuS,
1025 2104 1333 2184 judicium
1379 2104 1458 2164 de
1515 2102 1632 2165 hoc

161 2204 294 2281 gradu
318 2200 790 2281 propositionum
827 2199 1095 2259 multum
1124 2215 1202 2258 ex
1229 2198 1633 2257 circumstan-

161 2298 223 2357 ¹iiis
257 2303 306 2355 et
327 2294 633 2374 prudentia
693 2292 982 2373 pendere.
1035 2290 1334 2369 Exempla
1370 2290 1450 2349 ab
1484 2290 1632 2369 ipsis

161 2388 278 2467 plura
301 2388 646 2462 afferuntur,
677 2404 818 2466 quae
842 2385 1160 2446 brevitatis
1183 2402 1362 2445 causa
1386 2384 1626 2445 omitto·

213 2484 282 2543 ¹9.
309 2484 384 2543 De
395 2480 792 2560 propositione
821 2480 1155 2561 offendente
1180 2481 1318 2558 pias
1335 2496 1535 2541 aures.
1553 2512 1636 2524 —

162 2576 730 2639 &scandulaca—In
759 2575 975 2654 quinto
1002 2574 1195 2651 gradu
1217 2576 1471 2652 ponitur
1495 2590 1634 2651 pro-

162 2670 316 2748 positio
329 2670 554 2747 piarum
571 2669 824 2731 averium
843 2668 1158 2747 offensiva,
1183 2684 1319 2743 quae
1343 2672 1504 2725 certe
1529 2683 1635 2744 pa-

165 2780 256 2823 rum
269 2761 920 2840 diflertapraeeedenti;
956 2778 1128 2835 uam,
1159 2760 1320 2837 quod
1350 2758 1509 2819 male
1538 2777 1632 2818 so-

168 2862 254 2923 nat,
277 2874 422 2917 aures
439 2856 716 2917 offendit.
757 2856 916 2915 Dum
954 2871 1104 2914 vero
1123 2853 1371 2915 additur
1381 2852 1634 2933 piarum

171 2948 357 3021 aunum,
378 2966 478 3027 per
499 2950 790 3029 pietatem
805 2948 1074 3007 maxime
1097 2945 1470 3023 intelligitur
1487 2965 1636 3007 vera

175 3040 546 3103 fideidoctrina.
581 3042 740 3115 Quia
770 3060 918 3101 vero
940 3041 1136 3120 pietas
1163 3040 1238 3101 ad
1269 3041 1636 3119 religionem

172 3135 376 3209 pertinet,
412 3135 640 3214 aliquid
685 3134 950 3214 speciale
989 3134 1058 3195 in
1097 3135 1212 3195 hoc
1251 3132 1448 3212 gradu
1491 3134 1636 3194 addi

172 3228 340 3291 finietur
363 3247 460 3309 per
480 3230 766 3291 ordinem
789 3228 868 3289 ad
888 3228 1253 3306 religionem
1279 3247 1294 3300 ;
1327 3246 1469 3287 nam
1501 3246 1637 3306 spe·-

178 3318 332 3381 ialiter
353 3322 591 3383 offendit
623 3321 764 3401 pias
786 3338 988 3391 aureS‚
1017 3321 1265 3399 quando
1287 3320 1516 3398 aliquid
1543 3322 1639 3381 in-

173 3414 315 3474 lecens
333 3414 414 3477 vel
435 3416 765 3494 indignum
791 3414 858 3473 in
887 3414 1146 3474 materia
1165 3413 1482 3490 religionis
1501 3432 1639 3474 seu-

177 3506 267 3567 itur
289 3509 366 3569 vel
399 3511 724 3587 profertur,
767 3511 829 3566 et
871 3508 960 3569 ita
988 3507 1232 3567 videtur
1267 3506 1368 3566 hio
1410 3506 1636 3583 gradus

179 3603 490 3663 ommuniter
513 3601 807 3680 intelligi,
839 3601 994 3661 utin
1017 3601 1182 3661 Cano
1202 3600 1353 3660 etin
1381 3600 1518 3659 aliis
1545 3600 1636 3660 vi·

1709 696 1908 757 ciendi
1928 696 2163 777 aliquid
2184 697 2318 758 sine
2341 697 2591 777 judicio,
2622 696 2721 758 vel
2740 695 2957 773 regula
2983 695 3264 769 rationi8‚

1709 789 1880 869 quasi
1913 809 2022 869 per
2050 797 2475 870 contemptum
2500 791 2657 869 ejus,
2687 807 2828 869 quae
2859 788 3171 849 ordinarie
3190 806 3265 849 cx

1707 884 1995 962 superbia
2024 884 2329 958 nascitur3
2373 884 2519 943 hinc
2546 902 2694 961 ergo
2716 880 3050 964 propositio
3088 888 3265 945 teme-

1707 977 1886 1040 raria
1902 976 2129 1037 dicitur
2159 977 2552 1055 generaliter,
2579 994 2715 1055 quae
2738 976 2869 1036 sine
2898 974 3154 1037 rationis
3171 992 3272 1035 re-

1709 1070 1859 1150 gula
1903 1070 2247 1149 profertur:
2308 1071 2423 1133 sub
2473 1069 2691 1149 regula
2745 1075 2954 1129 autem
3011 1068 3268 1129 rationis

1707 1166 2039 1227 auctoritas
2071 1164 2643 1244 comprehendenda
2674 1168 2785 1236 est,
2829 1164 2977 1241 quia
3014 1162 3091 1222 de
3142 1162 3269 1241 ple-

1707 1258 1912 1338 risque
1939 1257 2123 1319 rebus
2158 1258 2316 1319 ratio
2344 1259 2477 1337 ipsa
2504 1257 2693 1318 dictat
2722 1256 2989 1317 multum
3024 1274 3099 1317 cx
3128 1272 3272 1315 auc-

1708 1355 1956 1415 toritate
1996 1352 2287 1432 pendere.
2342 1352 2609 1413 Maxime
2646 1357 2859 1413 tamen
2901 1350 3018 1411 hoc
3045 1370 3263 1413 verum

1711 1452 1802 1509 est
1826 1447 1892 1507 in
1919 1447 2183 1507 materia
2210 1445 2285 1505 de
2307 1464 2430 1524 qua
2448 1451 2781 1506 tractamus
2790 1460 2810 1522 3
2834 1445 3078 1523 agimus
3100 1445 3268 1507 enim

1711 1540 1788 1601 de
1839 1541 2165 1601 temeraria
2214 1540 2631 1619 propositione
2668 1538 2735 1599 in
2777 1538 3053 1600 doctrina
3096 1538 3263 1613 fidei,

1711 1632 1808 1694 vel
1837 1632 2213 1713 Theologiae‚
2244 1651 2382 1713 quoe
2409 1634 2473 1693 in
2496 1634 2860 1695 auctoritate
2884 1633 3153 1693 maxime
3175 1632 3268 1691 ni-

1710 1728 1886 1787 titur.
1912 1726 2088 1788 Unde
2114 1726 2339 1807 duplex
2364 1728 2593 1805 gradus
2615 1726 2805 1805 hujus
2832 1726 3265 1805 propositio-iis

1712 1820 2125 1899 subdistingui
2154 1826 2387 1900 potest:
2424 1838 2571 1881 nam
2602 1820 2887 1899 quaedam
2915 1819 3033 1881 dici
3073 1825 3269 1900 potest

1713 1915 1973 1992 positive
2001 1914 2353 1989 temeraria,
2382 1912 2503 1973 alia
2538 1914 2870 1993 privative:
2895 1912 3153 1994 positive
3183 1911 3271 1972 di-

1711 2028 1806 2083 co,
1853 2011 2101 2090 quando
2137 2015 2374 2089 pugnat
2414 2016 2628 2071 contra
2669 2016 2977 2089 receptam
3018 2014 3271 2071 senten·

1713 2104 1890 2177 tiam,
1922 2104 2022 2163 vel
2050 2105 2328 2179 Patrum,
2372 2103 2470 2165 vel
2509 2102 3043 2175 Scholastieorum,
3088 2103 3174 2163 ita
3204 2107 3272 2163 ut

1713 2214 1928 2257 omnes
1986 2196 2087 2257 vel
2130 2196 2259 2257 fere
2308 2215 2523 2259 omnes
2572 2198 2637 2257 in
2702 2197 2806 2257 illa
2858 2198 3265 2271 conveniant,

1713 2290 1952 2352 etiamsi
1981 2308 2107 2350 non
2132 2298 2409 2353 asserant
2432 2308 2563 2352 esse
2595 2296 2849 2363 certam,
2882 2291 2987 2351 sed
3017 2292 3271 2352 omnino

1713 2384 2214 2467 probabiliorem,
2262 2391 2371 2446 aut
2412 2386 2774 2465 simpliciter
2809 2403 3059 2462 veram3
3118 2385 3263 2466 quia

1713 2488 1863 2541 tunc
1909 2482 2015 2541 vix
2064 2480 2199 2541 fieri
2251 2485 2451 2558 potest
2495 2488 2565 2542 ut
2602 2482 2936 2543 secundum
2984 2482 3264 2559 regulam

1714 2575 1970 2635 rationis
2007 2576 2195 2654 possit
2222 2575 2439 2653 aliquis
2475 2580 2665 2634 tantae
2702 2573 3049 2635 auctoritati
3081 2591 3276 2653 oppo-

1713 2668 1804 2742 ni,
1837 2670 1987 2749 quia
2014 2688 2140 2729 non
2181 2674 2271 2730 est
2302 2668 2595 2729 credibile
2630 2673 2722 2728 tot
2761 2670 2971 2729 Patres
3006 2668 3137 2727 sine
3174 2686 3275 2727 co·

1715 2769 1898 2841 gente
1941 2763 2221 2836 rationc',
2260 2762 2361 2821 vel
2405 2780 2575 2823 sacro
2622 2762 2975 2823 testimonio
3026 2762 3091 2821 in
3138 2778 3275 2821 oum

1715 2856 2087 2917 sententiam
2140 2856 2539 2933 conspirasse,
2591 2856 2853 2933 ideoque
2898 2873 3025 2915 non
3080 2858 3278 2934 potest

1715 2951 2021 3013 contraria
2046 2948 2377 3029 propositio
2406 2948 2635 3009 efficaci
2659 2949 2897 3009 ratione
2926 2949 3079 3023 niti3
3112 2946 3276 3009 unde

1717 3062 1858 3105 cum
1893 3044 2079 3105 etiam
2110 3043 2481 3103 destituatur
2510 3041 2899 3115 auctoritate,
2926 3046 2990 3102 et
3018 3047 3109 3101 tot
3136 3040 3277 3099 dor·

1715 3137 1954 3199 toribus
1994 3142 2367 3215 opponatur,
2400 3135 2729 3195 temeraria
2756 3135 3013 3213 positive
3044 3139 3105 3195 et
3132 3150 3275 3195 con-

1717 3230 1904 3291 trarie
1931 3230 2155 3290 merito
2198 3233 2505 3289 censetur.
2538 3228 2843 3287 Privative
2872 3233 3079 3287 antem
3129 3244 3279 3286 voco

1717 3324 2116 3385 temerariam
2162 3322 2641 3402 propositionem
2688 3321 2860 3383 illam
2886 3366 2905 3394 ,
2954 3339 3091 3399 quae
3152 3320 3281 3383 solo

1721 3418 1969 3499 proprio
2018 3404 2276 3496 jndicio,
2332 3416 2465 3477 sine
2518 3414 2843 3475 sufficienti
2889 3417 3275 3491 auctoritate,

1716 3512 1811 3573 vel
1854 3517 2113 3589 cogente
2151 3510 2417 3585 ratione,
2446 3509 2793 3586 excogitata
2834 3515 2946 3569 est.
2978 3509 3135 3569 Nam
3178 3507 3283 3569 illa

1716 3606 1902 3666 etiam
1929 3604 2136 3665 deficit
2158 3622 2195 3665 a
2220 3610 2388 3664 reeta
2410 3601 2625 3681 regula
2652 3601 2932 3677 rationiS,
2964 3609 3026 3661 et
3048 3600 3281 3681 aliquid

176 3694 248 3753 leri
271 3702 454 3771 potest.
494 3697 560 3755 ln
589 3702 766 3757 sexto
791 3694 986 3772 gradu
1028 3694 1283 3773 ponitur
1308 3692 1636 3775 propositio
1721 3698 1908 3759 habet
1947 3696 2466 3776 praesumptionis,
2516 3712 2587 3755 ac
2615 3695 2877 3773 proinde
2918 3696 2986 3754 in
3026 3695 3284 3755 materia

181 3788 456 3863 candalum,
487 3806 624 3867 quae
655 3788 938 3867 generali
969 3788 1210 3849 ratione
1239 3787 1316 3849 de
1355 3786 1642 3847 omnibus
1723 3790 2097 3869 Theologica
2140 3796 2202 3850 et
2228 3788 2686 3870 supernaturali
2711 3806 2836 3847 non
2880 3794 3047 3848 caret
3090 3795 3285 3849 teme-

177 3882 564 3944 ›raeeedentibus
591 3882 892 3960 gradibus
925 3882 1044 3941 dici
1075 3888 1304 3959 potest:
1337 3898 1483 3940 nam
1511 3896 1642 3939 om·
1723 3885 1932 3958 ritate,
1960 3884 2247 3962 quamvis
2273 3884 2499 3943 minori
2532 3898 2721 3962 quam
2756 3882 2823 3941 in
2856 3881 3047 3957 priori
3086 3882 3283 3959 gradu

175 3972 352 4035 iesillae
376 3976 816 4054 propositiones
857 3975 932 4035 de
971 3992 1034 4035 se
1064 3971 1421 4035 scandalum
1453 3990 1643 4049 genc-
1727 3976 1983 4056 (scilicet
1997 3978 2281 4055 positivo)
2302 3976 2679 4036 inveniatur.
2710 3974 2975 4035 Maxime
3004 3992 3151 4034 vero
3166 3974 3283 4035 hoc

176 4070 276 4123 ant.
311 4067 643 4144 Specialiter
667 4074 878 4129 autem
909 4066 1334 4127 consideratur
1363 4065 1451 4141 id,
1482 4064 1646 4144 quod
1726 4087 1942 4131 verum
1965 4069 2177 4143 habet,
2218 4068 2467 4147 quando
2494 4067 2637 4128 talis
2668 4064 2919 4127 assertio
2948 4073 3036 4127 est
3070 4074 3286 4131 contra

176 4159 370 4237 'exipsa
388 4178 503 4238 prae
519 4178 582 4221 se
608 4161 752 4236 fert,
784 4160 1076 4220 nimirum
1093 4160 1254 4237 quod
1279 4157 1422 4218 talis
1443 4174 1646 4217 sermo
1727 4162 2045 4241 generales
2082 4162 2325 4241 regulas
2364 4162 2429 4222 in
2465 4160 2585 4222 fide
2612 4160 2711 4221 vel
2751 4159 3088 4237 Theologia
3122 4178 3287 4221 rece-

177 4253 466 4314 ›evasionem
499 4256 694 4315 ruinae
721 4253 862 4313 aliis
880 4253 1170 4334 praebeat,
1196 4270 1339 4312 nam
1365 4251 1482 4309 hoe
1507 4268 1647 4328 pro·
1727 4263 1884 4337 ptas,
1918 4274 2029 4334 per
2070 4256 2492 4335 exceptionem
2540 4253 2951 4315 voluntariam
2986 4272 3112 4349 nqn
3142 4256 3287 4313 satis

175 4342 258 4417 iria
273 4344 336 4405 ad
359 4346 706 4409 scandalum
733 4348 1023 4426 pertinet.
1047 4348 1252 4407 Potest
1287 4352 1496 4406 autem
1521 4344 1639 4405 hoc
1720 4348 2067 4423 fundatam,
2094 4355 2163 4407 ut
2192 4349 2357 4427 quod
2391 4348 2639 4427 aliquia,
2668 4345 2833 4407 ultra
2862 4346 3288 4407 Beatissimam

177 4439 446 4499 wandalum
478 4441 543 4501 in
568 4441 830 4502 materia
873 4441 1002 4501 fere
1025 4441 1307 4501 omnium
1338 4440 1639 4499 virtutum
1721 4443 2045 4519 Virginem
2076 4448 2409 4521 conceptus
2434 4442 2625 4503 fuerit
2654 4441 2785 4501 sine
2828 4440 3117 4517 originali
3152 4458 3289 4519 pec-

176 4528 390 4606 raheri,
430 4540 492 4593 ut
517 4535 568 4594 si
596 4534 736 4613 quis
767 4532 902 4594 eam
945 4534 1286 4593 doctrinam
1329 4532 1640 4610 praedicet,
1725 4541 1886 4610 rate,
1928 4535 2024 4595 vel
2054 4535 2203 4614 quid
2230 4534 2429 4595 simile
2450 4551 2467 4610 3
2514 4534 2688 4609 item,
2720 4533 2768 4593 si
2810 4530 3043 4610 aliquid
3081 4551 3290 4612 super-

177 4638 268 4695 ]ηὲ
286 4624 366 4685 vel
391 4626 464 4685 ab
487 4626 834 4687 obedientia
877 4624 1297 4705 pra-latorum,
1327 4624 1424 4683 vel
1453 4642 1490 4683 a
1519 4642 1642 4702 poe-
1729 4627 2013 4689 naturale,
2040 4634 2102 4687 et
2146 4628 2477 4698 occultum,
2516 4632 2729 4705 utpote
2771 4625 3043 4704 pendens
3082 4644 3157 4685 ex
3183 4644 3291 4687 vo-

177 4714 392 4793 nitentia,
421 4722 512 4783 vel
535 4720 614 4781 ab
639 4720 780 4780 aliis
807 4718 1140 4779 virtutibus
1175 4718 1508 4778 moralibus
1534 4718 1644 4777 ho·
1724 4720 1963 4781 luntate
1992 4722 2095 4781 Dei
2116 4740 2241 4781 non
2270 4721 2561 4794 revelata,
2592 4726 2889 4797 tanquam
2922 4726 3181 4790 certum,
3216 4736 3291 4780 ex

177 4810 316 4871 minos
351 4822 562 4875 avocet.
591 4812 953 4893 specialiter
984 4818 1194 4873 autem
1228 4812 1292 4871 in
1335 4812 1646 4890 proposito
1727 4814 1979 4892 propria
2007 4813 2135 4874 sola
2163 4815 2515 4892 conjectura
2534 4812 2630 4873 vel
2661 4813 3106 4889 imaginatione
3135 4832 3292 4875 asse-

179 4898 344 4963 licitnr
367 4908 700 4971 scandalum
729 4906 1086 4987 propositio,
1131 4924 1268 4984 quoe
1295 4905 1364 4965 in
1389 4906 1648 4965 materia
1729 4914 1924 4981 ratur,
1978 4913 2048 4967 ut
2072 4907 2234 4985 quod
2266 4908 2393 4966 dies
2426 4906 2649 4984 judicii
2687 4906 2805 4967 erit
2840 4906 3006 4965 intra
3040 4912 3289 4967 centum

178 4990 398 5057 loetrinae
429 5000 502 5060 ad
529 5000 713 5061 fidem
753 5000 1117 5079 pertinentis
1143 4998 1525 5059 occasionem
1558 5017 1650 5058 er-
1731 5018 2039 5060 annorum
2060 5018 2412 5061 numerum.
2447 5001 2579 5061 Dixi
2600 5006 2809 5059 autem
2830 5000 2897 5059 in
2914 5000 3173 5061 materia
3190 5018 3293 5061 su-

177 5088 324 5161 randi,
349 5090 434 5151 vel
458 5093 608 5155 male
635 5092 940 5153 sentiendi
973 5091 1204 5171 praebet
1237 5090 1544 5165 fidelibus,
1583 5096 1653 5151 ut
1727 5094 2118 5173 ,vernat-torah
2139 5100 2195 5155 et
2219 5094 2591 5175 Theoloyim
2621 5095 2767 5171 quia
2788 5092 2837 5151 si
2860 5092 3043 5153 fuerit
3070 5094 3135 5152 in
3164 5111 3293 5155 ma-

177 5178 342 5256 siquis
365 5184 615 5247 absolute
647 5186 811 5247 dicat
849 5186 1154 5264 imagines
1185 5202 1312 5245 non
1352 5202 1478 5247 esse
1508 5185 1652 5246 ado·
1733 5188 1887 5248 teria
1921 5204 2073 5264 pure
2098 5186 2495 5265 speculativa,
2526 5194 2587 5247 et
2600 5187 2874 5266 pendens
2900 5205 2975 5247 ex
3002 5186 3129 5245 sola
3158 5186 3295 5263 phi-

178 5272 366 5349 randas,
399 5278 486 5337 vel
511 5279 652 5358 quid
681 5278 902 5340 simile.
1271 5325 1281 5334 .
1732 5279 2012 5358 losophia
2054 5278 2151 5339 vel
2180 5280 2622 5359 metaphysica,
2669 5280 2895 5360 poterit
2943 5278 3063 5338 dici
3103 5286 3295 5339 teme·

233 5364 312 5425 20.
349 5369 426 5429 De
455 5375 783 5436 temeraria.
811 5404 891 5419 --
923 5372 1121 5435 Unum
1151 5388 1338 5453 genua
1375 5372 1652 5452 proposi-
1733 5374 1896 5433 raria
1943 5372 2251 5433 sententia
2294 5373 2631 5433 secundum
2672 5372 2842 5451 quid,
2885 5371 2947 5431 id
2995 5377 3109 5446 est,
3139 5388 3293 5449 pure

179 5452 317 5519 tionis
355 5466 680 5531 temeraria».
710 5500 792 5513 -
823 5466 1101 5531 Alterum
1138 5483 1347 5547 genus.
1378 5498 1460 5513 —
1483 5466 1650 5525 Tan·
1734 5465 2177 5546 philosophice,
2205 5484 2333 5528 non
2360 5472 2569 5525 tamen
2599 5465 2981 5544 simpliciter,
3008 5470 3070 5524 et
3102 5464 3165 5523 in
3195 5480 3296 5524 or-

183 5544 286 5609 dcm
319 5555 442 5617 adali
463 5566 647 5637 potest
683 5560 908 5641 gradus
945 5560 1372 5643 propositionis
1399 5566 1652 5625 temora-
1731 5558 1876 5621 dine
1905 5560 1980 5619 ad
2013 5560 2357 5621 doctrinam
2382 5577 2639 5634 sacram,
2666 5564 2737 5619 ut
2756 5576 2927 5619 nunc
2954 5557 3291 5639 loquimur.
