3900 6217
622 396 744 465 212

620 511 755 587 ubi,
788 510 933 571 licet
958 525 1087 570 non
1117 508 1424 589 exprimat
1442 509 1755 585 habitum,
1780 509 1885 570 sed
1911 506 2191 570 absolute

626 603 794 664 dicat
837 601 1024 663 fidem
1073 621 1199 662 non
1228 603 1453 677 amitti,
1488 601 1899 663 nihilominus
1943 608 2190 664 tantum

625 696 703 756 de
730 693 949 756 habitu
977 695 1281 757 verificari
1316 703 1515 776 potest
1541 715 1556 770 ;
1602 713 1747 759 nam
1780 703 1962 757 actus
1987 713 2190 758 mora·

622 787 765 849 liter
806 788 1119 868 loquendo
1155 807 1283 849 non
1316 795 1427 864 est,
1459 790 1565 851 sed
1614 789 1817 869 potius
1854 790 2192 868 impeditur

623 881 771 941 dum
802 881 989 942 homo
1012 881 1337 944 actualiter
1356 888 1589 962 peccat.
1625 883 1793 944 Idem
1822 884 2090 943 sumitur
2112 901 2192 944 ex

624 975 731 1035 illo
777 975 988 1035 Jacobi
1020 976 1288 1037 secundo
1318 992 1334 1035 ε
1361 975 1545 1040 Fides
1573 978 1705 1040 sine
1726 977 2004 1056 operibus
2031 994 2190 1038 mor-

624 1075 734 1132 tua
755 1074 846 1132 est
868 1096 894 1140 ;
916 1075 977 1130 et
1004 1088 1077 1130 cx
1108 1069 1217 1130 illo
1247 1071 1461 1149 primas
1492 1071 1769 1132 Corinth.
1801 1071 2044 1131 decimo
2069 1077 2190 1131 ter-

622 1162 750 1226 tio:
814 1163 897 1226 Si
940 1164 1190 1226 habuero
1234 1182 1461 1226 omnem
1491 1167 1693 1244 fidem,
1734 1170 1879 1236 etc„
1916 1165 2188 1228 charita-

628 1262 745 1320 tem
792 1261 989 1320 autem
1036 1275 1155 1318 non
1195 1259 1472 1331 habeam,
1510 1259 1665 1320 nihil
1719 1259 1871 1319 mihi
1918 1259 2188 1339 prodest,

624 1349 733 1410 ubi
788 1351 953 1410 clare
997 1351 1365 1430 supponitur
1409 1350 1595 1412 fidem
1640 1368 1817 1430 posse
1872 1368 2002 1412 esse
2057 1351 2192 1411 sine

623 1443 945 1519 charitate,
973 1443 1134 1522 quod
1168 1461 1295 1503 esse
1342 1461 1469 1504 non
1512 1450 1716 1522 posset
1758 1444 1810 1503 si
1852 1461 1964 1522 per
2002 1460 2190 1504 omne

626 1543 948 1616 peccatum
979 1535 1237 1596 mortale
1260 1537 1669 1596 amitteretur.
1704 1536 1881 1598 Unde
1910 1542 2072 1596 recte
2101 1536 2190 1598 di-

625 1632 719 1690 xit
747 1631 1151 1708 Augustinus,
1180 1630 1383 1708 primo
1410 1629 1486 1692 de
1507 1629 1837 1704 Trinitate‚
1865 1631 2064 1710 capite
2089 1633 2193 1690 de-

628 1724 791 1784 cimo
821 1730 1061 1797 octavo,
1090 1723 1283 1784 tidem
1329 1723 1462 1784 sine
1493 1724 1793 1785 charitate
1824 1741 1949 1786 esse
1993 1741 2187 1802 posse,

626 1833 745 1880 non
756 1819 1043 1897 prodesse
1056 1841 1081 1889 ;
1107 1817 1271 1875 idem
1304 1816 1502 1892 docet,
1532 1817 1607 1877 de
1628 1817 1675 1876 F
1676 1817 1774 1877 ide
1796 1817 2185 1895 emporibus,

626 1928 693 1971 ca
698 1912 823 1988 pite
840 1911 1077 1969 decimo
1102 1915 1349 1988 quarm,
1365 1911 1435 1969 21
1462 1911 1539 1970 de
1556 1909 1814 1970 Civitate
1836 1912 1966 1984 Dei,
1992 1914 2190 1989 capite

625 2004 925 2082 vigesimo
970 2010 1167 2077 sexto,
1217 2009 1281 2064 et
1330 2004 1441 2063 alii
1492 2005 1701 2064 Patres
1746 2006 2186 2081 communiter,

630 2117 783 2178 quos
812 2095 1038 2158 referre
1081 2115 1205 2157 non
1250 2102 1513 2176 oportet,
1559 2097 1705 2176 quia
1748 2116 1845 2158 res
1888 2105 1980 2158 est
2027 2098 2192 2158 clara

630 2204 693 2252 et
733 2191 1023 2270 vulgaris.
1065 2191 1243 2252 Ratio
1276 2195 1487 2250 autem
1512 2197 1629 2265 est,
1662 2190 1815 2268 quia
1843 2207 1971 2250 non
2005 2208 2192 2251 omne

630 2293 948 2366 peccatum
991 2291 1083 2345 est
1125 2285 1505 2344 contrarium
1552 2283 1735 2359 fidei,
1779 2301 1893 2344 ncc
1932 2283 2194 2344 destruit

628 2379 933 2439 rationem
960 2377 1281 2438 formalem
1308 2376 1531 2455 obJecti
1556 2376 1711 2455 ejuS,
1735 2383 1807 2438 ut
1823 2395 1933 2456 per
1959 2395 2024 2437 se
2047 2395 2192 2438 con-

628 2479 781 2544 stat;
810 2471 973 2532 unde
1001 2469 1073 2530 fit
1096 2475 1165 2530 ut
1182 2470 1371 2530 homo
1400 2471 1463 2530 in
1486 2476 1730 2549 peccato
1760 2469 2010 2532 mortali
2031 2471 2192 2530 exis-

628 2571 765 2626 tens
808 2565 999 2644 possit
1046 2564 1296 2648 credere
1336 2565 1549 2624 omnia
1586 2563 1893 2638 revelata,
1942 2568 2008 2624 et
2045 2564 2192 2642 quia

629 2659 903 2720 revelata
928 2665 1095 2734 sunt,
1126 2663 1187 2718 et
1216 2657 1378 2717 hanc
1406 2656 1597 2718 fidem
1624 2656 1837 2718 animo
1876 2663 1939 2716 et
1966 2675 2192 2736 propo-

626 2754 743 2813 sito
772 2752 1072 2824 retinere;
1103 2768 1249 2829 crgo
1274 2756 1337 2810 et
1364 2749 1619 2826 habitu3
1650 2750 1803 2810 item
1830 2755 2032 2828 potest
2059 2769 2191 2828 spe-

628 2865 790 2922 rare,
820 2846 1147 2926 poenitere,
1182 2843 1397 2905 saltem
1438 2842 1816 2921 imperfecte,
1855 2861 1966 2921 per
2017 2843 2192 2904 attri-

634 2941 869 3002 tionem
920 2936 1481 3019 supernaturalem,
1514 2945 1575 2996 et
1604 2942 1803 3014 potest
1831 2937 2021 2996 etiam
2051 2954 2191 2998 ora-

630 3053 699 3096 re
728 3050 749 3112 ;
780 3044 842 3095 at
864 3033 996 3093 haec
1022 3050 1151 3092 non
1190 3029 1349 3090 fiunt
1391 3029 1524 3090 sine
1554 3047 1699 3090 vera
1723 3028 1883 3101 fide;
1918 3048 2068 3109 ergo
2101 3047 2194 3090 re-

628 3132 788 3191 tinet
810 3130 1005 3190 illam.
1038 3128 1313 3206 Denique
1338 3131 1549 3186 contra
1575 3124 1923 3200 haereticos,
1952 3124 2092 3186 licet
2117 3125 2189 3186 fi-

628 3225 783 3286 delis
814 3267 834 3300 ,
870 3222 1121 3303 quando
1180 3225 1388 3300 peccat
1410 3263 1429 3296 ,
1469 3219 1681 3280 credat
1730 3219 1849 3280 sibi
1892 3219 2190 3299 imputari

625 3323 968 3398 peccatum,
1004 3334 1132 3375 non
1161 3313 1298 3376 ideo
1331 3313 1561 3374 amittit
1600 3312 1787 3374 fidem
1816 3332 1832 3386 3
1878 3315 2006 3376 imo
2034 3331 2186 3374 con-

627 3411 892 3472 trarium
909 3427 1005 3470 cre
1012 3409 1213 3470 dendo
1226 3407 1399 3469 illam
1414 3407 1755 3480 amitteret;
1776 3425 1946 3486 ergo,
1973 3425 2191 3486 quam-

629 3507 721 3567 vis
748 3507 836 3565 ita
862 3508 1073 3584 peccet
1092 3509 1164 3562 ut
1188 3501 1307 3563 sibi
1330 3502 1670 3580 imputetur
1698 3510 2040 3579 peccatum,
2061 3521 2188 3564 non

626 3600 765 3660 ideo
808 3598 995 3659 fidem
1036 3596 1301 3660 amittet.
1336 3595 1521 3656 Plura
1567 3602 1783 3656 contra
1816 3597 2064 3659 eosdem
2101 3597 2194 3658 vi-

626 3693 761 3754 deri
788 3699 1044 3773 possunt
1080 3689 1240 3752 libro
1268 3689 1599 3752 undecimo
1622 3691 1699 3752 de
1727 3689 1960 3769 Gratia,
1991 3692 2191 3773 capite

626 3791 818 3849 sexto.

708 3883 769 3942 4.
818 3879 920 3943 Ad
948 3879 1217 3959 primum
1256 3886 1679 3959 aryumentwm
1718 3879 1784 3942 in
1819 3897 1988 3940 uum.
2023 3881 2080 3940 4.
2110 3911 2192 3926 ·-·-

630 3974 811 4039 Fidei
845 3974 1084 4036 habitus
1112 3991 1231 4034 non
1260 3973 1453 4036 solum
1482 3973 1846 4047 conservari,
1870 3973 1979 4034 sed
2009 3971 2192 4035 etiam

627 4066 905 4150 qenerari
934 4070 1135 4148 potest
1167 4069 1299 4130 sine
1340 4067 1662 4132 charitate.
1686 4099 1767 4112 -—
1793 4066 1887 4127 Ad
1917 4067 2192 4146 primum

624 4167 1063 4240 argumentum
1087 4204 1107 4235 ,
1153 4177 1455 4238 negamus
1499 4159 1685 4221 fidem
1701 4205 1722 4235 ,
1752 4159 1959 4239 quoad
2015 4159 2192 4222 habi-

626 4259 761 4315 tum
786 4301 805 4327 ‚
843 4253 1110 4334 pendere
1160 4254 1505 4314 necessario
1552 4253 1632 4314 ab
1682 4252 1904 4313 habitu
1944 4253 2189 4330 gratiae,

625 4349 774 4428 quia
821 4365 948 4406 non
1007 4353 1399 4427 comparatur
1452 4347 1533 4410 ad
1586 4349 1853 4427 gratiam
1886 4353 2194 4426 ,tanquam

632 4443 975 4522 proprietas
1024 4441 1371 4501 necessario
1396 4458 1660 4502 manans
1687 4439 1769 4501 ab
1796 4439 1925 4514 illa,
1957 4440 2024 4500 in
2068 4457 2192 4518 quo

630 4535 839 4596 differt
882 4553 919 4594 a
964 4532 1287 4610 charitate,
1316 4541 1379 4595 et
1407 4553 1444 4595 a
1476 4533 1813 4595 virtutibus
1854 4533 2191 4594 moralibus

634 4635 696 4690 et
747 4629 927 4688 donis
980 4628 1239 4704 infusiS,
1286 4629 1391 4689 sed
1428 4637 1820 4708 comparatur
1868 4635 1938 4690 ut
1971 4627 2190 4688 funda-

630 4728 913 4782 mentum
964 4722 1127 4799 quod
1171 4727 1365 4799 potest
1395 4739 1647 4782 manere
1688 4723 2000 4784 destructo
2033 4721 2184 4782 aedi-

633 4813 795 4874 ficic.
838 4814 990 4874 Cum
1040 4831 1185 4875 vero
1234 4815 1455 4875 Paulus
1490 4815 1680 4891 «licit,
1720 4818 2046 4880 amittendo
2089 4816 2187 4877 bo-

626 4925 766 4969 nam
792 4907 1211 4970 conscientiam
1234 4910 1603 4991 naufrayari
1634 4909 1801 4972 circa
1820 4913 2022 4990 fidem,
2057 4928 2184 4972 non

629 5001 769 5062 ideo
826 5002 973 5062 dicit
1018 5002 1169 5080 quia
1218 5021 1327 5080 per
1376 5019 1563 5062 omne
1610 5009 1923 5082 peccatum
1972 5010 2191 5065 contra

628 5095 1070 5157 conscientiam
1108 5097 1430 5156 amittatur
1450 5095 1624 5168 fides,
1661 5097 1767 5157 sed
1799 5098 1949 5176 quia
1977 5117 2189 5178 pecca-

626 5196 765 5250 tum
807 5191 1016 5268 aliquo
1064 5191 1247 5250 modo
1303 5190 1586 5251 debilitat
1637 5189 1848 5265 fidem,
1884 5198 2190 5270 quatenus

626 5284 829 5344 aufert
861 5286 1147 5344 affectum
1176 5301 1325 5360 erga
1352 5285 1566 5358 Deum,
1592 5290 1655 5346 et
1684 5283 1943 5362 impedit
1971 5287 2187 5364 gratias

624 5376 930 5437 influxuni
963 5397 975 5439 :
1016 5379 1183 5438 uncle
1211 5376 1283 5436 fit
1312 5384 1403 5453 ut,
1431 5379 1483 5437 si
1506 5385 1755 5457 peccata
1772 5377 2189 5457 multiplicen-

622 5475 728 5530 tur
748 5515 768 5544 ,
815 5489 973 5550 saepe
1016 5475 1333 5550 contingat
1366 5471 1585 5533 cantero
1622 5473 1687 5532 in
1742 5469 2049 5548 haeresim,
2083 5490 2192 5552 per

618 5577 805 5641 quam
848 5566 1169 5626 amittatur
1206 5565 1381 5640 fides,
1424 5573 1487 5628 et
1520 5565 1639 5628 hoc
1680 5572 1771 5630 est
1808 5563 2186 5646 nausa-affari

1260 399 1498 460 martir.
1534 404 1643 462 vn.
1678 407 1759 461 DE
1792 401 2064 461 VIRTUTE
2094 405 2260 462 Flet-:1
2291 407 2588 474 QUANTtm
2619 411 2702 463 AD
2735 407 3002 462 manus
3035 407 3192 462 Esus.

2270 512 2437 575 circa
2457 513 2661 591 fidem,
2689 510 2857 591 quod
2885 525 3012 570 non
3035 508 3194 570 dixit
3213 507 3426 570 Paulus
3443 512 3758 592 contingere

2267 605 2558 667 omnibus
2613 603 3040 686 peccatoribus
3059 648 3080 678 ,
3131 603 3234 663 sed
3275 603 3510 680 multis,
3551 609 3759 684 quando

2265 700 2487 779 majori
2527 699 2820 760 facilitate
2865 705 2928 760 et
2968 695 3217 758 licentia
3249 701 3452 758 contra
3495 701 3762 762 conscien-

2267 795 2419 856 tiam
2466 800 2823 874 operantur.
2859 793 3094 853 Petitur
3135 796 3340 852 autem
3374 792 3438 852 in
3481 791 3580 853 illo
3607 813 3761 872 argu-

2265 895 2499 965 mento,
2539 883 2622 950 an'
2649 889 2730 948 sit
2755 888 2923 950 idem
2955 885 3286 946 dicendum
3303 885 3378 944 de
3407 886 3591 964 prima
3627 887 3763 950 infu-

2267 983 2438 1044 sione
2495 982 2641 1044 fidei
2691 981 2858 1062 quod
2897 981 2976 1041 de
3017 979 3492 1040 conservatione.
3517 981 3668 1053 Quod
3692 990 3764 1044 est

2267 1093 2542 1155 quaerere
2568 1095 2649 1138 an
2676 1076 2822 1138 fidei
2846 1074 3095 1136 habitus
3121 1072 3428 1134 interdum
3453 1072 3764 1138 infundatur

2265 1171 2440 1249 prius
2467 1178 2768 1250 tempore,
2802 1185 2990 1249 quam
3019 1166 3266 1228 habitus
3295 1167 3498 1244 gratioe
3526 1171 3581 1226 et
3605 1167 3766 1230 chari-

2267 1265 2446 1338 tatis;
2485 1265 2594 1326 sed
2627 1265 2743 1325 hoc
2765 1263 3028 1323 dubium
3063 1261 3322 1320 tractavi
3347 1259 3686 1322 sufficienter
3715 1264 3764 1322 in

2267 1359 2528 1419 materia
2556 1360 2630 1420 de
2659 1357 2907 1431 Gratia,
2949 1355 3110 1417 libro
3146 1361 3380 1429 octavo,
3411 1353 3596 1431 capite
3631 1355 3764 1432 vige-

2267 1453 2423 1513 simo
2451 1454 2656 1524 tertio,
2689 1471 2728 1514 a
2754 1469 3016 1512 numero
3051 1447 3398 1523 undecimo,
3427 1447 3528 1508 ubi
3569 1455 3762 1526 partem

2271 1546 2682 1607 affirmantem
2712 1546 2911 1619 tenui,
2933 1561 3070 1622 quae
3093 1547 3256 1603 nunc
3283 1543 3466 1602 etiam
3487 1557 3622 1600 vera
3647 1539 3766 1600 mihi

2269 1639 2538 1714 videtur,
2583 1657 2724 1701 cum
2769 1639 3082 1718 Caietano,
3115 1637 3284 1711 Sota,
3313 1641 3375 1696 et
3409 1633 3540 1694 aliis
3575 1633 3766 1694 moder-

2265 1735 2364 1794 nis
2413 1751 2566 1812 quos
2597 1734 2684 1794 ibi
2729 1732 2943 1808 retuli,
2989 1743 3054 1792 et
3100 1729 3346 1790 videtur
3382 1727 3542 1787 idem
3586 1727 3768 1787 sentire

2266 1827 2338 1885 D.
2367 1823 2637 1888 Thomas
2657 1873 2676 1902 ‚
2725 1826 2927 1906 prima
2955 1823 3259 1896 secundae,
3292 1820 3612 1900 quaestione
3635 1837 3770 1880 sexa-

2270 1921 2507 1998 gesima
2555 1920 2851 1995 secunda,
2888 1917 3153 1978 artic-ulo
3183 1919 3427 1995 quarto,
3455 1922 3513 1974 et
3553 1913 3770 1974 secunda

2271 2014 2583 2088 secundae,
2615 2019 2832 2093 qua‘st.
2863 2014 2904 2075 6
2928 2057 2947 2088 ,
2979 2013 3154 2072 artic.
3188 2010 3250 2080 3,
3299 2008 3376 2068 ad
3417 2009 3474 2082 3,
3503 2007 3598 2068 ubi
3637 2006 3765 2079 dicit,

2273 2107 2382 2186 qui
2407 2107 2631 2186 recipit
2669 2107 2857 2168 fidem
2905 2105 3040 2165 sine
3085 2103 3386 2164 charitate
3414 2119 3531 2162 non
3559 2098 3770 2178 perfecte

2269 2201 2476 2261 sanari
2502 2219 2538 2262 a
2571 2200 2774 2279 culpa,
2807 2198 2951 2259 licet
2981 2203 3236 2258 sanetur
3261 2194 3338 2256 ab
3365 2211 3579 2254 errore.
3611 2193 3672 2252 Et
3699 2207 3771 2250 ra·

2265 2295 2356 2354 tio
2387 2299 2498 2366 est,
2531 2294 2678 2373 quia
2702 2299 2846 2354 ante
2887 2291 3256 2352 charitatem
3291 2293 3483 2366 potest
3501 2284 3667 2346 homo
3689 2282 3773 2342 ha·

2269 2387 2415 2450 bere
2447 2403 2668 2448 verum
2709 2392 2916 2447 actum
2963 2384 3134 2458 fidei,
3167 2388 3242 2443 ut
3269 2385 3476 2460 aperte
3497 2379 3654 2440 docet
3673 2377 3774 2438 Tri-

2269 2482 2625 2555 dentinum,
2647 2497 2791 2541 sess
2819 2481 2880 2555 6,
2913 2497 3046 2557 cap.
3072 2477 3134 2552 7,
3167 2481 3234 2536 et
3257 2474 3516 2535 sumitur
3539 2490 3608 2532 ex
3629 2471 3769 2531 Joan.

2270 2578 2383 2650 123
2416 2580 2584 2636 actus
2611 2580 2820 2635 autem
2841 2578 2930 2632 est
2953 2570 3266 2632 sufficiens
3287 2565 3588 2646 dispositio
3609 2564 3676 2626 ad
3693 2563 3776 2622 ha·

2270 2669 2496 2744 bitum,
2529 2667 2784 2746 quinon
2813 2665 2970 2745 petit
2997 2662 3246 2724 infundi
3273 2679 3383 2741 per
3413 2659 3646 2720 modum
3667 2673 3773 2735 pro·

2269 2762 2547 2842 prietatis
2585 2759 2896 2820 manantis
2949 2775 2988 2817 a
3035 2756 3264 2835 gratia,
3307 2760 3378 2814 ut
3419 2751 3562 2814 fides
3603 2768 3776 2812 revera

2269 2873 2396 2915 non
2425 2854 2580 2932 petit
2588 2869 2609 2930 3
2649 2853 2796 2913 item
2839 2852 2988 2931 quia
3017 2855 3219 2929 potest
3253 2847 3440 2927 recipi
3477 2846 3776 2925 Baptismus

2269 2963 2414 3006 cum
2441 2945 2839 3025 dispositione
2867 2944 2947 3005 ad
2974 2943 3186 3018 fidem,
3219 2947 3284 3002 et
3311 2959 3434 3002 non
3459 2938 3532 3000 ad
3559 2937 3776 2998 charita·

2271 3045 2434 3113 tem3
2486 3043 2940 3100 sacramentum
2987 3042 3202 3097 autem
3245 3035 3354 3098 dat
3401 3032 3662 3094 effectum
3701 3027 3777 3089 cui

2269 3151 2398 3194 non
2426 3131 2761 3212 opponitur
2801 3131 2983 3192 obex.
3019 3129 3298 3208 Denique
3337 3127 3483 3207 quia
3507 3124 3776 3188 haereticm

2271 3245 2604 3290 conversus
2631 3225 2710 3288 ad
2737 3225 2924 3287 fidem
2967 3224 3100 3285 sine
3147 3221 3513 3303 poenitentia
3551 3224 3774 3298 peccato·

2269 3338 2412 3382 rum
2465 3320 2682 3399 incipit
2721 3337 2851 3380 esse
2904 3335 3050 3380 vere
3095 3315 3324 3390 fidelis,
3371 3320 3436 3378 et
3481 3309 3776 3374 membrum

2269 3413 2574 3491 Ecclesiae3
2601 3430 2748 3492 ergo
2775 3412 2996 3492 recipit
3012 3411 3202 3472 fidem
3221 3426 3243 3488 ;
3272 3409 3387 3470 hac
3406 3407 3567 3469 enim
3588 3403 3782 3466 ratione

2265 3508 2470 3587 justus
2519 3525 2778 3586 peccans
2823 3524 2949 3566 non
2991 3504 3267 3566 creditur
3314 3501 3559 3582 perdere
3597 3495 3780 3567 fidem,

2271 3601 2419 3679 quia
2447 3599 2853 3660 nihilominus
2875 3604 3089 3659 manet
3101 3596 3308 3658 fidelis
3325 3600 3391 3657 et
3407 3610 3610 3656 verum
3628 3605 3785 3650 mem-

2269 3692 2454 3753 hrum
2502 3692 2808 3754 Ecclesiae.
2857 3691 3020 3766 Quas
3071 3691 3347 3752 rationes
3399 3687 3534 3750 ideo
3589 3694 3783 3762 repeto,

2271 3787 2422 3866 quia
2466 3784 2840 3848 confirmant
2893 3784 3346 3858 assertionem3
3389 3773 3454 3842 et
3499 3779 3582 3840 ita
3638 3773 3787 3836 solvi·

2271 3885 2377 3940 tur
2431 3879 2672 3940 facilius
2729 3878 2883 3939 illud
2937 3883 3406 3956 argumentum.
3471 3870 3617 3946 Quia
3670 3882 3786 3926 vero

2271 3973 2578 4034 contraria
2602 3973 2838 4052 opinio,
2888 3971 3142 4044 scilicet,
3188 3968 3360 4048 quod
3403 3965 3639 4028 habitus
3672 3957 3788 4019 fidei

2268 4066 2338 4127 in
2389 4066 2694 4146 principio
2743 4084 2872 4126 non
2913 4063 3285 4125 infundatur
3331 4061 3465 4122 sine
3507 4053 3786 4124 charitate,

2271 4158 2608 4240 probabilis
2647 4166 2770 4236 est,
2814 4159 2955 4220 ideo
3000 4163 3204 4238 posset
3243 4155 3433 4217 etiam
3478 4143 3792 4229 responderi

2271 4253 2560 4332 negando
2587 4254 3116 4334 consequentiam,
3135 4256 3200 4314 et
3219 4251 3496 4330 aliquam
3527 4244 3794 4306 rationem

2271 4347 2634 4410 differentias
2661 4346 3117 4422 constituendo,
3142 4345 3348 4426 qualis
3375 4348 3468 4406 est
3491 4339 3640 4402 ratio
3665 4335 3794 4416 phy·

2272 4442 2418 4518 sica,
2460 4441 2621 4520 quod
2649 4441 2829 4521 plura
2868 4441 3067 4502 solent
3091 4440 3172 4500 ad
3221 4437 3678 4517 generationem
3717 4443 3793 4488 re·

2271 4535 2436 4614 quiri
2459 4551 2645 4614 quam
2688 4535 2766 4595 ad
2795 4533 3318 4595 conservationem
3333 4547 3356 4609 3
3386 4527 3487 4592 vel
3511 4525 3659 4588 ratio
3681 4537 3794 4582 mo·

2271 4627 2441 4702 ralis,
2492 4628 2660 4707 quod
2704 4627 3012 4689 difficilius
3055 4626 3194 4706 quis
3238 4625 3520 4705 privatur
3561 4613 3795 4694 acceptis

2271 4738 2460 4798 quam
2489 4720 2856 4800 recipiendis
2871 4737 2892 4798 ;
2923 4720 3022 4782 vel
3047 4719 3207 4780 ratio
3244 4714 3629 4793 Theologica,
3658 4703 3797 4788 quod

2273 4813 2432 4874 Deus
2461 4833 2588 4875 non
2615 4815 2720 4876 dat
2737 4814 2998 4875 salutem
3013 4811 3400 4892 spiritualem
3421 4805 3794 4872 dimidiatam,

2275 4914 2338 4968 et
2363 4907 2526 4985 ideo,
2573 4908 2767 4970 donec
2791 4907 2931 4988 quis
2973 4927 3038 4968 se
3084 4906 3374 4986 disponat
3399 4902 3480 4964 ad
3525 4901 3796 4976 integram

2267 5001 2594 5082 justitiam,
2638 5004 2799 5064 Deus
2837 5020 2964 5062 non
3013 4999 3254 5062 confert
3293 4997 3564 5076 aliquam
3595 4995 3796 5071 partem

2271 5096 2324 5174 ej
2335 5114 2444 5171 us,
2481 5102 2715 5171 tamen,
2747 5097 2892 5175 quia
2922 5101 3013 5156 est
3041 5093 3374 5170 benignior
3400 5091 3468 5152 in
3493 5080 3797 5168 puniendo,

2271 5189 2411 5250 idco
2435 5207 2559 5250 non
2585 5207 2830 5270 semper
2847 5188 3053 5250 aufert
3079 5189 3270 5248 totam
3289 5182 3616 5264 justitiam,
3641 5189 3800 5275 quan}

2271 5283 2554 5358 contulit,
2609 5301 2800 5362 usque
2851 5283 2932 5342 ad
2979 5281 3460 5342 fundamentum
3507 5273 3656 5352 ejuS,
3700 5281 3800 5328 n151

2271 5376 2552 5456 specialis
2608 5377 2910 5456 oppositio
2953 5373 3054 5437 vel
3101 5390 3292 5455 prava
3335 5368 3646 5450 dispositio
3685 5377 3802 5442 pee-

2277 5471 2476 5534 cantis
2499 5469 2656 5530 illud
2685 5471 2986 5550 requirat.

2353 5566 2414 5627 5.
2458 5563 2808 5646 Empeaettur
2833 5563 3156 5632 secundum
3190 5562 3610 5643 arqumoutum
3633 5551 3806 5618 docla-
