3900 6217
595 421 764 475 SECT.
798 423 836 476 1.
873 424 1096 485 QUALIS
1128 423 1224 477 Sl'l’
1257 427 1336 478 ET
1368 427 1660 489 QUOMODO
1692 427 2049 482 GENERATm
2085 426 2527 480 commtru'ruu
2562 425 2967 480 INFIDELITAS.

228 544 345 589 eum
380 523 477 604 qui
504 523 891 602 diligentiam
919 525 1104 598 facit;
1141 525 1314 588 nulla
1361 530 1529 590 enim
1573 535 1742 592 extat

224 623 285 680 dc
325 618 427 678 hoc
453 616 795 697 promissio,
824 623 886 678 et
918 619 1302 681 convincitur
1327 629 1556 701 aperte,
1594 625 1741 702 quia

224 712 400 776 Sancti
427 708 734 770 interdum
758 717 1047 772 errarunt
1089 712 1156 772 in
1195 713 1380 775 rebus
1427 715 1508 776 ad
1559 716 1740 777 fidem

217 802 658 887 pertinentibuS,
690 821 842 882 quas
889 809 1098 882 postea
1137 806 1406 868 Ecclesia
1435 807 1736 886 definivit,

217 905 272 959 ut
301 899 368 957 de
390 896 692 976 Cypriano
721 901 782 955 et
821 895 958 956 aliis
983 903 1239 959 constat.
1267 899 1343 959 Et
1369 900 1515 962 hinc
1543 903 1741 982 sequi-

217 1001 303 1054 tur
329 991 484 1050 idem
515 1007 688 1068 posse
712 990 1068 1068 contingere
1105 991 1266 1053 cirea
1293 994 1562 1074 aliquem
1592 996 1744 1056 arti-

214 1085 388 1145 culum
421 1081 590 1157 fidei,
617 1081 762 1143 licet
791 1083 1013 1158 rariuS,
1053 1090 1114 1144 et
1152 1085 1216 1145 in
1246 1085 1605 1150 hominibus
1635 1109 1738 1150 rn-

212 1175 452 1237 dioribus
503 1181 566 1236 et
614 1176 870 1236 omnino
903 1177 1182 1237 indoctis
1241 1179 1565 1256 Probatur,
1595 1183 1740 1262 quia

211 1272 263 1331 in
290 1270 368 1328 eis
395 1274 594 1348 potest
636 1287 766 1330 esse
802 1268 1138 1348 aliquando
1161 1272 1511 1352 ignorantia
1541 1275 1742 1336 invin-

208 1361 399 1439 nihilis,
433 1369 501 1422 ut
529 1363 694 1437 dixi;
735 1379 882 1442 ergo
913 1365 1100 1424 etiam
1147 1373 1399 1446 possunt
1437 1367 1558 1428 alia
1595 1388 1742 1429 con·

205 1475 451 1532 currere,
483 1475 622 1536 quae
649 1456 827 1517 illum
861 1461 1070 1518 actum
1110 1459 1178 1519 in
1217 1459 1442 1522 talibus
1469 1464 1743 1541 personis

205 1571 234 1612 a
265 1557 494 1632 peccato
528 1557 849 1627 excusent,
879 1551 1026 1630 quia
1063 1550 1217 1612 illud
1255 1553 1455 1614 solum
1510 1557 1742 1635 pendet

203 1664 266 1706 ex
296 1643 450 1704 facto
477 1642 912 1722 contingente3
947 1643 1075 1705 imo
1123 1645 1438 1708 interdum
1491 1650 1740 1712 evenire

203 1741 416 1818 potest3
447 1740 511 1796 et
545 1753 710 1816 saepe
751 1735 908 1798 forte
947 1737 1190 1812 accidit,
1221 1746 1291 1799 ut
1331 1739 1517 1801 homo
1560 1745 1740 1803 rusti-

205 1851 318 1905 cus,
347 1828 606 1890 audiens
655 1830 1126 1909 explicationem
1178 1831 1440 1913 alicujus
1489 1835 1740 1898 articuli

200 1923 346 1997 fidei,
389 1921 528 1982 loco
569 1924 846 1984 veritatis
895 1943 1169 1986 errorem
1198 1928 1519 2008 concipiat,
1550 1948 1588 1990 a
1616 1948 1739 2009 quo

197 2021 310 2078 sine
344 2016 534 2077 dubio
578 2036 690 2098 per
735 2017 1177 2097 ignorantiam,
1214 2039 1319 2082 seu
1373 2041 1486 2103 per
1521 2043 1740 2104 quam-

197 2111 318 2170 dam
341 2110 813 2190 incapacitatem
845 2118 1190 2175 excusatur.

259 2205 311 2263 6.
359 2203 580 2266 ,Tertia
619 2205 900 2268 assertio,
931 2238 1013 2252 —
1037 2205 1266 2268 Deinde
1297 2207 1455 2268 addo
1477 2209 1640 2270 circa
1664 2229 1738 2272 ea

195 2315 308 2378 quae
351 2296 576 2356 saltem
623 2297 994 2358 sufficienter
1045 2299 1355 2380 proposita
1410 2308 1587 2378 sunt,
1638 2303 1738 2364 vel

193 2389 392 2451 credita
420 2408 496 2451 ex
542 2408 690 2450 vera
721 2390 863 2466 fide,
917 2397 979 2452 et
1023 2393 1303 2454 Ecclesiae
1343 2397 1730 2473 auctoritate,

195 2503 300 2544 non
339 2501 509 2563 posse
535 2483 858 2544 hominem
889 2484 1346 2566 inculpabiliter
1369 2507 1595 2565 errare,
1628 2495 1736 2552 aut

194 2577 446 2638 dubitare
489 2596 642 2638 cum
685 2577 1152 2656 deliberatione,
1185 2583 1306 2642 nisi
1357 2583 1609 2645 fortasse
1648 2585 1736 2644 ita

193 2673 350 2732 fuerit
377 2671 614 2732 oblitus
652 2671 876 2752 prioris
927 2676 1321 2754 cognitioniS‚
1369 2696 1438 2738 ac
1484 2678 1533 2738 si
1577 2698 1735 2739 nun·

192 2784 349 2845 quam
377 2765 564 2826 illam
599 2765 932 2828 habuisset.
961 2769 1088 2828 Hoc
1117 2771 1416 2848 posterius
1443 2773 1734 2834 manifes-

196 2865 302 2918 tum
358 2865 469 2935 est,
523 2861 702 2940 quia,
759 2860 1175 2923 intercedente
1225 2863 1334 2924 tali
1383 2864 1731 2942 oblivione,

199 2953 511 3032 praecedens
538 2954 816 3034 cognitio
845 2955 1002 3016 nihil
1029 2958 1284 3032 confert,
1313 2966 1375 3020 et
1401 2958 1538 3020 ideo
1567 2960 1730 3024 idem

193 3047 455 3124 judicium
510 3054 614 3110 est
655 3047 728 3110 de
761 3048 874 3109 tali
909 3049 1160 3112 homine
1209 3069 1282 3112 ac
1322 3051 1398 3114 de
1441 3053 1588 3131 alio,
1624 3056 1732 3136 qui

192 3159 401 3220 semper
448 3141 664 3202 caruit
720 3142 832 3204 illa
876 3144 1249 3223 cognitione.
1294 3145 1474 3210 Ratio
1519 3155 1730 3212 autem

191 3235 382 3311 prioris
405 3235 612 3313 partis
642 3242 758 3308 est,
789 3237 957 3316 quia,
990 3242 1061 3297 ut
1100 3238 1327 3300 Paulus
1365 3241 1475 3314 ait,
1503 3241 1580 3304 ad
1613 3242 1730 3304 Ga·

189 3325 272 3388 lat.
325 3329 350 3388 1
405 3325 741 3392 :Etiamsi
780 3327 1051 3412 Anystus
1080 3331 1148 3394 de
1175 3333 1315 3396 calo
1346 3336 1724 3418 evanydizet,

188 3427 370 3481 contra
401 3423 466 3482 id
515 3422 690 3502 quod
730 3441 807 3484 ex
849 3421 974 3484 fide
1019 3423 1211 3487 semel
1254 3427 1558 3488 creditum
1613 3435 1726 3505 est,

187 3527 288 3572 non
319 3519 402 3573 est
433 3513 527 3574 illi
567 3514 944 3577 credendum
958 3538 974 3592 ;
1014 3537 1126 3598 per
1165 3537 1352 3597 quam
1399 3539 1729 3602 exaggera·

189 3606 389 3666 tionem
420 3605 783 3686 significare
811 3609 1011 3670 voluit
1029 3609 1276 3684 Paulus,
1311 3621 1558 3694 propter
1593 3615 1732 3676 nul-

191 3696 294 3758 lam
337 3703 777 3762 auctoritatem
834 3703 934 3764 vel
979 3703 1283 3766 rationem
1321 3707 1729 3770 recedendum

189 3809 292 3852 esse
339 3793 417 3853 ab
466 3813 568 3870 eo,
615 3796 782 3876 quod
839 3795 1030 3856 semel
1081 3799 1381 3859 creditum
1429 3807 1539 3863 est.
1579 3803 1730 3864 Item

189 3884 332 3964 quia,
365 3893 432 3945 ut
460 3887 620 3947 dicit
651 3887 860 3964 Joan.,
896 3891 925 3951 1
966 3888 1225 3962 Canon„
1261 3892 1460 3973 eapite
1497 3897 1576 3957 3:
1616 3895 1734 3969 Qui

185 3979 344 4041 credit
377 3981 444 4041 in
469 3979 716 4044 Filium
742 3981 877 4058 Dei,
901 3983 1072 4048 habet
1097 3986 1501 4050 testimonium
1529 3987 1642 4051 Dei
1668 3988 1734 4051 in

185 4089 234 4131 se
249 4097 272 4142 ;
299 4081 506 4137 eontra
537 4076 972 4138 testimonium
1005 4085 1214 4140 autem
1245 4079 1352 4141 Dei
1379 4081 1536 4142 nihil
1560 4085 1727 4144 credi

185 4171 356 4242 potest
406 4169 542 4229 sine
593 4168 780 4250 culpa
795 4186 816 4247 ;
847 4188 996 4250 ergo
1025 4171 1127 4250 qui
1157 4171 1275 4233 hoc
1303 4175 1729 4238 testimoninm

187 4260 348 4319 semel
384 4261 636 4338 habuit,
692 4281 1012 4342 nunquam
1059 4271 1260 4344 potest
1308 4267 1388 4327 ab
1434 4267 1542 4329 illo
1593 4270 1727 4332 sine

183 4351 338 4431 culpa
368 4355 685 4417 recedere.
709 4355 1014 4436 Denique,
1044 4358 1151 4438 qui
1176 4361 1368 4421 semel
1396 4361 1612 4436 credit,
1642 4365 1728 4424 ita

185 4443 342 4505 debet
377 4467 506 4509 esse
544 4449 823 4525 affectuS,
871 4456 941 4512 ut
988 4452 1364 4514 certissimus
1411 4456 1514 4532 sit,
1571 4457 1726 4520 illud

185 4541 324 4614 quod
361 4542 586 4618 credit,
647 4562 775 4605 non
834 4562 1013 4625 posse
1061 4565 1192 4607 esse
1250 4545 1476 4608 falsum
1505 4569 1521 4622 ;
1577 4569 1725 4630 ergo

186 4629 300 4692 fieri
325 4653 446 4695 non
481 4643 691 4716 potest
716 4643 787 4697 ut
831 4643 1042 4718 postea
1070 4640 1403 4719 aliquando
1433 4642 1566 4704 sine
1597 4644 1727 4704 cul-

195 4741 260 4802 pa
302 4735 460 4790 erret
489 4729 658 4790 circa
703 4729 854 4791 illud
887 4731 1051 4810 quod
1086 4732 1278 4794 semel
1304 4735 1582 4798 credidit.
1613 4739 1728 4799 Nc-

189 4819 368 4895 quein
392 4821 512 4882 hoc
536 4823 927 4884 admittenda
951 4829 1040 4884 est
1065 4824 1273 4905 aliqua
1295 4829 1591 4908 excepti0,
1618 4849 1727 4892 ne-

187 4928 286 4988 que
313 4913 538 4995 aliquis
589 4935 764 4977 casus
797 4916 863 4977 in
895 4935 1018 4995 quo
1063 4917 1267 4995 liceat,
1303 4928 1552 5002 propter
1579 4941 1730 5003 quo-

193 5020 584 5088 rumcumque
617 5008 944 5070 hominum
987 5011 1443 5090 auctoritatem,
1488 5032 1525 5075 a
1566 5017 1728 5076 veri-

197 5103 302 5160 tate
339 5103 526 5164 semel
575 5103 808 5165 credita
839 5103 1146 5181 recedere,
1177 5113 1286 5166 aut
1313 5106 1390 5168 de
1419 5107 1524 5169 illa
1548 5109 1728 5171 dubi-

191 5195 322 5264 tare,
373 5214 514 5256 cum
575 5195 679 5256 Dei
727 5205 789 5258 et
839 5197 1124 5258 Ecclesiae
1173 5201 1504 5262 auctoritas
1554 5204 1727 5264 omni

189 5280 448 5348 humana*
478 5291 838 5350 auctoritati
871 5291 1252 5370 praeferenda
1303 5293 1402 5354 sit.
1457 5295 1725 5357 Difficul-

189 5381 321 5437 tates
343 5399 514 5456 ver0,
547 5401 684 5462 quae
725 5383 828 5444 hic
867 5404 1190 5445 occurrere
1220 5393 1527 5466 poterant,
1562 5389 1722 5452 infr-:1

190 5467 242 5530 in
267 5475 514 5537 materia
541 5476 622 5538 de
645 5477 865 5539 haeresi
897 5479 1352 5542 tractabuntur.

3273 421 3385 481 405

2284 666 2730 730 DISPUTATIO
2770 669 2903 730 XVI
2910 714 2925 731 .

2330 885 2407 934 DE
2436 885 2877 933 Insinssurssz.

1902 1103 2147 1184 Duplex
2190 1102 2449 1184 acceptio
2495 1102 2889 1176 infidelitatis
2934 1103 3275 1184 exponitur.
3302 1136 3384 1150 —-

1819 1196 2100 1258 Diximus
2133 1195 2209 1256 de
2242 1195 2501 1273 peccatis
2548 1195 2697 1257 fidei
2747 1197 3093 1270 contrariis„
3146 1215 3282 1276 quse
3316 1197 3383 1258 in

1819 1288 2178 1350 hominibus
2214 1287 2500 1349 fidelibus
2528 1289 2796 1350 inveniri
2851 1296 3137 1368 possunt;
3178 1291 3384 1370 sequi-

1823 1390 1924 1445 tur
1978 1382 2311 1444 dicendum
2369 1382 2445 1442 de
2501 1381 2623 1443 alio
2675 1401 2900 1459 genere
2951 1390 3379 1463 peecatorum,

1824 1497 1963 1560 quae
1994 1477 2245 1560 propria
2286 1485 2431 1538 sunt
2459 1476 2833 1553 infidelium,
2864 1484 2926 1538 et
2953 1479 3225 1558 generali
3275 1497 3383 1558 ap-

1821 1575 2155 1655 pellatione
2209 1571 2661 1635 incredulitatis
2713 1574 2968 1635 nomine
3029 1573 3382 1652 significan·

1820 1673 1924 1729 tur
1955 1686 1971 1729 ε
2002 1667 2171 1747 prius
2198 1671 2429 1742 autem,
2454 1685 2642 1746 quam
2666 1667 2743 1728 ad
2779 1665 2901 1728 alia
2924 1667 3324 1746 procedamus
3357 1712 3377 1742 ,

1819 1759 2129 1841 generalis
2178 1758 2469 1840 quaedam
2526 1759 2713 1838 hujus
2760 1759 2929 1821 vocis
2978 1761 3379 1839 aequivocatio

1818 1853 2094 1915 tollenda
2124 1857 2235 1914 est.
2262 1853 2447 1928 Nam,
2477 1853 2635 1913 sicut
2671 1852 2903 1933 duplex
2928 1859 3020 1914 est
3043 1853 3219 1926 fides,
3250 1873 3378 1914 una

1818 1947 2073 2008 moralis
2087 1991 2109 2022 ,
2156 1951 2219 2008 et
2278 1945 2472 2006 altera
2512 1945 2858 2026 theologica
2885 1993 2906 2022 ,
2960 1947 3047 2007 ita
3099 1946 3380 2009 infideles

1819 2041 2007 2104 etiam
2038 2041 2103 2102 in
2134 2040 2449 2120 Scriptura
2481 2039 2797 2102 interdum
2845 2040 3138 2102 dicuntur
3175 2041 3254 2102 ab
3283 2041 3379 2102 in-

1817 2134 2115 2196 fidelitate
2158 2133 2376 2194 virtuti
2419 2133 2639 2194 morali
2690 2135 3015 2206 contraria,
3062 2135 3377 2196 interdum

1815 2245 1963 2288 vero
1992 2227 2071 2288 ab
2099 2227 2315 2300 altera,
2338 2219 2477 2305 quae
2504 2225 2650 2288 fidei
2680 2226 2996 2288 catholicae
3020 2228 3372 2307 opponitur.

1816 2321 2014 2382 Priori
2065 2320 2249 2382 modo
2295 2321 2525 2381 dicitur
2570 2320 2741 2382 Isaiae
2778 2325 2807 2384 1
2873 2337 2889 2382 :
2934 2321 3257 2402 Principes
3284 2323 3379 2386 tui

1812 2415 2111 2490 infideles,
2155 2414 2369 2492 utique
2408 2413 2473 2474 in
2522 2415 2887 2475 muneribus
2928 2415 3055 2476 suis
3086 2421 3377 2496 proestan-

1813 2507 1947 2582 dis;
1993 2506 2163 2568 unde
2207 2507 2622 2586 Hieronymus
2672 2507 3095 2571 inobedientes
3145 2510 3369 2586 vertit3

1813 2601 1898 2662 sic
1932 2601 2121 2661 etiam
2143 2600 2535 2661 Ecclesmstes
2564 2603 2602 2662 5
2636 2621 2649 2662 :
2682 2601 2977 2684 Displicet
3011 2604 3134 2666 Deo
3162 2602 3374 2680 infide·

1818 2693 1924 2764 lis,
1961 2697 2017 2756 ct
2044 2695 2243 2758 stulta
2267 2694 2610 2776 promissio.
2644 2694 2949 2757 Posterior
2992 2713 3139 2757 vero
3184 2697 3376 2776 signi-

1817 2785 2025 2847 ficatio
2076 2787 2460 2867 frequentior
2505 2793 2639 2862 est,
2696 2790 3033 2868 praesertim
3097 2789 3159 2850 in
3212 2809 3375 2853 novo

1815 2881 2231 2956 TestamentO,
2253 2883 2293 2942 2
2317 2881 2393 2943 ad
2419 2881 2694 2943 Corinth.
2725 2883 2765 2943 4
2792 2899 2807 2944 :
2833 2883 3187 2948 Eeooecavit
3214 2903 3374 2946 men·

1815 2977 1904 3036 tes
1933 2975 2308 3052 infidelium;
2333 2979 2394 3035 et
2437 2977 2466 3036 1
2509 2973 2585 3034 ad
2618 2973 2893 3036 Corinth.
2930 2979 2965 3036 7
2999 2993 3012 3035 :
3050 2975 3132 3040 Si
3156 2975 3372 3052 infide-

1813 3064 1894 3128 lis
1921 3068 2193 3138 discedit,
2225 3068 2536 3141 discedat;
2574 3071 2597 3128 1
2636 3067 2712 3128 ad
2736 3068 3006 3130 Timoth.
3037 3071 3075 3132 5
3101 3091 3115 3130 :
3142 3069 3373 3134 Factus

1812 3164 1902 3223 est
1929 3161 2171 3238 infideli
2198 3162 2479 3225 deterior.
2544 3162 2611 3222 In
2654 3163 2946 3242 praesenti
2973 3180 3121 3242 ergo
3174 3164 3375 3226 solum

1812 3252 1889 3314 de
1929 3253 2294 3316 infidelitate
2322 3253 2703 3334 Theologicae
2730 3254 2876 3317 fidei
2903 3258 3182 3337 opposita
3214 3265 3377 3320 trac-

1809 3351 2037 3424 tamuS,
2073 3354 2135 3410 et
2162 3349 2333 3428 prius
2360 3347 2637 3427 generali
2668 3349 2907 3410 ratione
2949 3349 3025 3410 de
3069 3349 3179 3410 illa
3208 3351 3375 3412 dice-

1811 3459 1975 3518 muS,
2024 3447 2235 3522 postea
2286 3460 2435 3506 vero
2463 3443 2541 3504 ad
2576 3442 2916 3523 peculiares
2967 3444 3184 3505 modos
3212 3445 3368 3524 ejus,

1810 3541 1874 3595 et
1910 3535 1987 3595 ad
2031 3535 2303 3596 diversos
2350 3536 2576 3615 gradus
2619 3534 2993 3613 infidelium,
3028 3537 3369 3616 praesertim

1811 3628 1887 3687 ad
1917 3627 2057 3688 illos
2094 3629 2203 3708 qui
2244 3633 2388 3689 ante
2426 3627 2803 3708 baptismum
2836 3629 2933 3690 vel
2980 3637 3117 3709 post
3144 3628 3373 3710 baptis-

1811 3739 1986 3782 mum
2016 3722 2083 3782 in
2111 3721 2230 3782 hoc
2256 3721 2480 3782 vitium
2504 3722 2880 3797 inciderunt,
2908 3721 3369 3784 descendemus.

1812 3815 2060 3876 Tractat
2105 3821 2314 3876 autem
2344 3821 2708 3896 praesentem
2736 3816 3059 3877 materiam
3091 3817 3158 3878 D.
3210 3817 3372 3877 Tho-

1814 3924 1947 3967 mas
1972 3910 2031 3968 2.
2060 3911 2123 3982 2,
2154 3913 2369 3986 qnaest.
2404 3910 2522 3985 ¹⁰3
2554 3923 2617 3968 et
2650 3908 2814 3970 illius
2859 3911 3235 3990 expositores
3256 3909 3374 3970 ibi·

1814 4000 1957 4062 dem
1973 4015 1995 4078 ;
2040 4000 2263 4079 reliqui
2306 4000 2661 4062 Scholastici
2704 4001 3008 4064 nonnulla
3056 4002 3373 4086 disputant

1814 4093 1880 4153 in
1906 4095 1969 4170 3,
1998 4093 2139 4154 dist.
2167 4095 2245 4154 24
2268 4099 2331 4154 et
2356 4093 2775 4174 sequentibus.

2440 4345 2659 4399 ssscrio
2692 4347 2731 4399 1.

1811 4525 1995 4600 Quale
2017 4531 2327 4608 peccatam
2358 4529 2449 4590 sit
2475 4527 2835 4604 infidelitas,
2858 4527 3153 4612 atquibus
3179 4529 3372 4596 modis

2192 4621 2524 4703 qeneratim
2556 4623 2985 4687 committatur.

1890 4841 1948 4897 1.
1993 4836 2433 4914 Infidelitatem
2469 4856 2593 4901 esse
2632 4847 2943 4920 peccatum
2983 4842 3051 4904 de
3082 4845 3201 4922 fide
3237 4850 3348 4906 est.

1807 4929 2170 4992 —Ratione
2221 4933 2405 4994 etiam
2461 4931 2757 4995 evidenter
2812 4934 3166 4998 ostenditur.
3191 4968 3273 4982 —
3305 4937 3371 4997 In

1807 5021 1924 5084 hoc
1970 5022 2149 5085 titulo
2183 5025 2555 5105 supponitur
2600 5025 3029 5088 infidelitatem
3072 5046 3196 5089 esse
3230 5047 3371 5109 pec-

1807 5122 2053 5192 catum;
2102 5117 2356 5178 modum
2408 5124 2618 5179 autem
2666 5119 2799 5197 ejus
2851 5120 3245 5199 inquirimus
3296 5125 3373 5184 Et

1807 5210 2061 5290 quidem
2095 5211 2348 5271 assertio
2374 5211 2508 5290 ipsa
2534 5231 2717 5291 quam
2750 5215 3179 5294 supponimus,
3204 5222 3373 5277 certa

1807 5313 1897 5364 est
1937 5303 2014 5363 de
2048 5302 2210 5381 fide3
2240 5303 2505 5365 habetur
2535 5307 2705 5366 enim
2747 5325 3029 5386 expressa
3073 5309 3137 5368 in
3181 5309 3370 5371 variis

1804 5398 2137 5476 Scripturas
2169 5398 2341 5473 lociS‚
2369 5399 2561 5460 Marci
2590 5400 2811 5460 ultimo
2854 5422 2867 5460 :
2898 5400 3017 5475 Qui
3039 5421 3159 5464 non
3182 5406 3370 5468 credi·

1805 5489 1963 5554 derit
1990 5492 2495 5568 condemnabitur,
2542 5493 2761 5573 utique
2806 5512 2934 5557 non
2984 5495 3183 5557 solum
3230 5517 3371 5578 pro-

1805 5588 1942 5662 pter
1977 5584 2099 5644 alia
2145 5592 2413 5662 peccata,
2466 5586 2571 5648 sed
2624 5587 2813 5648 etiam
2860 5594 3114 5668 propter
3167 5591 3363 5671 ipsam
