3900 6217
531 313 650 373 774

595 417 758 470 clesia
781 418 1048 476 definitur,
1071 419 1149 466 est
1172 413 1462 468 formaliter
1481 421 1532 466 et
1556 414 1858 466 immediate
1877 417 1946 468 de
1970 415 2093 476 lide,

599 500 747 554 ibid..
775 515 828 554 n.
861 507 937 561 1⁰.
962 509 1013 555 et
1042 503 1179 568 disp.
1204 510 1252 563 6.
1283 511 1410 556 sert.
1445 509 1492 562 ⁴.
1519 520 1572 558 n.
1606 510 1651 555 6.

535 581 581 628 ⁴.
618 577 899 630 conclusio
921 592 982 630 ex
1008 579 1183 633 medio
1209 581 1521 643 scientifico,
1537 581 1714 632 etalio
1738 579 1806 631 de
1827 577 1955 638 tide,
1974 576 2097 629 vide

597 653 736 704 Fiunt
771 669 936 714 Αστυε.
965 670 1017 708 n.
1050 661 1128 710 11.

598 729 872 783 confessio
903 733 1048 796 fidei,
1072 732 1194 788 vide
1219 749 1348 786 sinti
1383 749 1600 786 stream
1632 745 1908 784 comio.

1006 865 1318 903 conuscnlo
1351 865 1408 902 ΕΤ
1439 861 1622 902 rtsctJS.

537 962 584 1008 1.
621 956 936 1011 confiscatio
965 960 1198 1013 etfiscus
1239 960 1385 1024 quid,
1432 965 1484 1011 et
1521 958 1828 1024 quotuplex,
1863 962 2017 1008 tract.
2046 959 2093 1018 1,

599 1031 720 1098 disp
762 1036 1012 1094 22.sect..
1049 1049 1194 1088 num.
1224 1040 1270 1087 1.

537 1113 584 1159 2.
621 1108 936 1163 confiscatio
959 1112 1198 1164 omnium
1225 1111 1490 1166 bonorum
1516 1109 1570 1161 in
1594 1115 1820 1174 utroque
1837 1113 1957 1173 jure
1994 1108 2099 1160 im-

601 1183 816 1247 ponitur
841 1184 892 1236 in
922 1199 1134 1249 poenam
1165 1186 1234 1238 ob
1257 1186 1506 1238 delictum
1534 1185 1770 1243 baeresis.
1797 1184 1948 1245 ibid..
1972 1198 2027 1236 n.
2047 1187 2094 1236 2.

537 1263 584 1308 8.
621 1259 937 1312 confiscatio
977 1261 1082 1312 lata
1125 1275 1187 1312 ex
1225 1261 1342 1326 ipso
1373 1267 1509 1324 jure,
1553 1269 1606 1314 et
1647 1261 1934 1313 incurritur
1975 1265 2101 1312 ante

603 1346 817 1386 omnem
848 1337 1186 1398 sententiam,
1215 1338 1373 1389 etiam
1397 1337 1638 1390 criminis
1662 1335 2090 1393 declaratorlam,

602 1423 633 1462 a
669 1424 719 1462 n.
745 1414 791 1462 ⁴.

540 1490 587 1536 ⁴.
625 1487 940 1540 confiscatio
964 1488 1248 1541 incurritur
1275 1487 1346 1541 ob
1367 1489 1611 1540 haeraeim
1635 1488 1792 1541 etiam
1823 1501 1916 1554 per
1954 1489 2095 1540 acci-

605 1561 738 1613 dens
761 1565 1041 1625 occultam,
1075 1578 1224 1617 num.
1247 1569 1292 1614 7.

605 1639 662 1688 Et
684 1637 738 1688 in
766 1638 856 1690 illo
887 1647 1157 1692 momento
1177 1653 1284 1704 quo
1309 1646 1522 1693 externa
1551 1638 1772 1694 haeresis
1795 1638 2099 1692 manifesta-

604 1714 676 1765 tio
699 1722 1119 1774 consummatur,
1149 1730 1298 1767 num.
1325 1721 1371 1767 8.

547 1794 590 1840 6.
629 1791 942 1842 confiscatio
980 1792 1115 1843 sacta
1155 1801 1251 1856 pro
1294 1805 1358 1845 eo
1398 1798 1672 1844 momento
1699 1804 1810 1855 quo
1849 1790 2101 1842 delictum

607 1867 971 1926 committitur,
995 1881 1061 1918 an
1089 1869 1140 1918 in
1171 1867 1360 1920 codem
1405 1867 1635 1928 liniatur,
1658 1867 1740 1919 vel
1771 1866 1914 1920 bona
1941 1867 2103 1919 etiam

607 1941 780 1991 lutura
806 1942 1178 2004 confiscentur,
1205 1943 1305 1994 late
1328 1956 1356 1992 a
1381 1956 1527 1993 nuni.

547 2021 592 2065 6.
632 2015 946 2070 Confiscatio
971 2017 1234 2070 bonorum
1259 2017 1324 2068 ad
1357 2018 1636 2068 minimum
1680 2016 1830 2068 durat
1867 2017 2107 2080 quandiu

613 2091 828 2142 haeresis
850 2093 1034 2143 saltem
1059 2093 1240 2144 animo
1265 2105 1371 2144 non
1399 2100 1736 2153 retractatur,
1756 2105 1904 2142 num.
1931 2095 2010 2142 1⁴.

549 2170 594 2216 7.
633 2167 946 2219 confiscatio
976 2167 1240 2220 bonorum
1271 2176 1394 2219 ante
1437 2168 1678 2218 baeresim
1723 2166 2107 2231 acquisitorum

611 2255 708 2307 per
750 2243 1112 2307 poenitentiam
1153 2243 1220 2295 de
1262 2243 1449 2295 liaercsi
1483 2255 1590 2296 non
1625 2242 1880 2294 aufertur.
1915 2241 2106 2294 codem

615 2331 762 2368 num.
786 2322 864 2369 1⁴.

613 2393 763 2456 Quid,
789 2394 832 2444 si
872 2393 991 2458 quis
1019 2399 1136 2458 post
1177 2394 1402 2458 primam
1451 2392 1697 2446 haeresim
1731 2393 2026 2458 resipiscat,
2058 2398 2111 2445 et

613 2477 796 2533 postea
822 2469 1098 2526 reincidat.
1123 2469 1232 2521 ibid

553 2551 599 2594 8.
639 2543 970 2598 Probabilius
1012 2553 1094 2597 est
1132 2544 1566 2597 confiscationem
1609 2543 1802 2596 durare
1837 2557 2004 2609 usque
2041 2544 2110 2596 ad

618 2626 826 2685 tempus
862 2621 978 2673 latae
1003 2621 1296 2682 sententiae,
1319 2626 1371 2674 et
1399 2621 1542 2673 bona
1564 2621 1744 2673 omnia
1767 2633 2005 2684 eousque
2025 2633 2111 2672 ac-

617 2695 808 2761 quisita
846 2709 965 2749 esse
999 2695 1334 2762 publicanda,
1377 2697 1564 2749 saltem
1600 2697 1654 2746 in
1685 2696 1799 2749 roro
1843 2695 2106 2758 Ecclesiae,

618 2785 766 2824 num.
795 2777 871 2824 15.

616 2848 750 2910 Quid
779 2849 846 2902 de
873 2849 984 2902 t’oro
1005 2849 1362 2910 conscientiae.
1397 2848 1523 2899 ibid.

554 2931 584 2976 9
638 2925 726 2976 cui
750 2925 1089 2978 tlsco‘eedant
1111 2924 1342 2979 baeretici
1368 2925 1528 2978 bona.
1557 2923 1820 2985 Ecclesiae‚
1840 2937 1906 2976 an
1949 2925 2107 2992 regis,

617 3002 734 3054 ead.
766 3009 894 3054 sect.
927 3007 972 3063 1,
1010 3016 1156 3054 num.
1185 3005 1262 3052 16.

557 3083 634 3129 1ο.
671 3077 851 3130 Fiscus
873 3079 1055 3143 nequit
1075 3078 1218 3130 bona
1249 3078 1497 3132 baeretico
1517 3078 1727 3130 auferre
1747 3085 1870 3130 ante
1892 3084 2111 3130 senten-

616 3155 742 3206 tiam
769 3154 944 3210 latam.
969 3153 1086 3205 ead.
1111 3152 1249 3218 disp.
1280 3159 1359 3213 ΞΩ,
1383 3161 1509 3206 sect.
1546 3158 1594 3213 2,
1627 3167 1772 3206 uum.
1807 3157 1830 3204 1
1859 3160 1910 3204 et
1937 3157 1983 3204 7.

619 3230 721 3284 Nec
762 3229 1040 3282 baereticus
1079 3235 1285 3282 tenetur
1321 3242 1386 3281 ea
1410 3229 1537 3283 tisco
1562 3229 1787 3292 tradere,
1815 3243 1961 3282 num.
1998 3235 2027 3280 3
2061 3234 2115 3282 et

619 3319 767 3371 seqq.

557 3387 636 3434 11.
673 3385 936 3434 Bonorum
955 3382 1364 3435 confiscatomm
1387 3381 1684 3435 dominium
1707 3382 1833 3433 utile
1847 3387 1925 3433 est
1949 3393 2114 3446 penes

621 3459 946 3520 haereticum,
967 3467 1253 3524 antequam
1277 3458 1344 3510 sit
1368 3457 1688 3521 declaratus,
1707 3457 2005 3511 dominium
2029 3456 2115 3509 di-

629 3541 830 3586 rectum
863 3548 1026 3599 penes
1051 3537 1256 3597 liscum,
1283 3541 1412 3586 sect.
1437 3540 1484 3594 3,
1512 3548 1567 3586 n.
1603 3539 1649 3586 6.

559 3617 635 3662 12.
673 3615 805 3663 Ante
823 3611 1024 3675 judiciii
1055 3611 1415 3662 executionem
1459 3621 1564 3661 non
1590 3613 1797 3660 tenetur
1819 3621 1942 3660 reus
1975 3608 2117 3660 bona

617 3689 774 3738 etiam
807 3687 937 3739 fisco
959 3685 1259 3750 adjudicata
1279 3685 1324 3737 ei
1351 3685 1563 3743 offerre.
1587 3684 1682 3735 sed
1705 3689 1908 3735 tantum
1930 3696 2116 3736 execu-

618 3763 748 3824 tioni
785 3776 892 3815 non
928 3761 1158 3823 obstare,
1197 3761 1518 3822 ibid.,num.
1549 3765 1594 3811 7.

619 3839 898 3903 Potestque
922 3837 988 3890 de
1013 3838 1133 3894 illis.
1159 3837 1304 3900 quod
1340 3836 1699 3888 necessarium
1726 3833 1882 3886 suerit
1905 3835 1971 3886 ad
1993 3833 2116 3888 vitae

618 3920 786 3966 status
806 3913 1266 3974 sustentationem,
1289 3911 1430 3964 licite
1451 3923 1768 3964 consumere
1801 3917 1894 3963 aut
1913 3923 2114 3975 expen-

617 3990 765 4052 dere,
784 3995 914 4042 sect.
941 3995 986 4046 ⁴.
1014 4002 1161 4041 num.
1186 3993 1232 4040 1.

617 4071 696 4117 An
720 4066 878 4118 etiam
913 4065 1000 4116 illa
1038 4064 1139 4116 sub
1168 4069 1440 4117 contractu
1473 4069 1562 4116 aut
1599 4060 1826 4129 gratuito
1856 4061 2110 4124 alienare,

615 4140 736 4193 vide
757 4143 908 4202 Bon,
933 4153 962 4190 a
990 4153 1134 4191 num.
1162 4144 1208 4191 1.

557 4221 633 4268 13.
671 4216 851 4268 Fiscus
875 4229 942 4267 an
971 4219 1248 4278 recuperet
1274 4227 1394 4265 cum
1433 4217 1719 4278 augmento
1761 4217 1814 4264 et
1850 4211 2112 4265 fructibus

617 4293 760 4345 bona
796 4291 864 4342 ab
908 4291 1154 4344 haeretico
1197 4290 1424 4342 alienata
1467 4295 1588 4340 ante
1618 4287 1955 4348 sententiam,
1990 4286 2111 4342 vide

616 4369 770 4428 Rom,
793 4381 939 4419 num.
974 4372 1018 4418 ⁴.

555 4446 632 4494 1⁴.
669 4441 982 4495 confiscatio
1003 4441 1264 4494 bonorum
1286 4439 1358 4492 ob
1380 4437 1626 4491 baeresim
1647 4449 1714 4489 an
1737 4436 1806 4488 ad
1827 4449 2111 4503 supremos

621 4518 884 4584 principes
906 4517 1233 4576 extendatur,
1257 4515 1376 4567 vide
1400 4516 1657 4576 Pamcsrs,
1680 4525 1826 4566 num.
1855 4517 1900 4564 6.

1191 4645 1458 4684 contnuo
1465 4669 1475 4680 .

553 4752 602 4800 1.
638 4747 914 4800 contentio
940 4760 1060 4811 quoe
1093 4759 1154 4799 ex
1203 4745 1470 4798 discordia
1497 4743 1665 4797 oritur
1713 4744 1854 4796 mala
1895 4750 1974 4796 est
2014 4757 2111 4809 pro

613 4823 866 4887 qualitate
887 4821 1184 4880 discordiae.
1213 4826 1362 4873 tract.
1388 4825 1436 4878 3.
1458 4819 1596 4884 disp.
1622 4824 1698 4878 11.
1732 4825 1862 4872 sect.
1889 4824 1937 4877 1.
1964 4834 2017 4872 n.
2041 4826 2089 4872 8.

552 4904 599 4948 2.
634 4899 912 4951 contentio
937 4899 988 4950 in
1007 4897 1220 4962 judiciis
1239 4909 1520 4962 quousque
1539 4895 1607 4948 sit
1629 4895 1712 4950 vel
1733 4908 1838 4948 non
1857 4896 1925 4948 sit
1949 4896 2107 4958 mala,

673 4988 682 5023 l
729 5015 741 5026 .

613 4974 752 5112 ¹&gild
782 5049 849 5101 de
875 5049 1216 5102 contentione
1247 5049 1299 5101 in
1324 5048 1522 5108 verbis,
1548 5062 1694 5102 num.
1727 5054 1774 5100 6.

619 5125 750 5187 Quid
775 5127 840 5178 de
865 5125 1206 5184 contentione
1221 5137 1328 5178 non
1355 5130 1626 5192 spectante
1649 5124 1716 5176 ad
1741 5124 1898 5176 tidem
1913 5131 1967 5176 et
1992 5136 2109 5177 mo-

613 5214 718 5262 reS,
747 5215 892 5255 num.
926 5206 973 5253 7.

1149 5275 1180 5306 0

1174 5329 1486 5368 commentas.

550 5431 598 5479 1.
633 5425 1010 5492 contingentes
1041 5425 1290 5478 veritates
1309 5423 1576 5490 quomodo
1597 5421 1788 5475 cadant
1815 5421 1917 5474 sub
1943 5422 2101 5474 tidem

611 5501 870 5566 divinam,
901 5508 1048 5556 tract.
1076 5505 1120 5564 1,
1143 5499 1282 5566 disp.
1309 5505 1356 5565 2,
1380 5508 1510 5553 sect.
1542 5503 1590 5562 8,
1617 5512 1765 5552 num.
1801 5502 1846 5550 ⁴.

1917 317 2107 370 tubex
2142 315 2369 369 RERUM.

2790 425 3113 466 comnotus.

2177 556 2223 603 1.
2260 550 2569 602 contractus
2591 545 2659 600 ab
2691 545 2941 600 baeretico
2979 547 3145 598 factus
3166 550 3292 596 ante
3315 541 3641 594 sententiam
3658 543 3721 594 la·

2240 633 2344 677 tam
2386 636 2666 688 quousque
2692 621 2884 684 valeat,
2927 620 3051 674 vide
3090 619 3252 674 verbo
3298 619 3449 671 Boiu
3490 633 3721 682 ammei.

2241 715 2273 754 a
2302 716 2449 755 num.
2475 706 2521 752 1.

2814 809 3098 849 conuentus.

2179 922 2204 969 1
2260 915 2375 968 Fuit
2404 917 2577 981 justus
2596 913 2755 966 etiam
2782 917 2905 965 ante
2930 911 3087 963 tidem
3110 908 3427 974 explicitam
3466 905 3671 964 christi,
3688 910 3731 958 ei

2239 1006 2272 1045 a
2293 993 2422 1045 Divo
2444 993 2595 1045 Petro
2634 989 2939 1050 revelatam,
2971 993 3119 1040 tract.
3156 991 3203 1050 8,
3242 985 3398 1050 disp.
3426 987 3511 1040 12.
3542 989 3660 1035 sect.
3690 986 3727 1044 ⁴,

2242 1081 2389 1120 num.
2422 1072 2450 1119 ⁴
2478 1073 2531 1120 et
2554 1079 2703 1120 num.
2732 1070 2811 1116 23.

2678 1210 2943 1248 connectio
2970 1207 3239 1246 nutum.

2183 1344 2228 1390 1.
2266 1339 2532 1392 correctio
2568 1337 2791 1404 proximi
2818 1337 2921 1388 alia
2950 1335 3237 1401 iudicialis,
3270 1332 3391 1388 alia
3424 1332 3734 1396 charitativa.

2240 1422 2391 1468 tract.
2412 1422 2460 1476 3,
2487 1415 2624 1480 disp.
2655 1420 2701 1471 8.
2726 1415 2779 1466 in
2808 1414 3029 1467 Praelud.

2177 1496 2225 1543 2.
2262 1491 2535 1544 correctio
2566 1497 2617 1546 et
2660 1497 2925 1556 correptio
2971 1488 3025 1542 in
3066 1501 3177 1554 quo
3217 1485 3507 1546 differant,
3546 1491 3667 1537 sect.
3696 1491 3735 1544 1,

2242 1581 2389 1619 nutr.
2424 1571 2471 1618 1.

2182 1648 2227 1695 8.
2265 1643 2657 1696 correctionem
2702 1640 2988 1694 fraternam
3042 1641 3271 1694 otiosam
3312 1649 3469 1697 ωδε,
3508 1639 3733 1700 antiquus

2244 1732 2413 1777 error.
2440 1717 2565 1770 ibid.

2184 1799 2229 1846 ⁴.
2268 1795 2657 1848 correctionem
2694 1794 2981 1844 fraternam
3016 1803 3137 1844 esse
3158 1797 3339 1843 actum
3368 1787 3732 1842 misericordie

2246 1879 2297 1922 et
2318 1870 2593 1922 charitatis
2618 1870 2922 1924 honestum.
2946 1867 3049 1919 tide
3083 1873 3311 1926 constat,
3354 1879 3515 1918 num.
3538 1870 3585 1914 Ξ.

2252 1948 2377 1999 ltem
2403 1958 2523 1998 esse
2548 1953 2883 2009 praeceptam,
2910 1951 3015 1996 tam
3038 1942 3221 1997 divino
3250 1943 3379 2008 jure
3410 1952 3577 2005 quam
3606 1945 3737 1990 natu-

2253 2023 2367 2079 rali.
2396 2035 2525 2074 num
2576 2026 2623 2071 8.

2190 2103 2235 2150 8.
2274 2096 2623 2150 correctionis
2662 2095 2907 2148 fraternae
2945 2099 3267 2160 praeceptum
3312 2105 3385 2146 ex
3426 2103 3531 2143 suo
3568 2103 3739 2156 genere

2252 2173 2447 2238 obligat
2478 2172 2579 2224 sub
2614 2172 2843 2232 mortali,
2876 2183 3026 2222 num.
3064 2174 3109 2222 ⁴.

2192 2255 2239 2300 6.
2275 2248 2441 2300 Omne
2477 2254 2748 2312 peccatum
2776 2246 2998 2299 mortale
3018 2243 3242 2311 proximi
3270 2249 3363 2297 est
3388 2243 3461 2296 de
3490 2255 3550 2294 sc
3588 2250 3736 2293 mate·

2254 2324 2332 2376 ria
2360 2322 2537 2386 gravis
2575 2329 2627 2374 et
2661 2321 2931 2375 sufficiens
2948 2329 3007 2372 ut
3026 2321 3226 2387 obliget
3262 2321 3377 2372 hoc
3414 2325 3731 2384 praeceptum,

2253 2399 2439 2452 eadem
2468 2399 2605 2464 disp.
2634 2403 2680 2454 8.
2704 2405 2832 2450 sect.
2856 2403 2908 2453 2.
2931 2411 3076 2449 num.
3102 2401 3149 2448 1.

2252 2474 2359 2526 Nisi
2386 2477 2493 2538 jam
2528 2475 2683 2526 detur
2714 2472 2943 2526 emenda
2962 2473 3081 2524 sine
3101 2470 3347 2538 periculo
3370 2467 3731 2526 reincidentiae.

2252 2549 2379 2602 ibid.

2251 2624 2577 2678 Reselluntur
2603 2637 2816 2678 errores
2838 2622 3106 2684 contrarii,
3129 2634 3162 2674 a
3182 2635 3337 2675 num.
3372 2625 3425 2672 2.

2192 2707 2237 2754 7.
2272 2702 2623 2756 correctionis
2662 2701 2907 2754 fraternae
2936 2699 3155 2752 materia
3190 2703 3371 2762 potest
3414 2708 3535 2748 esse
3568 2707 3731 2759 pecca·

2254 2785 2365 2830 tum
2399 2777 2623 2838 veniale,
2667 2775 2763 2830 sed
2798 2789 2905 2828 non
2936 2787 3059 2840 quae
3084 2774 3314 2840 graviter
3350 2771 3571 2836 obliget,
3601 2769 3727 2828 ibid..

2256 2868 2402 2906 num.
2429 2860 2474 2905 8.

2254 2930 2389 2992 Quid
2417 2931 2559 2981 circa
2587 2928 2691 2980 boc
2724 2927 2791 2979 de
2825 2925 3193 2992 superioribus
3222 2923 3565 2987 religionum.
3589 2919 3699 2972 ibid.

2194 3011 2239 3057 8.
2276 3005 2407 3068 Quid
2428 3005 2472 3056 si
2495 3016 2558 3056 ex
2586 3002 2777 3055 veniali
2812 3011 3029 3068 peccato
3056 2998 3279 3064 proximi
3310 2999 3520 3051 oriatur
3553 2995 3725 3047 morale

2258 3079 2551 3147 periculum
2576 3077 2843 3130 incidendi
2881 3077 2933 3128 in
2961 3075 3207 3137 mortale,
3224 3073 3348 3128 eod.
3378 3085 3528 3125 num.
3564 3077 3610 3122 5.

2256 3156 2389 3218 Quid
2417 3158 2461 3208 si
2500 3168 2638 3220 opus
2674 3153 2853 3206 fratris
2886 3153 2957 3206 sit
2997 3153 3236 3212 mortale,
3280 3149 3435 3215 quod
3468 3156 3633 3200 tamen
3669 3145 3723 3198 ob

2259 3233 2610 3298 ignorantiam
2643 3230 3003 3284 invincibilem
3038 3234 3331 3289 excusetur,
3378 3239 3525 3278 num.
3548 3228 3593 3273 6.

2194 3314 2240 3361 8.
2278 3308 2637 3374 correptionis
2662 3313 2980 3373 praeceptum
3012 3311 3071 3357 ut
3097 3304 3315 3370 obliget.
3334 3315 3413 3355 an
3434 3309 3487 3354 et
3518 3312 3629 3364 quae
3654 3297 3726 3348 de·

2258 3384 2364 3436 licti
2408 3384 2595 3436 notitia
2631 3381 3059 3449 pisel-equitatur.
3110 3379 3227 3434 ead.
3270 3378 3417 3444 disp.
3460 3380 3507 3434 8,
3538 3381 3653 3427 sect.
3684 3377 3721 3430 ³.

2258 3473 2385 3512 num
2442 3465 2491 3512 1.

2261 3540 2343 3588 An
2362 3548 2488 3601 spes
2516 3535 2717 3588 fructus
2738 3539 2789 3586 et
2818 3531 3077 3591 emendae,
3113 3543 3261 3583 num.
3286 3535 3332 3581 2.

2197 3617 2275 3664 16.
2312 3609 2577 3663 correctio
2604 3623 2711 3662 non
2738 3609 2858 3662 ideo
2886 3605 3197 3666 omittenda,
3220 3604 3371 3671 quod
3390 3599 3722 3658 emendandus

2260 3687 2524 3740 tristitiam
2556 3686 2680 3738 inde
2712 3684 2997 3749 concipiat,
3032 3683 3118 3736 vel
3156 3683 3316 3734 etiam
3344 3681 3483 3732 iram
3510 3691 3621 3730 cum
3642 3675 3723 3726 ali·

2262 3762 2405 3828 quati
2436 3762 2612 3826 culpa,
2638 3774 2787 3812 num.
2812 3765 2857 3812 3.

2197 3843 2275 3892 11.
2314 3838 2391 3888 Ad
2418 3837 2807 3890 correctionem
2830 3834 3039 3892 sullicit.
3064 3832 3109 3884 si
3135 3845 3260 3898 spes
3290 3829 3519 3884 imendae
3544 3829 3607 3880 sit
3626 3836 3721 3890 pro-

2260 3913 2470 3973 babilis.
2498 3925 2655 3964 secus
2682 3911 2727 3962 si
2750 3910 2915 3963 dubia
2946 3911 3031 3968 sit,
3062 3906 3191 3960 ibid.

2257 3991 2361 4044 Nec
2382 3989 2667 4054 requiritur
2698 3995 2751 4041 ut
2780 3987 2959 4039 statim
2984 3991 3239 4050 sequatur
3266 3983 3491 4042 fructus,
3516 3991 3643 4033 num.
3676 3979 3712 4026 4.

2194 4071 2271 4118 18.
2309 4068 2351 4118 Α
2383 4063 2721 4128 corripiendo
2750 4062 3021 4128 quomodo
3053 4061 3173 4127 quis
3200 4059 3271 4113 ob
3314 4059 3555 4111 timorem
3582 4067 3715 4106 excu-

2256 4147 2417 4198 setur,
2456 4153 2602 4193 num.
2638 4146 2683 4190 6.

2194 4222 2271 4270 13.
2310 4217 2441 4280 Quid
2470 4218 2514 4268 si
2540 4215 2807 4281 correptio
2840 4215 2909 4266 sit
2941 4213 3007 4266 de
3045 4218 3261 4278 peccato
3286 4211 3498 4276 publico
3530 4211 3712 4272 propter

2256 4305 2541 4345 commune
2565 4292 2784 4350 bonum,
2802 4291 2921 4342 licet
2943 4302 3051 4340 non
3075 4293 3319 4353 speretur
3340 4286 3536 4339 fructus
3554 4283 3599 4333 in
3622 4290 3707 4332 uno

2257 4375 2527 4433 peccante.
2556 4364 2705 4429 ibid,
2736 4379 2883 4418 num.
2914 4371 2961 4416 6.

2192 4445 2269 4492 14.
2306 4442 2659 4494 correctionis
2683 4446 3005 4506 praeceptum
3027 4446 3087 4492 ut
3118 4439 3337 4504 obliget,
3370 4443 3554 4503 praeter
3580 4443 3703 4495 spem

2252 4515 2471 4578 fructus
2504 4517 2789 4581 requiritur
2823 4525 2880 4568 ut
2914 4515 3185 4580 proximus
3211 4527 3329 4567 mea
3362 4512 3581 4577 indigeat
3603 4519 3700 4559 cor-

2253 4592 2512 4654 reptione,
2544 4606 2692 4644 num.
2721 4596 2767 4643 7.

2192 4671 2267 4720 15.
2306 4667 2659 4720 correctionis
2701 4674 3019 4733 praeceptum
3062 4665 3280 4731 quando
3308 4673 3363 4718 et
3394 4675 3509 4718 cum
3540 4657 3698 4725 quibus

2253 4743 2667 4795 circumstantiis
2690 4743 2905 4810 obliget,
2932 4755 3079 4794 num.
3110 4746 3157 4793 8.

2192 4822 2269 4868 16.
2306 4819 2577 4883 Correptio
2605 4831 2671 4870 an
2705 4819 2873 4884 possit
2904 4817 3130 4878 differri,
3164 4830 3284 4870 cum
3319 4825 3463 4869 certo
3492 4811 3697 4865 credere-

2253 4899 2340 4945 tur
2367 4894 2479 4946 sore
2512 4901 2569 4946 ut
2599 4893 2973 4958 corripiendus
2998 4893 3331 4946 constantius
3356 4901 3528 4957 postea
3549 4895 3692 4938 νωπ-

2252 4977 2401 5034 geret
2427 4982 2589 5033 quam
2626 4983 2767 5022 nunc
2800 4969 3021 5030 faceret,
3052 4969 3098 5021 si
3145 4971 3321 5022 statim
3366 4968 3691 5031 corriperetur.

2254 5058 2401 5096 num.
2441 5050 2491 5104 9.
2534 5083 2544 5092 .

2191 5124 2269 5172 17.
2307 5125 2383 5171 An
2431 5127 2673 5172 teneatur
2716 5120 2836 5185 quis
2886 5119 2956 5172 ad
3004 5121 3399 5186 corripiendum
3444 5119 3691 5185 proximum

2253 5209 2373 5249 cum
2406 5198 2637 5262 periculo
2666 5205 2718 5249 et
2744 5198 2944 5250 damno
2975 5197 3209 5264 proprio,
3242 5197 3369 5249 ibid.

2190 5277 2269 5324 18.
2305 5272 2667 5338 correptionis
2696 5281 3017 5338 praeceptum
3045 5273 3245 5338 obligat
3275 5285 3517 5338 personas
3538 5275 3687 5321 omnoe

2250 5347 2319 5400 ad
2348 5347 2745 5412 corripiendum
2774 5349 3009 5412 idoneas,
3044 5349 3289 5414 quamvis
3316 5349 3447 5401 alias
3466 5360 3522 5399 ex
3548 5340 3685 5396 officio

2251 5436 2357 5476 non
2388 5423 2707 5488 obligentur,
2741 5424 2857 5476 ead.
2889 5424 3025 5488 disp.
3054 5429 3101 5484 8,
3126 5433 3257 5478 sect.
3285 5429 3331 5484 ⁴.
3364 5437 3499 5477 num.
3530 5425 3568 5470 3.

2248 5498 2409 5566 Magis
2432 5506 2607 5552 tamen
2642 5499 2843 5568 obligat
2870 5500 3115 5557 l‘raelatos
3152 5514 3315 5569 quam
3341 5500 3484 5561 alios,
3512 5503 3559 5550 et
3585 5503 3683 5562 pro·
