3900 6217
551 379 672 442 402

559 485 865 560 secundae,
897 484 1059 549 dicto
1100 485 1359 550 articulo
1391 489 1683 565 secundo,
1714 489 1792 550 ad
1840 489 2118 565 tertium,

561 580 1006 658 ignorantiam,
1034 599 1173 658 quae
1204 589 1292 642 est
1325 590 1668 661 peccatum,
1699 585 2033 646 consistere
2056 585 2122 644 in

563 674 970 754 negligentia,
1008 673 1104 734 vel
1154 675 1420 738 inscitia.
1473 678 1562 738 Ex
1605 676 1830 755 quibus
1880 676 2123 737 duobus

457 831 462 834 ,
555 765 672 828 hoc
709 767 1051 828 secundum
1081 766 1235 827 mihi
1267 769 1466 847 magis
1499 770 1738 848 placet3
1771 769 1921 848 quia
1946 768 2107 846 igno

557 862 762 922 rantis.
805 862 1071 940 pertinet
1115 865 1362 943 proprie
1409 863 1488 924 ad
1540 863 1965 939 intellectum,
2014 881 2123 924 ne-

559 953 860 1032 gligentia
907 955 1100 1026 euim,
1142 961 1210 1015 ut
1239 955 1393 1028 dixi,
1424 957 1623 1033 magis
1655 957 1902 1018 videtur
1949 974 2122 1034 spec-

555 1054 691 1108 tare
747 1047 826 1108 ad
863 1046 1273 1115 voluntatem.
1305 1047 1404 1109 vel
1429 1047 1512 1120 ad
1557 1049 1796 1128 aliquas
1845 1049 2120 1110 actiones

553 1141 826 1220 corporis
848 1142 1220 1202 necessarias
1247 1141 1322 1201 ad
1361 1142 1916 1206 considerationem
1943 1160 2120 1204 men·

553 1234 657 1312 tis,
688 1253 949 1314 quarum
981 1234 1232 1296 omissio
1275 1240 1421 1296 tunc
1453 1253 1685 1298 nomen
1722 1236 2121 1316 negligentia

554 1333 852 1403 meretur,
883 1329 1132 1408 qnando
1169 1329 1516 1390 voluntaria
1545 1337 1660 1392 est.

631 1421 690 1481 6.
736 1418 837 1482 Au
877 1438 1105 1500 armper
1131 1422 1190 1482 is
1213 1426 1436 1502 peccet,
1471 1421 1577 1504 qui
1597 1441 1714 1488 sua
1749 1423 1930 1506 culpa
1947 1421 2119 1505 iquo-

547 1518 652 1578 rat
687 1515 844 1596 quod
869 1515 1023 1578 sciro
1053 1520 1409 1578 tanetum—
1431 1516 1500 1576 ln
1531 1517 1796 1578 secunda
1823 1517 2117 1595 objectio-

550 1627 654 1682 ne,
685 1611 914 1688 petitur
927 1627 1010 1668 an
1035 1627 1277 1687 semper
1303 1611 1574 1688 peccetis
1593 1611 1702 1690 qui
1725 1609 2118 1689 culpabiliter

545 1701 810 1778 ignorat.
831 1699 924 1762 Ad
945 1702 1105 1780 quod
1138 1701 1466 1781 respondet
1493 1703 1560 1764 D.
1591 1704 1884 1778 Thomas,
1916 1721 2117 1781 quaes-

545 1794 715 1856 tione
737 1795 916 1854 tertia
943 1794 1020 1854 de
1048 1793 1233 1869 Malo,
1269 1797 1532 1856 articulo
1571 1797 1792 1875 primo,
1852 1797 1930 1856 ad
1962 1796 2114 1858 dno-

545 1888 878 1960 decimum,
923 1907 1049 1948 non
1073 1905 1314 1968 semper
1341 1907 1616 1968 peccare,
1645 1891 1812 1968 quod
1861 1899 1955 1952 est
1986 1890 2114 1952 evi-

544 1980 718 2044 dens.
743 1983 973 2059 Primo,
1001 1983 1150 2060 quia
1181 2001 1307 2043 uon
1336 2000 1578 2062 semper
1608 1984 1750 2044 talis
1775 1984 1965 2046 homo
2012 2001 2112 2046 eo·

543 2074 704 2154 gitat
736 2094 847 2136 nec
863 2075 1128 2136 advertit
1154 2077 1516 2154 seiguorare
1534 2093 1554 2151 3
1575 2077 1707 2139 sinc
1725 2078 2111 2140 advertentia

543 2177 754 2228 autem
783 2187 908 2230 non
931 2173 1022 2230 est
1043 2174 1382 2248 peccatum,
1403 2170 1614 2248 utique
1635 2170 1896 2232 actuale.
1927 2173 2111 2234 Dein—

543 2261 617 2322 de
644 2262 788 2324 licet
815 2281 924 2342 pro
939 2263 1148 2340 aliquo
1171 2270 1446 2342 tempore
1471 2265 1774 2340 advertat,
1801 2283 1928 2326 non
1951 2283 2113 2326 sem·

540 2375 653 2436 per
703 2375 816 2435 pro
857 2355 1070 2418 eodem
1124 2365 1399 2435 tempore
1435 2364 1680 2418 tenetur
1705 2360 1996 2437 occupari
2044 2359 2111 2420 in

543 2449 914 2510 addiscenda
961 2448 1108 2524 fide,
1180 2468 1328 2528 qiua
1379 2459 1752 2531 praeceptum
1809 2451 2109 2526 discendi,

538 2541 708 2621 qnod
735 2541 1176 2602 affirmativum
1213 2549 1325 2612 est,
1361 2562 1486 2604 non
1508 2545 1742 2623 obligat
1761 2563 2025 2624 semper,
2048 2551 2111 2606 et

543 2655 655 2716 pro
675 2655 938 2714 semper,
957 2637 1059 2696 sed
1091 2637 1474 2717 temporibus
1503 2643 1898 2718 opportunis3
1916 2659 1989 2700 ac
2008 2641 2111 2700 de-
2138 2711 2145 2718 ,

543 2730 731 2808 nique
776 2729 911 2790 fieri
942 2737 1140 2808 potest
1189 2737 1260 2790 ut
1308 2738 1587 2792 occurrat
1613 2739 1859 2811 tempus
1907 2739 1973 2794 et
2012 2751 2110 2794 co-

541 2823 759 2900 gitatio
792 2821 1210 2900 obligati‹›ni5‚
1253 2831 1316 2886 et
1359 2824 1522 2884 desit
1569 2825 1804 2900 doctor,
1852 2833 1916 2886 et
1958 2831 2109 2888 tnnc

539 2917 726 2978 etiam
763 2913 950 2976 homo
1003 2935 1132 2976 non
1173 2916 1446 2995 peccabit
1497 2923 1748 2996 propter
1803 2919 2110 2998 impoten-

540 3009 696 3069 tiam
744 3009 1042 3071 discendi.
1087 3010 1151 3069 Si
1189 3015 1398 3070 tamen
1439 3009 1576 3070 haec
1615 3011 1732 3070 tria
1757 3017 2107 3088 occurrant,

541 3106 606 3163 et
630 3100 1038 3162 nihilominus
1063 3101 1253 3162 homo
1292 3102 1373 3162 sit
1403 3101 1748 3180 negligens,
1789 3109 1940 3166 tunc
1967 3109 2142 3198 actu.

541 3193 858 3274 peccabit3
903 3199 966 3256 et
1017 3194 1258 3274 quoties
1283 3195 1348 3256 id
1403 3195 1709 3271 omiserit,
1749 3195 1932 3258 toties
1973 3214 2110 3276 pec-

543 3294 678 3348 cata
700 3285 1160 3366 multiplicabit,
1196 3287 1248 3348 si
1275 3288 1440 3349 inter
1459 3304 1658 3348 unum
1686 3293 1748 3348 et
1775 3287 1944 3350 aliud
1972 3306 2110 3370 pec-

543 3386 751 3440 catum
786 3380 1035 3441 moralis
1059 3380 1430 3460 interruptio
1465 3381 1902 3457 intercesserit,
1951 3382 2109 3442 sicut

541 3472 748 3534 dicere
803 3473 1000 3535 solent
1026 3473 1326 3552 Theologi
1369 3473 1444 3535 de
1493 3480 1742 3554 peccato
1797 3491 1923 3535 non
1982 3493 2109 3536 res·

542 3565 832 3642 tituendi,
865 3584 973 3627 seu
992 3566 1070 3627 de
1097 3567 1438 3627 retentione
1463 3567 1554 3628 rei
1576 3566 1817 3642 alienae,
1853 3573 1917 3628 et
1938 3569 2111 3631 simi-

541 3657 727 3719 libus.

618 3753 678 3811 7.
737 3749 958 3814 Utrum
977 3756 1292 3832 peccatum
1333 3751 1699 3834 ignorantiae
1725 3769 1935 3815 rerum
1962 3753 2109 3830 fidei

540 3843 979 3923 multiplicetur
1024 3845 1108 3908 ad
1141 3845 1705 3926 multiplicationem
1725 3847 2105 3909 materiae.—

543 3937 614 3996 ln
658 3936 841 3997 tertia
889 3937 1259 4015 objectione,
1302 3939 1534 4018 petitur
1559 3957 1643 4000 an
1695 3937 1828 4000 haec
1859 3947 2107 4018 peccata

541 4029 1031 4110 multiplicentur
1057 4047 1134 4091 ex
1177 4037 1348 4110 parte
1381 4033 1680 4108 materiae,
1723 4033 1874 4112 quia
1908 4033 2106 4095 multa

543 4129 689 4184 sunt
737 4141 874 4202 quae
905 4124 1292 4201 ignorantur.
1323 4125 1418 4186 Ad
1461 4125 1630 4204 quod
1661 4125 1933 4186 breviter
1980 4144 2104 4188 res·

540 4215 806 4296 ponde0,
821 4215 872 4275 si
900 4214 1017 4276 hoc
1034 4224 1355 4296 peccatum
1383 4218 1800 4282 consideretur
1826 4221 2101 4300 praecise,

543 4315 613 4370 ut
641 4314 732 4370 est
764 4315 979 4370 contra
1020 4317 1394 4390 praeceptum
1427 4311 1596 4389 fidei,
1626 4331 1754 4376 non
1800 4314 2104 4394 multipli-

543 4402 670 4462 cari
693 4418 770 4463 ex
785 4400 905 4462 hoc
929 4403 1152 4482 capite,
1181 4403 1331 4482 quia
1347 4411 1722 4485 praeceptum
1763 4413 2101 4483 estunam,

541 4501 604 4556 et
629 4501 760 4556 tota
786 4495 895 4556 illa
917 4497 1177 4557 materia
1192 4514 1304 4576 per
1330 4498 1587 4560 modum
1615 4499 1802 4560 unius
1827 4501 2105 4581 praecipi-

542 4591 644 4648 tur
657 4603 680 4665 3
710 4594 774 4649 et
800 4588 939 4648 ideo
965 4589 1215 4650 omissio
1243 4590 1432 4650 etiam
1451 4598 1544 4652 est
1559 4609 1708 4668 una,
1739 4610 1878 4671 quae
1905 4599 2107 4673 potest

541 4697 671 4742 esse
713 4681 988 4760 gravior,
1025 4680 1123 4743 vel
1171 4682 1378 4744 minus
1419 4684 1650 4762 gravis,
1673 4685 1858 4764 juxta
1891 4693 2105 4750 exten·

543 4773 782 4834 sionem
825 4774 1120 4838 materiae.
1153 4775 1259 4834 Est
1299 4779 1606 4855 optimum
1648 4778 2003 4860 exemplum
2037 4781 2105 4841 in

543 4871 853 4947 praecepto
887 4866 1188 4929 recitandi
1233 4875 1468 4947 septem
1511 4869 1697 4931 horas
1737 4873 2101 4950 canonicas3

542 4977 691 5020 nam
741 4959 990 5020 omissio
1050 4959 1302 5022 illarum
1355 4980 1554 5024 unum
1607 4969 1702 5026 est
1753 4974 2097 5044 peccatum,

535 5052 718 5131 juxta
768 5070 1163 5114 communem
1207 5056 1601 5132 sententiam,
1633 5065 1884 5138 propter
1913 5060 2101 5120 ratio-

542 5161 689 5208 nem
738 5145 964 5206 dictam
980 5161 1002 5222 3
1033 5146 1121 5206 ita
1173 5165 1324 5225 ergo
1375 5157 1468 5210 est
1494 5149 1558 5210 in
1607 5151 1914 5229 praesenti.
1964 5152 2101 5212 Dixi

540 5243 778 5298 autem:
811 5237 892 5300 Ut
908 5238 1168 5317 praecise
1195 5245 1286 5302 est
1313 5244 1526 5304 couti-a
1543 5246 1912 5322 proi-ceptum
1927 5245 2102 5326 fide&

537 5347 684 5389 nam
725 5331 776 5390 si
807 5348 916 5410 per
941 5331 1226 5392 ordinem
1244 5332 1321 5392 ad
1349 5333 1500 5394 alias
1531 5335 1788 5396 virtutes
1806 5337 2099 5416 ignoran-

541 5425 630 5482 tia
651 5422 837 5500 huJus
857 5422 957 5484 vel
987 5423 1152 5485 illius
1180 5425 1274 5487 rei
1298 5429 1376 5490 sit
1407 5433 1756 5506 peccatum,
1783 5430 1872 5490 sic
1912 5430 2101 5507 juxta

537 5513 960 5582 diversitatem
1008 5516 1312 5580 virtutum
1359 5525 1651 5601 poterunt
1697 5521 2099 5604 multiplicari

965 379 1207 440 msam&
1238 383 1341 440 XV.
1379 387 1459 442 DE
1491 381 1790 442 PEccA'ns
1821 381 2117 442 rinmunt!
2150 384 2395 442 CONTRA
2426 381 2811 444 PRAECEPTUM
2843 383 3160 466 mre-anmi
3190 387 3359 446 riuti.

2203 497 2473 569 peecata,
2505 493 2651 571 quia
2678 499 2831 554 tunc
2874 493 3061 554 etiam
3112 502 3399 575 praecepta
3440 501 3684 584 multipu.

2204 590 2447 659 cantur,
2478 596 2549 644 ut
2588 603 2667 646 ex
2693 592 2996 666 praecepto
3020 587 3309 649 castitatis
3334 596 3553 654 tenetur
3574 600 3685 674 quis

2204 679 2357 738 scire
2382 679 2853 742 fornicationem
2880 699 3011 742 esse
3048 679 3307 754 malam3
3342 700 3413 743 ex
3436 695 3687 767 praecepto

2203 788 2349 832 vero
2382 771 2663 849 justitiae,
2696 771 2935 836 furtum
2980 791 3113 836 esse
3164 774 3409 851 malum,
3442 784 3503 837 ct
3532 779 3686 842 sicde

2202 867 2455 926 caeteris·

2278 957 2341 1018 8.
2392 955 2689 1032 Quomodo
2738 959 3097 1041 iquorantia
3145 959 3289 1039 fidei
3334 960 3693 1045 distinemur

2200 1070 2239 1114 a
2261 1056 2501 1133 peccato
2519 1051 2922 1132 infidelitatis.
2946 1055 3117 1115 -In
3140 1059 3353 1134 quarta
3383 1055 3692 1135 objectione,

2199 1144 2547 1226 postulatur
2580 1147 2891 1224 quomodo
2916 1146 3164 1208 differat
3202 1147 3317 1207 hoc
3354 1156 3633 1226 peccatum
3666 1172 3697 1212 a

2201 1245 2455 1318 peccato
2483 1236 2903 1315 infidelitati33
2938 1247 3141 1320 potest
3172 1240 3345 1301 enim
3381 1240 3582 1320 aliquis
3614 1263 3699 1304 co-

2200 1333 2423 1410 gitare,
2452 1330 2750 1410 distingui
2778 1339 3077 1412 tanquam
3104 1333 3487 1398 omissionem
3504 1353 3539 1394 a
3564 1354 3699 1396 com-

2200 1425 2513 1500 missione,
2535 1430 2679 1503 quia
2708 1423 2831 1486 hoc
2848 1433 3163 1504 peccatum
3182 1426 3453 1486 consistit
3478 1427 3535 1486 in
3559 1429 3703 1505 igno·

2197 1518 2399 1578 rantia
2442 1516 2813 1594 negationis,
2846 1525 2915 1578 nt
2942 1518 3212 1578 diximus
3237 1532 3260 1594 3
3290 1517 3590 1582 infidelitas
3615 1539 3701 1581 au-

2197 1617 2324 1672 tem
2371 1610 2616 1672 videtur
2660 1611 2995 1672 consistere
3024 1611 3093 1672 in
3145 1611 3491 1689 ignorantia
3532 1631 3701 1692 pravae

2197 1704 2635 1782 dispositionis,
2680 1721 2791 1764 seu
2838 1704 3087 1766 erroris,
3133 1703 3257 1764 Sed
3296 1723 3417 1764 non
3458 1713 3543 1765 est
3574 1707 3704 1768 adoe-

2195 1805 2383 1877 quata
2422 1796 2759 1871 distinctio,
2786 1797 2933 1875 quia
2978 1803 3181 1877 potest
3220 1797 3353 1858 dari
3400 1797 3704 1872 infidelitas,

2192 1909 2332 1970 quae
2364 1890 2445 1952 sit
2469 1890 2659 1952 etiam
2692 1891 2967 1964 omissio,
2998 1890 3161 1952 unde
3190 1891 3481 1969 distingui
3502 1900 3707 1970 possunt

2192 1990 2491 2063 tanquam
2515 1984 2766 2046 omissio
2794 1984 3071 2064 partialis
3093 1991 3161 2044 ct
3173 1967 3419 2046 'totalis
3448 1984 3558 2046 Sed
3594 2005 3708 2047 con-

2194 2083 2289 2138 tra
2309 2076 2427 2138 hoc
2457 2077 2735 2156 procedit
2760 2077 3027 2155 objectio
3052 2076 3239 2152 tacta,
3274 2079 3419 2156 quia
3448 2090 3582 2138 tunc
3603 2079 3711 2139 haec

2193 2171 2439 2231 omissio
2484 2177 2641 2232 esset
2680 2172 2961 2250 quaedam
2992 2171 3329 2232 infidelitas
3362 2171 3567 2232 saltem
3603 2191 3713 2250 par-

2192 2263 2381 2324 tialis,
2415 2262 2591 2324 Unde
2618 2264 2953 2326 dicendum
2982 2264 3228 2325 videtur
3276 2265 3564 2342 distingui
3605 2265 3713 2325 haec

2192 2355 2342 2429 duo,
2372 2357 2523 2435 quia
2550 2355 2877 2418 infidelitas
2904 2357 3135 2420 directe
3168 2364 3231 2418 et
3270 2356 3597 2418 formaliter
3628 2377 3715 2436 op-

2194 2450 2449 2528 ponitur
2491 2451 2507 2510 i
2516 2450 2609 2528 psi
2634 2450 2813 2525 fidei,
2844 2449 3011 2512 uude
3055 2452 3261 2530 privat
3290 2451 3588 2511 honestate
3612 2469 3716 2510 cre-

2192 2543 2377 2603 dendi
2428 2547 2489 2604 et
2536 2543 2643 2622 pia
2684 2543 3013 2606 affectione
3052 2544 3131 2604 ad
3175 2543 3365 2604 fidem
3420 2547 3633 2604 certam
3668 2549 3718 2602 ct

2191 2635 2585 2697 infallibilem
2611 2658 2625 2696 ε
2681 2636 2817 2698 hoec
2864 2655 3013 2699 vero
3068 2638 3450 2716 ignorantia,
3498 2636 3569 2698 dc
3617 2655 3717 2715 qua

2188 2729 2507 2809 loquimur
2532 2775 2551 2805 ,
2598 2749 2727 2791 non
2776 2733 3111 2810 opponitur
3158 2731 3395 2792 directe
3452 2729 3607 2804 fidei,
3630 2731 3719 2789 sed

2188 2824 2433 2884 cuidam
2462 2825 2900 2902 praeparationi
2924 2825 3003 2886 ad
3033 2824 3221 2885 fidem
3252 2823 3271 2904 (
3298 2830 3371 2884 ut
3396 2824 3482 2884 sic
3506 2824 3716 2896 dicam)

2190 2918 2420 2978 scilicet
2444 2962 2461 2991 ‚
2510 2919 2783 2978 scientiae
2809 2963 2831 2992 ,
2867 2937 2977 2980 seu
3028 2917 3505 2998 apprehensioni
3558 2923 3721 2977 mate·-

2189 3010 2321 3085 riae,
2362 3028 2501 3088 quae
2528 3012 2871 3072 necessaria
2898 3018 2989 3072 est
3014 3013 3095 3072 ad
3124 3030 3312 3074 usum
3340 3011 3505 3085 fidei,
3527 3017 3585 3070 et
3606 3011 3721 3069 ideo

2189 3105 2533 3166 formaliter
2574 3123 2706 3166 non
2730 3103 3006 3166 excludit
3048 3106 3213 3184 piam
3244 3104 3625 3166 affectionem
3660 3103 3725 3162 ad

2190 3195 2403 3272 fidem,
2442 3203 2511 3258 ut
2551 3197 2694 3257 talis
2726 3203 2841 3272 est,
2886 3215 3087 3278 neque
3136 3196 3333 3258 etiam
3368 3197 3534 3258 tollit
3572 3196 3726 3256 certi-

2190 3288 2473 3352 tudinem
2509 3308 2583 3352 ac
2607 3289 2969 3352 firmitatem
3010 3291 3171 3351 circa
3194 3308 3272 3351 ea
3302 3309 3445 3370 quie
3478 3291 3727 3350 sciuntur

2188 3389 2252 3444 et
2277 3383 2635 3461 creduntur,
2650 3390 2717 3445 et
2742 3383 2883 3445 ideo
2907 3383 3049 3445 talis
3074 3384 3435 3463 ignorantia
3464 3384 3627 3446 nulla
3650 3384 3727 3444 in·

2186 3475 2449 3539 fidelitas
2487 3485 2599 3540 est.
3066 3549 3073 3554 ,

2234 3573 2297 3632 9.
2319 3569 2419 3634 Au
2438 3573 2463 3633 i
2463 3574 2792 3654 quoi-antia
2808 3575 3239 3653 mysteriorum
3256 3575 3411 3652 fidei
3418 3573 3611 3656 possit
3626 3589 3737 3635 essi

2184 3663 2256 3726 iu
2280 3665 2513 3728 homine
2537 3667 2708 3746 fideli
2728 3666 3121 3731 invincibilis.
3134 3669 3440 3730 -Prima
3460 3667 3732 3730 scutalia

2186 3762 2470 3838 ueqat.—
2486 3759 2791 3823 Probum·
2810 3759 3515 3840 prima—Secundo—
3526 3759 3731 3822 Tertio.

2183 3881 2267 3896 ·-
2284 3851 2565 3912 Secundo
2594 3852 3035 3932 explicandum
3058 3859 3175 3928 est,
3204 3871 3291 3914 an
3318 3852 3455 3914 haee
3470 3852 3735 3930 ignoran-

2184 3943 2273 4004 tia
2301 3943 2367 4004 in
2398 3943 2653 4006 homine
2680 3943 2851 4006 fideli
2876 3945 3069 4025 possit
3098 3963 3231 4008 ease
3258 3943 3653 4017 invincibilis,
3682 3947 3737 4000 et

2185 4055 2223 4098 a
2252 4037 2434 4117 eulpa
2478 4037 2775 4100 excusari.
2824 4039 3035 4118 Aliqui
3094 4038 3404 4116 Theologi
3456 4037 3732 4107 sentiunt,

2183 4147 2509 4208 nunquam
2552 4148 2728 4212 posse
2758 4131 2923 4193 hanc
2956 4131 3385 4211 ignorantiam
3414 4127 3683 4192 excusari
3708 4144 3740 4186 a

2183 4227 2463 4300 peccato:
2488 4224 2559 4283 D.
2586 4224 3044 4301 Beneventum,
3068 4225 3135 4284 in
3150 4225 3213 4302 3,
3234 4223 3517 4285 distinct.
3536 4223 3633 4295 25,
3654 4237 3739 4280 ar·

2183 4315 2371 4376 ticulo
2400 4316 2624 4394 prime,
2668 4318 3007 4397 quaestione
3041 4319 3261 4396 tertia3
3304 4315 3581 4392 Gabriel,
3612 4315 3743 4376 arti·

2184 4407 2323 4468 culo
2348 4409 2641 4486 secundo,
2677 4416 2816 4489 post
2850 4411 3133 4490 quintam
3166 4411 3661 4484 conclusionem3
3690 4413 3743 4466 et

2182 4501 2531 4577 Durandus,
2562 4504 2899 4581 quaestione
2910 4505 3115 4584 prima
3136 4525 3154 4579 3
3172 4505 3469 4584 idemque
3487 4503 3747 4564 sentiunt

2187 4594 2526 4674 sylvester,
2566 4603 2629 4656 et
2682 4596 2933 4676 Angel„
2986 4596 3181 4659 verbo
3230 4597 3642 4679 Ipnoi-autin
3690 4600 3745 4652 et

2190 4689 2387 4748 tenuit
2408 4691 2595 4752 etiam
2622 4689 2847 4766 Gloss.,
2882 4691 2953 4751 in
2998 4691 3199 4769 capite
3222 4691 3433 4770 primo
3458 4690 3540 4754 de
3580 4692 3747 4752 Sum·

2186 4797 2290 4842 ma
2308 4782 2633 4858 Trinitate,
2652 4783 2721 4844 in
2736 4789 2933 4858 sexto,
2955 4782 3145 4845 verbo
3172 4783 3570 4865 Iyuorantr‘a.
3588 4784 3745 4843 Fun·

2186 4873 2548 4936 dementum
2574 4882 2691 4951 est,
2714 4878 2866 4955 quia
2891 4877 3317 4956 unusquisque
3333 4883 3591 4938 tenetur
3608 4875 3746 4938 scire

2182 4985 2257 5028 ea
2278 4986 2413 5046 quae
2442 4968 2524 5029 ad
2549 4987 2735 5030 suum
2756 4974 2987 5030 statum
3016 4971 3353 5048 pertinent,
3387 4970 3593 5032 necin
3635 4967 3747 5028 illis

2182 5061 2401 5122 cadere
2429 5065 2629 5140 potest
2656 5063 3013 5140 ignorantia
3041 5062 3427 5124 invincibilis
3436 5077 3461 5140 3
3488 5061 3597 5124 sed
3626 5061 3747 5122 hasa

2180 5153 2436 5216 scientia
2448 5171 2661 5216 rerum
2674 5155 2841 5230 fidei,
2858 5155 2935 5218 de
2958 5173 3083 5235 qua
3102 5162 3472 5232 tractamus,
3488 5155 3749 5235 pertinet

2181 5246 2261 5307 ad
2308 5252 2543 5308 statum
2574 5247 3019 5323 Christianum,
3061 5266 3253 5329 quem
3296 5248 3519 5310 nullus
3562 5243 3749 5309 fidelis

2179 5339 2465 5416 ignorare
2485 5345 2687 5420 potest
2698 5355 2719 5418 3
2736 5358 2884 5420 ergo
2906 5357 3111 5422 neque
3136 5342 3326 5403 etiam
3348 5346 3559 5421 potest
3578 5355 3751 5399 excu-

2178 5431 2301 5492 sari
2314 5431 2394 5494 de
2418 5434 2773 5512 ignorantia
2790 5434 3299 5511 illarum-rerum,
3326 5451 3475 5514 quae
3492 5434 3575 5495 ad
3594 5433 3751 5494 hunc

2177 5529 2405 5588 statum
2434 5525 2807 5607 generaliter
2828 5529 3167 5611 pertinent.
3186 5527 3501 5604 Secundo,
3533 5526 3679 5610 qnia
3698 5523 3753 5586 si
