3900 6217
661 422 833 475 secr.
868 422 931 475 v.
964 422 1048 475 ΑΙ(
1078 421 1361 477 numm
1390 418 1555 473 num
1590 416 2064 471 couvi-:murm
2095 418 2430 471 ramnus
2465 417 2526 471 m
2557 390 2857 471 sruuom.

780 632 997 686 ssscho
1030 635 1089 685 V.

156 804 377 867 Utrum
412 803 689 867 materia
715 804 861 885 fidei
886 802 1295 869 convenienter
1327 801 1399 864 in
1430 799 1717 883 Symbolo

678 897 827 977 fidei
856 896 1186 961 eadam?

230 1084 283 1141 1.
312 1079 601 1159 symboli
622 1080 919 1161 Elymum,
950 1085 1009 1145 ec
1028 1080 1267 1145 mein
1304 1080 1609 1145 Ecclesia.
1632 1114 1713 1125 —-

150 1172 541 1252 Symbolum,
570 1178 643 1235 ut
669 1192 891 1235 omnes
927 1174 995 1235 iu
1033 1175 1155 1237 hac
1184 1173 1450 1237 materia
1484 1191 1717 1253 suppo-

148 1270 317 1339 nunt,
346 1284 475 1327 vox
498 1285 708 1348 graeca
740 1273 861 1340 est,
887 1268 1139 1347 signum
1164 1285 1283 1331 seu
1322 1266 1625 1329 indicium
1654 1267 1719 1327 et

144 1359 581 1421 collectionem
608 1360 990 1441 significans,
1030 1367 1102 1425 ut
1147 1362 1213 1423 in
1256 1360 1495 1435 militia,
1540 1359 1716 1421 verbi

146 1453 361 1533 gratia,
392 1453 677 1534 siguum,
698 1453 871 1534 quod
896 1455 1080 1517 datur
1102 1454 1427 1528 militibus,
1460 1458 1528 1515 ut
1550 1453 1715 1515 inter

149 1566 205 1609 se
234 1566 305 1609 se
334 1553 753 1625 cognoscant,
782 1554 845 1610 et
872 1548 955 1611 ab
976 1549 1119 1609 aliis
1136 1548 1523 1621 discernant,
1546 1565 1714 1626 sym·

150 1642 355 1703 bolum
400 1641 785 1721 appellatur.
826 1642 1119 1705 Collectio
1158 1643 1347 1705 etiam
1390 1658 1533 1721 quae
1574 1640 1711 1702 fieri

146 1734 297 1795 solet
336 1752 415 1795 ex
470 1734 693 1797 multis
742 1736 1281 1797 contribuentibus
1330 1736 1413 1796 ad
1458 1734 1713 1814 aliquod

140 1846 293 1906 opus
314 1874 331 1900 ,
364 1828 535 1889 solet
558 1828 751 1891 etiam
774 1829 1134 1908 symbolum
1162 1828 1487 1909 appellari.
1531 1830 1607 1889 Et
1635 1846 1713 1889 ex

136 1926 403 1999 utraque
446 1920 911 2001 significatione
948 1923 1259 2002 applicata
1299 1928 1395 1983 est
1433 1921 1567 1985 haec
1591 1940 1713 1983 vox.

134 2017 213 2075 ab
244 2015 536 2077 Ecclesia
566 2017 651 2077 ad
688 2016 1162 2097 significandam
1192 2018 1535 2096 quamdam
1566 2016 1710 2079 bre-

134 2127 273 2169 vem
298 2128 649 2185 summam,
677 2128 795 2173 seu
820 2110 1103 2190 regulam
1130 2110 1279 2175 fidei
1302 2129 1379 2173 ex
1404 2111 1588 2173 variis
1613 2129 1709 2173 or·

136 2202 333 2263 ticulis
383 2202 540 2265 fidei
592 2202 919 2265 collectam
940 2250 955 2277 ,
988 2210 1052 2265 et
1096 2203 1386 2265 fidelibus
1428 2204 1715 2283 proposi-

132 2301 261 2357 tam
311 2302 632 2375 tanquam
682 2297 933 2375 signum
986 2296 1389 2375 professionis
1428 2316 1576 2359 suae.
1624 2298 1709 2357 De

134 2388 247 2449 hoc
300 2408 465 2469 ergo
522 2390 843 2468 symbolo,
896 2390 1066 2469 quod
1086 2390 1197 2451 .ita
1252 2390 1516 2469 explicat
1571 2390 1711 2451 Cle-

142 2501 335 2555 mens»,
368 2484 443 2545 in
490 2484 753 2562 Epistol.
806 2482 889 2543 ad
930 2482 1259 2555 Jacobum,
1304 2483 1707 2563 AugustinuS‚

142 2595 317 2637 serm.
364 2578 493 2637 125
516 2576 603 2637 de
628 2583 913 2655 tempore
930 2621 947 2650 ,
972 2577 1342 2655 Cyprianus,
1364 2581 1428 2638 et
1453 2578 1705 2649 Ruffin.,

136 2671 191 2729 ln
214 2670 621 2749 expositione
642 2669 934 2749 symboli,
968 2674 1031 2729 et
1058 2670 1161 2730 alii
1189 2671 1403 2731 Patres
1430 2688 1712 2731 commu-

134 2764 293 2824 niter
320 2764 657 2843 disputant
678 2780 901 2823 omnes
926 2763 1227 2843 Theologi
1246 2764 1313 2825 in
1342 2766 1401 2838 3,
1431 2764 1699 2825 distinct.

130 2860 233 2930 25,
267 2863 335 2919 et
356 2856 723 2935 specialiter
754 2857 828 2917 D.
872 2856 1145 2917 Thomas
1181 2857 1303 2931 hic,
1348 2858 1523 2919 artic.
1563 2858 1625 2929 6,
1662 2857 1705 2917 8

134 2957 201 3011 et
224 2952 293 3022 9,
328 2958 397 3013 et
433 2950 575 3013 ideo
618 2949 895 3011 breviter
934 2968 973 3009 a
999 2950 1179 3011 nobis
1216 2950 1583 3029 explicanda
1612 2955 1706 3011 est

136 3047 299 3107 ratio
330 3046 515 3126 hujus
532 3046 832 3126 symboli,
858 3046 1202 3125 praesertim
1228 3046 1377 3125 quia
1399 3046 1707 3108 Lutherus

130 3141 323 3201 etiam
364 3141 539 3201 hunc
572 3156 821 3201 morem
850 3140 913 3200 in
961 3139 1241 3201 Ecclesia
1280 3139 1705 3218 reprehendit,

122 3232 274 3311 qnia
304 3233 391 3295 ad
420 3232 821 3295 credendum
866 3232 1469 3311 (inquit)sufficiebat
1506 3233 1713 3311 Scrip-

122 3333 289 3398 tura,
316 3328 461 3387 sine
492 3326 821 3387 additione
848 3325 1149 3403 Symboli.

196 3420 263 3479 2.
296 3417 573 3485 Notatio
594 3436 673 3481 ea>
709 3419 789 3480 D.
823 3417 1053 3481 Thomu
1072 3436 1189 3498 pro
1225 3417 1602 3481 resolutione.
1626 3450 1709 3465 --

122 3511 215 3571 Ad
270 3510 725 3591 explicandam
768 3515 979 3571 autem
1023 3511 1347 3571 veritatem
1368 3554 1387 3584 ,
1446 3510 1708 3573 advertit

124 3605 189 3663 D.
222 3606 517 3665 Thomas
549 3604 615 3665 iu
642 3604 905 3665 materia
932 3602 1075 3665 fidei
1104 3604 1395 3682 quaedam
1428 3622 1567 3665 esse
1594 3622 1709 3684 per

121 3716 187 3757 se
240 3698 512 3772 tradita,
565 3697 715 3776 quia
754 3696 913 3757 fides
966 3702 1062 3757 est
1108 3697 1455 3761 substantia
1498 3714 1707 3761 rerum

114 3792 605 3869 sperandam,
654 3796 718 3851 et
760 3789 903 3851 ideo
944 3808 1043 3862 ea,
1084 3808 1227 3869 quse
1264 3791 1579 3869 pertinent
1624 3790 1707 3853 ad

111 3884 591 3945 beatitudinem
610 3900 803 3963 quam
830 3900 1177 3961 speramuS,
1206 3884 1304 3945 vel
1322 3894 1471 3945 sunt
1496 3883 1705 3945 media

116 3978 513 4049 necessaria,
540 3982 651 4037 aut
687 3994 803 4056 per
823 3992 891 4037 se
918 3975 1205 4037 ordinata
1238 3976 1321 4037 ad
1351 3976 1521 4037 illam
1554 3996 1707 4038 con-

116 4072 551 4147 sequendam,
580 4070 876 4133 dicuntur
914 4086 1029 4148 per
1070 4088 1137 4131 se
1165 4069 1483 4149 pertinere
1512 4071 1595 4131 ad
1638 4070 1709 4131 fi-

126 4165 309 4235 dem3
330 4165 583 4243 reliqua
606 4183 782 4238 vere,
804 4182 945 4243 quae
964 4161 1299 4225 innumera
1328 4170 1494 4236 sunt,
1524 4166 1703 4244 quasi

136 4275 253 4334 pet
278 4259 678 4321 occasionem
702 4277 817 4321 seu
843 4276 959 4337 per
1002 4258 1295 4319 accidens
1321 4258 1701 4331 revelantur,

139 4356 203 4409 et
254 4349 331 4411 ita
382 4358 519 4413 tota
551 4352 814 4413 materia
858 4351 1007 4415 fidei
1054 4357 1391 4431 utrumque
1421 4352 1707 4415 ordinem

132 4442 529 4505 credibilium
590 4444 1042 4523 complectitur.
1116 4444 1459 4525 Loquendo
1516 4445 1708 4525 igitur

134 4536 213 4597 de
238 4540 507 4601 materia
527 4538 679 4600 fidei
702 4539 771 4601 in
794 4540 919 4601 hac
948 4538 1437 4613 universalitate,
1467 4538 1703 4601 clarum

138 4637 234 4691 est
264 4651 383 4694 nec
407 4632 733 4703 debuisse,
758 4650 877 4693 nec
904 4632 1037 4695 fere
1065 4633 1343 4711 potuisse
1386 4632 1503 4693 sub
1532 4632 1702 4695 brevi

140 4724 419 4800 symbolo
462 4724 753 4803 proponi,
783 4726 933 4804 quia
971 4726 1059 4791 sic
1108 4725 1423 4805 pertinent
1452 4726 1531 4787 ad
1566 4744 1703 4787 ma-

144 4817 371 4879 teriam
400 4818 551 4881 fidei
582 4817 795 4881 omnia
827 4838 967 4897 quae
996 4825 1142 4881 sunt
1168 4819 1234 4880 in
1265 4818 1605 4897 Scriptura,
1638 4824 1701 4879 et

147 4928 267 4971 non
307 4911 511 4973 solum
542 4912 672 4985 illa,
704 4910 819 4973 sed
848 4912 1037 4973 eliam
1078 4930 1217 4991 quae
1248 4911 1589 4983 ‚traditione
1636 4917 1699 4973 et

150 5002 425 5067 Ecclesiae
474 5004 842 5069 definitione
893 5004 1223 5077 habentur,
1280 5022 1423 5082 quae
1486 5003 1699 5065 omnia

156 5114 259 5157 nec
282 5104 569 5176 poterant
598 5097 681 5158 ad
706 5096 965 5157 brevem
996 5115 1309 5158 summam
1336 5097 1559 5177 redigi,
1592 5116 1699 5159 ne-

158 5206 267 5267 que
304 5191 367 5252 id
392 5198 524 5253 erat
568 5190 805 5270 populo
855 5189 1203 5251 Christiano
1246 5191 1691 5251 necessarium.

162 5284 331 5361 Igitur
350 5286 415 5346 in
443 5283 737 5366 praesenti
767 5285 974 5346 solum
1006 5288 1099 5345 est
1138 5301 1344 5345 sermo
1383 5283 1463 5345 de
1496 5290 1698 5345 mate-

170 5376 243 5435 ria
266 5397 368 5457 per
397 5398 485 5455 se,
512 5386 578 5440 et
604 5376 959 5458 praesertim
1000 5375 1079 5439 de
1116 5376 1243 5451 illa,
1286 5393 1427 5456 quae
1479 5383 1577 5439 est
1616 5376 1700 5437 ad

174 5470 395 5534 salutem
422 5472 803 5535 necessaria.

232 5566 283 5629 3.
320 5568 531 5633 Prima
556 5567 821 5631 assertio
861 5566 933 5631 de
980 5566 1119 5646 fide.
1136 5596 1218 5612 -
1244 5564 1551 5628 Probacm·
1597 5564 1697 5633 in-

3288 406 3368 469 27

1800 522 2098 585 ductione.
2122 552 2204 567 —
2231 520 2578 604 Duplici-ter
2603 520 2808 600 potuit
2849 516 3184 598 symbolum
3233 532 3368 579 con·

1798 614 1905 693 Ῑὶσί
1930 616 2005 678 ab
2033 613 2366 697 Apostolis.
2393 648 2476 663 --
2501 614 2748 688 Quando
2788 615 2876 677 eit
2913 615 3264 691 confectum.
3285 640 3368 655 --

1800 708 1882 771 Ob
1910 726 2061 791 quas
2089 710 2358 773 rationes
2387 708 2864 785 confecerint.-—
2884 706 3034 766 Dico
3063 720 3216 783 erga
3242 702 3366 782 pri-

1796 820 1925 875 mo,
1940 802 2595 863 convenientissimum
2619 800 2811 861 fuisse
2829 798 2966 860 fieri
2985 798 3068 858 ab
3087 795 3368 859 Ecclesia

1796 897 2176 975 symbolum,
2217 894 2576 977 hujusmodi
2624 892 2774 955 fidei
2818 891 3146 954 materiam
3193 906 3366 951 com·

1794 991 2100 1069 plectens.
2133 992 2238 1051 Est
2291 990 2372 1051 de
2411 989 2536 1050 fide
2569 1006 2647 1050 ex
2676 988 2982 1068 perpetua
3004 983 3360 1055 traditione,

1796 1086 1859 1145 et
1894 1084 2212 1145 communi
2240 1100 2552 1146 consensu
2597 1080 2913 1156 Ecclesiae,
2947 1084 3010 1139 et
3061 1077 3366 1157 probatur

1798 1175 2104 1255 imprimis
2125 1175 2483 1237 inductione
2503 1194 2520 1247 ;
2537 1192 2685 1234 nam
2713 1173 2986 1253 primum
3007 1168 3366 1250 symbolum

1796 1269 2190 1333 tradiderunt
2252 1270 2431 1332 nobis
2498 1268 2814 1347 Apostoli,
2871 1265 3042 1345 quod
3105 1267 3366 1325 vocatur

1788 1367 2166 1446 Symbolum
2193 1366 2656 1446 Apostolorum,
2673 1369 2745 1424 ut
2769 1367 3034 1423 testatur
3050 1360 3356 1431 Clemens,

1795 1460 2074 1539 Epistola
2104 1461 2128 1520 1
2167 1459 2254 1519 ad
2280 1458 2609 1530 Jacobum,
2634 1464 2702 1518 et
2737 1456 2894 1517 libro
2936 1454 3138 1533 primo
3165 1454 3364 1513 Reco-

1794 1552 1986 1633 gnit.;
2022 1553 2146 1614 Leo
2177 1553 2372 1631 Papa,
2399 1551 2676 1631 Epistola
2707 1550 2784 1611 13
2831 1548 2912 1609 ad
2942 1545 3358 1616 pulcheriam,

1794 1652 1857 1708 et
1883 1663 2174 1707 sermone
2215 1648 2254 1706 3
2295 1645 2376 1705 de
2413 1644 2711 1705 passione
2761 1641 3039 1713 Domini3
3072 1638 3364 1719 Augusti-

1793 1758 1937 1811 nuS,
1987 1756 2276 1800 sermone
2307 1740 2424 1799 115
2477 1743 2540 1798 et
2583 1736 2689 1798 181
2727 1736 2806 1797 de
2841 1736 3174 1813 Tempore,
3207 1732 3361 1793 alias

1791 1833 1859 1892 in
1889 1832 2272 1912 Appendice‚
2306 1848 2621 1906 sermone,
2653 1832 2734 1891 42
2764 1835 2826 1889 et
2853 1830 2956 1901 57,
2998 1833 3062 1888 et
3079 1826 3238 1887 libro
3279 1824 3358 1887 de

1792 1926 1941 1986 Fide
1979 1931 2043 1987 et
2095 1924 2403 2004 Symbol.,
2439 1918 2529 1985 et'
2556 1940 2724 2003 saepe
2770 1922 2962 1987 alias:
3023 1925 3086 1983 et
3141 1921 3360 1981 Hiero-

1790 2036 2044 2097 nymuS,
2063 2016 2316 2096 Epistol.
2339 2020 2412 2078 61
2442 2018 2524 2078 ad
2543 2016 2902 2077 Pammach.
2926 2033 2942 2088 3
2967 2012 3352 2081 Ambrosius,

1792 2129 2068 2171 sermon.
2103 2112 2216 2182 38;
2251 2115 2314 2171 et
2349 2110 2854 2189 Chrysostomus„
2885 2104 3100 2167 homil.
3137 2109 3166 2165 1
3221 2109 3283 2165 et
3315 2105 3356 2163 2

1792 2204 1871 2264 de
1900 2204 2222 2283 SymboIO,
2253 2210 2314 2265 et
2344 2204 2446 2264 alii
2469 2204 2680 2265 statim
2707 2200 3084 2263 referendi¹.
3114 2195 3360 2259 Tertul-

1790 2297 1996 2358 lianus
2019 2297 2365 2371 vero‚libro
2389 2296 2468 2359 de
2495 2297 2839 2379 Praescript.
2875 2293 3180 2364 haeretic„
3211 2308 3351 2369 cap.

1794 2393 1895 2468 14,
1943 2391 2114 2463 dicit,
2163 2390 2530 2470 Symbolum
2560 2408 2698 2450 esse
2746 2407 2784 2449 a
2830 2386 3072 2449 Christo
3111 2383 3358 2445 institu-

1790 2489 1960 2556 tum;
2005 2483 2481 2563 intelligendum
2529 2500 2678 2543 vero
2731 2487 2828 2543 est
2857 2498 2973 2559 per
3001 2476 3350 2557 Apostolos,

1792 2578 1941 2657 quia
1971 2596 2097 2639 non
2127 2584 2388 2652 constat,
2423 2594 2542 2639 nec
2578 2596 2720 2637 cum
2753 2575 3164 2636 fundamento
3193 2571 3356 2631 affir-

1790 2670 1951 2730 mari
1973 2676 2199 2750 potest,
2229 2672 2542 2732 Christum
2565 2668 2988 2748 composuisse
3027 2668 3148 2727 hoc
3176 2666 3354 2744 Sym·

1788 2765 2004 2825 bolum
2055 2782 2130 2827 eo
2172 2765 2359 2827 modo
2401 2771 2462 2827 et
2516 2765 2733 2827 ordine
2781 2782 2906 2844 quo
2955 2763 3020 2823 in
3075 2758 3352 2821 Ecclesia

1790 2876 2040 2937 semper
2053 2862 2366 2920 retentum
2389 2848 2772 2919 est.Duobus
2787 2862 2999 2917 autem
3019 2854 3223 2916 modis
3240 2869 3353 2932 po·-

1787 2952 1903 3013 tuit
1926 2953 2046 3013 hoc
2070 2952 2436 3031 Symbolum
2461 2950 2776 3030 componi,
2801 2950 3055 3022 scilicet,
3077 2948 3177 3009 vel
3204 2946 3354 3026 quia

1790 3051 1851 3107 et
1881 3051 2081 3106 totum
2124 3052 2186 3107 et
2225 3044 2486 3125 singulas
2513 3051 2724 3124 partes
2760 3045 2896 3125 ejus
2929 3043 3091 3103 inter
3132 3058 3352 3101 omnes

1790 3140 2122 3219 Apostolos
2167 3140 2408 3201 collatae
2441 3140 2698 3200 fuerunt
2725 3145 2786 3201 et
2827 3136 3208 3217 approbatae,
3251 3132 3353 3195 vel

1790 3234 1937 3312 quia
1971 3232 2200 3312 singuli
2245 3232 2529 3312 singulos
2559 3232 2856 3293 articulos
2898 3233 2962 3292 et
3011 3227 3353 3290 sententias

1792 3327 1927 3407 ejus
1984 3326 2404 3388 contulerunt.
2451 3328 2528 3387 Et
2577 3326 2864 3406 quamvis
2915 3326 3222 3385 incertum
3275 3321 3358 3381 sit

1789 3438 1915 3499 quo
1966 3421 2226 3481 istorum
2287 3419 2618 3481 modorum
2672 3418 2861 3479 fuerit
2911 3416 3350 3495 compositum,

1788 3520 2000 3575 tamen
2047 3512 2462 3593 posteriorem
2515 3512 2794 3573 indicant
2826 3512 3064 3582 Patres,
3091 3526 3356 3588 proeser·

1788 3607 1899 3668 tim
1920 3606 2210 3667 Clemens
2231 3612 2292 3665 et
2309 3606 2714 3685 Augustinus,
2739 3604 2846 3684 qui
2863 3603 3052 3664 resert
3075 3601 3354 3682 singulas

1790 3700 2134 3761 sententias
2183 3698 2444 3779 singulis
2495 3698 2804 3778 Apostolis
2853 3697 3070 3769 dictas,
3111 3702 3174 3757 et
3229 3695 3354 3755 Leo

1789 3794 1956 3872 Papa
1985 3793 2074 3853 sic
2101 3792 2303 3871 inquit
2337 3810 2352 3853 z
2385 3792 2543 3872 Ipsa
2571 3790 2863 3856 Catholici
2880 3790 3135 3871 symboli
3150 3786 3355 3851 ‘brevis

1787 3893 1845 3949 et
1888 3891 2154 3968 perfecta
2191 3887 2504 3963 consessio,
2571 3886 2876 3949 duodecim
2929 3881 3356 3966 Apostolorum

1788 3985 1881 4043 est
1924 3982 2228 4062 insiqm‘m
2270 3981 2626 4054 sententiis,
2663 3986 2728 4042 et
2767 3980 2933 4041 idem
2981 3979 3114 4040 fere
3161 3978 3356 4039 habet

1787 4073 2249 4148 isidoruS,libro
2275 4074 2478 4153 primo
2511 4073 2594 4135 de
2623 4074 2850 4135 Divinis
2880 4073 3123 4145 officiis,
3151 4070 3353 4151 capite

1790 4168 1890 4240 16,
1924 4174 1987 4229 et
2006 4167 2168 4227 libro
2189 4168 2252 4241 2,
2279 4167 2482 4245 capite
2513 4168 2614 4227 22.
2635 4168 2725 4227 Ex
2755 4186 2881 4246 quo
2907 4166 3097 4228 etism
3128 4163 3358 4225 intelli-

1787 4261 1995 4341 gimus
2035 4259 2402 4339 Symbolum
2441 4261 2561 4321 hoc
2600 4261 2794 4321 fuisse
2825 4259 3240 4339 compositum
3270 4257 3356 4318 ab·

1788 4355 2099 4433 Apostolis
2127 4358 2272 4415 aute
2313 4372 2536 4415 necem
2563 4354 2809 4428 Jacobi‚
2849 4372 2998 4414 nam
3029 4353 3218 4415 etiam
3247 4351 3352 4413 ille

1788 4464 1970 4508 suam
2000 4448 2374 4509 sententiam
2404 4447 2686 4520 contulit,
2717 4452 2788 4509 ut
2815 4452 3036 4507 notant
3063 4445 3208 4507 dicti
3243 4446 3356 4507 Pa·-

1786 4548 1946 4616 tres;
1978 4550 2045 4605 et
2085 4544 2170 4606 ita
2211 4543 2542 4614 BaroniuS,
2571 4542 2640 4603 in
2685 4546 2712 4603 1
2769 4547 2964 4617 tomo,
3017 4559 3185 4603 anno
3244 4543 3348 4615 44,

1787 4638 2099 4700 existimat
2135 4639 2242 4699 illo
2271 4656 2438 4699 anno
2473 4638 2668 4699 fuisse
2702 4637 3142 4717 compositum,
3163 4636 3230 4697 id
3255 4642 3359 4698 est

1784 4732 2028 4793 decimo
2059 4751 2095 4792 a
2143 4732 2440 4793 Passione
2479 4730 2724 4793 Christi.
2758 4732 2835 4791 Et
2860 4735 3164 4792 consonat
3203 4746 3348 4791 cum

1783 4826 1899 4885 hac
1952 4825 2258 4899 doctrina,
2291 4826 2462 4904 quod
2513 4824 2728 4887 dicunt
2775 4824 2990 4886 Patres
3029 4824 3095 4885 in
3149 4823 3350 4885 citetis

1778 4918 1951 4992 locis,
1973 4917 2300 4997 Apostolos
2321 4923 2472 4981 tunc
2501 4918 2924 4997 composuisse
2954 4917 3346 4996 Symbolum,

1780 5010 2034 5091 quando
2067 5012 2232 5072 inter
2271 5028 2340 5072 se
2383 5013 2690 5091 separari,
2721 5018 2784 5073 et
2833 5028 2949 5092 per
2983 5011 3351 5072 universum

1778 5104 2089 5165 mundum
2118 5104 2306 5166 dividi
2329 5106 2686 5167 voluerunt.
2719 5107 2794 5165 Et
2823 5104 2970 5166 inde
2999 5104 3191 5167 etiam
3221 5105 3350 5166 col-

1776 5198 1982 5277 ligunt
2005 5199 2280 5261 rationes
2331 5200 2411 5261 ob
2439 5218 2597 5280 quas
2639 5200 2792 5260 illud
2832 5204 3344 5278 composuerunt,

1780 5290 2037 5364 scilicet,
2067 5296 2135 5352 ut
2165 5291 2473 5354 haberent
2499 5311 2694 5355 unam
2719 5299 2781 5355 et
2827 5292 3118 5355 eamdem
3157 5310 3352 5372 regu·-

1860 5474 1879 5511 ¹
1926 5469 2305 5533 Referuntur
2331 5471 2520 5533 etiam
2543 5490 2580 5532 a
2609 5470 2800 5533 Zacb.
2839 5472 3090 5544 Bover„
3133 5470 3240 5533 lib.
3277 5472 3342 5549 2,

1776 5581 1980 5633 exam.
2013 5564 2076 5637 2,
2107 5580 2356 5629 ceusur.
2388 5567 2489 5626 4¹.
