3900 6217
547 329 666 389 510

545 433 794 495 credere
825 431 1007 506 dicat,
1040 448 1256 492 revera
1291 430 1534 491 Christo
1569 444 1696 489 non
1736 427 1952 502 credit,
1996 426 2105 488 sed

545 526 664 587 sibi
705 525 819 605 ipsi
833 540 854 603 3
901 530 1151 604 propter
1189 522 1353 602 quod
1397 540 1438 583 a
1472 522 1664 584 Paulo
1691 521 1920 583 dicitur
1945 540 1985 583 a
2012 538 2107 582 se·

545 622 680 701 ipso
708 620 1059 684 damnatus,
1091 623 1154 677 et
1188 616 1328 677 ideo
1359 634 1488 677 non
1533 620 1734 696 potest
1776 615 1850 676 ad
1895 614 2105 675 Eccle-

544 714 702 775 siam
721 710 968 784 Christi,
1006 709 1106 769 vel
1129 710 1204 769 ad
1237 708 1514 770 fidelium
1558 708 1938 769 consortium
1965 725 2103 786 per-

543 807 782 881 tinere,
839 822 912 865 eo
963 801 1060 864 vel
1117 804 1388 863 maxime
1435 801 1598 881 quod
1649 801 1737 861 ita
1789 800 2107 861 credentes

545 898 878 970 Christum,
909 912 1123 957 revera
1151 914 1276 956 non
1309 896 1568 955 credunt
1589 894 1789 974 qualis
1826 894 1957 973 ipse
1986 898 2103 969 est,

543 991 650 1051 sed
677 988 926 1070 qualem
948 988 1065 1067 ipsi
1089 988 1208 1049 sibi
1229 986 1498 1066 fingunt.
1517 987 1692 1049 Unde
1721 986 1828 1047 alii
1845 985 2107 1047 credunt

543 1083 724 1143 illum
752 1100 977 1162 purum
999 1080 1342 1155 hominem,
1369 1079 1475 1140 alii
1507 1098 1620 1141 nec
1645 1096 1860 1140 verum
1901 1078 2101 1138 homi·

543 1194 712 1252 nem,
758 1176 865 1237 alii
913 1174 1419 1251 Redemptorem,
1467 1172 1570 1235 sed
1621 1191 1745 1232 non
1785 1171 2105 1250 legislato-

543 1289 700 1346 rem,
723 1277 786 1332 et
807 1270 896 1330 sic
921 1270 998 1330 de
1028 1267 1196 1342 aliis;
1229 1265 1520 1346 idemque
1547 1272 1640 1327 est
1669 1265 1746 1326 «le
1777 1265 1952 1325 novis
1981 1263 2103 1326 hae-

543 1364 771 1439 reticis,
814 1363 920 1442 qui
957 1362 1172 1422 dicunt
1215 1378 1278 1421 se
1328 1376 1460 1422 esse
1494 1362 1570 1421 de
1615 1358 1918 1433 Ecclesia,
1957 1359 2105 1437 quia

541 1458 850 1537 recipiunt
887 1454 1251 1534 Symbolum
1289 1459 1352 1515 et
1382 1454 1748 1533 Scripturas).
1781 1453 1936 1513 Nam
1988 1454 2105 1513 im-

541 1550 758 1632 primis
795 1549 858 1610 id
905 1567 1032 1609 non
1065 1548 1210 1607 satis
1251 1552 1344 1608 est
1363 1592 1379 1619 ‚
1428 1547 1534 1607 sed
1571 1551 1811 1626 oportet
1856 1544 2105 1606 credere

541 1644 754 1705 omnia
782 1659 920 1722 quae
949 1641 1025 1702 de
1059 1640 1178 1700 fide
1207 1646 1374 1715 sunt,
1407 1638 1500 1701 vel
1525 1638 1835 1717 explicite,
1860 1636 1961 1698 vel
1989 1638 2105 1697 im-

543 1737 752 1817 plicite
791 1733 1094 1797 credendo
1130 1731 1430 1812 quidquid
1471 1731 1737 1792 Ecclesia
1769 1730 1963 1791 credit
1980 1774 1999 1805 ,
2044 1735 2108 1789 et

541 1828 701 1890 nihil
747 1826 1128 1889 contrarium
1179 1825 1564 1886 admittendo
1581 1839 1602 1901 3
1655 1823 1891 1883 accedit
1939 1822 2105 1901 quod

542 1924 644 1985 isti
694 1940 809 1983 nec
853 1918 1220 2001 Symbolum
1262 1918 1505 1997 integre
1554 1916 1814 1977 credunt
1840 1962 1859 1989 ‚
1902 1932 2107 1994 neque

543 2017 731 2077 etiam
768 2015 837 2075 in
876 2010 1164 2073 omnibus
1211 2010 1362 2071 illud
1415 2009 1774 2087 intelligunt
1808 2009 1967 2069 sicut
1996 2008 2111 2068 Ec-

543 2108 728 2167 clesia
777 2105 1108 2183 intelligit,
1157 2109 1219 2164 et
1269 2104 1354 2165 ita
1397 2103 1593 2181 magis
1638 2120 1866 2163 nomen
1917 2117 2109 2179 quam

541 2218 676 2261 rem
717 2198 996 2278 Symboli
1027 2198 1336 2274 retinent3
1367 2184 1658 2275 idemqiie
1686 2200 1778 2255 est
1818 2192 1893 2255 de
1943 2192 2102 2253 Scri·

542 2299 746 2374 ptura,
778 2307 991 2372 quam,
1027 2301 1212 2369 prout
1239 2288 1483 2363 volunt,
1518 2277 1618 2348 rel
1659 2286 1975 2359 mutilant,
2002 2284 2103 2345 vel

543 2393 758 2448 contra
811 2384 1145 2447 Ecclesiam
1197 2383 1718 2463 intrepretantur3
1773 2398 1919 2459 ergo
1974 2397 2103 2440 non

541 2485 798 2560 possunt
819 2477 979 2538 veris
1005 2474 1324 2537 catholicis
1349 2474 1670 2553 conjungi,
1692 2490 1832 2533 cum
1863 2478 1928 2533 in
1958 2490 2107 2533 vera

543 2574 666 2635 fide
695 2591 836 2634 cum
871 2571 994 2633 illis
1033 2590 1161 2631 non
1202 2571 1594 2631 conveniant.
1634 2567 1913 2629 Tandem
1949 2583 2104 2627 con-

541 2668 828 2730 firmatur
847 2712 863 2739 ,
915 2665 1062 2745 quia
1107 2664 1422 2744 Scriptura
1470 2662 1628 2723 nihil
1677 2660 1878 2739 magis
1929 2676 2107 2721 com-

541 2760 796 2821 mendat
823 2776 1012 2838 quam
1051 2756 1502 2836 separationem
1549 2753 1630 2814 ab
1673 2753 1999 2828 lunaticis,
2036 2759 2106 2814 ut

541 2852 726 2934 paulo
757 2857 892 2931 post
922 2850 1298 2923 referemus3
1331 2847 1496 2909 unde
1537 2848 1771 2927 optime
1801 2846 1960 2907 dixit
1991 2846 2105 2925 Cy-

541 2945 794 3025 prianus
815 2988 836 3019 ,
887 2944 1045 3004 libro
1111 2943 1188 3003 de
1231 2942 1482 3001 Unitate
1531 2940 1846 3015 Ecclesiae,
1902 2942 2103 3018 capite

541 3036 760 3117 quinto
793 3055 806 3095 :
845 3035 1146 3100 cohaerere
1175 3040 1235 3097 ct
1255 3034 1542 3116 conjuqtyi
1567 3050 1687 3095 non
1711 3035 1913 3112 potest
1939 3050 2104 3095 ama·

539 3132 744 3193 raudo
775 3147 912 3193 cum
939 3130 1268 3200 dulcedine,
1310 3144 1519 3209 pugna
1563 3143 1702 3187 cum
1739 3142 1918 3205 pace,
1970 3142 2103 3187 cum

544 3222 993 3305 tranquillitate
1029 3226 1346 3303 tempestas
1363 3268 1380 3293 ,
1425 3219 1622 3301 caliyo
1674 3236 1806 3281 cum
1851 3218 2097 3293 lumine,

527 3321 722 3401 juxta
751 3316 916 3379 illud
965 3315 1192 3378 Pauli:
1227 3311 1374 3387 Quoe
1401 3312 1656 3376 societas
1695 3309 1852 3373 lucis
1897 3311 1981 3373 ad
2018 3317 2103 3375 te-

541 3413 779 3475 nebras.
807 3410 897 3472 Sit
925 3426 1074 3487 ergo
1115 3413 1378 3481 certum,
1427 3412 1496 3465 ut
1539 3405 1872 3465 minimum
1924 3420 2105 3482 sepa-

540 3504 768 3567 randos
813 3520 942 3565 esse
971 3502 1292 3563 haereticos
1334 3500 1413 3560 ab
1451 3497 1718 3559 Ecclesia
1746 3502 1807 3557 et
1843 3496 2006 3557 veris
2034 3496 2105 3557 fi-

541 3598 781 3659 delibus
796 3614 818 3675 ,
847 3595 1050 3657 adhuc
1072 3610 1220 3655 vero
1252 3596 1527 3671 superest
1555 3590 1839 3664 dubium,
1865 3606 1946 3648 an
1972 3606 2104 3651 ma·-

535 3690 662 3770 jori
685 3689 1002 3751 coactione
1031 3684 1355 3766 puniendi,
1387 3690 1450 3745 et
1481 3682 1743 3761 cogendi
1769 3682 1917 3743 sint.

621 3786 681 3845 3.
731 3780 1050 3847 Secundm
1091 3796 1282 3841 cro-or.
1301 3776 1736 3841 -Donatistoe
1785 3776 1949 3857 apud
1978 3773 2103 3839 Au-

540 3877 872 3962 qustinwm,
913 3879 1030 3934 etc.
1053 3870 1315 3951 -E'jm
1334 3867 1710 3951 praecipuum
1751 3870 2108 3943 fundanum-

544 3976 690 4035 tum.
715 4002 796 4015 —-
819 3967 1226 4047 confirmatur
1266 3966 1492 4046 primo.
1535 3995 1618 4011 -
1647 3963 1754 4025 Est
1811 3978 1963 4041 ergo
2013 3980 2105 4023 se-

541 4064 780 4126 cundus
807 4078 1000 4135 error,
1039 4075 1274 4139 negans
1299 4074 1474 4137 posse
1515 4062 1623 4117 aut
1661 4055 1883 4118 debere
1910 4055 2107 4117 haere·-

543 4158 692 4219 ticos
717 4154 855 4233 cogi
892 4152 1112 4233 poenis,
1151 4151 1282 4211 sive
1313 4148 1756 4229 spiritualibus,
1783 4149 1912 4209 sive
1946 4154 2104 4209 tem-

540 4247 892 4332 poralibus;
927 4247 1012 4308 ita
1051 4243 1504 4305 contendebant
1533 4242 1855 4303 Donatistae
1885 4248 2103 4303 contra

541 4342 904 4417 catholicos,
935 4345 1212 4417 tempore
1238 4334 1591 4413 Augustini,
1627 4340 1698 4393 ut
1725 4352 1804 4399 ex
1841 4334 1973 4413 ipso
2002 4354 2105 4395 su-

540 4439 756 4512 mitur,
791 4432 902 4494 lib.
937 4435 998 4507 1,
1029 4436 1246 4491 contra
1278 4429 1457 4508 epist.
1499 4430 1814 4501 Parmen.‚
1863 4446 1996 4507 cap.
2038 4431 2097 4505 7,

541 4538 604 4593 et
631 4528 739 4591 lib.
793 4529 833 4587 2
879 4530 1092 4585 contra
1132 4523 1324 4602 Epist.
1369 4520 1683 4596 Petilian„
1731 4538 1866 4599 cap.
1901 4522 2011 4598 10,
2038 4528 2101 4583 et

536 4622 700 4684 libro
727 4620 914 4682 etiam
942 4618 982 4677 2
1020 4622 1236 4677 contra
1275 4614 1466 4694 Epist.
1506 4613 1812 4688 Gauden.,
1851 4632 1988 4693 cap.
2020 4616 2099 4676 25

540 4720 602 4775 et
629 4714 732 4788 26,
754 4716 816 4771 et
836 4710 1018 4789 epist.
1051 4710 1132 4769 50
1153 4706 1229 4767 ad
1257 4706 1666 4767 Bonifacium.
1694 4708 1908 4767 Postea
1935 4708 2103 4770 hunc

538 4821 814 4869 errorem
829 4802 1210 4863 innovarunt
1230 4799 1533 4879 Wicleph.
1566 4805 1630 4861 et
1655 4800 1925 4861 loannes
1943 4801 2097 4876 HuS,

539 4905 611 4960 ut
636 4898 845 4959 videre
878 4900 968 4955 est
995 4893 1064 4953 in
1087 4892 1356 4953 Concilio
1398 4893 1740 4968 Constant„
1781 4910 1924 4954 sess.
1959 4896 1998 4957 8
2038 4900 2101 4955 et

540 4995 656 5070 153
697 4996 761 5052 et
785 4989 953 5050 idem
988 4995 1197 5066 postea
1217 4986 1421 5047 tenuit
1457 4985 1798 5062 LuthcruS,
1833 4992 1952 5047 art.
1996 4989 2095 5051 33.

537 5084 794 5147 Invenio
813 5082 1002 5143 etiam
1031 5078 1200 5159 apud
1230 5076 1603 5153 Prateolum·,
1631 5096 1907 5141 errorem
1932 5079 2101 5143 bunc

534 5178 904 5241 attributum
941 5172 1313 5252 Raymundo
1347 5171 1542 5245 Luuo,
1585 5171 1692 5233 sed
1738 5172 1807 5232 in
1831 5172 2101 5235 Directo·

535 5275 632 5335 rio
659 5269 968 5351 inquisit„
999 5271 1160 5345 part.
1191 5269 1256 5341 2,
1287 5271 1504 5345 quaest.
1535 5267 1598 5341 9,
1639 5265 1839 5327 solum
1874 5266 2101 5327 dicitur

539 5381 794 5445 negasse
819 5360 1142 5423 haereticos
1170 5376 1299 5421 esse
1327 5357 1806 5434 interficiendos,
1849 5359 1959 5439 qui
2006 5366 2100 5421 est

1010 330 1246 383 mst’ur.
1280 330 1386 383 XX.
1423 330 1504 381 DE
1534 328 1826 381 Rssussuus
1859 326 2173 381 EGCLESIAE
2207 328 2453 381 CONTRA
2484 330 2781 383 RAERESES
2810 331 2891 382 m·
2922 331 3314 385 Rm'rtcos.

2186 430 2531 509 Principale
2570 430 3053 493 fundamentum
3110 430 3299 511 hujus
3358 432 3561 495 erroris
3598 444 3687 513 est,
3815 474 3816 487 ³

2184 524 2331 601 quia
2358 524 2509 587 fides
2550 542 2683 585 esse
2718 523 2907 585 debet
2930 524 3130 587 libera
3170 530 3237 586 et
3270 530 3609 603 spontanea,
3644 538 3693 591 et
3815 524 3816 567 ἶ

2185 616 2325 677 ideo
2354 617 2447 678 illi
2486 623 2797 697 repugnat
2823 618 3077 679 coactio.
3110 618 3489 681 Antecedens
3516 621 3689 698 proba-

2184 715 2311 786 tur,
2355 716 2489 771 tum
2530 729 2611 771 ex
2648 716 2873 771 natura
2901 711 3094 789 ipsius
3144 710 3332 787 fidei;
3376 716 3505 771 tum
3546 716 3695 777 etiam
3815 746 3816 757 κ

2188 804 2335 882 quia
2357 803 2475 864 bac
2511 804 2773 879 ratione,
2806 823 2995 884 supra
3016 804 3296 878 diximus
3322 803 3581 867 infideles
3598 827 3693 871 non

2186 902 2494 975 apostatas
2532 915 2659 957 non
2688 914 2864 975 posse
2899 898 3037 975 cogi
3079 896 3159 958 ad
3198 896 3429 973 fidem3
3468 916 3597 976 ergo
3618 920 3699 961 ne·
3815 934 3816 963 1

2187 1006 2307 1067 que
2334 988 2547 1049 fideles
2580 989 2715 1066 cogi
2750 996 3003 1067 possunt
3032 989 3115 1051 ad
3140 990 3627 1069 perseverandum
3646 994 3699 1057 in
3815 1022 3816 1033 ¹

2184 1080 2315 1156 illa,
2359 1080 2464 1141 vel
2490 1081 2568 1143 ad
2610 1081 3001 1143 redeundum
3046 1082 3127 1143 ad
3166 1082 3379 1156 illam,
3422 1084 3477 1143 si
3514 1084 3585 1144 ab
3619 1085 3701 1149 illa

2183 1173 2593 1236 discesserint.
2614 1173 2915 1235 Probatur
2932 1176 3399 1255 consequentia,
3426 1177 3559 1256 quia
3574 1179 3619 1256 ej
3626 1197 3699 1239 us·

2184 1267 2329 1329 dem
2356 1267 2617 1329 rationis
2658 1274 2751 1329 est
2788 1270 3173 1331 conservatio
3208 1268 3313 1329 vel
3340 1271 3623 1349 reparatio
3648 1272 3703 1331 fi-

2185 1359 2309 1435 dei,
2336 1362 2513 1439 cujus
2542 1367 2635 1421 est
2682 1360 3045 1439 generati03
3080 1378 3231 1421 nam
3266 1378 3389 1435 res,
3442 1380 3545 1441 per
3586 1380 3704 1443 quas

2184 1472 2371 1514 causa
2412 1453 2709 1528 nascitur,
2740 1471 2851 1533 per
2884 1454 3133 1515 easdem
3160 1456 3513 1517 conservari
3534 1456 3700 1519 debet.

2183 1547 2260 1607 Et
2298 1532 2565 1625 augetur
2610 1548 2812 1626 primo
2846 1547 3177 1610 difficultas
3193 1593 3213 1625 ,
3254 1548 3407 1627 quia
3448 1547 3585 1609 fides
3606 1566 3703 1611 non

2186 1640 2381 1700 solum
2412 1646 2505 1701 est
2528 1639 2749 1716 libera,
2782 1640 2887 1701 sed
2926 1640 3117 1701 etiam
3152 1647 3248 1703 est
3288 1643 3701 1720 supernaturale

2187 1732 2460 1809 donum3
2488 1751 2637 1811 ergo
2676 1720 2805 1794 non
2833 1740 3034 1813 potest
3072 1734 3297 1795 cadere
3340 1734 3457 1795 sub
3494 1735 3703 1795 coactio-

2187 1842 2333 1885 nem
2373 1826 2739 1886 humanam.
2784 1826 3091 1901 Secundo,
3116 1826 3521 1889 confirmatur
3546 1826 3615 1887 ab
3634 1828 3703 1887 in·

2188 1918 2530 1979 commodis
2556 1936 2695 1998 quae
2728 1937 2804 1980 ex
2834 1919 3195 1999 hujusmodi
3222 1922 3535 1983 coactione
3570 1921 3705 1999 sequi

2188 2012 2422 2087 solent,
2450 2012 2660 2091 qualia
2684 2019 2832 2073 sunt
2858 2012 3019 2074 fictoe
3040 2013 3497 2085 conversiones,
3524 2020 3579 2074 et
3593 2032 3701 2075 oon-

2187 2112 2517 2183 sequenter
2556 2104 2785 2166 abusus
2830 2112 3395 2182 sacramentorum,
3441 2113 3503 2169 et
3526 2105 3629 2169 alia
3646 2106 3706 2165 si-

2184 2197 2361 2257 milia
2384 2197 2725 2277 sacrilegia.

2265 2292 2327 2351 4.
2375 2289 2718 2353 Secundum
2746 2292 3231 2368 fundamentum.
3254 2324 3341 2341 -—
3358 2291 3615 2355 Secundo
3632 2310 3708 2353 ar·

2186 2389 2653 2459 gumentantur,
2684 2384 2835 2463 quia
2863 2384 3113 2459 PauluS,
3146 2390 3171 2445 1
3208 2386 3293 2446 ad
3323 2386 3455 2449 Cor.
3484 2388 3544 2460 5,
3566 2386 3703 2445 abso·

2185 2474 2337 2551 lute,
2374 2482 2437 2537 et
2478 2476 2611 2537 sine
2652 2476 3039 2539 restrictione
3066 2476 3251 2553 dixit,
3283 2478 3361 2541 de
3388 2479 3481 2541 his
3506 2481 3601 2557 qui
3638 2478 3704 2537 fo·

2184 2571 2271 2631 ris
2306 2578 2475 2647 sunt,
2507 2570 2667 2631 nihil
2714 2571 2791 2633 ad
2822 2589 2885 2631 se
2926 2574 3237 2652 pertinere
3255 2590 3274 2651 3
3308 2573 3417 2635 sed
3452 2573 3701 2645 haeretici,

2184 2670 2256 2725 ut
2298 2665 2580 2744 proxime
2616 2665 2911 2741 diximuS,
2942 2673 3089 2727 sunt
3123 2667 3299 2743 foris,
3330 2668 3393 2728 id
3428 2675 3539 2743 est,
3564 2673 3707 2727 extra

2185 2758 2516 2819 Ecclesiam
2546 2774 2566 2835 3
2604 2777 2753 2838 ergo
2784 2760 2973 2821 etiam
3002 2767 3147 2821 sunt
3180 2770 3359 2823 extra
3378 2760 3705 2841 jurisdictio·

2188 2868 2332 2911 nem
2365 2850 2651 2911 Ecclesiae
2680 2872 2697 2926 3
2730 2869 2879 2930 crgo
2908 2871 3035 2913 non
3077 2861 3345 2932 possunt
3386 2870 3491 2933 per
3532 2866 3705 2931 poenas

2188 2944 2345 3022 cogi.
2392 2942 2695 3005 Probatur
2722 2947 3185 3025 consequentia,
3219 2947 3393 3025 quia,
3420 2952 3489 3005 ut
3514 2942 3701 3003 coactio

2185 3036 2263 3096 sit
2301 3037 2497 3116 justa,
2536 3036 2721 3097 debet
2770 3056 2903 3099 esse
2948 3042 3111 3099 circa
3164 3040 3501 3112 subditum,
3528 3042 3585 3097 et
3618 3033 3704 3093 uhi

2184 3147 2309 3189 nou
2356 3136 2449 3189 est
2468 3130 2845 3207 jurisdictio,
2872 3150 3003 3193 non
3030 3137 3122 3193 est
3148 3132 3471 3212 subjectio.
3496 3132 3567 3191 Et
3586 3144 3699 3189 con·

2184 3221 2421 3282 firmari
2453 3222 2570 3283 hoc
2599 3229 2801 3302 potest
2836 3242 2915 3285 ex
2958 3224 3243 3287 doctrina
3280 3225 3543 3305 ejusdem
3580 3221 3703 3279 Pan-

2184 3313 2253 3390 li,
2281 3332 2425 3375 nam
2456 3314 2573 3375 hac
2610 3316 2851 3377 ratione
2876 3316 3077 3378 solum
3102 3320 3399 3398 praecepit
3420 3322 3479 3377 et
3506 3312 3700 3375 moniiit

2186 3409 2633 3489 separationem
2652 3408 2733 3469 ab
2758 3409 3086 3486 haereticis,
3106 3418 3175 3473 ut
3193 3418 3368 3490 patet
3388 3428 3467 3471 ax
3480 3410 3515 3469 2
3540 3405 3609 3467 ad
3620 3404 3701 3465 Ti·

2186 3500 2381 3561 moth.
2413 3503 2475 3576 2,
2509 3500 2619 3561 ubi
2644 3504 2947 3583 praecipit,
2978 3503 3355 3567 seo-cummi
3378 3502 3699 3565 mmmm

2186 3610 2311 3657 esso
2340 3612 2475 3656 omn
2497 3596 2811 3671 modestia,
2834 3597 3062 3675 inquit,
3094 3596 3505 3679 coro-ipsumam
3522 3606 3605 3653 coe
3616 3584 3699 3668 qui

2182 3687 2481 3750 resistunt
2510 3689 2781 3763 veo-itaci,
2808 3689 2931 3765 vel,
2960 3696 3033 3749 ut
3062 3688 3248 3769 paulo
3270 3687 3535 3769 superius
3558 3682 3697 3743 dixe-

2183 3785 2301 3855 rat,
2330 3783 2435 3860 qui
2464 3800 2503 3845 a
2527 3784 2781 3845 veritate
2809 3782 3155 3847 mide-um
3172 3807 3199 3857 ;
3242 3790 3308 3847 et
3334 3799 3464 3859 cap.
3495 3774 3695 3839 3:13oe

2186 3875 2385 3937 devita
2400 3898 2427 3947 ;
2461 3880 2523 3935 et
2552 3875 2632 3935 ad
2672 3876 2885 3937 Titum
2920 3880 2947 3935 1
2982 3890 2999 3935 ε
3042 3876 3311 3956 Incrcpa
3350 3873 3487 3937 illos
3528 3870 3693 3934 dum

2184 3972 2248 4027 et
2272 3984 2406 4045 cap.
2438 3968 2512 4027 3:
2546 3968 2701 4030 Post
2730 3985 2917 4031 uuam
2968 3972 3027 4031 et
3062 3969 3385 4033 secundam
3422 3956 3693 4043 cmepcio-

2182 4076 2338 4135 nens,
2372 4058 2571 4123 devita
2586 4082 2613 4131 ;
2636 4066 2699 4121 et
2726 4060 3013 4121 similiter
3053 4064 3133 4121 ad
3173 4060 3355 4125 Rom.
3388 4058 3501 4121 ¹6:
3532 4049 3691 4119 Ucub-
3815 4068 3816 4073 ¹

2182 4152 2433 4215 servetis
2466 4168 2585 4227 cos,
2628 4158 2774 4228 etc„
2810 4156 2869 4215 et
2902 4151 3189 4217 declinato
3212 4156 3287 4217 ab
3318 4154 3405 4217 eie
3420 4176 3447 4224 ,·
3482 4160 3537 4209 et
3564 4148 3599 4209 2
3628 4138 3689 4201 ad

2181 4244 2599 4305 Thessalonic.
2636 4248 2709 4307 3:
2747 4244 2829 4309 Si
2868 4247 3007 4327 quis
3030 4262 3151 4307 non
3192 4247 3383 4311 obedit
3416 4241 3569 4309 mbo
3588 4250 3689 4297 θῦε·

2182 4344 2300 4411 tro,
2344 4340 2503 4402 hunc
2529 4344 2753 4412 notato,
2786 4343 2845 4401 et
2869 4357 2943 4402 m
2968 4338 3461 4406 commeamus·
3482 4348 3595 4399 cum
3618 4342 3685 4397 οὐ,

2181 4437 2240 4495 et
2276 4432 2460 4495 nolite
2510 4430 2687 4513 quasi
2728 4432 3043 4497 inimicum
3080 4434 3447 4505 emi-teimau,
3471 4426 3567 4493 ud
3592 4436 3691 4484 0⁰²·-

2179 4525 2365 4606 ripite
2416 4531 2487 4587 ut
2534 4527 2825 4603 fratrem,
2864 4527 2933 4587 in
2980 4543 3103 4605 quo
3160 4527 3401 4589 videtur
3437 4520 3685 4597 majorem

2180 4618 2561 4677 coactionem
2608 4618 2955 4697 prohibere.
3004 4620 3277 4699 Denique
3310 4621 3479 4683 Joan.
3498 4658 3517 4688 ‚
3542 4609 3681 4688 epist·

2180 4710 2243 4785 2,
2278 4708 2477 4770 solum
2501 4709 2704 4773 dixit}
2740 4712 2871 4775 Nec
2908 4730 3015 4775 ave
3042 4711 3127 4775 cis
3178 4711 3473 4777 dixeritis.
3500 4698 3684 4765 confir-

2181 4801 2340 4863 mari
2384 4802 2573 4864 etiam
2611 4808 2810 4883 potest
2854 4804 3080 4865 Christi
3132 4804 3433 4886 exemplo,
3455 4801 3608 4863 Joan·
3634 4790 3685 4861 6»

2180 4894 2291 4955 ubi
2318 4914 2466 4957 cum
2491 4898 2684 4977 aliqui
2710 4916 2841 4961 non
2882 4898 3200 4961 credentes
3226 4897 3421 4961 verbis
3444 4894 3560 4972 ejus
3588 4884 3683 4945 dis·

2180 4990 2468 5053 cederent
2502 4992 2581 5053 ab
2624 5010 2722 5069 eo,
2752 4992 3069 5073 discipulis
3090 4994 3290 5057 dixit:
3338 4980 3617 5067 quuid
3636 4976 3683 5038 ⁴²

2178 5102 2283 5147 vos
2312 5084 2503 5148 vultis
2546 5086 2712 5147 abire
2728 5086 2758 5147 ‚²
2800 5086 3037 5147 nullam
3076 5087 3201 5149 illis
3239 5085 3582 5149 coactionem
3618 5069 3680 5129 si-

2180 5176 2559 5255 gnificando,
2586 5178 2692 5239 sed
2726 5181 3250 5258 perseverantiam
3279 5181 3343 5241 in
3378 5174 3487 5239 fide
3508 5171 3681 5239 incer·

2179 5276 2245 5330 ta
2273 5270 2579 5333 voluntati
2605 5286 2823 5331 eorum
2858 5274 3326 5350 committendo,
3354 5266 3499 5351 quod
3534 5262 3676 5321 nota-

2179 5365 2271 5424 vit
2296 5364 2678 5443 Cyprianus,
2710 5366 2887 5445 epist.
2918 5366 3021 5441 55,
3064 5366 3315 5429 dicens:
3356 5362 3487 5429 Nou
3522 5354 3677 5415 W

535 5457 858 5541 specialior
883 5470 1055 5517 error
1081 5451 1249 5553 infra
1273 5451 1628 5513 tractandus
1651 5452 1718 5513 in
1741 5453 1973 5533 disput.
1990 5454 2093 5515 23.
2172 5458 2351 5537 pavit
2388 5458 2737 5534 recedentes,
2770 5464 2880 5523 aut
2902 5460 3176 5541 praviter
3200 5456 3561 5525 comminatus
3579 5440 3671 5508 ut,

3595 6214 3610 6217 s.
3618 6166 3817 6217 ...ι-...Ι
