3900 6217
649 364 766 427 462

647 486 828 549 posse
873 468 1272 555 christianam
1325 468 1510 530 fidem
1564 470 1697 531 sine
1743 468 2206 529 inconvenienti

647 570 876 623 sectam
911 558 1238 642 appellari3
1263 578 1408 622 nam
1437 563 1685 637 Paulus,
1717 564 1901 623 citato
1928 561 2066 622 loco
2096 562 2208 621 Ac-

651 667 855 717 torum
885 659 989 732 24,
1041 656 1216 735 quasi
1261 674 1339 715 ex
1384 656 1635 735 propria
1683 654 1991 716 sententia
2028 670 2205 715 suam

650 748 838 811 fidem
868 756 1097 809 sectam
1125 756 1322 824 vocat,
1347 755 1559 826 postea
1582 748 1718 808 aliis
1739 747 2025 808 attribuit
2043 746 2208 825 quod

647 842 822 903 illam
852 849 1072 903 vocent
1109 842 1416 916 haeresim,
1460 848 1521 901 et
1552 842 1640 901 ita
1681 842 2001 901 nominata
2039 846 2130 900 est
2171 858 2209 899 a

649 935 928 1011 Philone,
973 936 1042 995 in
1071 934 1179 995 lib.
1218 936 1294 994 de
1319 936 1458 995 vita
1483 934 1989 1013 contemplativa,
2022 950 2208 1012 quem

647 1028 840 1091 refert
881 1036 943 1090 et
973 1047 1101 1089 non
1131 1028 1442 1108 improbat
1479 1028 1801 1103 Eusebius,
1848 1028 1892 1087 l.
1941 1028 1981 1087 2
2012 1028 2212 1087 Histo-

645 1124 778 1199 riae,
825 1140 961 1203 cap.
993 1122 1092 1197 16,
1137 1122 1290 1182 alias
1330 1124 1404 1183 17
1431 1143 1447 1196 3
1479 1122 1606 1181 imo
1647 1122 1835 1181 etiam
1867 1120 2212 1199 Cyprianus

646 1217 737 1276 ita
764 1215 1040 1295 loquitur
1073 1216 1140 1275 in
1168 1232 1266 1293 ep.
1299 1215 1401 1282 23,
1437 1213 1544 1273 ubi
1569 1214 1876 1275 Pamelius
1897 1213 2064 1274 idem
2102 1230 2212 1272 no·

647 1316 763 1385 tat,
793 1315 855 1371 et
881 1309 1002 1369 alia
1037 1308 1171 1369 loca
1217 1308 1492 1387 ejusdem
1525 1308 1820 1387 Cypriani
1867 1313 1929 1369 et
1969 1306 2211 1369 Tertul-

646 1402 798 1463 liani
835 1402 1043 1463 refert.
1077 1402 1152 1463 Et
1189 1402 1346 1463 ratio
1374 1401 1550 1463 reddi
1596 1408 1818 1481 potest,
1859 1400 2007 1480 quia
2048 1407 2211 1462 secta

647 1497 876 1558 dicitur
902 1516 940 1557 a
968 1497 1256 1558 sectando
1293 1495 1388 1557 vel
1421 1497 1757 1576 sequendO,
1791 1502 1862 1556 ut
1905 1497 1996 1555 ait
2022 1495 2212 1557 Isido-

645 1609 771 1664 ruS,
809 1590 917 1650 lib.
951 1591 992 1651 8
1027 1589 1404 1669 Etymolog.,
1436 1606 1490 1649 c.
1519 1591 1556 1651 3
1583 1612 1600 1665 ;
1629 1588 1967 1651 Christiani
1998 1594 2209 1649 autem

647 1689 992 1764 sequuntur
1027 1683 1370 1744 doctrinam
1401 1682 1546 1743 fidei
1564 1704 1581 1757 ;
1616 1700 1727 1743 cur
1757 1698 1906 1761 ergo
1945 1698 2072 1741 non
2099 1700 2211 1761 po·

645 1778 793 1838 terit
821 1784 986 1838 secta
1011 1777 1258 1837 vocari?
1285 1776 1702 1836 Nihilominus
1729 1775 1864 1836 dico
1883 1774 2053 1835 idem
2080 1792 2211 1836 esse

648 1887 816 1929 nunc
843 1870 920 1932 de
945 1874 1107 1931 secta
1138 1888 1209 1930 ac
1237 1867 1312 1929 de
1341 1868 1556 1930 hoeresi
1581 1868 2007 1945 sentiendum3
2036 1884 2208 1944 nam,

651 1962 1034 2024 considerata
1088 1961 1196 2022 illa
1237 1980 1422 2031 voce,
1462 1961 1804 2023 secundum
1855 1959 2210 2038 generalem

647 2055 1102 2133 impositionem
1133 2059 1195 2115 et
1213 2054 1678 2134 etymologiam,
1714 2052 2076 2115 indifferens
2096 2059 2209 2128 est,

648 2154 719 2208 ut
761 2148 984 2227 probat
1031 2150 1192 2208 ratio
1221 2148 1421 2225 facta3
1467 2148 1651 2208 etita
1697 2149 1899 2227 potuit
1943 2146 2095 2207 olim
2142 2146 2213 2207 in

647 2241 808 2303 bono
837 2258 1022 2304 sensu
1051 2242 1405 2304 christianas
1445 2240 1590 2302 fidei
1619 2241 1910 2318 atu-ibui3
1934 2241 2067 2320 jam
2108 2258 2213 2300 ve·

647 2354 718 2396 ro
745 2354 863 2397 usu
889 2342 1205 2417 receptum
1229 2341 1323 2397 est
1351 2342 1419 2395 ut
1445 2334 1554 2395 illa
1579 2352 1721 2409 vox,
1748 2334 2047 2395 attributa
2070 2334 2212 2394 doc-

649 2429 830 2491 trinas
855 2430 953 2491 vel
983 2430 1259 2510 opinioni
1287 2430 1353 2489 in
1381 2414 1642 2490 materia
1671 2427 1841 2502 fidei,
1872 2428 1940 2488 in
1978 2425 2211 2488 malam

649 2533 893 2604 partem
923 2524 1285 2601 accipiatur,
1339 2528 1400 2583 et
1430 2522 1599 2582 idem
1647 2521 1812 2601 quod
1850 2520 2103 2581 haeresis
2133 2519 2213 2579 si-

649 2618 921 2695 gnificet,
950 2617 1114 2696 qnod
1144 2616 1382 2677 notavit
1409 2615 1594 2691 Beda,
1617 2616 1826 2677 Actor.
1848 2615 1927 2675 24
1944 2629 1966 2691 3
1984 2618 2045 2673 et
2071 2611 2211 2673 ideo

649 2710 758 2771 ubi
808 2711 1094 2790 vulgatus
1141 2710 1442 2789 interpres
1493 2708 1679 2770 habet
1726 2708 2051 2772 secundum
2088 2722 2208 2768 seo·

648 2811 797 2879 tam,
829 2804 958 2886 ipse
989 2804 1172 2865 vertit
1216 2805 1534 2867 secundum
1575 2804 1778 2875 viam;
1818 2818 1966 2861 nam
2009 2816 2207 2878 graeca

647 2916 766 2959 vox
803 2898 868 2958 id
909 2916 1122 2959 revera
1158 2897 1511 2976 siguificat3
1542 2902 1632 2957 est
1680 2900 1887 2956 autem
1932 2892 2041 2952 illa
2090 2908 2211 2951 vox

647 2992 847 3053 multo
875 2992 1076 3070 magis
1113 2991 1190 3051 ad
1229 2990 1700 3071 significandam
1729 2988 1914 3049 fidem
1945 2984 2205 3047 catholi-

648 3104 784 3147 cam
813 3084 1296 3163 accommodata,
1329 3084 1478 3165 quia
1513 3086 1617 3144 via
1641 3078 1983 3144 necessaria
2009 3084 2099 3140 est
2127 3078 2205 3138 ad

647 3177 945 3255 salutem3
975 3177 1141 3239 unde
1167 3178 1333 3239 idem
1359 3179 1682 3257 interpres,
1716 3174 1795 3236 ad
1819 3173 2017 3235 Galat.
2051 3174 2112 3248 5,
2144 3177 2208 3233 et

646 3272 852 3333 Actor.
887 3272 990 3348 28,
1015 3272 1125 3333 ubi
1151 3270 1420 3333 habetur
1445 3288 1642 3350 graece
1671 3286 1902 3330 nomen
1930 3266 2201 3340 koeresis,

647 3365 842 3427 latine
869 3366 1042 3445 ponit
1068 3370 1252 3441 secta,
1277 3366 1454 3426 etita
1481 3364 1668 3425 etiam
1703 3381 1867 3423 nunc
1895 3358 2214 3422 communi

648 3476 764 3520 usu
812 3459 1132 3521 haereticos
1170 3458 1457 3520 sectarios
1485 3472 1800 3530 vot-amus,
1829 3461 1902 3515 ut
1943 3470 2049 3514 eos
2071 3470 2110 3513 a
2136 3450 2215 3511 fi·

649 3552 890 3614 delibus
933 3552 1407 3631 distinguamus.
1467 3552 1540 3612 Et
1596 3550 1754 3611 ratio
1805 3550 2041 3628 optima
2096 3552 2210 3621 est,

651 3648 803 3727 quia
831 3653 993 3708 secta
1039 3644 1348 3724 significat
1375 3643 1811 3725 particularem
1837 3642 2209 3715 doctrinam,

650 3756 790 3818 quoe
829 3740 898 3800 in
927 3739 1194 3799 materia
1223 3738 1495 3800 revelata
1547 3737 1838 3799 baeretica
1877 3740 1968 3796 est
1988 3780 2009 3811 ,
2062 3748 2215 3793 nam

651 3850 800 3893 vera
823 3832 980 3894 fides
1005 3830 1375 3895 universalis
1403 3837 1497 3893 est
1526 3838 1590 3893 et
1617 3828 1956 3906 catholica3
1986 3831 2049 3889 ct
2076 3826 2215 3889 ideo

653 3932 818 3988 secta
845 3927 964 3988 dici
1005 3944 1132 3987 non
1166 3931 1386 4007 potest.

731 4024 791 4082 5.
838 4020 1124 4102 Definitio
1168 4018 1414 4082 liceo-esis
1452 4016 1814 4099 inquiritur,
1867 4032 1938 4079 ao
1980 4014 2217 4078 tandum

653 4116 946 4180 traditur.
976 4148 1046 4160 —
1065 4114 1264 4196 Atque
1287 4131 1366 4175 ex
1387 4111 1506 4189 his,
1534 4128 1673 4191 quae
1698 4109 1776 4171 de
1807 4107 2218 4189 nomine-has-

651 4211 804 4273 resis
839 4209 1135 4285 diximus„
1175 4206 1352 4269 facile
1385 4212 1474 4268 est
1517 4203 1991 4283 descriptionem
2016 4202 2218 4263 haere-

653 4304 736 4365 sis
763 4303 1071 4383 colligere.
1100 4302 1256 4363 Nam
1285 4300 1488 4381 primo
1515 4296 1779 4358 describi
1819 4301 2020 4375 potest
2048 4294 2213 4375 quod

654 4399 735 4459 sit
761 4397 978 4459 electio
1005 4395 1263 4475 alicujus
1293 4394 1610 4467 doctrinae,
1641 4406 1828 4470 quam
1853 4388 2077 4469 aliquis
2100 4404 2214 4467 pu·

651 4498 745 4552 tat
773 4489 1092 4552 meliorem
1135 4488 1201 4548 in
1229 4485 1492 4549 materia
1537 4484 1706 4559 fidei,
1746 4501 1938 4562 quam
1965 4483 2044 4543 sit
2070 4481 2216 4541 doc-

654 4586 822 4645 trina
849 4583 929 4643 ab
970 4581 1238 4645 Ecclesia
1271 4579 1521 4653 tradita,
1567 4594 1706 4657 quae
1732 4576 2057 4656 descriptio
2088 4572 2213 4635 col·

654 4677 872 4756 ligitur
893 4694 970 4737 ex
993 4676 1372 4754 Hieronymo
1401 4672 1478 4734 ad
1515 4670 1650 4733 Gal.
1691 4672 1752 4747 5,
1782 4674 1846 4730 et
1867 4686 1944 4730 ex
1974 4686 2028 4729 c.
2059 4667 2217 4731 Πιε-

655 4774 836 4846 rosis,
867 4774 968 4847 24,
1004 4788 1065 4849 q.
1123 4770 1182 4829 3.
1213 4768 1334 4828 Alii
1361 4766 1718 4828 describunt
1763 4781 1893 4825 esse
1938 4778 2213 4824 errorem

656 4866 1034 4945 pertinacem
1091 4867 1309 4923 contra
1356 4860 1702 4921 doctrinam
1763 4863 1826 4918 et
1886 4856 2213 4917 veritatem

656 4960 1003 5021 christianin
1029 4956 1200 5032 fidei,
1231 4961 1299 5016 ut
1328 4954 1539 5016 videre
1574 4958 1668 5015 est
1716 4953 1780 5011 in
1812 4952 2001 5025 Cano,
2043 4950 2087 5009 l.
2138 4951 2216 5011 12

657 5054 732 5114 de
770 5052 966 5128 LociS,
999 5070 1051 5111 c.
1095 5050 1157 5125 8,
1201 5048 1309 5129 qui
1347 5046 1582 5127 aliquid
1619 5044 1975 5109 addendum
2012 5048 2212 5124 putat,

657 5152 730 5207 ut
750 5146 996 5208 haeresis
1018 5144 1098 5204 ab
1127 5142 1264 5203 aliis
1283 5139 1748 5202 infidelitatibus
1767 5138 2211 5215 distinguatur,

658 5241 958 5301 nimirum
989 5283 1004 5311 ‚
1048 5235 1214 5317 qnod
1269 5234 1408 5295 talis
1483 5250 1656 5294 error
1702 5232 1782 5292 sit
1836 5232 1904 5291 in
1962 5231 2216 5291 homine

658 5332 1023 5407 christian03
1070 5330 1235 5409 quod
1279 5328 1525 5390 videtur
1575 5332 2061 5387 consentaneum
2119 5324 2217 5383 his

657 5444 794 5507 quae
833 5443 1020 5506 supra
1047 5424 1126 5485 de
1154 5422 1472 5503 speciebus
1501 5417 1878 5481 infidelitatis
1918 5417 2214 5494 diximus,

657 5521 765 5583 sed
811 5518 1052 5597 indiget
1096 5514 1530 5595 explicatione,
1569 5530 1755 5594 quam
1800 5511 1965 5573 infra
1974 5557 1995 5588 ,
2024 5508 2223 5591 expli·

1233 368 1471 425 mSPUT.
1506 372 1637 425 XIX.
1673 372 1754 424 m:
1785 370 2169 424 INFIDELIBUS
2202 371 2563 437 APOSTATIS,
2598 372 2711 424 SEU
2747 372 3105 437 affini-mels,
3138 374 3271 429 m'c,

2288 468 2485 531 cando
2508 471 2889 533 conditiones
2919 473 3164 535 hoeresis
3196 482 3257 536 et
3288 474 3545 555 haeretici,
3570 491 3683 551 tratis

2290 580 2448 625 mus.
2486 564 2661 626 Circa
2687 564 2822 627 illas
2868 584 3015 645 ergo
3044 567 3457 646 descriptiones
3486 575 3687 643 advenefl.

2290 656 2438 717 dum
2462 664 2573 733 est,
2600 660 2763 737 quod
2799 660 2956 720 sicut
2992 658 3139 722 fides
3166 661 3382 741 partim
3408 672 3481 725 est
3513 668 3561 727 in
3586 674 3689 737 inte}-

2290 748 2473 826 lectu,
2506 753 2729 830 partim
2760 754 2827 812 in
2854 753 3197 830 voluntate,
3224 755 3311 814 ita
3332 755 3491 816 etiam
3512 759 3689 831 harnes:

2288 860 2436 903 nam
2466 850 2607 904 sunt
2627 847 2954 923 contraria,
2981 854 3043 908 et
3071 839 3461 927 oppositfflum
3481 854 3627 916 eadem
3644 836 3693 923 a}

2290 935 2471 1009 rati0,
2509 938 2750 999 servata
2778 940 3199 1019 proportione.
3238 941 3312 1000 Et
3347 940 3469 1003 hinc
3490 942 3543 1003 fit
3560 954 3607 1005 ut
3622 950 3693 1008 hs-

2290 1028 2441 1091 rcsis
2469 1028 2726 1091 describi
2757 1033 2973 1110 possit,
3002 1038 3078 1115 ‘et
3104 1050 3216 1111 per
3249 1032 3571 1098 voluntatem
3588 1042 3696 1105 inor-

2292 1120 2435 1183 dine
2470 1123 2550 1184 ad
2592 1122 2971 1185 intellectum
2993 1171 3014 1201 ,
3058 1130 3122 1186 et
3162 1142 3274 1205 per
3322 1126 3632 1202 intellectum,
3660 1144 3697 1195 ul

2293 1213 2579 1277 subditur
2606 1216 2935 1278 voluntati.
2962 1218 3120 1279 Nam
3142 1220 3195 1278 si
3224 1216 3457 1281 haeioeis
3484 1224 3697 1289 conside-s-

2292 1313 2397 1370 tur
2424 1313 2495 1369 ut
2522 1316 2612 1369 est
2660 1310 2838 1390 culpa
2884 1311 3267 1391 gravissima·
3287 1312 3350 1371 in
3376 1318 3579 1374 matu-ia
3603 1316 3695 1384 fidei.

2292 1402 2377 1464 sic
2405 1402 2823 1483 principaliter
2863 1410 2973 1466 est·
3001 1404 3067 1467 in
3097 1404 3431 1480 voluntate,
3470 1414 3517 1469 et
3554 1409 3598 1470 in
3616 1412 3699 1474 elet-

2290 1494 2461 1556 tione
2488 1514 2697 1576 pravae
2726 1496 3043 1574 doctrinae,
3083 1511 3238 1559 nam·
3259 1500 3449 1559 omnis
3468 1500 3699 1581 mlpaprin·

2292 1588 2574 1669 cipaliter
2600 1590 2675 1651 ad
2710 1592 3087 1654 voluntatem
3109 1588 3401 1673 pertinet,
3424 1602 3478 1654 et
3494 1593 3575 1656 hoe
3596 1600 3693 1661 mnt’n

2291 1682 2435 1745 data
2479 1690 2571 1744 est
2620 1684 2788 1765 prior
2830 1685 3193 1765 descriptio;
3242 1686 3294 1745 si
3336 1692 3517 1746 autem
3539 1693 3689 1753 comite-

2289 1786 2462 1838 retur
2485 1777 2749 1839 haeresis·
2768 1784 2839 1839 ut
2878 1779 3217 1859 opponitur
3256 1776 3681 1857 intellectualius

2292 1870 2378 1930 sic
2403 1870 2470 1931 in
2498 1870 2813 1932 intellectu
2844 1872 3075 1947 existit,
3102 1878 3175 1931 nt
3200 1878 3294 1932 est
3319 1888 3476 1932 error
3496 1878 3675 1939 <zamrim

2292 1960 2435 2023 fidei
2446 1977 2467 2041 3
2500 1968 2740 2044 oportet
2768 1972 2977 2025 autem
3000 1970 3070 2024 ut
3093 1964 3175 2025 sit
3200 1962 3561 2039 voluntarius,
3578 1968 3681 2031 issa

2294 2074 2434 2117 cum
2465 2056 2675 2135 aliqua
2703 2056 3043 2137 pertinacia
3062 2103 3083 2133 ,
3122 2063 3197 2117 ut
3236 2056 3400 2117 infra
3432 2056 3638 2135 dicemus,
3660 2069 3689 2123 et

2292 2151 2381 2211 ita
2415 2156 2505 2211 est
2535 2149 2819 2228 eligenda
2853 2150 3119 2211 secunda
3148 2148 3489 2229 descriptio

2372 2246 2431 2304 6.
2480 2242 2635 2305 Tria
2660 2244 3003 2307 necessaria
3046 2242 3130 2306 acl
3157 2242 3431 2305 lta-resim
3471 2248 3691 2321 restante.

2290 2336 2479 2396 —Ex
2507 2336 2730 2416 quibus
2773 2336 3065 2397 omnibus
3107 2334 3400 2415 colligere
3434 2336 3543 2396 licet
3576 2338 3697 2399 triaal

2290 2430 2575 2491 haeresim
2606 2448 2991 2507 concurrere,
3024 2448 3092 2491 ac
3122 2430 3459 2491 necessaria
3496 2448 3599 2502 ωε,
3618 2432 3699 2491 scili·

2291 2528 2409 2597 cet,
2442 2524 2767 2584 materiam
2802 2542 2910 2585 seu
2949 2524 3306 2585 doctrinam
3335 2524 3479 2583 circa
3502 2524 3699 2603 quaml:-

2292 2618 2441 2677 resis
2488 2623 2769 2678 versetur
2782 2663 2801 2693 ,
2858 2616 3158 2695 judicium
3219 2634 3519 2677 erroneum
3550 2617 3701 2675 int-ellec-

2288 2714 2411 2783 tus‚
2443 2716 2504 2771 et
2539 2710 2923 2771 voluntatem
2960 2728 3084 2790 qua
3115 2709 3263 2769 talis
3302 2708 3543 2769 doctrina
3566 2709 3701 2789 taleque

2283 2802 2587 2880 judicium
2637 2803 2771 2881 ejus
2832 2803 3106 2882 eligitur.
3138 2800 3293 2875 Quae
3348 2804 3479 2877 tria,
3518 2802 3556 2861 si
3586 2802 3699 2861 ordin

2291 2896 2668 2957 executionis
2723 2915 2832 2957 seu
2890 2896 3341 2975 generationis,
3382 2901 3447 2955 ut
3480 2896 3546 2954 sic
3578 2892 3699 2967 dieas,

2291 2996 2751 3069 comparentur,
2782 2989 2873 3049 ita
2901 3008 2965 3050 se
3002 2988 3268 3062 habent,
3307 2994 3377 3047 ut
3402 2988 3594 3047 haeresi÷
3612 3004 3695 3046 an-

2286 3081 2525 3143 luntate
2554 3083 2832 3162 incipiat,
2870 3087 2933 3143 et
2957 3098 3033 3143 cx
3064 3082 3171 3142 illa
3201 3088 3485 3161 sequatur
3506 3080 3685 3159 judicia,

2287 3181 2349 3235 et
2384 3174 2529 3237 inde
2558 3174 2637 3235 ad
2684 3174 2903 3236 falsam
2946 3174 3300 3235 doctrinam
3330 3174 3689 3251 tradend-‹imn-

2287 3270 2543 3330 cedatur
2555 3292 2574 3344 3
2602 3277 2665 3329 at
2707 3286 2851 3329 vero
2878 3268 3219 3329 secundum
3258 3268 3515 3329 ordinem
3541 3269 3699 3325 intents·

2294 3364 2413 3438 nis,
2450 3380 2697 3423 necesse
2724 3368 2817 3422 est
2869 3369 2937 3421 ut
2966 3362 3279 3441 praecedat
3316 3360 3595 3441 propositio
3620 3356 3703 3417 fals·

2294 3453 2589 3515 doctrinae
2614 3473 2758 3515 cum
2809 3454 3015 3534 aliquo
3052 3454 3295 3533 judicio
3330 3455 3403 3515 de
3444 3451 3705 3514 credibilius

2294 3549 2448 3626 ejuS,
2474 3566 2621 3609 nam
2663 3547 2769 3610 illa
2796 3547 3074 3610 doctrina
3101 3552 3489 3627 comparatur
3507 3544 3566 3605 ad
3589 3542 3705 3602 volui·

2293 3648 2485 3705 tatem
2510 3649 2808 3723 tanquam
2838 3644 3147 3723 objectum
3174 3646 3337 3723 ejuS,
3367 3649 3425 3704 ct
3446 3643 3559 3703 ideo
3572 3647 3705 3699 neces!

2294 3742 2387 3797 cst
2416 3744 2487 3797 ut
2514 3738 2581 3796 in
2611 3736 2718 3798 illo
2745 3736 2962 3799 ordine
2988 3738 3329 3818 praecedat3
3350 3736 3543 3798 deinde
3558 3743 3707 3795 veroz-

2296 3830 2511 3911 qnitur
2534 3831 2822 3893 voluntas
2849 3832 3274 3912 amplectendi
3296 3830 3473 3893 talem
3497 3826 3709 3889 doctrinan

2296 3941 2407 4005 per
2426 3925 2735 4003 judicium
2785 3924 3033 4005 aliquod
3078 3944 3190 4006 per
3236 3924 3422 3986 talem
3461 3921 3711 3983 voluntatem

2295 4018 2692 4097 imperatum.
2740 4018 2889 4079 Haec
2950 4017 3145 4097 igitur
3198 4020 3325 4080 tria
3373 4016 3556 4079 ordine
3600 4012 3709 4091 ponte

2295 4118 2442 4171 sunt
2463 4130 2500 4173 a
2527 4110 2705 4173 nobis
2728 4111 3127 4189 declaranda,
3144 4118 3216 4174 ut
3239 4129 3373 4174 rem
3395 4112 3577 4192 ipsam,
3595 4106 3707 4173 ides

2294 4203 2541 4284 culpam
2564 4202 2832 4280 haeresis,
2866 4203 3211 4266 distinctius
3243 4220 3595 4287 exponamus.

2910 4429 3127 4509 suerio
3169 4457 3231 4511 n.

2300 4640 2457 4717 Quot
2478 4644 2610 4708 sint
2648 4643 2879 4727 yradu
2912 4640 3343 4705 damnabilium
3370 4635 3709 4721 proposition

2370 4738 2441 4801 in
2474 4738 2752 4801 doctrina
2791 4754 2992 4811 sacra,
3022 4743 3083 4801 et
3120 4736 3255 4819 quis
3292 4732 3515 4797 illam
3550 4730 3613 4791 sit
3634 4738 3709 4805 pn·

2368 4849 2515 4987 {Za
2561 4828 2851 4902 materia,
2902 4830 3065 4895 circa
3120 4848 3299 4913 quam
3338 4825 3560 4891 hemis
3592 4832 3711 4881 verse·

2378 5139 2435 5198 l.
2469 5135 2773 5217 Definitum
2795 5135 3135 5218 propositio
3158 5123 3709 5219 damnabilia-Prog-

2296 5227 2541 5293 siaonia
2558 5229 2919 5292 damnabilis
2940 5230 3129 5293 varice
3145 5210 3709 5309 species.-Damnab111³

2296 5323 2631 5404 propositio
2659 5324 2727 5384 in
2755 5323 3091 5401 Theologia
3112 5322 3353 5395 dicitur,
3393 5334 3509 5398 quae
3542 5328 3629 5371 non
3654 5320 3707 5405 ξο-

2298 5416 2433 5479 lum
2460 5416 2613 5478 falsa
2640 5424 2730 5478 est
2755 5418 2823 5477 in
2854 5416 3183 5477 latitudine
3204 5414 3467 5475 humanae
3485 5403 3705 5487 opinionis,

2300 5512 2407 5573 sed
2433 5512 2621 5573 etiam
2662 5512 2871 5591 aliqua
2898 5510 3193 5591 peculiari
3232 5522 3464 5571 censura
3492 5518 3570 5562 seu
3600 5497 3705 5570 18⁰⁰·
