3900 6217
599 378 768 433 SECT.
799 380 888 431 111.
919 379 1002 429 AN
1037 378 1259 433 LlcEA‘r
1293 378 1534 433 cocant:
1567 380 1922 435 emt-:ulmos
1955 380 2275 435 {Nl-*teubas
2302 380 2385 433 An
2418 378 2811 445 annssNnUM,
2840 378 2975 436 ETC.

3270 380 3389 442 447

191 480 324 541 tatis
349 484 446 541 est
467 480 728 541 omnino
752 486 928 542 extra
957 480 1136 541 illum
1157 481 1435 543 ordinem
1455 483 1745 560 etfinem3
1821 484 1961 563 fieri
2000 483 2218 547 debeat.
2252 514 2333 527 -
2377 483 2518 544 Dixi
2564 488 2773 543 autem
2816 494 3099 561 oportere
3150 492 3221 547 ut
3274 488 3393 549 hoc

189 591 330 651 ergo
359 574 610 653 punitio
635 572 802 635 illius
848 554 928 633 ad
962 573 1152 635 talem
1209 580 1572 655 potestatem
1620 594 1748 637 non

189 666 496 745 pertinet3
529 684 678 745 ergo
709 684 912 745 neque
939 667 1170 727 coactio
1197 668 1274 727 ad
1301 669 1749 749 suscipiendam

187 757 370 817 fidem
391 758 559 819 licite
579 759 862 837 usurpari
893 764 1092 837 potest
1119 776 1196 819 ex
1221 761 1284 821 vi
1313 760 1454 821 talis
1481 767 1746 839 potesta-

186 851 280 927 tis3
304 869 462 911 nam
489 852 624 913 haec
677 853 914 913 coactio
962 869 1091 913 non
1133 858 1332 933 potest
1374 854 1540 932 juste
1585 854 1743 930 fieri,

185 943 300 1003 nisi
341 944 552 1005 media
581 944 748 1023 justa
807 945 1132 1022 punitione
1183 947 1474 1007 contrarii
1513 946 1742 1007 delicti.

188 1036 359 1095 Unde
418 1036 608 1097 etiam
663 1038 730 1097 in
793 1036 1066 1099 Ecclesia
1121 1038 1438 1117 videmus,
1496 1047 1750 1101 eatenus

183 1146 356 1208 posse
423 1129 588 1207 juste
653 1128 1020 1209 compellere
1080 1130 1362 1193 infideles
1418 1140 1747 1211 apostatas,

185 1228 252 1282 ut
317 1222 402 1283 ad
461 1222 656 1283 fidem
709 1224 986 1297 redeant,
1047 1231 1352 1303 quatenus
1405 1232 1604 1305 potest
1645 1244 1751 1287 eos

177 1316 340 1395 juste
399 1315 626 1396 punire
683 1322 933 1395 propter
987 1317 1356 1396 apostasiam
1425 1337 1462 1378 a
1503 1317 1625 1379 fide
1682 1319 1751 1378 in

183 1408 495 1489 baptismo
567 1409 862 1488 professa3
915 1426 1065 1487 crgo
1116 1409 1226 1471 ubi
1280 1410 1449 1471 deest
1483 1417 1750 1490 potestas

183 1502 494 1581 puniendi
521 1501 976 1580 infidelitatem,
1019 1503 1193 1563 deest
1240 1505 1428 1565 etiam
1483 1509 1752 1583 potestas

183 1598 604 1677 compellendi
646 1597 724 1659 ad
763 1596 974 1673 fidem,
1007 1603 1069 1658 et
1117 1596 1236 1657 hoc
1283 1598 1474 1659 etiam
1523 1598 1750 1659 confir-

183 1699 362 1753 mant
431 1692 646 1753 omnia
719 1696 1089 1770 argumenta
1135 1690 1216 1753 ab
1263 1693 1749 1768 inconvenienti,

181 1804 320 1865 quoe
341 1786 414 1845 in
443 1787 560 1847 hac
595 1791 658 1847 et
682 1785 1053 1865 praecedenti
1081 1785 1350 1847 sectione
1390 1786 1552 1847 facta
1577 1792 1746 1847 sunt.

260 1881 320 1941 8.
371 1880 591 1944 Tertia
629 1880 923 1943 assertio:
961 1881 1184 1943 coactio
1221 1878 1518 1943 indirecta
1561 1881 1643 1943 ad
1678 1882 1752 1959 fi-

181 1974 314 2035 dem
353 1971 802 2054 suscipiendam
839 1990 958 2033 non
997 1980 1088 2035 est
1125 1974 1452 2037 intrinsece
1475 1972 1752 2035 mala.—

181 2066 372 2129 Ratio
421 2085 541 2146 pro
595 2068 949 2131 assertione.
979 2068 1174 2127 -Ex
1222 2065 1339 2128 hac
1390 2066 1752 2145 probatione

183 2160 456 2239 intelligi
493 2160 676 2221 facilc
720 2166 919 2239 potest
969 2160 1424 2239 praecedentem
1473 2162 1753 2221 assertio-

184 2271 334 2315 nem
364 2254 842 2332 intelligendam
871 2272 1002 2315 esse
1051 2254 1129 2315 de
1155 2255 1470 2315 coactione
1496 2255 1750 2331 directa,

181 2364 324 2425 quae
373 2347 456 2409 ad
483 2346 654 2407 hunc
695 2346 888 2409 finem
931 2346 1162 2407 directe
1203 2346 1310 2419 fit,
1355 2353 1424 2406 ut
1463 2353 1756 2409 caveatur

183 2440 526 2501 infidelitas
550 2486 572 2517 ,
623 2447 686 2503 et
740 2441 893 2502 fides
932 2442 1319 2521 suscipiatur.
1373 2442 1757 2521 Quapropter

185 2532 258 2593 de
295 2536 619 2597 coactione
648 2535 953 2596 indirecta
984 2534 1244 2595 ulterius
1271 2535 1599 2595 dicendum
1635 2539 1751 2610 est,

183 2645 312 2687 non
355 2645 490 2689 esse
529 2646 640 2707 per
678 2646 742 2689 se
779 2636 844 2688 et
891 2628 1224 2689 intrinsece
1277 2628 1529 2703 malam,
1561 2630 1612 2689 si
1651 2628 1757 2689 de-

183 2719 328 2781 bitis
359 2721 848 2783 circumstantiis
876 2722 1003 2784 fiat.
1046 2722 1140 2781 Ita
1179 2721 1358 2783 docet
1406 2723 1474 2783 D.
1521 2723 1748 2785 Anton.

187 2821 244 2874 et
291 2814 517 2893 Angel.
567 2817 636 2876 in
688 2815 836 2876 locis
870 2816 1108 2890 citatis3
1161 2815 1458 2887 Valentia,
1492 2822 1641 2878 tom.
1689 2818 1750 2893 3,

191 2908 340 2986 disp.
377 2912 442 2985 1,
473 2915 708 2989 puncto
735 2910 798 2983 6,
825 2914 888 2969 et
933 2910 1196 2971 sumitur
1245 2926 1322 2969 ex
1352 2909 1677 2988 Gregorio,
1706 2908 1750 2969 l.

201 3004 256 3077 7,
291 3004 474 3083 epist.
504 3005 610 3073 30,
641 3009 702 3065 et
727 3001 834 3065 lib.
881 3005 944 3077 4,
977 3004 1156 3083 epist.
1192 3004 1254 3073 6,
1286 3021 1432 3063 nam
1465 3003 1531 3063 in
1561 3002 1752 3083 priori

191 3097 318 3157 loco
355 3103 580 3159 monet
611 3104 684 3158 ut
711 3096 1066 3159 infidelibus
1107 3096 1370 3157 subditis
1409 3096 1644 3177 aliquid
1675 3096 1754 3157 de

181 3191 364 3269 J‘ustis
395 3191 646 3253 tributis
685 3192 1060 3263 remittatur,
1109 3197 1180 3251 nt
1211 3192 1298 3251 ita
1341 3208 1449 3271 per
1491 3190 1756 3252 benevo-

181 3284 446 3346 lentiam
501 3284 882 3345 inducantur
931 3282 1011 3346 ad
1057 3283 1282 3357 fidem;
1329 3284 1396 3344 in
1435 3283 1758 3363 posteriori

183 3385 398 3439 autem
427 3376 564 3439 loco
591 3378 765 3453 dicit,
797 3378 962 3457 quod
991 3378 1044 3439 si
1071 3376 1268 3456 aliqui
1313 3376 1549 3438 fuerint
1573 3375 1760 3443 nimis

183 3479 586 3533 contumaces
599 3516 620 3549 ,
668 3477 1009 3549 graventur
1053 3469 1348 3534 oneribus
1397 3475 1468 3529 ut
1513 3469 1762 3561 resipis-

185 3572 348 3641 cant,
383 3584 530 3645 quae
556 3570 650 3627 est
683 3566 986 3627 indirecta
1009 3564 1280 3637 coactio;
1322 3562 1550 3624 similia
1574 3562 1763 3625 habet

183 3658 226 3717 l.
269 3662 336 3735 3,
365 3676 474 3737 ep.
495 3660 611 3735 26,
641 3664 703 3720 et
724 3658 989 3721 habetur
1015 3659 1082 3719 in
1110 3678 1162 3719 c.
1195 3658 1342 3720 Jam
1369 3674 1528 3729 vera,
1557 3658 1661 3732 ⁴23,
1688 3676 1751 3739 q.

185 3754 240 3812 6.
272 3752 468 3813 Ratio
509 3758 624 3826 est,
655 3753 797 3831 quia
839 3759 988 3813 tunc
1031 3751 1266 3813 coactio
1305 3756 1400 3812 est
1429 3749 1754 3826 indirecta,

187 3846 444 3924 quando
463 3844 572 3924 jus
609 3862 718 3905 seu
766 3862 951 3925 poena
993 3844 1192 3921 illata,
1218 3861 1345 3905 uno
1399 3844 1619 3918 titulo,
1647 3862 1756 3905 seu

185 3944 444 4019 propter
481 3936 733 4016 aliquod
761 3937 1077 4013 delictum,
1117 3935 1479 3997 secundario
1505 3936 1585 3996 ab
1613 3954 1758 4015 ope-

187 4037 362 4091 rante
406 4030 732 4091 ordinatur
775 4030 842 4091 in
884 4029 1074 4091 finem
1117 4028 1454 4091 inducendi
1493 4029 1760 4091 alterum

189 4124 250 4183 in
283 4122 490 4185 talem
531 4122 914 4185 voluntatem
951 4146 966 4197 ;
1017 4124 1122 4185 sed
1175 4124 1244 4185 in
1297 4123 1590 4203 praesenti
1633 4140 1763 4186 non

189 4218 360 4279 deest
385 4221 664 4297 potestas
689 4216 764 4277 ad
813 4217 1228 4297 puniendum,
1259 4217 1369 4278 ·vel
1414 4216 1761 4295 cogendum

189 4317 444 4391 propter
495 4310 770 4391 aliquem
811 4310 1000 4373 finem
1033 4312 1294 4390 justum.
1322 4316 1384 4373 et
1418 4310 1578 4372 alius
1619 4310 1760 4371 finis

189 4402 599 4467 secundarius
653 4405 1071 4467 conversionis
1131 4404 1386 4467 alterius
1441 4405 1518 4465 ad
1572 4404 1758 4466 fidem

189 4516 312 4559 non
351 4504 457 4561 est
499 4498 722 4575 malus,
753 4500 880 4561 imo
907 4498 984 4560 de
1023 4518 1088 4560 se
1115 4506 1208 4561 est
1244 4498 1582 4577 honestu53
1611 4516 1758 4579 ergo

191 4593 378 4653 etiam
422 4591 535 4653 illa
559 4593 792 4655 coactio
829 4591 1130 4653 indirecta
1153 4592 1230 4653 de
1261 4610 1328 4653 se
1357 4609 1483 4652 non
1507 4597 1600 4652 est
1627 4609 1760 4653 ma-

193 4682 250 4745 la
299 4685 414 4747 sed
459 4690 658 4765 potest
682 4684 1016 4747 honestari.
1047 4684 1246 4763 Major
1291 4690 1354 4745 et
1383 4702 1760 4765 consequen-

197 4780 275 4840 tia
303 4786 459 4841 sunt
483 4777 670 4841 clarae
700 4794 722 4856 3
771 4778 976 4839 minor
1011 4784 1222 4839 autem
1263 4777 1582 4857 probatur,
1613 4780 1761 4858 quia

193 4872 290 4931 isti
321 4872 639 4952 principes
677 4870 997 4933 christiani
1034 4872 1204 4950 juste
1243 4876 1501 4950 possunt
1537 4872 1760 4951 punire

193 4964 302 5029 hos
337 4966 624 5029 subditos
651 4964 932 5025 infideles
957 4970 1208 5045 propter
1239 4964 1361 5025 alia
1385 4964 1631 5039 delicta,
1663 4963 1762 5027 vel

195 5060 313 5120 illis
341 5059 584 5121 tributa
621 5060 940 5139 imponere
967 5075 990 5137 ;
1035 5076 1186 5137 ergo
1223 5058 1274 5119 si
1317 5057 1599 5137 judicent
1645 5058 1763 5119 hoc

195 5172 324 5217 esse
358 5156 648 5216 futurum
675 5154 828 5216 utile
859 5154 938 5217 ad
978 5153 1442 5215 couversionem
1486 5152 1757 5227 illorum,

197 5254 457 5326 possunt
481 5248 670 5309 etiam
713 5247 832 5309 hoc
860 5246 1202 5322 intendere,
1233 5251 1296 5307 et
1323 5245 1476 5307 illud
1501 5264 1660 5307 onus
1689 5264 1762 5309 eo

201 5341 386 5403 modo
411 5342 758 5421 imponere,
787 5342 895 5421 qui
922 5342 1001 5403 ad
1035 5359 1180 5403 eum
1207 5338 1399 5401 finem
1439 5342 1636 5419 magis
1660 5358 1764 5403 ac-

201 5434 630 5496 commodatus
669 5434 876 5497 fuerit.

277 5530 344 5590 9.
395 5525 624 5601 Quibus
669 5529 1153 5593 circumstantiis
1194 5529 1418 5594 coactio
1463 5528 1764 5594 indirecta

1828 574 2049 636 debitis
2078 576 2551 637 circumstantiis
2592 575 2726 652 fiat,
2758 577 2905 654 quia
2940 577 3065 639 duo
3108 586 3255 641 sunt
3282 600 3387 662 po·

1828 668 2065 730 tissime
2106 669 2526 731 observanda:
2568 687 2765 730 unum
2812 676 2927 746 est,
2971 678 3043 733 ut
3087 672 3155 733 in
3203 692 3391 735 onere

1827 763 2228 841 imponendo,
2258 763 2359 824 vel
2397 764 2561 824 malo
2601 763 2949 839 inferendo,
2980 766 3217 843 justitia
3263 787 3389 829 nou

1827 855 2177 931 excedatur,
2217 857 2365 935 quia
2393 861 2543 917 tunc
2578 858 2708 937 jam
2739 875 2815 918 ex
2864 876 2938 919 eo
2969 860 3167 937 capite
3212 879 3391 921 coac-

1832 949 1915 1009 tio
1951 955 2111 1010 esset
2136 949 2375 1029 iniqua,
2402 956 2470 1009 ut
2497 951 2670 1011 verbi
2700 951 2922 1029 gratia,
2954 953 3019 1011 in
3048 952 3153 1013 illo
3184 972 3390 1014 exem-

1831 1040 1932 1121 plo
1956 1042 2259 1120 Gregorii,
2283 1048 2541 1121 possunt
2566 1050 2817 1122 propter
2844 1044 3025 1104 illum
3054 1046 3243 1107 finem
3274 1049 3391 1107 im-

1829 1136 1979 1214 poni
2017 1134 2113 1195 his
2156 1134 2507 1195 infidelibus
2538 1137 2775 1214 majora
2820 1136 3077 1214 tributa,
3104 1138 3392 1199 dummo-

1829 1227 1910 1289 do
1957 1233 2168 1291 tamen
2201 1229 2371 1307 justa
2397 1229 2522 1290 sint
2544 1251 2562 1305 3
2594 1248 2740 1290 nam
2791 1231 2857 1291 in
2904 1230 3235 1293 latitudine
3274 1235 3391 1295 tri-

1831 1320 1968 1381 buti
2004 1322 2177 1400 justi,
2221 1340 2421 1383 unum
2458 1329 2657 1403 potest
2700 1340 2829 1385 esse
2871 1326 3146 1403 graviuS,
3196 1344 3392 1405 usque

1830 1414 1910 1475 ad
1954 1415 2295 1476 terminum
2340 1433 2683 1489 summum,
2728 1434 2915 1496 quem
2956 1418 3107 1478 alias
3172 1424 3393 1479 vocant

1827 1506 2169 1588 riqorowm
2192 1533 2219 1581 ;
2264 1526 2459 1588 usque
2498 1508 2577 1569 ad
2627 1509 2803 1569 illum
2853 1528 2999 1589 erg-o
3050 1513 3391 1573 terminum

1831 1600 2058 1679 poterit
2084 1604 2302 1681 augeri
2332 1604 2662 1677 tributum,
2694 1620 2823 1662 non
2850 1604 3049 1665 ultra:
3076 1604 3277 1665 simile
3302 1611 3394 1665 cst

1831 1694 1910 1755 de
1949 1712 2161 1773 poena,
2192 1714 2329 1774 quae
2356 1694 2615 1756 arbitrio
2634 1696 2927 1775 principis
2952 1702 3149 1775 potest
3174 1698 3391 1777 augeri

1832 1788 1929 1849 vel
1971 1789 2171 1852 minui
2194 1810 2211 1863 3
2250 1789 2429 1851 etita
2476 1789 2665 1849 etiam
2700 1796 2899 1868 potest
2940 1791 3178 1870 imponi
3224 1792 3393 1869 rigo-

1833 1900 1971 1943 rosa
2010 1899 2196 1961 poena
2224 1927 2246 1957 ,
2298 1900 2435 1961 quae
2478 1888 2690 1943 tamen
2727 1884 2895 1961 J'usta
2940 1885 3039 1944 sit.
3092 1885 3392 1946 Similiter

1831 1974 2065 2036 habent
2088 1981 2450 2055 potestatem
2478 1976 2785 2055 principes
2815 1977 3099 2037 catholici
3130 1996 3205 2039 ex
3226 1982 3393 2057 justa

1792 2085 2015 2127 -causa
2060 2086 2186 2129 non
2229 2069 2586 2146 permittere
2628 2068 2908 2130 infideles
2937 2070 3003 2129 iu
3046 2088 3157 2131 suo
3198 2088 3393 2151 regno

1832 2158 2138 2236 habitare,
2170 2167 2242 2220 ut
2272 2163 2325 2221 si
2354 2161 2685 2240 perniciosi
2728 2161 2854 2221 sint
2878 2161 3183 2233 fidelibus,
3216 2166 3315 2225 vel
3340 2165 3393 2223 si

1830 2254 1999 2333 justo
2028 2254 2189 2315 bello
2234 2256 2505 2335 superati
2525 2254 2631 2315 illo
2660 2255 2843 2316 titulo
2872 2256 3103 2335 possint
3144 2258 3391 2338 expelli,

1829 2352 1900 2422 et
1942 2348 2122 2426 quasi
2152 2347 2339 2409 exilio
2385 2348 2621 2427 puniri,
2654 2348 2748 2408 vel
2780 2356 2945 2409 certe
2975 2350 3027 2409 si
3056 2351 3180 2410 sint
3222 2368 3395 2431 pere-

1835 2441 2003 2518 grini
2030 2446 2091 2501 et
2115 2441 2389 2512 advenae,
2424 2448 2487 2501 et
2533 2459 2659 2501 non
2704 2442 3143 2521 permittantur
3182 2443 3397 2513 ibisc-

1837 2536 2039 2615 cipere
2069 2533 2485 2595 domicilium.
2518 2536 2590 2597 In
2618 2536 2717 2597 his
2742 2554 2893 2615 ergo
2930 2536 3169 2597 casibus
3200 2544 3398 2618 potest

1835 2628 2121 2707 princeps
2168 2627 2368 2688 fidelis
2420 2646 2545 2688 non
2594 2631 2947 2708 permittere
3006 2629 3286 2691 infideles
3327 2632 3396 2692 in

1838 2739 1949 2781 suo
1972 2738 2169 2799 regno
2195 2720 2501 2796 hahitare,
2537 2723 2661 2782 nisi
2689 2730 3149 2799 convertantur,
3180 2731 3250 2783 ut
3270 2731 3398 2785 tra-

1837 2814 2007 2876 ditur
2052 2814 2119 2875 in
2146 2815 2422 2877 Concilio
2450 2814 2746 2876 Toletano
2785 2816 2889 2892 vl,
2926 2833 2982 2876 c.
3018 2817 3055 2875 3
3088 2837 3108 2891 3
3148 2823 3208 2876 et
3246 2822 3397 2877 tunc

1835 2907 1943 2967 illa
1994 2908 2245 2989 quidem
2298 2915 2392 2969 est
2447 2908 2733 2987 quoedam
2792 2910 3023 2970 coactio
3074 2910 3393 2986 indirecta,

1835 3007 2077 3080 oportet
2106 3007 2315 3062 tamen
2345 3009 2416 3062 ut
2442 3003 2721 3082 expulsio
2743 3002 2911 3081 justa
2952 3003 3054 3063 sit.

1915 3097 2016 3156 10.
2061 3094 2403 3157 Prudentia
2441 3096 2739 3159 servanda
2789 3096 3083 3160 incoactio
3124 3114 3197 3159 ne
3236 3098 3399 3160 indi-

1834 3194 2001 3252 recta
2039 3187 2384 3264 infidelium
2430 3189 2512 3251 ad
2549 3189 2748 3267 fidem.
2778 3188 3081 3251 -Altera
3128 3190 3398 3251 conditio

1837 3282 2179 3342 necessaria
2209 3286 2299 3341 est
2329 3278 2569 3341 utfinis
2603 3280 3023 3343 conversionis
3064 3282 3400 3361 prudenter

1839 3374 2239 3449 intendatur;
2268 3391 2427 3435 nam
2450 3372 2587 3435 haec
2616 3376 2871 3449 coactio,
2902 3374 3047 3435 licet
3069 3374 3395 3449 indirecta,

1841 3466 2185 3547 periculum
2222 3465 2411 3527 habet
2440 3465 2598 3527 fietae
2625 3467 3077 3540 conversionis;
3116 3467 3255 3528 ideo
3297 3486 3397 3530 ca-

1841 3561 2114 3621 vendum
2152 3560 2407 3621 omnino
2436 3564 2529 3620 est
2554 3578 2637 3621 ne
2685 3559 2839 3621 tales
2882 3558 3162 3621 infideles
3196 3559 3277 3621 ad
3328 3560 3401 3621 fi·

1842 3653 2010 3728 dem,
2043 3652 2141 3714 vel
2188 3659 2574 3715 sacramenta
2616 3652 3025 3715 admittantur
3051 3653 3184 3715 sine
3233 3652 3404 3713 suffi-

1837 3746 2025 3809 cienti
2082 3745 2367 3807 examine
2387 3790 2409 3824 ,
2455 3751 2518 3807 et
2564 3746 2787 3807 morali
2830 3745 3199 3807 certitudine
3235 3746 3403 3825 quod

1838 3840 2159 3901 conversio
2200 3841 2281 3900 sit
2328 3856 2475 3901 vera
2493 3854 2516 3918 ;
2562 3840 2632 3901 in
2678 3856 2801 3919 quo
2838 3840 3151 3919 praecipue
3200 3840 3402 3901 consi-

1839 3932 2185 3995 derandum
2214 3941 2303 3994 est
2327 3933 2489 3994 hanc
2513 3952 2728 3995 curam
2759 3933 2957 4012 >magis
2984 3934 3292 4012 pertinere
3320 3931 3401 3995 ad

1841 4034 2116 4106 pastores
2140 4026 2452 4102 Ecclesiae,
2484 4044 2675 4105 quam
2703 4027 2783 4088 ad
2810 4028 3117 4109 principes
3162 4035 3402 4109 tempo-

1841 4119 2001 4183 rales
2031 4142 2050 4196 3
2088 4121 2194 4181 isti
2240 4120 2407 4181 enim
2452 4120 2552 4198 pie
2589 4120 2827 4181 faciunt
2868 4120 2984 4183 hac
3032 4122 3132 4183 via
3169 4121 3401 4200 justam

1843 4214 2311 4275 conversionem
2361 4212 2713 4275 infidelium
2776 4216 3165 4294 procurando
3202 4230 3223 4293 ;
3272 4233 3401 4279 non

1841 4308 2113 4388 pertinet
2142 4313 2353 4368 tamen
2390 4307 2467 4367 ad
2496 4306 2655 4383 illos,
2682 4307 2965 4371 homines
3009 4309 3098 4370 sic
3146 4328 3401 4371 convcr-

1842 4417 1963 4477 sos,
2008 4407 2072 4463 et
2098 4399 2473 4481 baptismum
2502 4401 2905 4480 postulantes,
2956 4402 3035 4464 ad
3076 4401 3256 4464 illum
3293 4402 3402 4464 ad-

1842 4495 2117 4569 mittere,
2159 4494 2265 4555 scd
2302 4494 2421 4555 hoc
2456 4512 2685 4557 munus
2716 4501 2811 4556 est
2840 4502 3155 4576 pastorum
3201 4496 3403 4557 Eccle-

1841 4587 1950 4649 sioe
1966 4610 1985 4663 3
2016 4593 2081 4648 et
2107 4587 2244 4650 ideo
2275 4588 2351 4648 ad
2389 4587 2529 4649 illos
2562 4589 2831 4667 pertinet
2875 4588 3136 4669 probare
3166 4596 3229 4651 et
3257 4607 3402 4651 exa—

1844 4680 2087 4742 minare
2116 4678 2301 4742 talem
2332 4682 2818 4754 conversionem,
2850 4689 2915 4743 et
2958 4682 3192 4745 morale
3238 4683 3403 4763 peri·

1843 4774 2053 4837 culum
2083 4773 2353 4837 fictionis
2380 4793 2622 4854 semper
2662 4776 2917 4837 evitare.

1928 4872 2027 4930 11.
2076 4866 2315 4932 Coactio
2358 4866 2655 4931 india-ecta
2680 4870 2761 4933 ad
2799 4870 2980 4946 fidem
3011 4873 3260 4955 proprio
3305 4892 3404 4936 so-

1842 4964 1969 5027 lum
1997 4964 2157 5027 circa
2186 4962 2454 5025 subditos
2489 4963 2752 5042 infideles
2784 4964 2954 5027 habet
2978 4964 3293 5029 locum.—-
3313 4970 3403 5029 Ex

1843 5059 2069 5139 quibus
2126 5056 2439 5135 colligitur
2490 5057 2652 5119 hanc
2708 5058 3069 5120 indirectam
3142 5063 3403 5123 coactio-

1844 5171 2016 5228 nem,
2047 5153 2290 5235 proprie
2322 5152 2654 5231 loqueudO,
2686 5151 2887 5213 solum
2934 5153 3165 5215 habere
3195 5155 3403 5218 locum

1845 5248 2008 5309 circa
2050 5247 2349 5319 subditos,
2381 5246 2529 5325 quia
2572 5246 2733 5307 circa
2760 5266 2887 5308 non
2917 5247 3193 5309 subditos
3234 5250 3405 5311 deest

1843 5340 2125 5419 legitima
2166 5346 2434 5420 potestas
2488 5340 2797 5401 inferendi
2842 5342 2931 5402 eis
2982 5341 3238 5417 malum,
3280 5344 3401 5404 nisi

1843 5435 2016 5515 prius
2065 5436 2305 5496 ratione
2345 5432 2552 5493 delicti
2593 5434 2661 5494 in
2704 5433 2958 5495 alterius
2999 5454 3193 5515 regno
3239 5454 3405 5498 com·

1843 5528 2041 5604 missi,
2081 5529 2180 5591 vel
2214 5547 2325 5609 per
2352 5526 2605 5589 titulum
2637 5527 2791 5607 justi
2828 5528 3006 5605 belli,
3056 5526 3211 5591 fiant
3260 5535 3402 5596 sub-
