3900 6217
832 405 1002 461 SECT.
1040 403 1143 460 vll.
1179 405 1264 457 AN
1298 403 1639 484 Lamnum!
1672 403 2003 456 comatum
2035 405 2133 456 sn·
2165 406 2367 460 CERTA
2399 401 2645 460 REGULA
2679 401 2863 461 mum.

224 525 374 568 men
415 512 550 570 tota
602 506 871 568 Ecclesia
917 507 982 566 in
1053 503 1264 585 aliqua
1313 503 1674 584 hujusmodi
1727 521 1791 565 re

224 601 570 680 conspirat,
613 600 956 661 tenendum
998 603 1092 660 est
1135 599 1202 659 in
1238 616 1312 659 eo
1369 616 1495 659 non
1553 615 1787 673 errare,

225 713 352 753 nou
400 693 606 754 solum
653 694 946 774 practice,
981 692 1146 772 quod
1211 707 1303 753 est
1361 690 1784 767 manifestum,

221 787 328 845 sed
361 785 552 846 etiam
579 785 974 866 speculative.
999 785 1179 847 Ratio
1201 785 1418 864 primoe
1450 784 1639 864 partis
1667 789 1783 859 est,

224 879 370 957 quia
411 897 543 940 non
583 883 822 940 constat
861 881 930 939 in
955 878 1054 939 his
1085 879 1375 939 omnibus
1403 878 1536 956 regi
1580 876 1788 938 Eccle-

221 974 380 1032 siam
409 971 492 1032 ab
525 971 757 1052 Spiritu
783 971 1031 1046 Sancto,
1062 989 1207 1033 cum
1240 972 1319 1033 ad
1346 969 1534 1034 fidem
1564 989 1637 1032 ea
1658 987 1788 1032 non

221 1063 603 1144 pertineant,
655 1082 768 1126 nec
811 1065 938 1126 sint
993 1065 1072 1125 ad
1103 1065 1366 1126 salutem
1415 1064 1781 1128 necessaria.

222 1157 404 1217 Ratio
429 1175 582 1219 vero
623 1158 878 1218 alterius
917 1158 1107 1238 partis
1134 1165 1249 1233 est,
1306 1157 1450 1237 quia
1501 1157 1791 1218 universa

219 1249 512 1324 Ecclesia,
547 1251 739 1312 etiam
765 1256 1031 1330 spectata
1058 1257 1129 1311 ut
1149 1250 1426 1310 humana
1452 1267 1791 1329 congrega-

219 1343 308 1402 tio
353 1345 422 1403 in
461 1361 592 1423 qua
627 1348 773 1405 sunt
819 1341 1028 1423 plures
1075 1343 1195 1404 viri
1226 1343 1561 1422 sapientes,
1601 1342 1790 1405 habet

219 1436 504 1497 humano
551 1435 739 1498 modo
778 1453 1086 1498 summam
1128 1435 1608 1512 auctoritatem3
1639 1452 1788 1515 ergo

217 1529 262 1588 si
292 1535 428 1589 tota
469 1529 741 1592 Ecclesia
757 1529 995 1608 judicet
1035 1527 1269 1608 aliquid
1292 1547 1422 1590 esse
1435 1527 1784 1608 probabile,

215 1623 544 1684 evidenter
569 1621 890 1703 probabile
915 1631 1028 1698 est,
1057 1637 1120 1683 ct
1147 1622 1296 1682 inde
1332 1622 1645 1700 imprimis
1670 1621 1789 1682 tol-

216 1715 370 1776 litur
393 1715 749 1796 periculum
779 1717 1031 1795 practici
1061 1716 1306 1790 erroris,
1349 1722 1413 1776 et
1461 1715 1686 1776 deinde
1716 1712 1788 1775 fit

221 1813 498 1872 maxime
527 1810 892 1887 verisimile,
921 1809 1076 1871 illud
1095 1809 1280 1870 etiam
1316 1809 1386 1870 in
1414 1826 1483 1870 re
1503 1809 1637 1888 ipsa
1659 1825 1788 1869 esse

225 1919 466 1977 verum,
505 1903 855 1982 praesertim
884 1901 1030 1982 quia
1071 1901 1260 1963 etiam
1317 1907 1410 1962 est
1448 1899 1789 1962 verisimile

230 1995 412 2055 etiam
445 1994 748 2074 Spiritum
778 1997 1069 2056 Sanctum
1116 1995 1461 2074 specialiter
1490 1994 1786 2073 adjuvare

228 2093 286 2147 et
331 2087 694 2148 illuminare
765 2087 1056 2148 Doctores
1117 2087 1400 2148 Ecclesiae
1416 2103 1437 2165 ;
1497 2088 1551 2148 si
1616 2088 1784 2148 enim

225 2179 424 2258 quoad
449 2181 744 2241 veritates
765 2197 981 2240 omnes
1001 2178 1314 2241 naturales
1329 2179 1390 2240 id
1403 2177 1785 2256 conceditur,

227 2280 291 2331 ut
315 2272 428 2333 lib.
481 2275 508 2332 1
548 2273 624 2333 de
649 2273 849 2348 Grat.,
874 2289 1007 2351 cap.
1047 2274 1110 2347 2,
1137 2290 1313 2333 num.
1351 2275 1448 2348 17,
1493 2271 1785 2348 diximus,

225 2371 460 2444 quanto
479 2369 684 2444 magis
709 2367 775 2427 in
793 2365 912 2426 bac
940 2367 1197 2426 materia
1231 2365 1621 2447 sentiendum
1648 2365 1785 2426 erit.

225 2457 559 2518 Sciendum
588 2467 682 2519 est
706 2465 913 2519 autem
940 2459 1006 2519 in
1033 2458 1132 2518 his
1169 2456 1353 2520 rebus
1372 2475 1502 2519 essc
1536 2457 1785 2538 graduS,

225 2557 294 2608 ut
321 2551 488 2610 sumi
515 2555 718 2628 potest
745 2567 824 2611 ex
852 2550 1128 2612 dicendis
1147 2551 1214 2612 in
1245 2549 1471 2632 disput.
1510 2553 1610 2626 19,
1638 2557 1785 2612 sect.

227 2643 286 2716 ἓ,
319 2661 473 2703 nam
517 2641 803 2722 quaedam
847 2642 1098 2704 illarum
1133 2643 1275 2705 licet
1314 2662 1443 2705 non
1489 2644 1612 2704 sint
1661 2649 1788 2704 tam

229 2743 432 2810 certae,
463 2749 536 2795 ut
579 2737 900 2797 contrariae
951 2739 1077 2798 sint
1111 2737 1439 2813 haereticoe,
1471 2737 1787 2799 interdum

233 2837 380 2888 sunt
405 2845 702 2905 erroneoe,
729 2831 874 2910 quia
899 2831 1182 2910 proxime
1209 2829 1288 2890 ad
1311 2830 1616 2910 principia
1646 2829 1791 2890 fidei

239 2922 573 2998 accedunt3
616 2921 934 2983 interdum
989 2929 1135 2983 sunt
1170 2923 1511 2984 temerariae
1539 2931 1794 3002 propter

243 3031 536 3091 magnum
563 3029 933 3076 consensum
956 3017 1208 3076 Patrum
1237 3016 1340 3076 cui
1361 3023 1784 3096 opponuntur.

241 3107 550 3168 Interdum
599 3125 752 3170 vero
796 3114 946 3169 sunt
991 3117 1237 3170 tantum
1297 3108 1647 3189 probabiles
1691 3109 1794 3171 vel

233 3200 696 3279 probabiliores,
747 3207 810 3264 et
849 3201 1191 3264 secundum
1243 3202 1493 3264 eosdem
1536 3203 1788 3282 gradus,

231 3294 352 3353 erit
373 3293 578 3372 magis
603 3292 704 3354 vel
727 3293 938 3354 minus
965 3301 1225 3370 certum,
1243 3294 1577 3355 Ecclesiam
1599 3295 1667 3358 in
1693 3295 1792 3354 his
1839 3360 1848 3368 ,

231 3403 357 3445 noa
383 3403 616 3447 errare.

305 3483 368 3540 9.
415 3479 694 3541 Assertio
735 3485 978 3560 quarta.
1003 3511 1085 3526 -
1132 3481 1518 3544 Declaratur.
1537 3510 1619 3528 -—
1645 3481 1790 3542 Dico

225 3579 456 3653 quarto
485 3594 501 3633 :
537 3573 682 3634 licet
732 3573 998 3636 Ecclesia
1025 3575 1114 3638 sit
1163 3574 1512 3636 infallibilis·
1545 3576 1612 3636 in
1656 3591 1790 3638 cre·-

225 3667 458 3741 dendo,
491 3665 903 3728 nihilominus
943 3666 1308 3742 formaliter,
1337 3674 1408 3729 ut
1447 3667 1532 3728 sic
1559 3667 1784 3744 dicam,

227 3771 290 3820 et
319 3765 568 3818 tantum
619 3759 957 3820 secundum
1005 3777 1070 3820 se
1127 3765 1322 3821 totam
1365 3767 1633 3842 sumpta,
1661 3779 1788 3821 non

227 3861 322 3912 est
341 3851 660 3913 sufficiens
679 3851 822 3912 viva
844 3851 1059 3930 regula
1082 3850 1223 3914 fidei
1248 3851 1315 3913 in
1345 3853 1645 3914 docendo,
1669 3853 1791 3913 Ra-

229 3949 318 4005 tio
364 3953 479 4021 est,
513 3946 664 4023 quia
710 3944 1088 4026 impossibile
1116 3951 1210 4007 est
1248 3951 1443 4007 totam
1469 3945 1632 4006 hanc
1679 3947 1789 4006 Ec·

233 4039 478 4099 eloeiam
501 4039 836 4099 convenire
875 4038 954 4099 ad
976 4038 1210 4120 aliquid
1239 4040 1316 4101 de
1339 4039 1462 4101 tide
1492 4037 1790 4100 definien-

234 4133 382 4191 dum
397 4147 420 4209 3
445 4136 512 4192 et
537 4131 678 4192 idco
703 4147 904 4211 neque
937 4137 1028 4193 est
1064 4139 1210 4212 apta
1254 4133 1334 4194 ad
1384 4133 1789 4214 loquendum,

229 4231 292 4287 et
315 4223 672 4285 docendum
703 4241 812 4302 per
853 4225 1108 4286 modum
1140 4225 1298 4288 vivae
1326 4225 1576 4304 regulae.
1611 4227 1788 4303 Item,

231 4317 378 4396 quia
407 4333 642 4394 magna
660 4332 802 4396 pars
825 4316 1010 4394 hujus
1033 4317 1314 4379 Ecclesiae
1337 4336 1461 4379 non
1495 4323 1587 4379 est
1623 4317 1794 4379 suffi-

236 4410 396 4469 ciens
423 4409 508 4470 ad
532 4409 905 4486 docendum,
947 4427 1062 4472 nec
1097 4410 1216 4471 hoc
1254 4411 1522 4490 pertinet
1549 4410 1629 4471 ad
1673 4417 1794 4472 sta-

236 4510 370 4564 tum
393 4504 556 4583 eiua,
590 4509 661 4564 ut
699 4510 939 4565 constat
986 4507 1258 4566 maxime
1285 4506 1363 4566 de
1395 4511 1560 4566 statu
1606 4505 1796 4566 laico-

229 4617 396 4658 rum.
443 4598 745 4676 Denique,
776 4599 922 4677 quia
955 4599 1172 4660 docere
1191 4617 1268 4660 ex
1296 4599 1597 4661 Cathedra
1645 4598 1796 4660 defi·

235 4691 491 4766 nicndo,
535 4691 807 4770 pertinet
855 4691 934 4752 ad
981 4691 1217 4753 clavem
1249 4692 1535 4765 scientiae,
1593 4698 1655 4753 et
1704 4697 1798 4752 est

233 4789 402 4844 actus
431 4784 721 4864 specialis
750 4786 1068 4864 potestatis
1095 4803 1134 4846 a
1155 4784 1394 4846 Christo
1421 4783 1580 4845 datoe
1597 4785 1678 4845 ad
1699 4803 1796 4846 re-

227 4877 501 4954 gendam
531 4875 870 4936 Ecclesiam
901 4875 968 4937 in
984 4875 1562 4939 doctrina.Christus
1585 4883 1796 4938 autem

229 4987 354 5030 non
380 4968 652 5030 contulit
669 4969 832 5029 hanc
859 4975 1226 5050 potestatem
1259 4970 1373 5030 toti
1401 4971 1644 5051 corpori
1685 4971 1797 5031 Ec·

234 5064 458 5140 rloeiae,
503 5062 612 5123 sed
657 5063 869 5142 capiti,
901 5070 973 5123 ut
1013 5063 1221 5124 statim
1273 5063 1568 5140 dicemus,
1601 5069 1664 5124 et
1709 5063 1798 5124 ita

233 5173 304 5216 ex
335 5154 745 5235 sequentibus
772 5155 1148 5217 sectionibus
1165 5156 1294 5216 haec
1325 5157 1578 5217 assertio
1599 5157 1796 5235 magis

235 5247 683 5310 illucidabitur.

311 5343 414 5402 10.
457 5337 562 5401 Aa
582 5341 1044 5416 fundamentum
1085 5341 1312 5402 moris
1345 5341 1412 5402 ia
1439 5357 1606 5403 num.
1667 5349 1706 5401 ³.

227 5433 332 5495 Aa
355 5431 890 5508 confirmationem,
916 5433 1067 5494 ibid.
1092 5463 1176 5480 —-
1196 5435 1287 5493 Ad
1328 5433 1800 5495 fundamentum

3322 392 3437 462 157

1873 523 2001 566 non
2028 503 2172 569 duci
2203 507 2270 568 in
2296 507 2603 569 credendo
2633 507 2851 586 spiritu
2880 506 3181 580 humano,
3204 504 3311 566 sed
3338 503 3437 565 di-

1873 598 2045 674 vin0,
2076 599 2423 680 falsumque
2470 607 2559 662 est
2600 608 2875 680 tempore
2915 597 3279 660 Antichristi
3305 615 3440 657 om-

1871 691 2024 751 nino
2062 710 2188 753 esse
2236 693 2637 768 defecturam,
2682 700 2753 754 ut
2779 693 2967 754 etiam
2996 691 3230 770 scripsi,
3260 689 3371 750 lib.
3398 691 3437 752 5

1870 790 2085 845 contra
2123 786 2443 863 Jacobum,
2492 785 2730 866 Angliae
2780 803 3015 864 regem,
3071 802 3207 862 cap.
3258 785 3358 860 10,
3399 801 3437 844 a

1868 895 2045 938 num.
2082 883 2180 941 17.
2208 881 2387 956 Nam,
2436 879 2583 940 licet
2615 897 2843 958 magna
2880 897 2956 938 ex
3009 884 3182 957 parte
3224 874 3441 936 obscu-

1868 969 2067 1032 randa
2104 969 2185 1033 sit
2219 990 2330 1052 per
2368 972 2496 1032 vim
2527 971 2967 1045 tribulationis,
2998 975 3208 1030 tamen
3256 966 3438 1028 multi

1871 1064 2371 1141 perseverabunt,
2403 1072 2466 1126 et
2495 1069 2679 1126 erunt
2708 1063 2981 1143 insignes
3003 1062 3306 1141 Martyres
3321 1077 3342 1139 3
3374 1064 3438 1120 et

1871 1153 2167 1230 Christus,
2211 1158 2430 1220 Matth.
2467 1159 2569 1233 24,
2609 1175 2720 1237 per
2756 1157 3302 1236 exaggerationem
3342 1152 3436 1214 di·

1870 1249 1955 1309 cit
1983 1266 1999 1310 ε
2043 1249 2125 1314 Ut
2152 1253 2219 1313 iu
2246 1269 2505 1314 errorem
2531 1252 2924 1324 inducantur,
2950 1250 3009 1310 si
3040 1248 3184 1326 fieri
3216 1253 3432 1326 potest,

1869 1343 2053 1404 etiam
2106 1343 2273 1408 electi
2297 1389 2318 1420 ,
2365 1342 2721 1424 significans
2766 1341 2983 1403 saltem
3040 1340 3285 1414 electoS,
3326 1339 3436 1420 qui

1868 1439 2020 1497 tunc
2060 1437 2249 1498 etiam
2304 1455 2433 1499 non
2482 1436 2782 1512 deerunt,
2835 1453 2965 1498 esse
3007 1439 3434 1514 perseveratu-

1867 1544 2002 1606 ros;
2034 1529 2321 1609 idemque
2358 1548 2503 1590 cum
2550 1527 2948 1611 proportione
2979 1527 3315 1588 dicendum
3344 1535 3437 1588 est

1869 1620 1947 1682 de
1990 1639 2329 1702 synagoga,
2356 1622 2636 1704 quamvis
2680 1640 2806 1683 non
2845 1623 2924 1682 sit
2969 1619 3221 1699 aequalis
3250 1619 3435 1694 ratic,

1869 1716 2017 1795 quia
2047 1714 2153 1775 illa
2182 1733 2309 1777 non
2338 1720 2471 1777 erat
2500 1714 2861 1776 universalis
2882 1713 3167 1774 Ecclesia.
3194 1714 3263 1773 In
3292 1731 3437 1773 con·

1870 1808 2246 1884 firmatione,
2280 1809 2514 1890 petitur
2551 1827 2633 1870 an
2666 1826 2879 1869 omnes
2919 1807 3197 1886 Episcopi
3233 1805 3436 1866 Eccle-

1867 1903 1975 1962 siae
2022 1903 2256 1981 possint
2287 1902 2617 1963 convenire
2662 1901 2727 1961 in
2771 1900 2978 1980 aliquo
3018 1917 3248 1976 errore,
3287 1917 3435 1960 nam

1869 1995 2035 2057 inter
2072 1993 2413 2056 Catholicos
2444 1995 2696 2074 quidam
2735 1993 3071 2068 affirmant,
3119 1993 3268 2073 quia
3307 2011 3437 2054 non

1867 2087 2185 2148 invenitur
2211 2087 2569 2167 promissio;
2605 2086 2714 2148 alii
2740 2093 2993 2165 negant,
3022 2087 3168 2168 quia
3210 2089 3436 2147 consti-

1869 2187 2149 2246 tueretur
2175 2186 2306 2242 tota
2336 2180 2604 2243 Ecclesia
2648 2182 2713 2240 in
2761 2199 2988 2260 magno
3018 2179 3293 2260 periculo
3341 2199 3437 2241 er-

1869 2275 2047 2336 roris.
2082 2273 2235 2334 Mihi
2260 2291 2407 2334 vero
2436 2279 2730 2334 neutrum
2760 2272 3009 2334 videtur
3042 2275 3189 2334 satis
3226 2273 3436 2354 explo-

1869 2372 2080 2428 ratum
2116 2383 2131 2428 t
2166 2364 2479 2447 probabile
2502 2372 2711 2428 autem
2741 2373 2834 2427 est
2875 2365 2951 2426 ad
2988 2365 3436 2446 providentiam

1872 2459 2093 2520 Christi
2114 2459 2423 2540 pertinere
2439 2464 2534 2536 ,ut
2552 2459 2617 2519 id
2637 2477 2764 2521 non
2783 2459 3121 2539 permittat.
3137 2457 3437 2537 intelligi-

1869 2559 2095 2633 turque
2121 2553 2199 2614 de
2234 2553 2591 2615 collectione
2612 2552 3051 2634 Episcoporum
3076 2560 3251 2615 extra
3274 2551 3436 2614 Pon-

1871 2645 2124 2721 tificem,
2148 2664 2297 2707 nam
2347 2644 2424 2707 de
2448 2645 2557 2707 illo
2584 2646 2795 2706 statim
2835 2647 3032 2708 dicam
3056 2642 3461 2725 (Doctrinam'

1871 2739 1940 2802 de
1990 2738 2253 2827 Concilio
2310 2741 2641 2803 uberiorem
2695 2739 2873 2802 habes
2923 2740 3193 2818 inferius
3226 2783 3247 2816 ‚
3311 2741 3436 2801 dis-

1867 2837 2002 2912 put.
2051 2832 2174 2909 ss).

2476 3020 2691 3072 ssscho
2722 3021 2829 3074 vn.

1885 3191 2105 3255 Utrum
2155 3189 2491 3270 leyitimum
2542 3189 2875 3253 Concilium
2934 3189 3019 3254 sit
3073 3189 3441 3268 infallibilis

2438 3283 2651 3363 reyula
2697 3283 2866 3361 fidei.

1954 3486 1984 3544 1
1999 3528 2013 3543 .
2057 3483 2167 3546 Em
2200 3480 2586 3544 multitudine
2607 3486 2932 3560 pastorum
2964 3481 3257 3545 Ecclesioe
3301 3501 3438 3546 oon-

1871 3576 2111 3654 fioitur,
2138 3575 2338 3637 danda
2370 3592 2491 3636 esso
2516 3573 3149 3640 Camilia—Nomen
3179 3571 3441 3639 concilii

1872 3667 2330 3746 fundamentum
2358 3667 2531 3728 habet
2550 3666 2617 3727 ia
2633 3665 3435 3748 Scriptura—Supponen-

1871 3759 2024 3820 dum
2070 3764 2163 3820 cst
2219 3757 2528 3821 Christum
2578 3759 2910 3820 Dominum
2960 3761 3049 3820 ita
3099 3761 3437 3824 instituisse

1867 3871 2045 3914 suam
2060 3851 2396 3914 Ecclesiam
2416 3869 2601 3932 super
2620 3859 2882 3932 petram,
2898 3860 2960 3915 et
2986 3853 3101 3914 sub
3120 3871 3247 3915 uno
3262 3855 3439 3916 Vica-

1869 3946 1965 4007 rio
1990 3963 2123 4022 suo,
2163 3953 2234 4006 ut
2264 3945 2532 4008 voluerit
2554 3963 2693 4008 eam
2732 3964 2845 4026 per
2862 3947 3189 4028 Episcopos
3218 3947 3439 4029 guber-

1871 4039 2035 4116 nari,
2093 4047 2163 4100 ut
2202 4038 2432 4100 Paulus
2475 4044 2758 4116 testatur,
2790 4040 2999 4101 Actor.
3046 4041 3160 4119 103
3196 4050 3259 4103 et
3298 4043 3439 4104 ideo

1872 4132 1964 4195 illi
1997 4147 2142 4195 sunt
2175 4135 2349 4214 quasi
2388 4133 2701 4213 Principes
2734 4133 3021 4196 Ecclesiae
3067 4135 3183 4196 sub
3226 4154 3440 4216 supre-

1875 4244 2001 4301 m0,
2042 4234 2105 4288 et
2132 4225 2245 4286 sub
2287 4224 2409 4286 illis
2436 4233 2583 4286 sunt
2612 4225 2719 4286 alii
2750 4225 3115 4306 presbyteri,
3141 4245 3249 4289 seu
3285 4229 3440 4290 infe-

1873 4319 2067 4380 riores
2093 4321 2364 4379 Pastores
2394 4336 2465 4378 ac
2490 4317 2753 4380 Proelati.
2787 4318 2877 4378 Ex
2906 4335 3029 4398 qua
3052 4319 3439 4386 institutione

1873 4413 2153 4491 sequitur
2179 4416 2271 4486 ut,
2312 4411 2471 4472 sicut
2496 4409 2837 4489 respublica
2872 4411 3229 4491 temporalis
3253 4411 3440 4476 habet

1873 4522 1984 4564 sua
2041 4504 2291 4566 comitia
2315 4549 2336 4580 ,
2383 4502 2451 4564 in
2484 4503 2709 4583 quibus
2750 4504 3047 4584 praecipui
3090 4503 3168 4566 de
3209 4506 3439 4585 populo

1876 4604 2337 4677 congregantur
2373 4597 2451 4658 ad
2500 4595 2672 4657 illam
2726 4598 3087 4675 regendam,
3131 4599 3220 4658 ita
3264 4607 3329 4661 et
3371 4601 3440 4661 in

1875 4691 2145 4752 Ecclesia
2176 4697 2323 4752 sunt
2340 4690 2849 4770 congregationes
2862 4691 3302 4772 Episcoporum
3330 4711 3441 4754 seu

1879 4783 2303 4852 Praelatorum,
2336 4799 2478 4864 quae
2509 4781 2779 4844 Concilia
2818 4783 2917 4842 vel
2956 4783 3189 4862 Synodi
3221 4803 3443 4847 vocan-

1879 4881 2021 4951 tur3
2066 4894 2215 4938 nam
2242 4875 2415 4956 prior
2437 4892 2561 4937 vox
2604 4873 3084 4937 fundamentum
3138 4875 3327 4939 habet
3374 4879 3443 4941 in

1876 4968 2216 5048 Scriptura,
2247 4974 2319 5028 ut
2351 4973 2522 5048 patet
2562 4967 2780 5029 Matth.
2815 4967 2919 5044 28,
2960 4977 3024 5029 et
3048 4971 3182 5048 jam
3224 4975 3314 5032 est
3341 4988 3441 5031 ac·

1877 5061 2266 5122 commodata
2314 5061 2395 5122 ad
2431 5059 2913 5136 significandum
2940 5062 3296 5141 hujusmodi
3329 5065 3439 5124 Ec·

1877 5153 2283 5215 clesiasticum
2311 5157 2709 5216 conventum.
2734 5155 2871 5216 Alia
2896 5161 3107 5216 autem
3128 5172 3247 5215 vox
3279 5173 3439 5234 grae-

1879 5264 1952 5308 ca
1975 5253 2067 5306 est
2092 5253 2156 5308 et
2176 5247 2531 5326 synonima,
2574 5246 2791 5326 etjam
2825 5265 2865 5307 a
2891 5247 3123 5308 Latinis
3152 5248 3439 5327 frequen·

1879 5345 1976 5400 ter
2002 5346 2323 5419 usurpata.

1964 5435 2026 5494 2.
2074 5432 2482 5496 Conciliorum
2534 5434 2759 5512 triplex
2796 5451 3003 5511 qartus.
3037 5465 3109 5480 ⁴-—
3155 5433 3439 5496 Primum

226 5527 668 5589 haereticorum
702 5525 840 5603 jam
890 5541 1254 5606 responsum
1302 5523 1431 5601 est,
1471 5525 1804 5588 Ecclesiam
1883 5543 2095 5604 aeuus.
2118 5557 2199 5572 -
2240 5526 2579 5590 Secundum
2628 5545 2815 5606 penus
2848 5527 3183 5590 bimembre.
3206 5561 3283 5572 -—
3332 5527 3438 5588 So·
