3900 6217
779 387 948 440 SECT.
985 386 1045 437 V.
1083 385 1164 436 AN
1199 384 1402 435 cmm
1432 384 1576 439 Flos
1609 382 1930 437 consum:
1962 384 2175 438 Possm·
2208 386 2373 440 HUNC
2404 386 2701 447 nomnen,
2738 385 2872 438 ETC.

217 488 348 549 rite
371 489 726 563 ordinatus,
755 492 874 549 etc.
892 485 1124 560 Tertio,
1145 485 1290 565 quia
1318 490 1410 545 est
1433 503 1534 545 res
1559 485 1662 545 cui
1691 503 1792 563 po-

213 587 338 643 test
391 581 648 643 subesse
673 580 900 643 falsum
919 596 942 656 3
995 578 1220 641 accidit
1257 578 1428 641 enim
1465 577 1796 657 aliquando

213 692 348 737 esse
368 680 736 755 reputatum
762 663 1121 735 Pontificem
1147 671 1257 751 qui
1298 670 1442 733 talis
1477 689 1602 733 nou
1637 677 1790 733 erat.

213 767 478 842 Quarto,
504 784 620 829 usu
643 765 930 829 Ecclesiae
977 771 1218 827 constat
1263 784 1391 840 eos,
1439 765 1548 845 qui
1577 782 1796 827 verum

221 859 586 925 Pontificem
605 865 842 937 negant
861 860 928 919 in
949 857 1436 937 individuo,tnon
1453 857 1800 921 existimari

222 950 764 1029 haeretioes31mde
779 971 820 1013 a
839 951 1120 1013 Patribus
1135 951 1427 1013 dicuntur
1445 970 1571 1013 nou
1591 969 1798 1013 errare

223 1050 444 1107 centra
467 1044 684 1120 fidem,
713 1044 820 1107 sed
849 1050 1066 1107 contra
1091 1043 1484 1120 charitatem,
1511 1044 1797 1107 scinden-

223 1143 314 1199 tes
341 1138 682 1201 unitatem.
1419 1202 1426 1209 .

298 1231 366 1293 Ξ.
397 1232 573 1311 Ejus
611 1248 894 1312 sequaces
940 1232 1132 1309 Cano,
1179 1233 1338 1314 Vena
1363 1236 1422 1297 et
1450 1232 1674 1297 alii.--
1691 1232 1799 1299 Ve-

221 1322 356 1387 rior
377 1322 1109 1389 &sertim—Ostenditicr
1129 1328 1352 1409 prime,
1380 1345 1454 1391 ιω
1485 1325 1792 1391 Consiliis.

223 1416 618 1492 -Seeuudm
655 1435 730 1481 ιω
767 1418 1026 1493 ratim,
1075 1421 1148 1483 ab
1175 1420 1800 1483 incommoda-1⁷02·-

223 1509 310 1573 tio
331 1556 352 1581 ‚
399 1528 474 1575 σω
499 1514 798 1591 potestate
833 1513 972 1591 ipsa
1009 1513 1246 1595 papali.
1268 1544 1352 1559 --
1368 1513 1626 1592 Propter
1671 1512 1800 1573 haec

225 1612 606 1679 argumenta
645 1602 842 1682 aliqui
887 1622 963 1667 ex
1012 1604 1340 1669 Catholicis
1383 1610 1618 1683 negant
1661 1623 1794 1684 pos-

219 1712 286 1755 se
329 1694 696 1757 immediate
729 1696 852 1759 fide
897 1698 1126 1773 teneri,
1180 1697 1348 1759 hunc
1393 1716 1526 1760 esse
1571 1716 1792 1759 verum

225 1785 620 1864 Pontificem,
677 1789 786 1851 sed
845 1790 1046 1851 solum
1101 1790 1474 1853 certitudine
1520 1790 1793 1871 quadam

225 1880 492 1956 morali,
525 1900 712 1961 quam
759 1884 1040 1945 sufficere
1067 1884 1308 1961 dicunt,
1358 1892 1430 1945 ut
1469 1890 1794 1945 teneamur

223 1971 316 2033 illi
345 1972 604 2037 obedire
643 1975 710 2035 iu
753 1976 1070 2053 omnibus,
1115 1978 1304 2039 etiam
1337 1978 1658 2039 credendis
1698 1996 1794 2039 re-

219 2064 342 2125 bus
373 2084 536 2145 quas
561 2068 640 2131 de
665 2067 788 2131 fide
817 2088 946 2131 esse
971 2070 1300 2135 definierit.
1335 2072 1414 2133 Hi
1453 2077 1600 2132 sunt
1643 2074 1797 2133 'l'ur-

217 2166 600 2237 recremata,
629 2161 740 2225 lib.
769 2165 808 2223 4
841 2163 1136 2239 Summae,
1180 2171 1338 2243 part.
1395 2166 1457 2240 2,
1509 2183 1564 2226 c.
1609 2167 1673 2240 9,
1717 2164 1798 2225 ad

219 2252 458 2327 finem3
490 2252 826 2331 Albertin„
856 2255 934 2317 de
968 2257 1354 2334 Agnoscend.
1377 2264 1619 2334 essert„
1649 2264 1793 2334 etc„

219 2354 450 2426 quaest.
483 2351 548 2423 3,
582 2349 656 2414 ad
707 2349 852 2427 fin-3
898 2351 1229 2429 najetanus
1252 2355 1314 2415 2.
1368 2355 1431 2428 Ξ,
1475 2359 1692 2433 quaest.
1732 2356 1792 2430 1,

217 2460 280 2503 a.
315 2445 382 2519 3,
415 2443 484 2505 in
512 2462 791 2524 respons.
822 2445 900 2505 ad
925 2446 996 2518 43
1025 2446 1293 2522 Baunez,
1314 2448 1372 2509 2.
1394 2448 1454 2507 2.
1485 2453 1702 2527 quaest.
1731 2452 1788 2522 1,

219 2544 344 2597 art.
397 2538 502 2610 10,
557 2539 625 2597 in
665 2537 972 2617 prioribus
1005 2541 1465 2601 commentariis
1484 2586 1505 2615 ‚
1534 2540 1682 2603 duh.
1727 2544 1791 2618 Ξ,

221 2628 302 2717 ad
329 2631 402 2703 23
438 2630 608 2693 Cano
661 2636 726 2691 et
776 2632 968 2710 Vega,
1015 2650 1172 2711 quos
1206 2633 1413 2707 retuli,
1454 2632 1684 2711 disput.
1727 2634 1788 2708 6,

223 2718 374 2782 sect.
395 2724 462 2797 4,
495 2742 564 2785 n.
590 2726 676 2801 3;
707 2724 1000 2800 Coi-dub„
1031 2725 1142 2787 lib.
1175 2729 1232 2802 1,
1259 2732 1475 2805 quaest.
1507 2729 1608 2801 17,
1641 2726 1678 2807 ἓ
1715 2729 1796 2805 23

225 2816 462 2891 Castro,
497 2816 610 2877 lib.
660 2822 687 2879 1
729 2824 944 2881 contra
967 2821 1223 2895 Haeres„
1261 2838 1316 2880 c.
1348 2823 1413 2895 9,
1461 2821 1622 2881 circa
1675 2839 1804 2881 me-

235 2910 425 2985 dium,
455 2929 502 2971 a
541 2912 872 2975 Christian.
928 2914 1279 2989 Axiomata,
1328 2914 1435 2975 lib.
1483 2916 1548 2989 2,
1585 2920 1702 2977 art.
1735 2916 1800 2990 6,

242 3022 292 3063 e.
325 3008 354 3065 1
371 3007 420 3075 l,
449 3010 519 3065 et
547 3005 674 3069 alii.
709 3007 822 3067 Est
839 3024 988 3069 vero
1019 3008 1088 3068 in
1113 3006 1215 3067 his
1241 3008 1596 3069 auctoribus
1645 3027 1800 3071 non-

233 3097 407 3158 nulla
451 3098 833 3175 differentia,
875 3100 1094 3161 saltem
1142 3100 1211 3161 in
1253 3100 1438 3162 modo
1478 3101 1797 3181 loquendi.

225 3189 494 3264 Quidam
531 3194 547 3229 ¹
591 3192 785 3268 euim,
811 3194 924 3253 etsi
949 3199 1180 3271 negent
1199 3194 1414 3255 haberi
1439 3194 1798 3255 immediate

225 3282 302 3343 de
331 3282 485 3359 fide,
533 3283 698 3345 huuc
732 3286 1114 3361 Pontificem,
1168 3286 1342 3347 verbi
1370 3288 1596 3366 gratia,
1645 3288 1796 3349 Gre-

221 3378 476 3453 gorium
531 3378 686 3454 XIII,
715 3397 847 3439 esse
885 3396 1104 3440 verum
1142 3379 1530 3455 Pontificem,
1578 3380 1804 3441 volunt

223 3477 440 3531 tamen
472 3490 605 3532 esse
639 3472 924 3547 mediate,
960 3490 1033 3533 eo
1072 3473 1238 3553 quod
1267 3491 1342 3533 ex
1373 3492 1496 3535 una
1537 3473 1615 3535 de
1646 3472 1796 3548 fide,

222 3564 394 3643 quod
421 3566 544 3626 rite
570 3565 798 3627 electus
829 3566 911 3627 sit
937 3584 1118 3627 verus
1167 3566 1472 3642 Pontifex,
1519 3573 1580 3627 et
1607 3568 1802 3629 altera

221 3658 596 3721 naturaliter
649 3666 820 3734 nota,
875 3659 1054 3739 quod,
1097 3660 1200 3721 hic
1252 3662 1331 3721 sit
1375 3661 1492 3721 rite
1541 3660 1796 3737 electus,

223 3752 582 3831 colligatur.
645 3754 878 3814 Verum
941 3772 1056 3815 nos
1119 3754 1578 3815 distinctionem
1637 3753 1801 3815 hanc

221 3844 379 3907 alibi
419 3844 898 3907 confutavimus.
933 3846 1056 3907 Alii
1085 3846 1314 3907 dictam
1343 3846 1799 3909 conclusionem

227 3939 417 3999 iidem
469 3957 686 4019 sapere
735 3942 916 4007 aiunt
967 3960 1044 4003 ex
1095 3942 1316 4003 eodem
1367 3941 1798 4019 fundamento,

225 4032 395 4111 quod
417 4050 496 4094 ex
524 4052 652 4095 una
683 4035 760 4095 de
783 4033 932 4107 fide,
965 4040 1028 4096 et
1067 4034 1262 4097 altera
1298 4035 1664 4097 naturaliter
1703 4054 1804 4096 co·

227 4128 556 4205 gnoecibili
573 4136 854 4191 eruatur.
883 4130 1098 4209 Itaque
1125 4147 1258 4189 uno
1276 4128 1466 4190 verbo
1494 4128 1802 4208 appellare

227 4226 500 4301 possunt
527 4221 988 4301 Theologicam.
1045 4222 1170 4283 Alii
1206 4221 1460 4283 tandem
1503 4222 1802 4300 simplici-

221 4320 323 4375 ter
349 4315 767 4393 pronunciant
793 4314 874 4375 ad
903 4314 1090 4376 fidem
1123 4334 1250 4375 non
1278 4315 1610 4395 pertinere.
1651 4313 1805 4375 Mihi

223 4413 434 4468 tamen
465 4406 665 4485 placet
689 4410 998 4469 contraria
1033 4409 1384 4469 sententia:
1413 4414 1600 4490 atquc
1640 4408 1801 4484 dic0,

221 4503 384 4565 sicut
407 4500 641 4561 Christi
663 4501 928 4561 Ecclesia
955 4502 1214 4563 visibilis
1251 4508 1346 4563 est
1367 4502 1497 4562 haec
1517 4519 1800 4575 numero,

223 4593 310 4655 ita
337 4593 570 4655 habere
618 4612 790 4673 posse
833 4594 952 4655 hoe
1001 4613 1264 4657 numero
1309 4600 1494 4675 caput
1531 4594 1795 4670 visibile,

223 4694 412 4766 atque
435 4686 596 4747 adeo
631 4685 708 4747 de
743 4686 866 4749 fide
904 4706 1056 4763 csse,
1107 4688 1274 4748 hunc
1313 4688 1654 4761 hominem,
1687 4688 1797 4766 qui

223 4781 548 4841 communi
599 4779 882 4841 Ecclesiae
931 4782 1330 4842 consensione
1371 4786 1658 4859 acceptus
1703 4784 1797 4841 est

223 4882 294 4932 ut
317 4879 508 4952 eaput
535 4872 843 4949 Ecclesiae,
891 4874 994 4935 cui
1043 4875 1180 4953 ipsa
1223 4880 1470 4937 tenetur
1513 4873 1786 4949 obedire,

225 4982 356 5027 esse
385 4984 606 5029 verum
635 4966 920 5028 Ecclesiae
951 4966 1310 5029 Pontificem
1359 4967 1525 5029 Petri
1565 4984 1796 5029 succes-

231 5076 457 5121 ωτι).
507 5060 813 5121 Probatur
859 5060 1068 5140 primo
1107 5077 1184 5121 ex
1227 5060 1550 5135 Conciliis,
1609 5069 1798 5141 atque

221 5158 370 5213 ante
395 5154 618 5215 omnia
635 5155 702 5215 in
731 5152 910 5214 Bulla
948 5152 1200 5215 Martini
1250 5154 1328 5229 V,
1376 5153 1542 5233 apud
1579 5153 1792 5215 Conci-

305 5340 322 5375 ⁸
367 5336 530 5397 Vide
557 5351 744 5417 supra
763 5335 922 5416 disp.
955 5336 1020 5411 3,
1051 5340 1198 5399 sect.
1233 5338 1336 5409 11,·
1357 5334 1518 5416 disp.
1543 5336 1608 5410 6,
1641 5340 1790 5395 sect.

221 5433 394 5505 5311.
425 5434 538 5505 10,
563 5440 626 5491 et
657 5435 808 5491 sect.
837 5432 904 5505 t,
928 5448 994 5489 u.
1026 5431 1064 5491 5
1099 5435 1162 5491 et
1196 5432 1266 5503 Ἲς
1301 5432 1506 5505 Αιοτ.,
1541 5435 1691 5491 tom.
1728 5429 1792 5503 2,

222 5523 265 5586 l.
298 5526 358 5601 5,
390 5544 448 5587 c.
481 5528 550 5599 5,
573 5543 636 5605 q.
669 5526 732 5599 4,
757 5529 823 5586 et
860 5540 916 5585 c.
947 5524 1050 5597 2¹,
1085 5522 1124 5602 ᾗ
1151 5520 1427 5605 objicies.

3324 386 3444 447 3¹3

1877 484 2036 547 lium
2097 487 2517 549 Constantien.
2574 486 2943 566 disponitur,
2994 486 3075 549 ab
3112 486 3447 551 haeretieiss

1873 579 1985 659 qui
2040 580 2325 643 Ecclesiae
2381 580 2707 643 Catholicae
2756 580 3143 643 reconciliari
3192 583 3435 653 volunt,

1875 673 2147 752 primum
2176 674 2459 735 omnium
2486 675 2863 753 exigendum
2890 692 3044 750 esse,
3074 693 3157 737 an
3180 677 3439 739 credaut

1876 768 2107 847 Papam
2160 769 2453 831 canonice
2508 768 2797 843 electum,
2842 768 2951 851 qui
2996 786 3108 847 pro
3164 776 3444 849 tempore

1875 858 2067 921 fuerit
2112 859 2269 939 (eJus
2302 862 2555 923 nomine
2602 860 2933 944 expresso),
2972 880 3101 925 esse
3138 880 3447 925 successo-

1877 970 2012 1013 rem
2054 953 2239 1029 Petri,
2294 960 2357 1015 et
2394 954 2625 1017 hahere
2672 972 3023 1035 supremam
3071 962 3441 1035 potestatem

1878 1045 1945 1106 in
1974 1046 2243 1111 Ecclesia
2260 1049 2409 1125 Dei3
2440 1054 2532 1111 est
2546 1066 2693 1128 ergo
2720 1050 2859 1125 hoc,
2894 1056 2963 1113 ut
2986 1050 3272 1113 Pontifex
3300 1066 3445 1131 sup-

1876 1141 2075 1219 ponit,
2106 1139 2184 1202 de
2212 1140 2334 1201 fide
2358 1141 2759 1219 credendum,
2798 1160 2999 1223 neque
3042 1143 3208 1204 infra
3252 1144 3435 1207 certi-

1876 1232 2161 1295 tudinem
2192 1232 2332 1295 fidei
2377 1235 2745 1315 proponitur
2783 1254 2879 1299 res
2920 1236 3278 1297 immediate
3306 1254 3436 1301 cre·

1877 1325 2084 1387 denda
2130 1345 2169 1389 a
2218 1328 2643 1390 Pontificibus.
2704 1328 2937 1391 Deinde
2992 1329 3265 1391 Consilia
3314 1348 3441 1391 non

1883 1420 2293 1499 distinguunt
2310 1420 2479 1485 iuter
2502 1440 2721 1485 verum
2774 1423 3135 1485 Pontificem
3177 1423 3245 1483 in
3284 1440 3451 1485 com-

1881 1514 2083 1589 muni,
2146 1520 2209 1577 et
2264 1513 2435 1575 huuc
2486 1517 2601 1595 qui
2646 1534 2819 1577 nunc
2868 1515 3041 1577 sedet
3083 1534 3227 1577 cum
3275 1515 3450 1577 omni

1877 1608 2277 1669 consensione
2312 1607 2593 1671 Ecclesiae
2607 1654 2627 1683 ,
2660 1608 2768 1670 sed
2796 1609 3014 1671 eadem
3047 1610 3449 1671 veneratione

1876 1706 1938 1761 et
1990 1699 2111 1761 fide
2158 1700 2699 1779 complectuntur3
2762 1702 2851 1763 sic
2908 1712 3075 1763 certe
3117 1702 3450 1763 Chalcedo-

1873 1810 2067 1854 nense
2106 1793 2447 1855 Concilium
2502 1794 2727 1874 recipit
2766 1795 3139 1857 nominatim
3172 1796 3444 1857 Leonem

1874 1888 2129 1966 Papam3
2160 1892 2335 1947 sexta
2360 1887 2669 1966 synodus,
2716 1887 3171 1967 Agathonem.;
3215 1887 3447 1949 Milevi-

1873 1986 2039 2052 tan„
2086 1980 2517 2041 Innocentium
2562 1980 2627 2057 13
2672 1987 2736 2041 et
2784 1980 2885 2069 sic⁸
2911 1981 2987 2043 de
3032 1982 3285 2043 caeteris.
3340 1982 3445 2043 Se·

1876 2072 2105 2147 cundo,
2123 2071 2175 2132 si
2202 2091 2524 2152 nunquam
2550 2079 2790 2135 constat
2812 2073 3116 2135 catholica
3138 2074 3261 2137 fide
3280 2074 3449 2135 hunc

1875 2184 2007 2229 esse
2046 2184 2265 2227 verum
2294 2167 2673 2239 Pontificem,
2738 2174 3191 2249 consequenter
3240 2185 3448 2248 neque

1877 2266 2159 2322 constare
2204 2265 2407 2340 potest
2460 2260 2579 2322 hoc
2620 2280 2753 2325 esse
2793 2279 3011 2324 verum
3058 2262 3403 2324 Concilium
3420 2306 3443 2337 ,

1879 2353 2048 2434 quod
2074 2372 2203 2415 non
2234 2353 2442 2415 minus
2478 2354 2839 2417 haereticum
2890 2361 3071 2431 esset,
3106 2372 3295 2435 quam
3338 2372 3449 2415 ue-

1875 2464 2027 2524 gare
2076 2464 2221 2507 vera
2272 2463 2403 2508 esse
2439 2453 2707 2527 quatuor
2746 2448 3109 2526 Evangelia,
3164 2452 3236 2509 ut
3286 2446 3447 2507 dixit

1874 2540 2137 2619 Magnus
2187 2540 2555 2618 Gregorius;
2608 2541 2911 2620 siquidem
2965 2558 3185 2603 verum
3236 2540 3451 2603 Conci·

1873 2632 2031 2693 lium
2079 2632 2419 2695 formaliter
2466 2633 2731 2695 includit
2786 2653 3003 2696 verum
3056 2633 3444 2709 Pontificem,

1885 2731 2073 2805 atque
2103 2725 2185 2786 ob
2213 2725 2401 2787 talem
2420 2726 2827 2789 inclusionem
2846 2726 3109 2789 dicimus
3141 2744 3283 2801 nos,
3318 2732 3450 2787 tam

1883 2818 2243 2880 immediate
2272 2818 2349 2881 de
2368 2818 2491 2881 fide
2514 2838 2667 2896 esse,
2700 2819 3007 2881 Christum
3032 2837 3163 2881 esse
3192 2818 3448 2895 animal,

1883 2912 2661 2985 viventemsuhstautiam,
2712 2918 2898 2991 atque
2928 2930 3056 2975 esse
3088 2911 3445 2988 hominem3

1883 3022 2079 3084 quare
2128 3005 2181 3065 si
2240 3005 2319 3067 de
2372 3004 2495 3066 fide
2550 3004 2852 3067 catholica
2921 3022 3245 3085 nunquam
3292 3010 3451 3067 esset

1881 3096 2053 3159 hunc
2082 3116 2215 3161 esse
2258 3116 2483 3160 verum
2524 3097 2913 3175 Pontificem,
2958 3116 3161 3177 neque
3216 3097 3294 3159 de
3338 3097 3451 3159 tali

1879 3190 2005 3252 fide
2056 3197 2257 3253 essent
2316 3209 2597 3271 unquam
2642 3190 2777 3268 ejus
2826 3191 3093 3267 decreta,
3142 3191 3312 3272 quod
3359 3196 3471 3251 est·

1881 3283 2265 3345 haereticum.
2311 3284 2607 3345 Videatur
2634 3284 2948 3347 decretum
2998 3284 3217 3347 Leonis
3264 3285 3449 3363 Papae

1881 3392 2019 3456 cap.
2062 3378 2152 3439 De
2191 3377 2440 3453 libellis,
2484 3378 2545 3439 d.
2584 3380 2685 3441 20.
2735 3380 2866 3440 Imo
2904 3394 3104 3457 neque
3146 3378 3451 3439 catholica

1879 3471 2111 3533 veritas
2160 3478 2223 3533 et
2271 3472 2575 3533 certitudo
2636 3472 2825 3552 hujus
2866 3491 3127 3534 numero
3166 3471 3451 3533 Ecclesiae

1882 3570 2086 3643 posset
2107 3571 2269 3625 recte
2291 3566 2645 3641 consistere,
2677 3566 2825 3645 quia
2851 3565 2981 3629 haec
3006 3566 3275 3627 maxime
3302 3582 3451 3645 pen·

1882 3659 1991 3721 det
2012 3678 2091 3719 ex
2118 3660 2553 3739 conjunctione
2582 3679 2725 3722 cum
2767 3678 2914 3722 vero
2968 3661 3195 3739 capite,
3246 3660 3449 3739 requi·

1878 3752 2083 3832 ritque
2132 3770 2312 3814 veros
2358 3770 2429 3813 ac
2467 3753 2780 3832 legitimos
2834 3753 3197 3827 sacerdotes,
3246 3764 3449 3833 pasto-

1878 3864 2013 3920 res,
2072 3850 2135 3907 et
2186 3845 2653 3907 ecclesiasticam
2706 3845 3155 3921 hierarchiam3
3210 3852 3275 3907 at
3320 3844 3452 3905 haec

1879 3939 2093 4001 omnia
2132 3938 2401 4018 pendent
2428 3957 2503 3999 ex
2526 3956 2600 4001 eo
2628 3939 2792 4019 quod
2821 3958 3002 3999 verus
3024 3945 3087 3999 et
3137 3939 3451 4017 legitimus

1883 4031 2166 4093 Pontifex
2182 4032 2262 4091 ‘in
2302 4031 2623 4094 individuo
2676 4033 2757 4093 sit
2804 4038 3027 4107 certus,
3078 4037 3138 4093 et
3182 4049 3303 4110 qua
3352 4048 3451 4091 ra·

1889 4127 2059 4189 tione
2087 4146 2334 4207 possum
2363 4126 2647 4189 dubitare
2694 4128 2770 4187 de
2809 4128 2926 4188 hoc
2967 4126 3285 4201 Pontifice,
3333 4144 3449 4205 po·

1881 4228 2017 4282 tero
2060 4226 2125 4281 et
2166 4221 2243 4281 de
2293 4228 2697 4293 antecessore,
2754 4227 2939 4299 atque
2988 4219 3143 4281 adeo
3198 4219 3276 4281 de
3317 4225 3451 4281 tota

1887 4320 2057 4373 retro
2083 4313 2243 4373 >serie
2260 4328 2281 4389 3
2312 4330 2461 4392 ergo
2478 4312 2557 4373 de
2597 4314 2855 4373 veritate
2903 4313 3346 4393 Episcoporum
3386 4318 3450 4372 et

1887 4405 2305 4467 Cardinalium
2336 4406 2445 4484 qui
2477 4405 2555 4465 ab
2592 4405 2690 4469 his
2713 4405 2903 4468 creati
2930 4412 3113 4483 sunt3
3142 4412 3329 4485 atque
3360 4407 3451 4466 ita

1883 4506 2023 4559 ruet
2069 4505 2201 4559 tota
2250 4498 2553 4559 certitudo
2596 4516 2759 4559 verae
2794 4499 3075 4561 Ecclesiae
3114 4505 3175 4561 et
3216 4496 3450 4559 hierar-

1883 4592 2043 4653 chici
2088 4592 2371 4654 ordinis:
2404 4591 2715 4670 quomodo
2755 4597 3274 4670 argumentantur
3324 4590 3449 4655 hae-

1877 4685 2081 4759 retici,
2109 4683 2549 4745 contendentes
2576 4702 2615 4745 a
2654 4696 2933 4764 tempore
2962 4684 3180 4747 saltem
3214 4684 3449 4747 Urbani

1877 4779 2055 4857 Papae
2071 4776 2360 4837 defecisse
2378 4795 2589 4839 veram
2612 4776 3057 4839 successionem
3072 4798 3091 4853 ;
3116 4778 3262 4859 hinc
3277 4777 3449 4839 enim

1871 4871 2021 4933 satis
2050 4871 2167 4931 sibi
2195 4870 2485 4931 videntur
2524 4870 2754 4933 inferre
2778 4871 2911 4949 jam
2948 4889 3076 4931 non
3112 4888 3287 4951 posse
3316 4889 3447 4933 esse

1877 4970 2143 5039 certum,
2177 4982 2257 5023 an
2291 4982 2433 5027 vere
2462 4965 2721 5047 Summo
2742 4964 3025 5026 Pontifici
3056 4964 3443 5039 succedatur,

1877 5064 1989 5118 aut
2008 5058 2118 5119 ubi
2151 5058 2435 5137 gentium
2478 5075 2623 5119 vera
2651 5058 2921 5119 Ecclesia
2953 5056 3215 5119 visibilis
3252 5064 3441 5119 extet.

1879 5152 2054 5214 Unde
2111 5160 2409 5231 proeterea
2450 5156 2737 5230 arguitur
2782 5153 2966 5213 tertio
3016 5170 3093 5213 ex
3146 5159 3446 5231 potestate

1879 5245 2217 5307 definiendi
2238 5264 2338 5307 res
2376 5244 2552 5321 fidei,
2594 5252 2659 5307 et
2709 5244 3027 5323 obligandi
3068 5243 3149 5305 ad
3192 5244 3449 5305 creden·
3495 5308 3501 5311 ,

1877 5338 2031 5399 dum
2083 5336 2383 5415 definita3
2448 5338 2827 5419 impossihile
2880 5337 3051 5398 enim
3116 5342 3207 5397 est
3242 5338 3445 5399 teneri

1877 5449 1979 5493 me
2004 5431 2083 5494 ad
2112 5432 2494 5493 credendum
2530 5449 2605 5497 ea
2652 5448 2793 5509 quae
2847 5430 2947 5492 hic
2992 5429 3179 5491 homo
3224 5428 3445 5491 definit

1811 5610 1814 5613 ἦ
1875 5531 1946 5589 ut
1970 5525 2132 5589 dicta
2158 5542 2199 5587 a
2224 5526 2373 5601 Deo,
2410 5525 2529 5587 nisi
2565 5510 2758 5587 etiam
2804 5530 3018 5587 tenear
3058 5524 3136 5587 ad
3188 5523 3448 5587 creden·
3540 5561 3543 5564 -
