3900 6217
892 396 1061 451 sEcT.
1094 400 1131 451 1.
1168 395 1332 461 QUOD
1361 396 1457 449 SIT
1490 394 1799 447 omssc'run
1832 395 2190 449 MATssmALE
2223 397 2689 452 mlsssnicoumffi.

180 516 391 559 amore
462 498 963 576 conjunctionem
1036 518 1164 560 non
1238 517 1367 561 esse
1438 498 1742 559 rationem

180 591 457 666 amandi,
495 592 601 651 sed
632 591 1053 653 conditionem
1082 592 1216 653 sine
1246 611 1368 671 qua
1394 609 1542 651 non.
1584 591 1745 651 Con-

178 681 463 743 firmatur
510 702 548 743 a
594 684 783 743 simili
827 684 901 747 de
954 684 1253 747 charitate
1307 684 1543 759 infusa3
1598 700 1745 743 nam

178 776 333 850 haec,
381 794 503 835 una
532 794 675 837 cum
703 780 805 851 sit,
844 778 921 837 ad
950 796 1167 839 omnes
1193 784 1403 841 tamen
1431 777 1746 857 proximos

178 886 241 927 se
277 869 577 929 extendit.
602 869 907 945 Secund0‚
940 871 1220 932 naturale
1250 882 1624 951 praeceptum
1654 869 1747 928 di·

178 960 413 1039 ligendi
447 964 801 1042 proximum
846 984 1044 1025 unum
1076 971 1186 1039 est,
1223 964 1747 1045 comprehendens

176 1074 395 1116 omnes
412 1058 755 1136 proximos;
780 1075 929 1135 ergo
945 1061 1077 1137 ejus
1098 1059 1439 1119 observatio
1459 1057 1537 1119 ad
1556 1073 1747 1117 unam

174 1150 471 1211 virtutem
512 1157 764 1230 spectat.
799 1152 1075 1213 Tandem
1120 1153 1315 1213 virtus
1360 1152 1585 1213 amoris
1620 1152 1745 1211 dis-

174 1244 371 1303 tincta
401 1248 493 1303 est
528 1262 565 1305 a
596 1244 1067 1321 particularibus
1094 1244 1450 1319 virtutibus,
1482 1262 1619 1323 quae
1649 1262 1744 1305 re-

178 1334 453 1412 spiciunt
480 1335 819 1415 peculiaroe
854 1336 1283 1415 obligationes,
1322 1343 1393 1396 ut
1420 1356 1459 1399 a
1480 1336 1743 1415 justitia,

175 1429 430 1506 pietate,
474 1435 616 1506 etc.;
662 1435 723 1489 et
752 1438 845 1491 est
872 1436 1167 1510 tanquam
1202 1430 1573 1509 principium
1606 1431 1742 1489 uui·

174 1520 414 1581 vei-sale
443 1522 753 1600 imperans
780 1523 1067 1583 omnibus
1096 1522 1249 1595 illis;
1278 1540 1427 1601 ergo
1446 1523 1563 1583 erit
1594 1541 1739 1583 una.

262 1618 323 1677 5.
368 1616 579 1679 Tertia
602 1617 1011 1679 conclusio.—
1023 1617 1191 1681 Unde
1208 1616 1746 1697 probetur.-—Dico

178 1710 367 1769 tertio
396 1708 569 1769 illam
597 1711 916 1785 virtutem,
946 1728 1069 1789 qua
1115 1711 1237 1770 duo
1268 1709 1451 1771 amici
1492 1708 1653 1769 inter
1681 1726 1745 1769 se

176 1802 529 1881 specialiter
564 1809 877 1878 amantur,
912 1821 1037 1863 non
1064 1822 1191 1863 esse
1220 1801 1502 1861 habitum
1528 1801 1745 1861 distin-

174 1902 347 1955 ctum
378 1894 457 1955 ab
504 1898 639 1975 ipso
672 1896 891 1957 habitu
936 1896 1189 1957 amandi
1230 1896 1605 1974 proximum,
1638 1893 1745 1955 sed

175 1986 473 2049 eumdem
510 1993 709 2068 magis
754 1989 1152 2068 applicatum,
1200 1990 1399 2067 magis
1444 1987 1745 2048 inclinau-

172 2086 303 2141 tem
332 2082 410 2142 ad
450 2101 647 2143 unum
676 2100 861 2161 quam
888 2083 966 2142 ad
994 2082 1169 2157 alios,
1198 2099 1325 2141 non
1353 2089 1607 2157 temere,
1636 2080 1744 2141 sed

172 2175 545 2254 prudentem
574 2176 871 2238 nimirum
902 2175 1049 2253 quia
1083 2176 1147 2235 in
1185 2193 1259 2235 eo
1286 2174 1518 2235 relucet
1548 2175 1746 2253 major

172 2267 490 2345 honestas,
519 2287 595 2329 ex
618 2287 741 2347 qua
766 2286 911 2329 cum
946 2268 1059 2329 hoc
1086 2270 1394 2329 contraxit
1418 2269 1743 2347 specialem

174 2363 675 2440 conjunctionem
728 2362 795 2422 in
844 2362 1057 2423 ordine
1109 2362 1183 2423 ad
1238 2361 1505 2441 aliquem
1553 2361 1745 2423 finem

176 2454 531 2517 honestum.
564 2456 703 2517 Haec
732 2455 1043 2517 conclusio
1068 2456 1347 2534 sequitur
1372 2474 1449 2516 ex
1475 2457 1747 2535 superio-

174 2550 255 2619 ri,
304 2555 367 2609 et
392 2568 431 2611 a
472 2548 659 2610 simili
702 2555 870 2629 patet
899 2550 963 2609 in
994 2548 1291 2609 charitate
1336 2548 1562 2625 infusa,
1608 2567 1746 2628 quae

174 2641 497 2703 interdum
555 2649 755 2719 potest
808 2641 1105 2722 applicari
1163 2642 1361 2719 magis
1416 2642 1493 2701 ad
1551 2660 1748 2703 unum

174 2753 371 2812 quam
410 2734 489 2797 ad
516 2734 747 2811 alium3
774 2737 921 2813 quia
944 2753 1089 2796 vero
1118 2734 1254 2795 haec
1282 2734 1545 2795 charitas
1586 2734 1751 2793 ordi-

172 2834 327 2889 nata
366 2834 479 2903 est,
510 2828 649 2889 ideo
684 2828 870 2905 juxta
908 2828 1199 2907 speciales
1226 2828 1495 2887 rationes
1530 2827 1750 2887 hones·

176 2922 325 2981 tatis
354 2928 415 2981 et
444 2921 897 2999 conjunctionis
935 2922 1196 3000 imperat
1234 2919 1525 3000 specialia
1550 2919 1752 2981 officia

174 3016 345 3075 circa
399 3014 565 3075 hunc
616 3014 937 3075 hominem
984 3014 1257 3075 amicum
1284 3060 1299 3087 ,
1373 3032 1513 3093 quie
1588 3014 1753 3077 circa

174 3108 375 3169 alium
408 3126 539 3169 non
569 3108 859 3187 imperat.

670 3314 1117 3379 DlSPUTATlO
1160 3316 1259 3377 lv.

536 3511 613 3555 nn
652 3510 923 3555 vurnrrz
962 3510 1406 3557 marsicanum.

264 3672 349 3731 De
382 3670 807 3731 misericordia
826 3671 1103 3749 proxime
1135 3678 1267 3751 post
1294 3672 1585 3731 virtutem
1612 3670 1753 3731 cha-

180 3764 389 3823 ritatis
410 3763 799 3833 disserimus,
826 3771 959 3825 tum
982 3764 1128 3841 quia
1154 3763 1440 3825 charitati
1464 3772 1555 3825 est
1579 3762 1754 3823 valde

180 3854 393 3915 affinis
410 3902 431 3929 ,
478 3861 611 3915 tum
664 3856 853 3915 etiam
900 3856 1047 3933 quia
1087 3855 1167 3915 ab
1213 3874 1285 3916 ea
1331 3852 1755 3917 consecutione

180 3948 463 4028 quadam
487 3948 803 4027 procedit3
834 3948 1049 4009 eadem
1078 3948 1247 4009 enim
1276 3948 1561 4022 charitas,
1602 3950 1756 4007 sicut

3265 401 3386 461 659

1826 496 2247 575 gnificandum
2278 500 2642 577 imponitur,
2673 499 2978 579 significat
3005 502 3386 569 voluntatem

1826 590 2211 666 sublevandi,
2233 593 2500 653 alienam
2525 593 2860 666 miseriam,
2891 594 2968 655 de
3005 613 3129 673 qua
3169 596 3387 659 distin-

1826 685 2029 745 ctione
2072 684 2391 763 Theologi,
2439 688 2502 760 4,
2551 685 2826 746 distinct.
2878 688 2995 763 46;
3027 688 3114 749 ibi
3144 690 3383 766 Scotus,

1826 776 2191 852 Richardus,
2228 778 2556 839 Durandus
2597 785 2658 839 et
2691 778 2821 854 alii,
2859 798 3001 839 cum
3047 782 3112 841 D.
3149 784 3386 847 Thoma

1826 870 1885 931 2.
1919 871 1958 929 2
1983 914 2002 942 ,
2033 877 2248 949 quaest.
2281 872 2382 939 30,
2417 875 2526 931 eti
2564 877 2748 949 part„
2780 878 2998 950 quaest.
3031 875 3132 948 2¹,
3163 883 3278 937 art.
3309 879 3382 951 3;

1828 965 2112 1042 quocirca
2158 964 2224 1025 in
2272 963 2512 1042 objecto
2557 965 2861 1025 materiali
2913 967 3341 1029 misericordiae
3363 1016 3384 1047 ,

1830 1062 2092 1133 quatuor
2123 1062 2375 1135 possunt
2403 1058 2696 1136 spectari:
2722 1076 2984 1136 persona
3010 1060 3186 1139 cujus
3209 1062 3388 1123 mise-

1823 1147 1918 1209 ria
1942 1147 2330 1222 sublevatum
2366 1150 2612 1211 miseria
2637 1151 2736 1211 cui
2757 1151 3120 1213 subvenitur
3134 1169 3155 1231 ;
3186 1154 3384 1217 suble-

1828 1242 1991 1301 vatio
2017 1242 2170 1319 ipsa,
2201 1260 2346 1303 nam
2377 1240 2524 1303 licet
2547 1242 2681 1303 hoec
2710 1244 2790 1304 sit
2817 1245 2990 1323 quasi
3019 1252 3190 1307 actus
3219 1254 3388 1309 exte·

1825 1334 1951 1393 rior
1979 1334 2445 1409 misericordiae,
2485 1340 2694 1395 tamen
2721 1335 2786 1395 in
2815 1337 3149 1399 virtutibus
3183 1358 3388 1403 mora-

1824 1427 1985 1487 libus
2026 1430 2160 1507 ipsa
2194 1429 2356 1489 actio
2384 1428 2650 1489 exterior
2680 1428 2980 1508 objective
3005 1439 3252 1512 sumpta
3277 1434 3388 1495 ha·

1824 1518 1929 1580 bet
1955 1520 2258 1581 rationem
2282 1519 2527 1599 objecti,
2559 1528 2832 1600 respectu
2859 1523 3105 1585 virtutis
3133 1526 3388 1589 interio-

1824 1614 1911 1674 ris
1936 1624 1999 1675 et
2024 1620 2276 1675 actuum
2303 1614 2670 1676 elicitorum.
2713 1615 2961 1691 Quarto,
2993 1621 3250 1696 spectari
3281 1639 3390 1699 po·

1826 1712 1939 1767 test
1990 1707 2096 1767 illa
2137 1708 2474 1785 compassio
2516 1724 2654 1785 quae
2693 1714 2783 1769 est
2819 1709 3122 1773 sensibilis
3163 1714 3385 1791 passm,

1826 1817 1975 1860 nam
2020 1800 2354 1878 pertinebit
2399 1799 2478 1859 ad
2521 1798 2686 1861 hauc
2725 1800 3014 1865 virtutem
3057 1822 3286 1883 ponere
3323 1808 3392 1867 in

1826 1892 1931 1953 illa
1982 1893 2502 1969 mediocritatem,
2547 1900 2610 1954 et
2647 1912 2722 1955 ex
2763 1894 2878 1957 hac
2917 1905 3090 1977 parte
3133 1900 3392 1971 materia

1824 1984 2013 2062 hujus
2041 1986 2286 2047 virtutis
2311 1987 2430 2047 erit
2453 1988 2676 2066 passm,
2708 1988 2862 2049 sicut
2888 1996 2950 2051 et
2971 1990 3106 2051 aliae
3139 1992 3394 2055 virtutes

1826 2095 1964 2157 quae
1992 2085 2317 2139 versantur
2345 2079 2506 2139 circa
2535 2081 2868 2159 passioueS.

1908 2172 1967 2231 2.
2021 2171 2208 2234 Circa
2227 2172 2525 2253 primum.
2541 2204 2624 2221 --
2641 2175 2907 2237 Miseria
2927 2177 3206 2256 quid?—
3227 2178 3398 2241 Circa

1826 2265 2100 2343 primum
2125 2310 2144 2340 ,
2176 2266 2369 2345 quaeri
2399 2272 2597 2345 potest
2624 2284 2776 2346 quas
2803 2286 3092 2347 personas
3119 2271 3397 2333 sublevet

1826 2356 1964 2417 haec
1994 2359 2214 2420 virtuS.
2263 2360 2692 2437 Respondetur
2733 2362 3034 2424 inclinare
3071 2364 3148 2425 ad
3181 2384 3397 2429 omues

1826 2450 1905 2511 ad
1952 2470 2108 2531 quas
2146 2452 2406 2515 inclinat
2438 2454 2732 2532 charitas,
2777 2458 3092 2536 supposita
3135 2460 3398 2520 miserim

1828 2545 2183 2623 capacitate.
2235 2547 2438 2607 Prima
2466 2566 2607 2627 pars
2644 2555 2906 2625 constat,
2941 2551 3088 2629 quia
3116 2551 3246 2612 haec
3273 2553 3397 2613 vir-

1830 2642 1928 2697 tus
1957 2638 2052 2699 vel
2081 2648 2174 2699 est
2199 2640 2488 2716 charitas,
2527 2640 2627 2701 vel
2655 2641 2877 2703 intime
2921 2643 3119 2704 oritur
3146 2664 3222 2705 ex
3252 2644 3396 2706 cha-

1834 2732 2018 2793 ritate
2055 2757 2070 2807 ;
2107 2736 2272 2795 uude
2315 2736 2474 2797 sicut
2515 2754 2620 2815 per
2672 2737 3036 2799 charitatem
3080 2739 3396 2817 diligimus

1832 2844 2086 2887 omnem
2127 2846 2270 2889 eum
2313 2830 2420 2908 qui
2459 2837 2552 2890 est
2583 2848 2776 2910 capax
2811 2832 3130 2907 amicitiae,
3167 2833 3252 2893 ita
3285 2852 3396 2913 per

1834 2920 2320 2983 misericordiam
2366 2924 2643 2984 misereri
2683 2943 3005 3004 possumus
3036 2926 3237 2985 omnis
3265 2929 3398 3004 ejus

1832 3014 1938 3091 qui
1985 3020 2075 3074 est
2111 3034 2303 3094 capax
2345 3016 2628 3077 miseriae.
2685 3019 2798 3077 Per
2836 3019 3166 3079 secundam
3209 3020 3398 3098 parti·

1832 3102 2035 3165 culam
2067 3108 2414 3169 excluditur
2445 3109 2646 3187 primo
2677 3110 2833 3169 Deus
2845 3155 2866 3185 ,
2901 3110 3170 3171 secundo
3200 3112 3390 3187 Beati,

1832 3204 1899 3257 ut
1923 3198 2034 3273 sic,
2064 3202 2346 3277 quamvis
2368 3202 2706 3263 secundum
2727 3220 2790 3263 se
2814 3200 2936 3263 111oe
2957 3222 3228 3282 persouoe
3247 3206 3398 3265 Bea-

1831 3296 2040 3351 torum
2101 3295 2336 3371 possint
2384 3295 2690 3373 pertinere
2758 3296 2834 3357 ad
2888 3296 3392 3357 misericordiam.

1834 3384 2062 3461 Tei-tic,
2115 3386 2500 3449 irrationales
2532 3396 2852 3466 creaturae,
2899 3391 2966 3451 in
3007 3392 3232 3471 quibus
3259 3410 3397 3471 pro-

1832 3478 1968 3555 prie
1992 3496 2115 3539 uon
2141 3487 2232 3539 est
2261 3481 2534 3555 miseria,
2565 3500 2704 3560 quas
2729 3482 2886 3543 nihil
2910 3483 3078 3544 aliud
3100 3492 3189 3544 est
3210 3503 3398 3565 quam

1834 3570 2067 3631 malum
2104 3571 2348 3652 aliquod
2381 3574 2744 3652 simpliciter
2771 3576 3264 3637 involuntarium
3293 3596 3400 3637 vo-

1834 3660 2060 3724 luntati
2093 3666 2402 3727 rationali.
2447 3667 2713 3745 Objicies
2745 3671 2988 3747 primo:
3031 3671 3189 3731 Deus
3218 3670 3399 3731 mise·

1835 3762 2010 3817 retur
2058 3758 2344 3819 omnium
2389 3778 2626 3835 rerum,
2675 3765 2860 3822 etiam
2919 3762 3394 3825 irrationalium.

1834 3849 2141 3924 Secundo,
2171 3851 2456 3913 homiues
2480 3854 2790 3915 interdum
2817 3863 3304 3932 commoventur,
3339 3862 3401 3917 et

1836 3940 2090 4019 quidem
2117 3945 2456 4005 secuudum
2483 3947 2810 4024 rationem,
2831 3966 2908 4009 ex
2936 3950 3182 4009 miseria
3209 3948 3401 4009 alicu-

180 4043 471 4121 superius
518 4042 811 4118 diximus,
862 4041 1135 4103 amicitia
1180 4049 1271 4129 est
1310 4042 1421 4105 Dei
1472 4040 1656 4103 simul
1698 4046 1759 4101 et
1831 4036 1937 4112 jus
1966 4034 2156 4096 bruti.
2197 4036 2352 4099 nlud
2377 4044 2584 4099 tamen
2613 4040 2892 4101 misereri
2933 4042 3038 4101 Dei
3071 4042 3270 4103 solum
3309 4050 3402 4102 est

182 4136 459 4214 proximi
480 4152 501 4216 3
559 4136 668 4197 ubi
713 4152 860 4196 vero
906 4134 1182 4195 amicitia
1230 4141 1344 4211 est,
1398 4134 1487 4195 ihi
1540 4134 1757 4195 morali

182 4228 461 4306 quadam
502 4228 935 4291 consecutione
964 4227 1357 4289 miseriarum
1392 4228 1755 4307 compassio,

180 4339 413 4401 easque
460 4322 828 4385 sublevandi
870 4320 1243 4383 desiderium
1282 4321 1619 4399 consurgit.
1670 4320 1756 4379 Dc

182 4414 613 4478 misericordia
676 4416 745 4477 D.
789 4414 1057 4477 Thomas
1102 4415 1167 4475 Ξ.
1205 4418 1269 4491 2,
1316 4432 1378 4493 q.
1418 4416 1518 4489 30,
1564 4418 1627 4475 et
1669 4412 1753 4473 ihi

185 4508 547 4571 Thomistae.

808 4710 1031 4763 sssc'rlo
1062 4711 1101 4763 l.

270 4878 441 4954 Quod
460 4880 545 4943 sit
574 4880 861 4960 objectum
883 4882 1197 4947 materiale
1222 4882 1672 4946 misericordiae.

268 5069 331 5125 1.
378 5065 806 5129 Misericordia
848 5066 999 5146 quid
1033 5066 1549 5147 significet-In
1572 5071 1757 5129 mate-

178 5158 342 5221 riali
408 5159 627 5238 objecto
692 5157 1117 5223 222iserioordioe
1170 5162 1431 5239 quatuor
1494 5158 1756 5238 speclari

177 5257 465 5332 possunt.
504 5282 584 5296 —-
610 5250 1053 5325 Misericordia,
1086 5252 1134 5310 si
1159 5251 1619 5311 consideremus
1648 5269 1756 5311 no-

184 5344 379 5403 minis
396 5343 878 5422 impositionem,
902 5341 1209 5421 siguificat
1230 5342 1521 5403 affectum
1544 5362 1757 5422 quem-

189 5436 363 5511 dam,
402 5454 511 5497 seu
548 5436 1033 5514 compassionem
1068 5435 1289 5495 alienae
1330 5434 1635 5511 miseriae3
1666 5440 1754 5495 ta-

191 5546 365 5605 men,
412 5529 855 5589 considerando
894 5528 958 5587 id
998 5527 1075 5589 ad
1119 5528 1283 5607 quod
1321 5527 1627 5607 praecipue
1668 5528 1757 5587 si-

1838 4125 2196 4189 benefacere
2233 4128 2566 4209 omnibus;
2609 4131 2713 4193 hic
2741 4142 2950 4193 autem
2979 4139 3182 4195 motus
3215 4138 3401 4195 ratio-

1840 4220 1996 4281 nalis
2033 4230 2278 4285 naturae
2323 4240 2432 4302 per
2477 4242 2542 4285 se
2583 4242 2712 4285 non
2755 4231 2990 4304 spectat
3021 4226 3100 4287 ad
3127 4228 3399 4306 aliquam

1838 4314 2156 4389 virtutem,
2201 4315 2322 4375 nisi
2356 4316 2655 4377 referatur
2691 4317 2789 4379 vel
2819 4318 2899 4379 ad
2929 4320 3148 4393 Deum,
3197 4320 3290 4381 ve]
3321 4320 3401 4381 ad

1834 4406 2070 4469 bonum
2097 4408 2348 4489 aliquod
2379 4416 2803 4472 creaturarum
2837 4414 3258 4491 rationalium,
3303 4414 3402 4475 vel

1834 4500 1915 4561 ad
1940 4500 2193 4579 aliquod
2235 4502 2536 4563 motivum
2559 4504 2975 4567 extrinsecum
3007 4506 3274 4567 virtutiS.

1917 4595 1978 4655 3.
2018 4594 2118 4656 Aa
2141 4613 2286 4676 crya
2309 4614 2416 4658 nos
2446 4614 2518 4659 ac
2549 4601 2788 4659 nomos
2812 4598 2897 4661 sit
2919 4598 3386 4663 misericordia?

1836 4724 1914 4734 —
1940 4689 2024 4751 D.
2061 4687 2323 4751 Thomas
2351 4694 2647 4770 neaat.—
2666 4692 3045 4771 Explicatur
3077 4700 3296 4757 tamen.
3317 4727 3397 4739 ——

1835 4781 2079 4861 Excipit
2111 4786 2416 4861 praeterea
2455 4782 2636 4842 divus
2679 4782 2965 4861 Thomas,
3006 4786 3275 4847 secunda
3311 4807 3402 4849 se-

1836 4876 2076 4949 cundae,
2119 4876 2458 4953 quaestione
2497 4875 2834 4953 trigesima,
2879 4876 3138 4939 articulo
3173 4884 3398 4959 primo,

1836 4970 1913 5030 ad
1944 4970 2308 5041 secundum,
2335 4970 2672 5048 ipsummet
2697 4972 2802 5049 qui
2831 4972 3248 5035 misericordia
3273 4993 3403 5036 mo-

1842 5068 2060 5136 vetur3
2093 5080 2220 5123 uon
2249 5061 2418 5122 enim
2443 5062 2577 5123 vult
2600 5064 2914 5142 propriam
2937 5066 3250 5127 miseriam
3275 5086 3404 5129 esse

1839 5154 2166 5215 materiam
2205 5154 2676 5231 misericordiae,
2712 5155 2818 5217 sed
2845 5156 3137 5217 alienam.
3175 5158 3406 5220 Rursus

1840 5246 2067 5326 excipit
2096 5254 2380 5326 parentes
2408 5253 2471 5307 et
2497 5255 2810 5327 cognatos,
2848 5268 2994 5309 nam
3028 5250 3093 5310 hi
3127 5260 3272 5312 sunt
3301 5272 3406 5313 ve·

1838 5340 1955 5401 luti
1981 5356 2180 5399 unum
2209 5356 2352 5399 cum
2383 5356 2456 5399 eo
2485 5339 2591 5416 qui
2625 5342 2974 5402 miseretur.
3009 5342 3123 5403 Sed
3157 5343 3286 5404 hoec
3311 5345 3405 5404 iu-

1839 5431 2174 5509 telligenda
2204 5435 2354 5491 sunt
2379 5430 2456 5491 de
2486 5431 2928 5508 misericordia,
2967 5442 3036 5495 ut
3063 5438 3406 5497 attenditur

1838 5526 1905 5585 in
1944 5524 2054 5585 illa
2084 5524 2368 5603 quaedam
2406 5524 2700 5602 perfectio
2729 5528 2966 5587 ratione
2999 5528 3174 5606 cujus
3203 5529 3408 5591 aliena
