3900 6217
670 374 843 429 SECT.
877 376 917 429 1.
952 376 1037 429 AN
1069 375 1229 429 m-:us
1260 376 1385 429 VEL
1414 374 1559 429 EJus
1590 371 1998 437 Auc‘romrAS,
2031 372 2410 451 Asuvium
2439 374 2648 439 nmo,
2683 374 2820 429 mc,
2847 430 2852 437 ,

130 478 379 554 oportet
404 475 629 539 sistere
680 476 745 537 in
794 476 1033 539 lumine
1079 478 1361 552 rationis,
1400 485 1707 559 tanquam

126 569 191 629 in
216 568 443 647 reg-ula
464 570 929 633 credendorum
948 589 965 645 ;
994 575 1056 635 et
1072 573 1192 632 hoc
1219 577 1318 633 est
1336 590 1473 635 esse
1500 572 1707 652 objec-

128 668 259 722 tum
304 662 621 737 forma1e;
668 670 862 743 atque
894 667 1031 727 haec
1068 672 1163 729 est
1188 666 1502 747 praecipua
1542 666 1704 727 ratio

128 757 317 835 hujus
346 758 605 821 eri-orie.
643 758 1193 831 lit-confirmatur,
1248 759 1393 839 quia
1426 759 1544 821 nisi
1588 778 1706 839 per

124 850 438 911 rationem
460 852 853 914 credendum
876 852 975 925 sit,
1000 857 1297 931 poterunt
1318 852 1508 914 etiam
1531 854 1705 915 credi

130 960 269 1023 quae
298 951 451 1006 sunt
494 950 718 1007 contra
768 948 1075 1009 rationem
1094 990 1111 1021 ,
1172 952 1233 1007 et
1272 945 1361 1008 ita
1409 950 1705 1025 poterunt

134 1041 413 1103 excusari
460 1040 771 1117 infideles,
808 1041 1049 1102 etiamsi
1080 1040 1527 1103 absurdissima
1566 1059 1703 1103 cre-

127 1136 297 1207 dant.
322 1142 387 1197 et
410 1134 649 1197 rationi
672 1135 1005 1208 contraria,
1037 1134 1316 1197 dicentes
1340 1152 1408 1196 se
1436 1134 1697 1197 credere

122 1232 269 1302 Deo,
306 1234 683 1309 contempta
712 1230 955 1291 ratione
992 1248 1137 1303 sua;
1181 1230 1303 1291 hoc
1330 1234 1543 1292 autem
1584 1229 1698 1289 ab·

120 1322 575 1385 surdissimum
602 1330 721 1397 est,
750 1330 823 1386 ut
844 1327 1106 1386 constat.
1137 1325 1417 1405 Denique
1446 1323 1696 1385 videba-

116 1426 215 1479 tur
244 1418 347 1479 his
370 1417 693 1481 haereticis
708 1418 1117 1497 impossibile,
1144 1419 1403 1481 credere
1432 1418 1567 1479 sine
1592 1437 1696 1479 ra-

118 1514 283 1573 tione
314 1510 707 1573 ostendente
732 1511 1084 1585 veritatem
1109 1514 1257 1592 quia
1282 1513 1566 1583 credere,
1598 1516 1695 1573 est
1726 1564 1733 1571 .

128 1606 409 1667 assentiri
432 1624 453 1677 ;
484 1624 621 1667 non
646 1611 851 1685 potest
876 1612 1086 1669 autem
1106 1607 1455 1669 intellectus
1484 1626 1699 1669 assen-

130 1701 245 1771 tiri,
276 1700 399 1759 nisi
444 1704 793 1779 eognoscat
814 1719 891 1761 ac
916 1700 1216 1779 percipiat
1240 1701 1697 1765 connexionem

126 1793 443 1871 praedicati
486 1812 635 1855 cum
676 1795 955 1874 subjecto
986 1795 1163 1873 (alias
1190 1802 1403 1875 posset
1438 1796 1695 1859 credere

124 1894 287 1947 astra
327 1905 479 1949 esse
508 1888 691 1967 paria
732 1906 847 1949 suo
875 1888 1241 1969 arbitratu);
1285 1889 1439 1950 illud
1483 1894 1695 1951 autem

116 1983 247 2043 sine
292 1981 551 2043 ratione
576 2000 705 2043 non
734 1980 825 2043 fit.

189 2082 255 2139 2.
313 2075 551 2141 Contra
582 2079 743 2141 hune
766 2094 1029 2139 errorem
1052 2081 1299 2141 notatur
1317 2079 1696 2161 quampleee

112 2174 328 2234 modus
384 2171 750 2234 necessaria»
810 2170 1228 2252 intelliqentioe
1268 2172 1361 2233 rei
1412 2177 1481 2234 ut
1536 2172 1699 2235 credi

108 2266 330 2348 possit.
374 2297 463 2310 —
508 2265 773 2327 Primus
840 2266 1071 2328 modas.
1125 2296 1207 2311 -—
1240 2263 1579 2328 Secundus.
1620 2298 1699 2317 —

116 2360 395 2425 Tertius.
438 2392 523 2405 —
576 2358 869 2433 Quartus.
919 2390 1001 2405 -—
1047 2359 1142 2422 Ad
1199 2358 1697 2439 impugnandum

114 2456 287 2517 hune
344 2470 641 2515 errorem
673 2498 690 2525 ,
750 2460 815 2515 et
882 2453 1271 2515 fundandam
1320 2454 1641 2516 veritatem
1676 2500 1693 2527 ‚

119 2555 365 2629 oportet
414 2548 747 2609 advertere
782 2552 1052 2627 quatuor
1078 2547 1282 2608 modis
1311 2566 1495 2627 posse
1519 2547 1698 2609 intel-

116 2643 219 2723 ligi
278 2642 607 2703 rationem
654 2647 717 2701 et
782 2640 1256 2720 intelligentiam
1301 2642 1391 2703 rei
1444 2642 1695 2703 creditae

120 2754 253 2797 csse
282 2734 721 2797 necessariam
750 2734 832 2795 ad
854 2734 1261 2797 credendum.
1293 2736 1521 2810 Primo,
1546 2736 1694 2815 quia

122 2834 371 2907 oportet
416 2829 593 2908 prius
640 2828 965 2907 percipere
1007 2828 1070 2889 id
1118 2829 1284 2907 quod
1330 2830 1695 2909 proponitur

130 2923 215 2983 ad
238 2923 645 2995 credendum,
675 2928 739 2983 et
761 2921 1131 3001 intelligere,
1151 2923 1373 2985 saltem
1388 2929 1697 3003 conceptu

143 3016 607 3095 apprehensim,
654 3016 805 3094 quid
826 3015 907 3077 sit
948 3016 1013 3077 id
1046 3016 1215 3095 quod
1246 3018 1547 3079 asseritur
1582 3036 1692 3079 seu

140 3109 529 3187 proponitur;
563 3115 627 3171 et
670 3109 737 3169 in
766 3110 885 3171 hoc
915 3126 1103 3171 sensu
1132 3110 1371 3171 clarum
1402 3117 1496 3173 est
1518 3111 1694 3173 intel-

128 3202 449 3277 ligentiam
482 3208 549 3263 et
595 3203 908 3265 rationem
936 3204 1361 3265 necessariam
1400 3204 1481 3265 ad
1528 3206 1693 3267 hanc

121 3296 723 3375 apprehensionem,
758 3314 895 3358 esse
932 3297 1121 3359 etiam
1160 3293 1583 3359 necessariam
1610 3297 1695 3359 ad

114 3390 335 3460 fidem;
396 3390 719 3469 quomodo
774 3389 930 3451 dixit
976 3391 1361 3471 Augustinus
1398 3392 1691 3469 (Psalmo

122 3486 251 3559 118,
284 3483 461 3545 circa
504 3484 615 3544 illa
650 3484 843 3545 verba
870 3501 883 3543 ε
916 3484 1018 3547 Da
1050 3484 1207 3547 mihi
1234 3486 1643 3565 intellectum)
1670 3505 1685 3547 ;

120 3580 235 3639 Nisi
268 3577 521 3657 aliquid
551 3578 955 3658 intelligatur,
976 3596 1163 3639 nemo
1195 3584 1400 3657 potest
1425 3580 1689 3641 credere

118 3676 175 3734 in
199 3676 445 3746 Deum;
476 3674 615 3735 haec
650 3678 867 3734 autem
889 3672 1297 3754 intelligentia
1328 3692 1459 3737 non
1484 3679 1691 3754 potest

116 3770 435 3845 pertinere
482 3766 568 3826 ad
618 3766 933 3843 obJectum
980 3766 1242 3828 formale
1296 3768 1481 3841 fidei;
1540 3770 1689 3847 quia

112 3861 543 3939 apprehensio
572 3878 703 3921 non
732 3866 831 3921 est
854 3860 1013 3921 ratio
1043 3861 1445 3935 assentiendi,
1477 3868 1547 3923 ut
1573 3880 1689 3942 per

112 3974 179 4015 sc
204 3960 484 4027 constat,
520 3953 634 4013 sed
658 3958 753 4015 est
796 3970 921 4013 una
964 3970 1041 4015 ex
1074 3954 1532 4017 conditionibus
1580 3974 1688 4017 ne-

112 4046 429 4109 cessariis.
482 4044 797 4126 Secund0‚
831 4050 1034 4126 potest
1085 4064 1457 4107 concurrere
1505 4048 1685 4125 ratio,

118 4149 181 4201 ut
230 4140 585 4201 ostendens
636 4158 775 4201 esse
841 4140 1183 4219 prudenter
1234 4140 1529 4202 credibile
1571 4141 1636 4204 id
1670 4188 1685 4217 ,

122 4235 282 4313 quod
310 4234 715 4313 proponitur,
764 4240 827 4295 et
856 4232 939 4295 ad
967 4234 1087 4293 hoc
1134 4232 1517 4295 sufficienter
1544 4253 1693 4315 pro-

124 4329 305 4407 poui;
346 4334 413 4389 et
448 4328 543 4389 sic
598 4329 787 4390 etiam
818 4345 1159 4389 concursus
1189 4326 1447 4387 rationis
1474 4346 1687 4389 neces-

120 4422 319 4482 sarius
378 4426 501 4493 est,
527 4427 591 4483 et
640 4422 817 4482 illum
862 4420 1201 4499 persuadet
1242 4422 1553 4481 sententia
1583 4420 1689 4483 illa

118 4516 431 4597 Sapientis
486 4533 503 4575 ε
568 4514 689 4589 Qui
725 4517 845 4579 cito
896 4515 1111 4587 eredit,
1162 4512 1313 4577 levis
1352 4519 1443 4575 est
1490 4516 1685 4591 coo-de,

118 4614 265 4691 quia
290 4608 629 4688 prudentis
654 4614 752 4669 est
772 4607 1171 4671 considerare
1198 4606 1371 4685 prius
1385 4606 1537 4685 quid
1560 4626 1689 4668 cre-

124 4708 245 4765 dat.
284 4706 735 4763 Verumtamen
780 4703 899 4763 hoc
945 4701 1132 4763 etiam
1170 4718 1298 4762 non
1342 4707 1579 4778 spectat
1606 4701 1689 4763 ad

126 4800 439 4875 objectum
465 4795 731 4855 formale
770 4794 939 4867 fidei,
969 4793 1084 4855 sed
1110 4799 1204 4855 est
1228 4793 1499 4855 conditio
1528 4813 1689 4873 prae-

128 4892 242 4963 via,
272 4889 355 4951 de
402 4906 531 4967 qua
579 4894 722 4966 post
770 4887 1259 4966 disputationem
1311 4894 1689 4967 praesentem

128 4984 242 5045 late
272 4984 504 5045 dicturi
534 5000 775 5042 sumus.
808 4982 1042 5057 Ter-tic,
1072 4986 1441 5059 potestesse
1468 4999 1691 5043 neces-

130 5079 283 5138 saria
312 5076 503 5151 ratio,
555 5080 628 5135 ut
681 5074 971 5136 ostendat
1010 5092 1317 5135 nonesso
1345 5074 1691 5153 impossibi-

130 5172 223 5243 lia,
256 5188 379 5233 nec
406 5176 600 5233 rectae
630 5169 858 5231 rationi
902 5169 1235 5241 contraria,
1266 5186 1343 5231 ea
1374 5186 1514 5249 quae
1560 5187 1691 5231 cre-

126 5266 330 5327 denda
389 5267 855 5345 proponuntur,
916 5262 1045 5323 sive
1096 5262 1215 5323 hoc
1266 5260 1377 5322 fiat
1427 5262 1687 5340 positive

126 5358 447 5438 probando
488 5358 635 5419 illas
684 5376 789 5418 res
820 5373 960 5417 esse
990 5355 1339 5434 possibiles,
1396 5356 1527 5417 sive
1555 5359 1690 5416 tan-

131 5460 249 5519 tum
272 5453 591 5533 negative,
620 5448 1016 5512 ostendendo
1036 5467 1165 5509 non
1184 5448 1437 5527 probari
1461 5448 1691 5528 impos-

132 5548 353 5623 sibiles,
414 5546 589 5627 quod
638 5544 779 5607 fieri
815 5543 981 5605 solet
1022 5541 1319 5605 solvendo
1373 5541 1685 5618 rationes,

3271 372 3350 437 39

1784 474 1993 556 potius
2022 493 2214 557 quam
2253 477 2608 557 oppositum
2638 479 3088 543 convincendo.
3122 482 3198 543 Et
3228 482 3347 545 hoc

1784 587 2018 633 munus
2059 570 2319 631 rationis
2389 570 2554 633 circa
2609 591 2711 635 res
2765 572 2959 648 fidei,
3013 576 3198 637 etiam
3252 582 3348 637 est

1786 682 2006 726 verum
2039 670 2104 727 et
2137 665 2587 742 necessarium,
2633 666 2856 728 saltem
2883 667 2948 727 in
2986 669 3346 731 hominibus

1786 758 2020 832 doctis;
2053 759 2200 839 quia
2229 777 2366 837 quae
2395 760 2708 823 credenda
2737 766 2882 823 sunt
2925 780 3053 823 non
3082 771 3347 843 possunt

1787 870 1925 913 esse
1969 855 2184 915 contra
2213 853 2544 927 rationem,
2576 853 2721 916 licet
2760 874 2944 935 supra
2977 855 3146 917 illam
3195 858 3338 917 sint.

1783 947 2020 1007 Tamen
2046 944 2166 1007 hoc
2197 947 2384 1007 etiam
2422 965 2552 1008 non
2579 948 2850 1027 pertinet
2899 947 2977 1009 ad
3029 950 3344 1030 objectum

1781 1038 2066 1115 formale,
2095 1041 2209 1102 sed
2255 1041 2339 1103 ad
2382 1038 2769 1103 conditiones
2797 1041 3056 1121 praevias
3081 1044 3162 1104 ad
3210 1064 3344 1108 cre-

1777 1132 2096 1209 dendum;
2156 1134 2282 1196 imo
2331 1135 2684 1196 continetur
2729 1134 2848 1195 sub
2898 1138 3292 1215 praecedente
3315 1186 3330 1209 ‚

1776 1244 1907 1287 non
1937 1227 2108 1287 enim
2131 1233 2338 1307 potest
2365 1229 2680 1309 objectum
2712 1229 3054 1308 prudenter
3075 1231 3344 1309 judicari

1776 1319 2094 1395 credibile,
2122 1320 2241 1383 nisi
2279 1321 2595 1401 ,iudicetur
2633 1340 2764 1385 non
2805 1324 3209 1403 impossibile,
3242 1326 3342 1387 vel

1778 1414 1998 1475 saltem
2047 1433 2176 1475 non
2204 1415 2454 1494 probari
2501 1416 2908 1496 impossibile,
2953 1436 3027 1478 ac
3077 1418 3340 1479 subinde

1776 1526 1896 1571 nec
1925 1526 2063 1569 esse
2087 1515 2302 1571 contra
2329 1509 2658 1571 rationem.
2691 1510 2921 1581 Quarto
2949 1512 3139 1591 igitur
3154 1512 3340 1573 modo

1776 1606 1983 1682 potest
2025 1604 2325 1683 postulari
2381 1605 2539 1667 ratio
2592 1603 2677 1665 ad
2733 1605 3142 1681 credendum,
3201 1614 3343 1669 tan-

1778 1715 1970 1776 quam
2016 1699 2352 1761 ostendens
2403 1700 2732 1761 veritatem
2785 1702 3168 1763 credendam
3203 1747 3218 1775 ‚
3279 1710 3340 1765 et

1777 1796 2080 1871 tanquam
2109 1793 2424 1871 proprium
2481 1793 2960 1855 fundamentum
2992 1815 3064 1856 ac
3104 1814 3220 1876 per
3275 1815 3341 1857 se

1775 1885 1974 1965 ipsius
2003 1905 2334 1961 assensus3
2388 1894 2450 1949 et
2495 1889 2559 1947 in
2613 1889 2734 1949 hoc
2759 1908 2950 1951 sensu
2978 1889 3164 1952 locuti
3197 1898 3343 1953 sunt

1776 1980 1923 2057 dicti
1952 1981 2252 2058 haeretici,
2299 1988 2369 2043 ut
2413 1982 2580 2043 citati
2619 1983 2833 2045 Patres
2872 1984 3224 2065 significant
3279 1994 3342 2049 et

1774 2076 2172 2158 impugnant.
3289 2144 3300 2154 ,

1850 2174 1916 2235 3.
1963 2171 2187 2239 Prima
2228 2174 2508 2247 assertio,
2553 2176 2790 2256 partim
2820 2176 2888 2239 de
2917 2178 3056 2257 fide,
3109 2178 3341 2258 partim

1778 2266 2556 2349 flammaue—Probatur
2573 2270 2774 2349 primo
2799 2288 2870 2333 em
2901 2270 3343 2353 Scriptura.—

1776 2360 1927 2422 Dico
1991 2380 2140 2441 ergo
2196 2362 2438 2441 primo:
2496 2363 2772 2425 humana
2835 2365 2996 2425 ratio
3059 2384 3182 2427 non
3251 2371 3344 2426 est

1777 2454 2261 2517 fundamentum
2312 2457 2375 2516 in
2431 2475 2556 2536 quo
2626 2476 2740 2536 per
2803 2476 2868 2519 se
2909 2457 3126 2519 nititur
3184 2458 3342 2521 fides

1779 2548 2146 2622 Christiana,
2197 2555 2261 2611 et
2300 2550 2386 2610 ita
2442 2568 2570 2611 non
2607 2556 2977 2629 potestesse
3029 2553 3341 2630 objectum

1776 2640 2040 2703 formale
2071 2642 2240 2703 fidei.
2283 2645 2428 2705 Haec
2452 2644 2712 2704 assertio
2742 2652 2835 2707 est
2861 2645 2940 2705 de
2981 2646 3105 2706 fide
3135 2647 3339 2725 quoad

1778 2737 2054 2814 priorem
2111 2743 2390 2818 partem3
2457 2739 2667 2815 quoad
2713 2741 3122 2819 posteriorem
3190 2760 3340 2801 vcro

1778 2835 1871 2890 est
1899 2830 2273 2910 'theologica
2317 2838 2378 2893 et
2423 2838 2612 2893 certa.
2663 2834 2968 2897 Probatur
3013 2835 3214 2913 primo
3263 2854 3340 2895 ex

1776 2924 1994 2997 Paulo,
2026 2927 2053 2985 1
2090 2924 2172 2984 ad
2199 2926 2336 2985 Cor.
2373 2927 2432 2997 2,
2467 2925 2711 2987 dicente
2739 2946 2752 2986 ε
2785 2925 3156 2992 Proedicatio
3201 2946 3341 2991 nos-

1776 3024 1877 3081 tra
1905 3035 2025 3079 non
2047 3018 2232 3081 estin
2255 3020 2758 3098 persuasibilibus
2795 3023 3075 3083 hanianoe
3100 3023 3340 3101 sapien-

1776 3109 1875 3173 tioe
1892 3110 2107 3184 verbis,
2129 3112 2238 3173 sed
2249 3113 2315 3173 in
2341 3114 2674 3175 ostensione
2699 3114 2960 3193 spiritus
2979 3121 3034 3177 et
3060 3116 3334 3187 virtutis,

1772 3210 1844 3269 at
1872 3206 2024 3285 fides
2067 3210 2268 3268 vestra
2297 3222 2414 3266 noa
2447 3205 2534 3267 sit
2571 3207 2640 3267 in
2673 3207 2972 3289 sapientia
3005 3209 3336 3282 hominvm,

1774 3300 1881 3363 sed
1904 3298 1974 3361 in
1998 3298 2224 3363 virtute
2243 3299 2361 3361 Dei
2378 3324 2405 3371 ,·
2432 3316 2548 3378 per
2572 3318 2712 3379 quae
2743 3301 2957 3377 verba,
2998 3306 3059 3363 et
3092 3320 3206 3381 per
3237 3310 3336 3363 to-

1774 3399 1907 3453 tum
1922 3392 2077 3453 illud
2091 3397 2301 3471 eaput,
2331 3394 2482 3455 satis
2512 3412 2804 3472 expresse
2829 3395 3158 3476 impugnat
3184 3397 3337 3456 Pau-

1772 3486 1870 3549 lus
1914 3486 2150 3549 dictum
2201 3505 2501 3549 errorem.
2542 3489 2617 3549 Et
2667 3488 2809 3551 ideo
2856 3490 3123 3563 dicebat,
3162 3492 3201 3550 2
3247 3490 3329 3550 ad

1772 3583 1911 3643 Cor.
1937 3584 2038 3657 10,
2057 3587 2346 3660 oportere
2371 3582 2679 3663 captiva-re
2699 3580 3070 3647 intellectum
3091 3586 3160 3647 in
3183 3586 3337 3649 obse-

1772 3677 1980 3757 quium
2020 3675 2304 3748 Cim-isti,-
2349 3694 2491 3755 quae
2549 3681 2762 3739 autem
2811 3685 2977 3740 esset
3010 3680 3334 3759 captivitas

1768 3768 2142 3842 intellectuS,
2175 3769 2226 3829 si
2267 3768 2369 3829 illa
2424 3775 2668 3831 tantum
2699 3771 2998 3847 crederet,
3035 3790 3172 3851 quae
3217 3790 3334 3851 per

1768 3864 2077 3925 rationem
2113 3882 2262 3927 vera
2315 3882 2456 3926 esse
2509 3870 2960 3945 cognosceret?
2995 3868 3330 3943 Praeterea,

1768 3957 1941 4018 Matt.
1981 3959 2082 4031 21,
2128 3958 2404 4019 Christus
2439 3958 2591 4019 dixit
2637 3960 2856 4021 Petro:
2915 3959 3065 4025 Caro
3093 3966 3151 4025 et
3189 3979 3335 4023 san-

1768 4050 1910 4130 yuis
1935 4067 2056 4111 non
2092 4050 2382 4113 revelavit
2431 4052 2563 4124 tibi,
2613 4070 2727 4129 per
2773 4071 3024 4113 carnem
3079 4060 3142 4115 ct
3191 4072 3336 4113 san-

1770 4144 2028 4223 guinem
2072 4144 2426 4223 intelligens
2468 4150 2754 4206 naturam
2787 4151 2852 4207 et
2886 4147 3051 4208 vires
3076 4148 3236 4226 ejuS,
3271 4155 3332 4209 et

1771 4236 1912 4297 ideo
1959 4236 2233 4298 addidit:
2292 4238 2422 4301 Sed
2458 4240 2652 4303 Pateo-
2689 4258 2877 4315 meas,
2923 4241 3120 4321 quiin
3165 4242 3330 4303 coelis

1768 4336 1898 4402 est,·
1954 4336 2016 4391 et
2055 4331 2143 4391 sic
2191 4332 2386 4392 etiam
2406 4331 2580 4407 dixit,
2627 4333 2844 4395 Matth.
2887 4335 2998 4393 10:
3033 4332 3332 4410 Confiteor

1770 4421 1899 4497 tibi,
1926 4423 2144 4495 Pater,
2171 4425 2318 4504 quia
2347 4424 2712 4488 abscondisti
2729 4428 2854 4489 Itoee
2873 4445 2912 4491 a
2935 4426 3329 4507 sapientibus,

1768 4520 1827 4578 et
1846 4517 2134 4579 revelasti
2147 4534 2218 4579 ea
2235 4518 2562 4596 parvulis‚-
2597 4519 2853 4581 etJoan.
2884 4522 2960 4581 3:
2995 4518 3076 4583 Si
3099 4525 3337 4585 terrena

1767 4608 1901 4671 dicei
1939 4610 2126 4685 robis,
2166 4614 2224 4672 et
2269 4627 2389 4671 non
2419 4611 2684 4682 creditis,
2729 4616 3008 4693 quomodo
3045 4614 3102 4675 si
3129 4616 3334 4679 diaeo-o

1771 4701 2054 4775 caelestia,
2075 4704 2367 4767 credetis?
2390 4704 2568 4765 Unde
2592 4704 2775 4766 Joan.
2807 4708 2833 4766 1
2880 4706 3136 4769 dicitur:
3185 4711 3337 4773 Uni-

1766 4797 2031 4878 genitus,
2061 4797 2166 4877 qui
2183 4802 2272 4859 est
2300 4796 2368 4857 iu
2398 4796 2538 4861 sina
2562 4798 2806 4871 Patris,
2831 4800 2959 4879 ipse
2993 4802 3328 4867 enarravit.

1848 4892 1909 4951 4.
1957 4888 2232 4953 Secundo
2263 4892 2563 4970 probatur
2605 4910 2680 4955 ece
2736 4892 3054 4957 Patribus.
3101 4930 3182 4941 -
3224 4897 3334 4957 Se-

1770 4984 1976 5045 cundo
2022 4984 2447 5062 principaliter
2517 4986 2816 5063 probatur
2875 5004 2952 5047 ex
3006 4988 3291 5051 Patribus
3316 5034 3330 5062 ,

1771 5076 1875 5157 qui
1932 5077 2164 5156 ubique
2206 5077 2433 5139 docent
2484 5078 2548 5139 iu
2577 5078 2704 5139 fide
2756 5098 2884 5141 non
2915 5080 3172 5158 requiri,
3202 5081 3330 5143 imo

1769 5190 1889 5233 nec
1928 5172 2305 5233 intervenire
2342 5171 2689 5244 scientiam,
2749 5173 2860 5235 sed
2897 5175 3102 5252 potius
3153 5174 3332 5254 igno-

1769 5264 2062 5336 rantiam,
2117 5282 2244 5325 non
2308 5264 2454 5344 quia
2505 5264 2664 5325 fides
2726 5284 2854 5327 non
2903 5266 3175 5345 praebeat
3224 5268 3337 5327 ali-

1772 5376 1966 5437 quam
1990 5359 2079 5420 rei
2110 5358 2553 5439 cognitionem,
2587 5359 2701 5421 sed
2727 5360 2872 5438 quia
2899 5379 3024 5422 non
3063 5361 3334 5423 ostendit

1770 5470 1872 5513 res
1900 5452 2188 5523 creditae,
2221 5451 2432 5531 quoad
2463 5470 2680 5513 earum
2705 5453 3051 5528 veritatem,
3079 5472 3195 5533 per
3231 5475 3334 5515 ra·-

1770 5546 2028 5607 tionem.
2081 5546 2182 5608 Sic
2239 5546 2393 5609 dixit
2441 5545 2822 5626 Augustinus
2853 5591 2868 5620 ,
2919 5565 3104 5615 serm.
3159 5552 3187 5609 1
3251 5548 3329 5612 de
