3900 6217
573 472 644 533 in
673 475 978 551 quantum
1009 468 1090 531 de
1121 468 1230 530 illo
1269 467 1536 529 habetur
1563 467 1934 529 existimatio
1978 463 2151 545 quod

577 564 657 627 sit
732 562 938 624 fidelis
977 568 1044 624 et
1071 580 1262 625 verax
1329 562 1393 621 in
1462 560 1672 623 verbis
1753 561 1922 633 suis;
1996 576 2151 638 ergo

578 656 808 718 veritas
854 655 1142 728 dicentis,
1212 658 1286 716 ut
1351 656 1463 727 sic,
1513 659 1612 717 est
1663 653 1826 716 ratio
1893 650 2154 715 creden·

577 749 644 811 di
679 749 746 809 in
793 748 965 811 omni
990 746 1151 821 fide3
1205 746 1438 809 veritas
1481 752 1696 809 autem
1745 745 2034 819 dicentis,
2083 748 2155 805 ut

579 840 798 905 dicens
819 846 938 915 est,
975 846 1069 903 est
1089 840 1198 903 illa
1221 840 1453 902 veritas
1475 858 1616 921 que
1637 839 1895 903 inclinat
1909 838 1993 901 ad
2022 856 2154 901 ser·

577 936 848 999 vandum
891 936 1219 998 veritatem
1249 935 1316 997 in
1356 936 1588 1010 verbis,
1635 952 1828 1015 quam
1874 934 2157 1016 appella-

582 1046 730 1091 mus
755 1028 1084 1091 veritatem
1115 1029 1182 1091 iu
1225 1028 1530 1103 dicendo;
1567 1046 1720 1109 ergo
1753 1030 1936 1101 Deua,
1968 1032 2041 1089 ut
2062 1028 2157 1089 est

580 1122 785 1202 prima
833 1121 1064 1184 veritas
1113 1123 1176 1182 in
1225 1122 1346 1183 hoc
1393 1138 1651 1201 genere,
1701 1128 1798 1183 est
1835 1121 2153 1201 objectum

577 1212 840 1275 formale
885 1213 1354 1295 perfectissima
1387 1215 1558 1291 fidei,
1601 1216 1808 1294 qualis
1857 1220 1959 1277 est
1992 1214 2153 1277 fides

579 1306 786 1369 infusa
831 1324 946 1371 seu
971 1307 1368 1386 Theologica.
1417 1309 1495 1369 Et
1529 1306 1971 1371 confirmatur:
2004 1324 2155 1369 nam

583 1400 635 1461 si
653 1398 1055 1465 conferamus
1069 1402 1184 1464 lias
1203 1401 1362 1463 duas
1375 1401 1668 1465 veritates
1693 1402 1760 1463 in
1775 1418 2157 1481 eognoscen-

580 1492 662 1555 do
689 1496 754 1554 et
779 1493 846 1553 in
869 1492 1158 1567 dicendo,
1199 1494 1336 1555 haic
1375 1494 1687 1574 posterior
1711 1494 1912 1557 multo
1951 1494 2156 1574 magis

581 1584 936 1646 necessaria
967 1590 1084 1660 est,
1119 1589 1184 1652 et
1227 1587 1698 1667 quodammode
1739 1587 1878 1649 sola
1929 1586 2157 1651 sufficit

581 1683 652 1739 ut
677 1676 908 1739 dicenti
933 1677 1092 1741 fides
1120 1678 1512 1741 adhibeatur.
1543 1679 1954 1753 Quantumvis
1980 1679 2149 1743 enim

581 1770 806 1851 aliquis
831 1770 908 1833 sit
941 1770 1193 1851 sapiens
1221 1779 1284 1834 et
1334 1773 1660 1835 veritatem
1705 1777 2068 1853 cognoscat,
2096 1772 2149 1833 si

581 1880 712 1926 non
737 1863 819 1924 sit
845 1863 1160 1927 studiosus
1187 1869 1250 1927 et
1279 1870 1488 1927 rectus
1513 1866 1580 1927 in
1601 1866 1815 1929 ver-his
1845 1867 1999 1943 suis,
2022 1884 2151 1927 non

580 1963 786 2039 potest
817 1957 902 2019 illi
945 1958 1227 2021 adhiberi
1271 1958 1462 2034 fldes3
1509 1962 1562 2023 si
1591 1966 1806 2026 autem
1839 1978 2031 2028 verax
2075 1961 2155 2023 sit

583 2048 648 2111 in
675 2048 1012 2129 loquendo,
1035 2050 1277 2113 etiamsi
1303 2052 1510 2115 minus
1529 2052 1752 2131 sapiat,
1777 2052 2007 2133 dignus
2024 2051 2153 2117 fido

582 2141 872 2219 hahetur,
903 2143 1052 2222 quia
1075 2144 1182 2223 qui
1213 2151 1308 2208 est
1327 2144 1530 2209 fidelis
1557 2147 1624 2207 in
1651 2146 1878 2220 verbis,
1909 2164 2041 2207 non
2065 2144 2153 2206 af-

582 2233 792 2299 firmat
821 2236 937 2297 nisi
988 2254 1130 2315 quae
1178 2237 1314 2311 scit,
1366 2244 1428 2299 et
1463 2244 1634 2301 certa
1684 2257 1801 2319 pro
1843 2240 2052 2312 certis,
2086 2242 2153 2307 et

583 2326 776 2389 dubia
803 2346 916 2407 pro
937 2328 1162 2391 dubiis.
1195 2332 1270 2391 Et
1297 2329 1438 2393 ideo
1467 2350 1546 2393 ex
1585 2333 1646 2394 vi
1689 2334 1884 2395 solius
1907 2331 2153 2398 virtuti·

585 2422 883 2495 veritatiS,
911 2430 1204 2485 censetur
1231 2424 1372 2503 quis
1403 2423 1632 2505 dignus
1659 2426 1814 2499 iide3
1847 2444 2001 2507 ergo
2022 2426 2156 2487 htec

585 2514 814 2577 veritas
841 2514 906 2577 in
935 2534 1180 2577 summo
1223 2518 1425 2597 gradu
1453 2520 1725 2583 existens
1767 2522 1832 2583 in
1868 2522 2023 2590 Deo,
2062 2524 2158 2580 est

583 2608 900 2673 sufficiens
937 2610 1096 2674 ratio
1148 2609 1428 2677 formalis
1472 2612 1700 2693 objecti
1743 2613 1914 2677 fidei.
1976 2611 2159 2685 Quod

583 2701 670 2763 ita
699 2704 904 2783 potest
943 2702 1264 2783 explicari,
1312 2704 1460 2784 quia
1507 2706 1752 2769 etiamsi
1776 2724 1891 2786 per
1921 2706 2157 2787 impos·

585 2793 764 2857 sibile
790 2795 958 2857 Deus
983 2795 1220 2875 aliquid
1245 2798 1584 2878 ignoraret,
1614 2798 2021 2863 nihilominus
2044 2816 2155 2861 ve·

581 2886 810 2949 recitas
834 2888 972 2971 ejus
1001 2895 1167 2953 esset
1195 2891 1512 2953 sufficiens
1529 2894 1688 2955 ratio
1714 2892 2014 2955 credendi
2036 2892 2149 2965 illi,

583 2980 730 3061 quia
759 2980 1064 3045 sciremus
1091 2983 1246 3046 nihil
1273 2984 1588 3049 affirmare
1611 2985 1730 3047 nisi
1758 2985 1930 3065 quod
1956 2986 2149 3057 novit,

581 3072 681 3135 vel
707 3078 894 3153 prout
919 3074 1110 3137 novit.
1140 3075 1319 3139 Unde
1343 3076 1426 3139 ini
1457 3078 1782 3159 Theologi,
1813 3078 1920 3158 qui
1941 3077 2158 3139 dicunt

577 3166 782 3231 Deum
822 3174 1154 3233 non-certo
1185 3187 1565 3250 cognoscere
1603 3170 1812 3233 futura
1853 3170 2158 3236 conditio-

581 3265 753 3332 nata,
804 3277 944 3341 quaa
993 3278 1320 3341 nunquam
1371 3262 1657 3327 absolute
1702 3263 1911 3326 futura
1966 3268 2153 3336 sunt,

583 3358 1046 3431 consequenter
1091 3352 1309 3421 dicunt
1331 3354 1438 3417 illa
1469 3374 1597 3419 non
1623 3356 1888 3421 revelari
1933 3374 1969 3417 a
1994 3358 2154 3432 Deo,

583 3446 655 3505 ut
681 3448 852 3513 certo
875 3442 1110 3517 futura,
1151 3445 1260 3513 sed
1283 3447 1464 3529 juxta
1501 3448 1970 3519 inclinationem
2006 3468 2157 3512 cau-

585 3554 798 3609 sarum
824 3581 845 3612 ‚
903 3542 973 3601 ut
1009 3536 1238 3605 veritas
1293 3540 1404 3603 Dei
1459 3541 1526 3607 in
1581 3541 1846 3607 dicendo
1901 3559 2157 3623 semper

586 3629 664 3691 sit
693 3632 862 3697 certa
893 3648 910 3703 ;
947 3648 1098 3713 ergo
1128 3630 1260 3695 haec
1293 3640 1390 3695 est
1422 3633 1736 3700 sufficiens
1765 3634 1924 3697 ratio
1947 3636 2155 3717 obiec-

586 3722 633 3786 ti
660 3720 830 3791 fidei.

666 3816 726 3877 7.
756 3814 1068 3887 ,Indicium
1093 3818 1162 3892 de
1187 3818 1465 3889 adductis
1506 3820 1902 3903 opinionibus.
1931 3828 1988 3887 ec
2014 3840 2157 3887 vera

583 3911 937 3991 metionis
978 3910 1287 3979 resolutio.
1320 3913 1593 3981 -Inter
1646 3916 1762 3979 has
1811 3914 2157 3980 sententias

585 4002 718 4067 haic
749 4003 966 4069 ultima
993 4004 1242 4067 videtur
1267 4006 1679 4087 propinquius
1715 4006 1796 4069 ad
1827 4008 2154 4073 veritatem

584 4092 920 4171 accedere,
970 4102 1033 4161 et
1083 4097 1134 4159 si
1183 4100 1609 4166 necessarium
1653 4104 1821 4169 esset
1876 4100 2153 4179 aliquam

579 4188 832 4255 illarum
877 4190 1136 4272 eligere,
1183 4211 1262 4255 ea
1311 4199 1480 4255 esset
1525 4192 1935 4274 preferenda.
1988 4196 2151 4259 Vera

578 4288 794 4347 tamen
835 4284 1130 4349 resolutio
1175 4292 1292 4360 est,
1329 4286 1444 4355 has
1487 4286 1646 4352 duas
1673 4288 1991 4364 veritates,
2034 4306 2149 4351 seu

1065 366 1304 421 msPU’r.
1339 367 1426 420 111.
1461 366 1542 419 m:
1573 365 1842 419 omnmo
1871 362 2145 419 rosum
2178 361 2365 425 nom,
2396 362 2479 415 ΕΤ
2508 362 2805 425 ΩὓΟΙΟὓΟ
2835 366 2921 419 ΑΙ)
2950 364 3153 429 uun,
3176 364 3307 419 ss're.

2228 462 2355 525 duo
2396 467 2541 525 sunt
2570 464 2927 529 necessaria
2958 482 2977 527 t
3015 482 3215 527 unum
3252 473 3345 529 est
3390 475 3457 533 ut
3484 472 3603 537 falli
3634 496 3741 543 nou

2228 556 2467 637 possit3
2518 574 2669 619 nam
2694 557 2875 630 alias,
2924 560 3322 637 quantumvis
3368 564 3443 624 sit
3480 575 3669 631 rectus
3690 580 3745 635 et

2232 649 2511 729 prudens
2538 650 2605 711 in
2641 649 2983 730 loquendo,
3012 651 3215 715 timeri
3244 659 3441 733 potest
3474 678 3551 721 ne
3594 661 3747 725 falla·

2231 748 2368 817 tur;
2392 742 2561 805 aliud
2584 747 2702 818 est,
2732 750 2802 807 ut
2820 762 2951 807 non
2978 744 3269 826 decipiat,
3292 766 3411 811 nec
3433 752 3745 821 voluntarie

2234 836 2391 899 alios
2413 836 2607 910 fallat,
2640 842 2711 899 ut
2754 839 2902 899 satis
2942 839 3275 918 probatum
3314 848 3431 917 est,
3467 850 3527 907 et
3558 864 3661 926 per
3694 868 3748 913 sc

2233 935 2427 1010 patet.
2462 929 2556 992 Ad
2588 930 2859 1009 primum
2906 936 3121 993 autem
3158 931 3412 995 istorum
3436 942 3749 1002 necessaria

2236 1028 2333 1087 est
2379 1024 2608 1085 veritas
2669 1024 2735 1085 in
2788 1025 3263 1105 cognominum
3316 1026 3395 1089 ad
3448 1034 3751 1095 secundum

2234 1121 2469 1191 autem,
2490 1118 2847 1179 necessaria
2876 1122 2971 1179 est
2996 1118 3227 1179 veritas
3246 1119 3311 1179 in
3326 1120 3580 1186 dicendo
3598 1142 3749 1206 3ergo

2234 1217 2503 1291 utraque
2540 1212 2855 1275 concurrit
2902 1211 2970 1273 in
3024 1211 3275 1292 objecto
3326 1213 3569 1277 formali
3610 1217 3751 1280 fidei.

2234 1304 2669 1367 Necessarium
2694 1310 2911 1367 antem
2962 1310 3059 1367 est
3087 1310 3159 1367 ut
3196 1310 3461 1384 utraque
3488 1308 3563 1369 sit
3587 1310 3755 1388 prima

2238 1397 2305 1459 in
2352 1414 2465 1459 suo
2502 1415 2774 1477 generem
2802 1414 2973 1471 nam,
3004 1403 3077 1459 ut
3118 1396 3282 1461 dixit
3304 1398 3377 1459 D.
3406 1400 3677 1475 Thomas,
3703 1406 3751 1464 Ξ.

2234 1492 2296 1553 2.
2333 1508 2395 1571 q.
2430 1492 2531 1563 17,
2560 1496 2678 1551 art.
2729 1492 2791 1563 5,
2818 1490 3249 1553 necessarium
3288 1496 3383 1553 est
3421 1498 3489 1553 ut
3526 1494 3584 1553 in
3632 1513 3756 1575 qua-

2236 1602 2510 1663 cumque
2534 1584 2763 1647 virtute
2782 1584 3163 1665 Theologica
3190 1580 3455 1650 formale
3480 1585 3757 1667 objectum

2236 1681 2375 1760 ejus
2392 1680 2471 1741 sit
2490 1679 2705 1758 regula
2732 1679 2799 1741 in
2822 1698 2941 1742 suo
2968 1678 3191 1741 ordine
3222 1696 3535 1758 suprema,
3562 1688 3620 1743 et
3652 1700 3758 1743 non

2228 1772 2527 1853 indigens
2542 1772 2669 1833 alia
2690 1772 2945 1853 regula3
2969 1772 3126 1837 utin
3164 1772 3489 1847 charitate,
3512 1779 3603 1835 est
3618 1793 3755 1835 sum-

2231 1885 2337 1929 ma
2359 1866 2643 1943 honitas;
2674 1865 2737 1927 in
2766 1883 2903 1945 spe,
2930 1882 3181 1929 summa
3202 1864 3495 1939 fidelitas,
3537 1866 3629 1927 vel
3664 1885 3757 1946 po-

2232 1959 2429 2023 tentia
2456 1976 2475 2021 ι
2502 1959 2591 2021 ita
2616 1976 2769 2039 ergo
2802 1958 2869 2021 in
2906 1957 3031 2022 fide
3078 1963 3179 2021 est
3204 1976 3451 2023 summa
3476 1958 3682 2021 veritas
3704 1961 3757 2019 in

2232 2058 2500 2131 utraque
2552 2052 2795 2113 ratione
2850 2053 3240 2135 coynowmdi
3282 2056 3342 2115 et
3392 2050 3679 2133 loquendi,
3708 2060 3757 2113 et

2230 2146 2353 2209 hoc
2380 2152 2635 2210 estesse
2654 2146 2921 2227 pn'mam
2952 2145 3293 2209 veritatem.
3318 2146 3445 2205 Nec
3466 2151 3755 2225 propterea

2232 2238 2723 2319 multiplicantur
2756 2239 3032 2301 rationes
3072 2237 3375 2299 formales
3426 2237 3491 2298 in
3545 2236 3756 2315 objecto

2232 2332 2403 2405 fidei,
2426 2330 2541 2395 sed
2558 2349 2596 2393 e
2626 2330 2875 2393 duobus
2898 2330 3237 2405 attributis,
3259 2336 3471 2393 nostro
3494 2329 3663 2391 modo
3690 2330 3759 2389 in-

2234 2424 2577 2506 telligendi,
2600 2424 2897 2488 coalescit
2949 2443 3077 2485 una
3120 2440 3419 2503 suprema
3465 2422 3613 2483 ratio
3656 2422 3759 2483 for-

2234 2518 2441 2590 malis,
2488 2534 2629 2597 quae
2668 2517 2923 2579 nomine
2952 2516 3233 2581 veritatis
3276 2534 3387 2577 seu
3422 2512 3760 2577 auctoritatis

2238 2610 2625 2677 testificantis
2642 2610 2979 2690 significari
3022 2616 3253 2691 potest.

2316 2707 2377 2767 8.
2425 2704 2586 2781 Quia
2604 2706 3081 2786 respondendum
3126 2706 3213 2771 ad
3234 2704 3620 2786 fundamenta
3647 2699 3759 2763 illa·

2234 2816 2374 2863 nm
2420 2797 2785 2879 opimum.
2802 2830 2885 2845 -—
2912 2800 3115 2877 Atque
3144 2800 3232 2861 ita
3276 2796 3429 2859 nihil
3458 2800 3551 2857 est
3575 2810 3761 2855 neces-

2234 2892 2469 2955 sarium
2510 2890 2897 2971 respondere
2947 2891 3029 2953 ad
3072 2892 3350 2963 tertiam,
3398 2894 3462 2949 et
3508 2891 3761 2965 quartam

2236 2986 2645 3058 sententiam3
2688 2984 2898 3045 omnia
2928 2985 3097 3049 enim
3126 3002 3270 3065 quae
3296 2984 3510 3046 dicunt
3536 2977 3761 3041 admitti-

2234 3098 2419 3153 mus;
2450 3082 2743 3141 neutram
2778 3084 2992 3141 autem
3022 3097 3137 3160 per
3174 3097 3245 3141 se
3294 3077 3489 3141 solam
3516 3073 3759 3135 sufficere

2236 3172 2523 3247 dicimus,
2559 3172 2641 3233 ad
2668 3188 3029 3251 supremam
3072 3172 3507 3235 auctoritatem
3529 3166 3756 3227 testimo-

2237 3267 2325 3329 nii
2356 3266 2571 3328 divini.
2598 3264 2699 3329 Ad
2750 3266 3090 3329 secundam
3147 3272 3365 3329 autem
3410 3263 3488 3325 de
3534 3258 3757 3327 Deitate,

2236 3358 2693 3438 respondemus
2719 3360 3023 3425 Deitatm
3068 3360 3187 3423 sub
3216 3358 3342 3423 hoc
3382 3361 3613 3417 tantum
3644 3366 3763 3410 con-

2238 3460 2423 3533 ceptu
2442 3470 2571 3514 non
2604 3452 2753 3517 satis
2770 3452 3083 3530 explicare
3123 3452 3439 3515 rationem
3470 3441 3763 3509 formalem

2236 3544 2463 3626 objecti
2485 3544 2655 3618 fidei,
2686 3550 2755 3607 ut
2776 3546 2927 3607 satis
2948 3551 3195 3609 constat
3222 3563 3304 3607 ex
3334 3540 3527 3605 dictis.
3556 3532 3763 3600 Deinde

2235 3638 2501 3703 dicimus
2535 3638 2749 3713 fidem,
2780 3644 3093 3718 quatenus
3118 3638 3279 3702 fides
3308 3643 3425 3709 est,
3454 3650 3577 3695 non
3600 3624 3763 3691 resol-

2234 3750 2383 3795 vere
2410 3746 2591 3794 suam
2610 3730 3047 3795 credulitatem
3072 3730 3137 3793 in
3153 3732 3485 3803 Deitatem,
3506 3728 3573 3785 ut
3590 3720 3763 3782 deitas

2236 3830 2365 3899 θοις
2397 3842 2569 3899 nam,
2600 3822 2747 3885 licet
2777 3824 2843 3884 in
2865 3842 2936 3886 re
2962 3824 3097 3902 ipsa
3122 3824 3287 3885 Deus
3312 3822 3394 3885 sit
3408 3820 3599 3900 piima
3625 3809 3764 3873 veri·

2236 3922 2356 3990 tas,
2387 3916 2535 3997 quia
2563 3922 2657 3977 est
2683 3917 2875 3989 Deus,
2912 3916 3321 3979 nihilominus
3364 3913 3521 3977 fides
3546 3905 3625 3969 ad
3654 3919 3765 4007 ert?-

2234 4010 2513 4080 dendum
2553 4028 2685 4073 non
2730 4014 2971 4090 spectat
3010 4009 3179 4073 unde
3216 4010 3453 4073 habeat
3476 4006 3634 4065 Deus
3658 4014 3764 4077 pn-

2231 4122 2399 4167 mam
2430 4102 2780 4178 veritatem,
2813 4102 2926 4165 sed
2950 4108 3197 4166 tantum
3224 4101 3577 4165 considerat
3616 4086 3763 4170 quod

2198 4230 2205 4237 ·
2234 4197 2407 4259 illam
2476 4196 2728 4257 haheat.
2786 4196 2965 4259 Unde
3039 4196 3123 4259 ad
3176 4197 3300 4259 hoc
3357 4183 3763 4273 explicandum

2229 4306 2565 4372 possumus
2610 4287 2701 4349 uti
2750 4288 2871 4349 hac
2922 4288 3323 4356 conditionali
3384 4279 3761 4367 praecisione:

579 4376 990 4457 perfectiones
1015 4378 1078 4441 in
1107 4378 1550 4460 cognoscendo
1579 4386 1642 4443 et
1677 4378 1968 4457 dicendo,
1999 4400 2147 4446 con·
2225 4400 2371 4445 nam
2434 4383 2487 4443 si
2557 4381 2723 4443 Deus
2774 4386 2945 4443 esset
3004 4380 3209 4461 prima
3297 4380 3551 4447 veritas,
3596 4363 3762 4431 modo

582 4468 861 4543 stituere,
879 4477 1096 4535 nostro
1110 4472 1298 4536 modo
1323 4471 1736 4555 intelligendi,
1749 4472 1811 4537 in
1827 4475 1959 4534 Deo
1972 4491 2147 4535 sum-
2225 4476 2553 4557 explicato,
2578 4474 2863 4554 quamvis
2892 4492 3019 4536 non
3048 4478 3217 4537 esset
3244 4476 3437 4549 Deus,
3469 4471 3626 4535 essct
3650 4457 3763 4562 sut·

579 4580 750 4628 mam
779 4564 1119 4647 quamdam
1147 4566 1583 4634 auctoritatem
1624 4566 1688 4630 in
1721 4564 2135 4644 testificando,
2222 4569 2395 4634 ciens
2452 4568 2767 4647 objectum
2816 4572 2880 4629 et
2918 4568 3077 4630 ratio
3124 4568 3459 4640 credendi;
3504 4576 3644 4641 ergo
3690 4570 3761 4613 ⁵1·

579 4657 824 4719 ratione
877 4658 1058 4737 cujus
1109 4656 1338 4737 dignus
1391 4665 1487 4727 est
1523 4658 1870 4725 certissima
1919 4665 1986 4722 et
2044 4659 2142 4721 in-
2222 4680 2417 4743 gnum
2488 4668 2583 4723 est
2628 4662 2935 4723 Deitatem
2984 4679 3111 4723 non
3166 4663 3413 4741 ingredi
3470 4655 3757 4735 objectum

579 4748 860 4813 dubitata
880 4748 1028 4827 fide,
1049 4756 1240 4829 atque
1267 4757 1348 4811 ita
1385 4752 1546 4811 hanc
1565 4750 1680 4813 Dei
1701 4752 2139 4815 auctoritatem
2218 4753 2505 4828 formale,
2552 4754 2665 4817 sed
2714 4772 2852 4817 esse
2906 4754 3099 4816 veluti
3152 4754 3427 4817 radicem
3470 4749 3625 4831 ejus,
3664 4741 3760 4801 aut

579 4860 719 4906 esse
753 4844 1071 4925 objectum
1112 4842 1374 4905 formale
1416 4843 1590 4919 fidei,
1633 4849 1696 4905 et
1749 4845 1883 4907 sine
1940 4843 2135 4906 dubio
2218 4848 2395 4927 quasi
2420 4846 2717 4925 generale
2744 4847 3147 4927 praedicatum
3190 4848 3255 4909 in
3298 4847 3407 4915 illa
3442 4842 3752 4909 inclusum.

577 4936 698 4999 hoc
715 4936 1068 5016 significare
1094 4937 1428 5001 voluerunt
1451 4936 1692 5015 antiqui
1715 4936 2015 5017 'theologi
2038 4954 2137 4999 re-
2216 4940 2389 5023 quod
2438 4940 2703 5003 fortasse
2762 4940 3099 5004 voluerunt
3155 4941 3494 5022 Capreolus
3550 4939 3611 4997 et
3658 4928 3755 4988 Ca·

576 5028 684 5092 lati
729 5048 768 5093 a
793 5030 1078 5095 Valentia
1125 5047 1339 5109 supra,
1388 5029 1506 5093 sub
1531 5028 1570 5111 5
1599 5030 1880 5095 Primam
1909 5028 2137 5095 verita·
2210 5032 2487 5113 jetanus.
2520 5032 2803 5096 Tandem
2844 5032 3137 5113 explicari
3174 5040 3380 5114 potest
3424 5051 3501 5098 ex
3528 5024 3753 5105 objecto

577 5124 718 5199 tem,
745 5125 890 5197 etc..
920 5122 1175 5203 quando
1195 5122 1326 5187 fere
1351 5140 1572 5186 omnes
1595 5123 1888 5187 dixerunt
1904 5124 2129 5199 Deum,
2213 5125 2383 5189 visus
2410 5141 2428 5191 ι
2458 5132 2553 5187 est
2578 5126 2747 5190 enim
2777 5126 3124 5189 coloratum
3158 5126 3474 5207 obJ‘ectum
3508 5110 3753 5183 formale

576 5215 694 5279 sub
721 5216 962 5282 ratione
1013 5216 1228 5299 primae
1271 5217 1572 5292 veritatis,
1621 5236 1762 5283 csse
1813 5216 2131 5300 objectum
2210 5218 2405 5293 visus,
2426 5224 2741 5299 quatenus
2783 5217 3059 5283 colorem
3088 5218 3310 5296 habet3
3344 5213 3749 5283 hebetantem

574 5308 836 5373 formale
865 5309 1045 5383 fidon
1079 5329 1286 5390 neque
1313 5310 1708 5385 dissentiunt,
1741 5318 1812 5376 ut
1838 5310 2125 5385 arbitror,
2211 5311 2487 5375 colorem
2514 5312 2665 5390 quia
2702 5308 2897 5373 habet
2922 5312 3111 5375 talem
3138 5312 3499 5377 mixtionem
3534 5304 3749 5388 prima-

574 5408 864 5467 auctores
889 5403 1087 5467 tertioe
1111 5410 1176 5467 et
1195 5411 1431 5483 quartoe
1461 5404 1808 5467 sententiae.
1837 5402 2130 5465 Declara-
2182 5410 2352 5470 'rum
2379 5405 2776 5484 qualitatum,
2827 5410 2889 5467 et
2933 5404 3341 5472 nihilominus
3384 5408 3517 5472 haec
3549 5390 3745 5461 11111150

578 5504 800 5579 tux-que
827 5497 1120 5572 breviter,
1169 5516 1316 5561 nam
1361 5499 1446 5562 ad
1501 5498 1690 5561 fidem
1743 5497 2129 5564 testificantis
2207 5498 2551 5580 primarum
2575 5497 2947 5580 qualitatum
2978 5516 3109 5561 non
3144 5502 3412 5580 pertinet
3437 5496 3519 5561 ad
3558 5488 3745 5568 objec-
