3900 6217
683 475 804 540 540

685 583 1140 644 revocationem
1161 604 1178 656 3
1204 587 1338 641 tum
1363 583 1508 660 quia
1527 583 1734 645 evasio
1765 583 1987 663 prioris
2008 587 2254 642 senten-

686 679 790 736 tiae
823 675 1197 736 sufficienter
1233 675 1578 736 excluditur
1615 693 1724 754 per
1777 676 1963 736 verba
1993 675 2135 735 illa:
2172 673 2255 736 In

687 785 919 848 ,qe-nere,
963 769 1054 830 rel
1093 770 1160 828 in
1184 769 1413 846 specim
1466 786 1614 828 nam
1667 767 1922 828 verbum
1980 767 2153 836 illud,
2186 768 2254 827 in

685 865 900 941 specio,
951 861 1268 921 indefinite
1309 861 1601 940 positum,
1653 880 1867 922 omnes
1903 860 2249 934 facultates,

685 956 874 1014 etiam
925 953 1242 1030 speciales,
1280 955 1434 1013 etin
1473 971 1863 1032 quacumque
1893 952 2252 1032 particulari

681 1047 884 1108 forma
925 1048 1118 1120 datas,
1171 1048 1681 1127 comprehcndit:
1721 1056 1852 1108 tum
1890 1049 2079 1109 etiam
2108 1047 2255 1125 quia

683 1140 944 1202 verbum
973 1140 1151 1214 illud,
1169 1141 1590 1222 cujuscumque
1622 1140 1902 1216 emonii,
1931 1157 2059 1200 non
2084 1138 2253 1198 vide-

684 1241 790 1294 tur
829 1235 1120 1312 positum,
1161 1234 1280 1294 nisi
1318 1241 1569 1313 propter
1611 1235 2071 1307 Tridentinum,
2102 1231 2249 1311 quia

685 1326 928 1387 nullum
958 1332 1049 1386 est
1075 1325 1242 1385 aliud
1286 1325 1450 1406 quod
1491 1325 1680 1386 talem
1716 1326 2074 1387 facultatem
2103 1342 2248 1384 con-

684 1419 953 1480 cesserit.
981 1419 1421 1478 Verumtamen
1440 1417 1584 1478 licet
1607 1418 1723 1478 hoc
1747 1420 1824 1478 sit
1843 1417 2245 1498 probabiliuS,

682 1520 930 1592 possent
973 1511 1230 1571 fortasse
1276 1511 1558 1590 Episcopi
1595 1512 1784 1590 priori
1835 1511 2139 1590 opinioni,
2180 1517 2250 1569 ut

682 1604 1012 1685 probabili,
1045 1604 1438 1678 conformari,
1483 1603 1604 1662 nisi
1645 1605 1950 1664 certitudo
1978 1603 2124 1662 facti
2154 1621 2251 1663 ac-

683 1699 948 1760 cederet.
986 1699 1050 1758 In
1080 1697 1348 1758 secundo
1376 1713 1522 1774 ergo
1547 1705 1777 1776 puncto
1805 1697 1882 1757 de
1909 1696 2092 1772 fact0,
2144 1695 2252 1756 ha-

682 1792 901 1853 bemus
931 1790 1354 1851 testimouium
1379 1790 1660 1863 Navarri‚
1693 1789 1952 1849 dicentis
1984 1789 2163 1848 Pium
2202 1789 2251 1847 V

684 1893 746 1946 et
778 1887 1142 1965 Gregorium
1185 1885 1320 1946 XIII
1348 1886 1435 1945 ita
1477 1885 1808 1964 explicasse
1841 1884 2245 1944 intentionem

682 1991 858 2045 mam
887 1981 952 2038 in
984 1977 1104 2038 illis
1130 1979 1352 2040 verbiS.
1409 1977 1595 2038 Addit
1641 1978 1864 2038 deinde
1905 1979 2117 2038 Penna
2144 1994 2247 2054 ge-

679 2072 889 2132 nerale
919 2071 1194 2131 tribunal
1223 2071 1644 2151 Inquisitionis
1681 2071 1976 2132 Romanae
2024 2070 2111 2129 ita
2134 2085 2248 2128 sae·

681 2165 822 2244 pius
849 2164 966 2224 hoc
999 2163 1358 2224 declarasse.
1386 2167 1474 2223 Ac
1505 2163 1774 2242 denique
1797 2161 2098 2224 habemus
2126 2161 2248 2222 duo

678 2274 970 2336 responsa
997 2256 1500 2335 Congregationis
1523 2253 1967 2331 cardinalium,
2000 2257 2065 2314 in
2109 2253 2247 2334 qui-

679 2347 795 2408 bus
823 2348 1140 2410 declarant
1168 2350 1494 2428 Episcopos
1528 2367 1654 2408 non
1697 2366 1871 2427 posse
1900 2348 1995 2407 uti
2025 2348 2131 2408 illa
2159 2346 2246 2408 fa-

678 2441 929 2516 cultate,
958 2443 1104 2520 quia
1126 2449 1403 2504 revocata
1421 2447 1536 2502 est.
1581 2443 1834 2519 Propter
1861 2459 1998 2520 quae
2028 2457 2248 2502 censeo

679 2553 806 2594 non
853 2553 982 2595 esse
1033 2535 1097 2594 in
1133 2535 1309 2614 praxi
1335 2534 1416 2594 ab
1461 2533 1576 2595 hac
1605 2535 1912 2595 sententia
1954 2533 2248 2594 receden-

676 2627 852 2701 dum,
882 2631 944 2688 et
970 2626 1082 2686 ubi
1111 2627 1298 2687 fuerit
1327 2627 1658 2687 necessitas
1683 2628 1899 2688 utendi
1925 2626 2035 2686 illa
2057 2626 2246 2686 facul-

677 2725 826 2794 tate,
868 2719 948 2779 ad
985 2719 1313 2780 Summum
1353 2719 1717 2808 Pontificem
1757 2737 1892 2780 esse
1926 2735 2247 2779 recurren-

687 2813 856 2953 dullg:
906 2891 1248 2956 Secundum
1286 2899 1580 2975 punctum
1631 2895 1698 2956 de
1739 2891 2237 2974 Inquisitoribus,

680 3003 785 3065 que
795 2986 877 3048 ad
897 2991 1095 3065 sorum
1119 2987 1574 3049 sacramentale.
1597 3020 1672 3030 —-
1689 2987 1911 3047 Prima
1931 2984 2130 3066 opinio
2148 2989 2243 3063 af-

673 3079 956 3154 firmans.
989 3109 1070 3124 -
1097 3079 1378 3140 Secundo
1395 3079 1553 3148 loc0‚
1579 3077 1910 3139 dicendum
1938 3095 2030 3138 est
2047 3079 2122 3138 de
2153 3079 2241 3138 fa-

675 3171 904 3232 cultate
959 3190 1148 3250 quam
1195 3173 1590 3251 inquisitores
1634 3171 1868 3232 habeut
1921 3171 2003 3233 ad
2044 3171 2243 3232 absol-

677 3266 950 3324 vendum
987 3262 1068 3324 ab
1095 3263 1213 3326 hac
1266 3283 1550 3326 censura.
1601 3265 1669 3324 In
1697 3282 1819 3343 quo
1853 3269 2087 3344 puncto
2114 3281 2241 3324 non

673 3367 764 3417 est
786 3356 1114 3418 difficultas
1146 3357 1223 3420 de
1263 3356 1652 3419 absolutione
1681 3357 1752 3418 in
1775 3356 1911 3418 foro
1937 3356 2238 3436 judiciali,

671 3451 822 3528 quia
841 3450 916 3510 ad
939 3447 1110 3510 illam
1138 3449 1369 3512 habent
1387 3455 1752 3530 potestatem
1787 3467 1865 3510 ex
1890 3451 2071 3510 visui
2101 3468 2238 3510 mu-

671 3543 870 3616 neris;
903 3541 1012 3604 sed
1032 3541 1358 3604 difficultas
1375 3550 1467 3603 est
1486 3561 1569 3603 an
1587 3547 1950 3622 potestatem
1972 3541 2241 3604 habeant

673 3637 752 3695 ad
799 3634 1243 3696 absolvendum
1280 3635 1360 3697 ab
1397 3636 1514 3696 bac
1547 3654 1832 3710 censura,
1858 3635 2109 3714 quando
2138 3634 2241 3695 de-

673 3727 888 3788 lictum
911 3732 1004 3788 est
1033 3727 1365 3804 occultum,
1397 3728 1464 3788 in
1491 3727 1628 3789 foro
1653 3735 1898 3788 tantum
1925 3727 2240 3788 conscien-

669 3821 770 3880 tiae
795 3837 904 3880 seu
923 3821 1328 3898 poenitentiae.
1366 3821 1434 3880 In
1459 3837 1586 3900 qua
1611 3838 1680 3881 re
1721 3821 1908 3882 variae
1937 3827 2085 3880 sunt
2112 3819 2242 3898 opi-

671 3912 909 3973 niones.
977 3913 1182 3974 Prima
1239 3911 1506 3974 affirmat
1562 3913 1788 3974 habere
1845 3910 2241 3991 Inquisitores

672 4004 834 4064 banc
889 4004 1270 4066 facultatem.
1323 4007 1414 4067 Ita
1453 4006 1744 4085 supponit
1783 4005 2035 4080 Navar„
2080 4005 2147 4066 in
2174 4005 2235 4067 d.

673 4116 843 4158 cons.
877 4100 940 4158 11
973 4098 1050 4158 de
1074 4097 1286 4158 Privil.
1309 4097 1594 4158 Affirmat
1614 4097 1860 4160 Bauuez
1882 4099 1944 4158 2.
1968 4099 2030 4172 2,
2052 4115 2245 4177 quaes-

673 4191 843 4252 tione
873 4194 972 4264 11,
1011 4189 1253 4251 articul.
1292 4193 1356 4265 4,
1396 4189 1586 4251 dubio
1623 4193 1684 4264 2,
1724 4191 1792 4250 in
1823 4192 2239 4269 Bargument.

671 4291 888 4344 contra
915 4285 955 4344 2
982 4284 1438 4345 conclusionem
1454 4285 1894 4364 ;‚Campegius,
1935 4285 2001 4346 in
2030 4286 2237 4346 Addit.

671 4378 752 4438 ad
771 4377 1104 4456 Zanquin„
1132 4377 1295 4438 dicto
1315 4380 1514 4456 capite
1541 4379 1620 4439 34
1635 4394 1656 4454 3
1675 4386 1735 4438 et
1758 4377 2052 4454 Guttier.,
2078 4377 2243 4438 dicto

671 4469 832 4532 libro
856 4471 1206 4545 undecimo,
1232 4491 1286 4531 c.
1321 4473 1412 4544 13,
1441 4491 1701 4532 numero
1730 4475 1799 4549 '13
1815 4477 1877 4532 et
1901 4472 2108 4551 plures
2131 4489 2243 4550 pro

675 4562 791 4624 hac
817 4569 1124 4624 sententia
1150 4565 1332 4624 refert
1351 4566 1566 4641 Sanc„
1591 4565 1750 4625 dicto
1769 4583 1903 4644 cap.
1925 4566 2034 4642 123
2058 4579 2119 4625 et
2144 4565 2245 4626 vi-

673 4655 836 4718 vald.
851 4701 867 4726 ,
889 4659 957 4716 in
977 4656 1382 4732 candelabre,
1411 4662 1436 4718 1
1461 4665 1618 4734 part.
1626 4702 1646 4732 ,
1673 4660 1766 4718 tit.
1793 4662 1860 4718 11
1885 4657 1962 4718 de
1985 4657 2244 4719 Absolu-

675 4752 866 4824 tione,
896 4769 1072 4810 num.
1107 4753 1206 4826 15,
1239 4749 1350 4810 ubi
1377 4752 1565 4811 etiam
1593 4752 1749 4812 dixit
1767 4769 1895 4812 esse
1916 4752 2078 4813 hanc
2105 4771 2241 4813 sen-

672 4844 934 4905 tentiam
964 4843 1032 4902 in
1047 4843 1247 4922 praxi,
1275 4851 1336 4904 ct
1361 4863 1476 4903 usu
1499 4853 1833 4924 receptam.
1866 4845 2039 4919 Quod
2067 4846 2119 4906 si
2140 4865 2241 4908 ve·

674 4953 818 4996 rum
839 4942 953 5011 est,
983 4954 1284 5014 magnum
1319 4937 1568 5016 signum
1593 4944 1655 4996 et
1675 4945 2117 5016 argumentum
2139 4939 2241 5018 ju·

673 5028 1052 5090 risdictionis
1074 5037 1186 5105 est,
1223 5029 1320 5090 vel
1343 5031 1490 5109 quia
1527 5029 1908 5091 consuetudo
1933 5032 2093 5093 solet
2130 5035 2239 5112 ju-

671 5123 1093 5184 risdictionem
1119 5121 1419 5198 conferre,
1451 5123 1548 5184 vel
1568 5125 1716 5203 quia
1734 5125 2131 5185 verisimilius
2149 5133 2239 5188 est

673 5213 847 5275 illam
881 5215 1391 5275 consuetudinem
1433 5233 1562 5277 non
1595 5217 1782 5276 fuisse
1817 5217 2236 5278 introductam

673 5324 876 5386 neque
903 5315 1285 5386 usurpatam,
1305 5308 1410 5368 sed
1429 5308 1496 5368 in
1524 5308 1908 5369 institutione
1937 5309 2077 5369 talis
2103 5311 2238 5371 offi-

673 5401 776 5474 cii,
807 5399 901 5461 vel
947 5401 1014 5460 in
1052 5401 1260 5479 aliqua
1303 5402 1696 5462 concessione
1745 5402 2061 5481 pontificia
2104 5422 2233 5466 esse

1405 477 1644 535 DISPU'I'.
1679 479 1807 536 XXI.
1845 483 1924 535 DE
1958 479 2162 534 POENIS
2194 477 2659 534 smmwaunns
2691 479 3167 536 naam-:neonem

2334 581 2652 642 Directorii
2681 580 2973 656 refertur,
3003 586 3067 641 et
3088 587 3178 641 est
3201 583 3451 642 secunda
3468 585 3597 646 illius
3616 591 3749 654 Ponti-

2334 672 2485 748 ficis,
2518 675 2584 733 in
2610 692 2735 753 qua
2761 674 3119 734 conceditur
3160 671 3590 752 inquisitoribus,
3616 687 3749 744 athe

2332 769 2555 826 reticos
2602 766 2869 826 occultos
2914 765 3195 826 nondum
3238 767 3603 842 denuntiatus,
3628 793 3751 854 neque

2334 859 2414 919 ab
2456 861 2579 920 alio
2603 859 2816 938 judice
2844 861 3017 938 prius
3050 860 3391 939 inquisitos,
3425 863 3471 921 si
3500 864 3751 940 voluntarie,

2332 959 2396 1012 et
2444 971 2586 1013 vere
2627 955 2995 1032 poenitentes
3040 954 3417 1028 accesserint,
3456 964 3513 1015 et
3544 958 3753 1024 humiliter

2334 1046 2818 1106 misericordiam
2850 1054 3085 1125 petant,
3124 1046 3433 1106 absolvere
3460 1049 3657 1126 possint.

2417 1142 2514 1201 15.
2566 1141 2847 1203 Secunda
2882 1139 3081 1219 opinio
3117 1142 3595 1220 nemum—Ejus
3622 1150 3753 1218 funde.-

2327 1238 2613 1296 mentum.
2644 1264 2727 1280 —
2752 1232 3169 1294 Nihilominus
3192 1232 3299 1293 alii
3326 1240 3571 1294 auctores
3587 1239 3755 1302 mulum

2328 1325 2617 1387 dubitant
2638 1325 2716 1386 de
2743 1324 2857 1388 hec
2884 1326 3204 1400 facultate,
3230 1333 3293 1385 et
3318 1329 3609 1404 praesertim
3633 1331 3753 1397 Sane..

2329 1420 2396 1479 in
2438 1421 2627 1480 citato
2649 1419 2807 1494 loco,
2834 1425 2897 1480 et
2918 1419 3159 1493 Garcia,
3200 1419 3277 1477 de
3318 1419 3537 1496 Benef„
3572 1433 3679 1499 part.
3704 1431 3755 1491 ΙΙ,

2332 1531 2467 1592 cap.
2494 1514 2594 1586 10,
2625 1529 2866 1572 numer.
2890 1514 3039 1585 1213
3073 1511 3201 1570 imo
3223 1529 3363 1572 eam
3384 1515 3753 1591 negatFariaat-.,

2330 1607 2407 1667 de
2437 1607 2687 1681 Haeresi,
2712 1606 3053 1684 quaestione
3076 1606 3215 1678 192,
3240 1623 3496 1666 numero
3518 1607 3597 1667 54
3617 1609 3665 1668 Et
3680 1631 3753 1688 pm-

2330 1697 2487 1758 fecto
2538 1716 2664 1758 non
2710 1700 2842 1758 sine
2872 1715 3102 1775 magno
3146 1695 3555 1773 fundamento,
3592 1703 3751 1780 quiite}

2332 1793 2727 1871 inquisitores
2784 1791 3017 1851 habent
3069 1791 3233 1852 hane
3289 1791 3609 1854 facultatem
3650 1815 3693 1856 cx
3722 1802 3751 1859 ri

2329 1885 2525 1944 Bullae
2556 1883 2859 1962 allegatae,
2908 1882 3006 1944 vel
3046 1901 3122 1943 ex
3153 1883 3217 1942 vi
3262 1885 3360 1944 sui
3406 1888 3748 1948 muner-isma-

2329 1983 2498 2036 trum
2549 1983 2758 2036 autem
2806 1977 3053 2037 videtur
3090 1975 3215 2036 dici
3250 1995 3427 2056 posse
3468 1995 3589 2037 cum
3636 1981 3747 2042 funt:-

2330 2075 2539 2129 meuto
2564 2089 2578 2143 ;
2630 2088 2779 2148 ergo
2824 2069 2999 2130 illam
3029 2087 3153 2128 non
3185 2069 3446 2145 habent,
3474 2073 3599 2150 quia
3622 2073 3753 2134 nuum

2330 2162 2497 2223 aliud
2532 2163 2907 2242 principium
2958 2162 3099 2222 talis
3130 2162 3564 2239 jurisdictionis
3602 2167 3755 2225 inveniti

2328 2263 2550 2334 potest.
2583 2257 2740 2317 Nam
2764 2256 3143 2316 consuetudo
3170 2274 3285 2333 per
3310 2276 3377 2316 se
3410 2276 3526 2316 non
3542 2265 3683 2336 potest
3694 2270 3757 2318 ⁵1:2-

2328 2349 2513 2411 ficere
2548 2351 2616 2409 in
2644 2347 2765 2410 hac
2808 2350 3092 2422 materia,
3127 2355 3267 2410 tum
3297 2351 3443 2428 quia
3470 2368 3577 2409 uon
3597 2355 3757 2410 estur}-

2330 2443 2531 2504 simile
2580 2443 2905 2522 incepisse,
2962 2451 3073 2504 aut
3106 2445 3528 2505 continuatam
3574 2463 3665 2505 esse
3692 2467 3757 2506 aa

2326 2536 2709 2614 praecedente
2743 2541 3078 2616 potestate;
3108 2543 3249 2597 tum
3294 2537 3481 2597 etiam
3506 2538 3623 2617 quia
3644 2542 3759 2598 sinat·

2325 2629 2401 2688 lis
2423 2631 2602 2690 annis
2631 2648 2740 2708 per
2760 2629 2995 2690 Bullam
3014 2630 3215 2690 Goenae
3243 2637 3525 2692 revocata
3540 2641 3670 2692 esset.
3688 2635 3757 2692 Pa»

2326 2723 2511 2784 batur
2538 2741 2685 2802 ergo
2716 2729 2920 2783 minor
2941 2721 3146 2802 quoad
3168 2725 3440 2804 priorem
3468 2733 3655 2804 partem
3670 2743 3681 2800 3
3696 2731 3758 2804 pri·

2322 2835 2427 2877 mo
2454 2816 2601 2895 quia
2630 2816 2737 2876 illa
2762 2817 3072 2878 concessio
3100 2817 3441 2879 Clementis
3464 2819 3559 2878 VII
3578 2838 3665 2878 non
3684 2824 3759 2878 dm·

2322 2909 2493 2984 gitur
2511 2909 2587 2969 ad
2604 2927 2703 2968 om
2713 2925 2819 2970 nes
2834 2909 2943 2988 Inq
2952 2909 3259 2984 uisitoreS,
3290 2911 3395 2971 sed
3416 2909 3527 2970 fuit
3544 2911 3770 2989 specialis:¹

2322 3019 2604 3061 concessa
2631 3001 3096 3080 Inquisitoribus
3124 3001 3367 3062 ordinis
3397 2973 3771 3092 Praedia-amm}

2322 3094 2593 3154 maxime
2612 3092 3013 3166 Lombardioe,
3042 3102 3113 3154 ut
3140 3095 3206 3154 in
3238 3113 3316 3156 ea
3344 3095 3569 3156 dicitur.
3592 3095 3753 3156 Secum:

2321 3187 2467 3263 quia
2497 3191 2743 3245 tantum
2776 3186 2867 3246 eis
2890 3187 3273 3262 conceditur,
3302 3195 3376 3248 ut
3412 3185 3768 3268 anajaz-223¹

2324 3281 2416 3341 ter
2440 3277 2757 3339 absolvere
2784 3279 3039 3358 possint,
3070 3280 3242 3357 quod
3272 3280 3525 3341 verbum
3546 3299 3642 3340 non
3658 3281 3761 3356 sign:-

2320 3369 2468 3431 ficat
2490 3371 2655 3450 quod
2686 3371 2754 3433 in
2782 3371 2917 3432 foro
2944 3373 3335 3434 couscientiae
3358 3374 3587 3454 possint,
3604 3373 3763 3434 salun-

2317 3468 2451 3524 tum
2473 3470 2543 3524 ut
2556 3463 2689 3523 sine
2708 3464 2953 3543 integra
2981 3464 3185 3526 forma
3214 3473 3281 3528 et
3308 3465 3503 3545 figura
3512 3465 3677 3544 judicii
3688 3483 3766 3542 1oe

2320 3556 2537 3616 sintin
2562 3574 2672 3616 suo
2701 3556 2837 3618 foro
2858 3556 3177 3618 absolvere
3230 3559 3299 3618 in
3328 3560 3438 3619 tali
3464 3577 3603 3619 casu.
3624 3559 3759 3624 Tema

2322 3649 2469 3728 quia
2486 3647 2575 3708 ibi
2598 3649 2945 3728 postulatur
2964 3657 3032 3710 ut
3069 3651 3383 3730 praecedat
3412 3651 3677 3730 abjuratio,
3698 3657 3761 3704 uta·

2320 3761 2443 3821 que
2486 3741 2551 3802 in
2589 3740 2789 3803 forma
2816 3761 2939 3822 qua
2984 3743 3122 3804 fieri
3156 3743 3315 3804 solet.
3346 3746 3415 3805 in
3438 3743 3531 3804 ino
3554 3739 3757 3803 tribuni..

2321 3852 2459 3913 quas
2490 3834 2555 3894 in
2585 3833 2720 3895 foro
2740 3837 3129 3897 conscientiae
3160 3854 3283 3897 non
3312 3837 3632 3918 postulatur.
3650 3835 3697 3892 Et
3714 3839 3757 3890 ia

2322 3929 2556 4004 Penne,
2595 3931 2659 3988 in
2700 3929 2739 3989 3
2762 3937 2921 4008 part.
2964 3929 3309 4006 Directorii,
3344 3949 3519 4010 super
3556 3945 3679 3988 num.
3702 3925 3755 3994 59,

2323 4020 2493 4082 illam
2551 4024 3005 4082 concessionem
3050 4023 3349 4102 iutelligit
3392 4024 3465 4084 de
3510 4021 3617 4083 foro
3644 4029 3755 4078 exter·

2323 4133 2433 4190 nc,
2476 4121 2544 4175 ut
2582 4117 2648 4175 in
2684 4125 3017 4176 comment.
3050 4118 3126 4176 {2
3168 4117 3379 4178 videre
3411 4117 3555 4177 licet.
3590 4111 3762 4174 Etidta

2325 4208 2560 4270 indicat
2591 4211 2871 4285 Covarr„
2901 4209 2971 4269 in
3001 4207 3224 4289 Regul.
3257 4211 3511 4283 Peccat„
3536 4209 3569 4267 2
3590 4179 3763 4314 parma!

2325 4301 2649 4382 principio,
2678 4320 2852 4364 num.
2883 4305 2943 4377 7,
2970 4304 3133 4363 circa
3154 4302 3371 4388 finem,
3400 4303 3534 4362 dum
3554 4307 3618 4360 ιιι
3644 4299 3747 4356 hau-

2323 4396 2516 4455 ticum
2562 4395 2871 4456 occultum
2912 4385 3025 4475 per
3056 4397 3341 4457 accidens
3368 4415 3491 4458 esse
3508 4393 3677 4456 occulte
3694 4387 3749 4446 ‹¹1-

2324 4487 2691 4548 solvendum
2726 4487 2805 4548 ab
2832 4487 3221 4568 Inquisitore,
3258 4497 3320 4550 et
3366 4489 3541 4562 addit,
3574 4481 3749 4545 ἐῆν-ΣΞ*

2322 4579 2477 4652 nali,
2528 4585 2583 4643 et
2630 4583 2961 4660 pra-missa
3004 4581 3406 4658 abjuratione.
3446 4581 3673 4642 Probatur
3696 4591 3747 4631 se-

2324 4671 2529 4732 cundo
2556 4671 2752 4732 altera
2780 4689 2921 4751 pars
2945 4673 3229 4750 minoris,
3253 4676 3401 4754 quia
3428 4690 3613 4734 munus
3630 4665 3746 4744 hirsi-

2321 4765 2525 4824 sitoris
2548 4783 2676 4825 non
2700 4772 2794 4826 est
2819 4767 3174 4826 institutum
3207 4787 3316 4847 pro
3343 4768 3471 4828 toro
3486 4763 3758 4840 consciente

2323 4862 2433 4918 aut
2462 4858 2870 4936 poenitentiae,
2907 4859 3012 4918 sed
3037 4877 3150 4938 pro
3180 4861 3315 4921 foro
3348 4867 3575 4922 externo
3590 4842 3758 4929 eju-{it

2320 4948 2485 5024 ciali,
2511 4955 2581 5009 ut
2606 4955 2771 5011 recte
2794 4951 2970 5012 docet
2986 4953 3362 5030 Eymericus,
3384 4953 3445 5012 in
3468 4949 3633 5011 dicta3
3650 4954 3735 5022 pan

2319 5043 2660 5117 Directorii,
2684 5061 2860 5104 num.
2880 5045 2980 5104 59.
3008 5045 3185 5106 Unde
3212 5048 3391 5106 infert
3418 5063 3525 5106 non
3545 5041 3751 5120 pertint&

2317 5134 2393 5194 ad
2435 5135 2867 5214 Inquisitorem
2904 5137 3222 5200 absolvere
3266 5141 3328 5199 in
3371 5139 3495 5198 foro
3514 5145 3756 5229 sacramen-1

2316 5227 2450 5302 tali,
2482 5231 2649 5307 quod
2672 5249 2712 5290 a
2740 5230 2873 5290 foro
2902 5232 3309 5308 conscientias,
3342 5249 3443 5292 seu
3482 5219 3747 5307 poenitemia

2315 5317 2403 5378 ihi
2429 5338 2557 5381 non
2578 5321 2928 5400 distinguit.

2396 5413 2495 5472 16.
2542 5413 2827 5476 Primum
2870 5417 3327 5493 pronuntiatum
3355 5414 3421 5475 in
3454 5415 3547 5475 Ιιοε
3578 5403 3754 5472 secui-'1

671 5491 1018 5554 fundatam.
1077 5493 1152 5552 Et
1199 5493 1548 5573 specialiter
1581 5494 1836 5572 allegari
1869 5495 2023 5554 solet
2058 5495 2233 5558 Bulla
2305 5507 2729 5586 puncta—Iu
2758 5505 2875 5566 hoc
2902 5517 3159 5586 puncto,
3186 5509 3469 5588 imprimis
3490 5472 3754 5566 certumst*

672 5584 954 5660 quaedam
979 5585 1308 5646 Clementis
1333 5587 1464 5662 VII,
1487 5605 1624 5666 quae
1643 5588 1805 5648 inter
1831 5587 1983 5648 alias
2014 5589 2081 5647 in
2108 5587 2235 5652 fine
2312 5615 2491 5672 posse
2542 5599 2956 5678 Inquisitores‚
2990 5599 3306 5664 haereticos
3342 5600 3575 5662 occultos
3598 5597 3741 5672 sponte
