3900 6217
541 379 663 444 240

543 494 574 552 1
614 491 766 570 Reg.
800 489 901 564 10,
938 487 1190 550 Samuel
1219 503 1348 548 non
1374 485 1783 565 cognoscebat
1814 505 2002 567 quem
2029 505 2107 550 ex

540 583 689 645 filiis
720 585 839 646 lsai
881 585 1043 644 Deus
1083 580 1389 659 elegisset,
1424 579 1621 640 donec
1656 588 1960 659 praesente
1989 583 2106 643 Da-

538 678 673 754 vid,
726 679 917 738 sensit
975 674 1239 736 interius
1286 673 1715 754 propheticum
1781 676 2066 756 spiritum
2083 699 2100 752 3

544 771 584 832 2
612 770 765 848 Reg.
813 772 850 829 7
873 813 893 844 ,
924 768 1190 830 Natham
1224 767 1554 846 ignorabat
1590 767 1890 846 quidnam
1941 768 2106 830 Deus

540 863 824 926 statuerit
879 863 956 924 de
1005 860 1405 923 aedificatione
1452 861 1711 941 templi3
1746 864 1787 923 4
1834 864 1987 942 Reg.
2038 865 2102 939 4,

540 943 779 1020 Eli’seus
820 955 1051 1017 fatetur
1085 972 1104 1016 t
1136 952 1432 1016 Dominus
1481 955 1696 1018 celavit
1720 973 1759 1018 a
1796 973 1922 1030 me,
1957 962 2102 1032 etc.;

958 383 1197 440 msPn'r.
1228 385 1355 440 vm.
1390 383 1471 437 DE
1502 383 1930 438 msTmcnoNE
1962 388 2127 441 me
2159 387 2240 441 AB
2272 387 2538 444 ominus
2568 390 2750 444 DONIS
2781 393 2862 445 ET
2893 393 3157 458 GRATnS,
3192 397 3326 451 E'rc.

2185 497 2481 570 perpetuo
2509 499 2684 554 motu
2709 495 2964 556 cientur.
3005 497 3235 572 Tertio,
3287 497 3479 560 sumit
3510 499 3754 578 Cajeta-

2185 601 2304 644 nus
2349 585 2416 645 in
2460 603 2571 646 suo
2615 585 2922 664 discursu,
2967 601 3285 652 assensum
3313 591 3750 674 propheticum

2185 695 2508 758 nunquam
2556 681 2886 760 procedere
2931 702 2968 743 a
3017 683 3336 746 voluntate
3376 687 3748 764 inclinante,

2185 773 2361 851 cujus
2388 775 2765 835 contrarium
2794 777 3194 840 ostendimus,
3241 779 3377 840 Non
3420 799 3568 860 ergo
3596 801 3755 842 con-

2187 865 2476 928 clusionis
2503 869 2660 929 ratio
2689 875 2794 943 est,
2825 871 2988 949 quod
3010 869 3173 932 illius
3191 874 3542 952 oppositum
3563 895 3760 954 repu-

2185 966 2360 1038 gnet,
2386 961 2489 1021 sed
2516 962 2660 1040 quia
2689 980 2816 1023 non
2836 963 3112 1043 oportuit
3138 981 3340 1044 neque
3364 966 3591 1028 decuit.
3615 969 3758 1029 Pri-

546 1053 735 1113 Amos
755 1051 793 1111 3
810 1065 827 1109 t
842 1048 987 1114 Non
1004 1067 1143 1111 sum
1150 1050 1466 1128 propheta,
1486 1048 1633 1127 quia
1652 1049 1938 1110 videlicet
1954 1055 2104 1110 tunc
2123 1087 2162 1118 0
2185 1069 2386 1128 mum,
2411 1059 2484 1114 ut
2501 1055 2832 1134 Gregorius
2865 1073 3071 1136 supra,
3094 1074 3149 1118 c.
3176 1061 3274 1132 17,
3301 1059 3420 1120 aitt
3448 1059 3549 1122 Ne
3578 1079 3760 1122 mens

538 1163 667 1207 non
692 1143 997 1206 sentiebat
1020 1143 1304 1223 spiritum
1332 1141 1692 1221 prophetiae.
1714 1143 1874 1203 Hinc
1909 1144 2103 1222 Apos-
2177 1147 2485 1225 propheta?
2516 1149 2584 1208 in
2623 1150 3153 1232 pra-sumptionem
3191 1151 3450 1216 elevetur
3458 1177 3485 1225 ;
3527 1159 3588 1213 et
3629 1155 3760 1213 En·-

414 1291 423 1302 .
539 1240 649 1302 toli
668 1247 730 1303 et
748 1237 1066 1318 Prophetae
1084 1239 1151 1298 in
1170 1237 1482 1316 Scriptura
1501 1237 1687 1297 Sacra
1700 1236 1907 1316 aliqua
1927 1237 2106 1316 igno-

538 1351 706 1396 rasse
746 1337 1212 1413 supponuntur3
1248 1335 1319 1390 ut
1354 1331 1521 1391 Isaac
1548 1329 1876 1409 ignorabat
1908 1347 1974 1392 se
1999 1331 2104 1392 be·

540 1427 828 1489 nediccre
854 1425 1065 1499 Jacob,
1099 1441 1242 1485 cum
1272 1427 1483 1486 tamen
1526 1423 1677 1484 alias
1704 1422 2105 1502 prophetaret

534 1521 603 1581 in
624 1522 756 1601 ipsa
780 1519 1246 1595 benedictione3
1274 1521 1337 1578 et
1364 1517 1587 1578 Paulus
1611 1519 1642 1577 1
1678 1517 1757 1577 ad
1774 1517 1989 1579 Thess.
2019 1519 2096 1578 3:

537 1613 726 1690 Misi,
770 1611 975 1694 inquit
992 1657 1013 1689 ,
1082 1613 1165 1676 ad
1225 1611 1679 1691 coquoscendam
1735 1610 1913 1688 fidem
1974 1629 2105 1674 ves·

538 1710 722 1770 tram.

618 1805 679 1863 7.
715 1800 997 1880 GaJetani
1014 1801 1306 1883 expositio
1328 1799 1659 1880 tripliciter
1676 1799 2098 1882 impuynatur.

534 1925 619 1942 —
658 1895 813 1962 Vera
834 1895 999 1957 ratio
1034 1894 1309 1975 triplicis
1343 1891 1743 1976 conqruentioe
1768 1911 1880 1976 pro
1906 1911 2105 1957 asser-

536 1989 714 2051 tione.
746 2019 830 2034 —
856 1987 1080 2050 Prima
1118 1989 1531 2066 congruentia.
1566 2021 1649 2031 —
1689 1985 1995 2050 Secunda.
2025 2021 2106 2036 -

538 2082 756 2147 Tertia
794 2099 869 2145 σω
921 2083 1002 2144 D.
1060 2081 1311 2144 stoma.
1353 2111 1436 2126 -
1479 2081 1571 2141 Ad
1614 2080 2103 2142 confirmandam

538 2193 725 2256 porro
758 2173 919 2236 hanc
967 2174 1445 2245 conclusionem,
1500 2173 1701 2234 adfert
1734 2175 1805 2233 D.
1835 2175 2105 2235 Thomas

537 2287 725 2349 supra
762 2269 1069 2331 rationem
1115 2266 1638 2340 obscurissimam,
1670 2267 1738 2327 in
1781 2285 1906 2347 qua
1934 2267 2105 2346 Caje-

534 2369 717 2424 tanus
762 2363 993 2442 prolixe
1033 2362 1404 2422 immoratur
1444 2377 1517 2421 ac
1550 2377 1615 2420 se
1654 2365 1902 2440 torquet
1941 2359 2101 2421 trus·

536 2461 655 2519 tra.
687 2455 990 2531 Primum,
1026 2455 1171 2535 quia
1198 2460 1329 2516 tota
1352 2453 1510 2514 ratio
1540 2459 1602 2515 et
1646 2453 1956 2515 discursus
1989 2455 2100 2514 Ca-

528 2549 730 2628 jetani
766 2549 1057 2629 supponit
1093 2566 1222 2609 non
1245 2565 1375 2610 esse
1412 2545 1702 2626 possibile
1750 2545 1968 2608 lumen
1997 2564 2099 2607 su·

535 2643 934 2724 pernaturale
962 2649 1186 2704 natura
1214 2660 1326 2703 sua
1352 2658 1747 2720 permanenS,
1779 2645 1841 2701 et
1868 2639 2099 2701 durans

536 2755 647 2817 per
667 2737 923 2798 modum
951 2735 1221 2811 habitus,
1245 2752 1369 2816 quo
1389 2735 1625 2815 possint
1644 2733 1838 2796 videri
1862 2733 2101 2796 occulta

536 2848 673 2910 quae
690 2831 758 2891 in
776 2829 1101 2910 prophetia
1121 2827 1621 2904 manifestantur,
1644 2834 1867 2907 praeter
1884 2827 2100 2890 lumen

537 2924 770 3002 gloriae.
831 2923 959 2985 Hoc
1004 2929 1211 2984 autem
1268 2921 1491 2983 falsum
1537 2929 1651 2996 est,
1694 2928 1764 2982 ut
1811 2926 1982 3001 patet
2035 2922 2102 2982 in

536 3017 792 3078 scientia
818 3016 1027 3078 infusa
1055 3017 1282 3077 animae
1308 3015 1552 3077 Christi.
1586 3014 1762 3088 Quod
1790 3015 1841 3074 si
1862 3015 2104 3075 dicatur

535 3109 708 3171 illam
726 3108 1017 3171 habuisse
1040 3109 1517 3190 dependentiam
1541 3125 1578 3169 a
1599 3107 1837 3168 lumine
1861 3106 2100 3186 gloriae,

537 3211 701 3266 certe
758 3203 930 3264 nulla
993 3208 1250 3283 apparet
1303 3201 1714 3280 repugnantia
1770 3201 1934 3280 quod
1991 3199 2103 3262 fiat

536 3297 706 3358 aliud
736 3294 937 3357 simile
962 3295 1281 3358 habituale
1314 3295 1549 3356 donum
1587 3293 1817 3374 absque
1852 3293 1964 3356 illa
1992 3293 2101 3355 de-

533 3388 893 3470 pendentia.
938 3387 1247 3469 Supponit
1277 3393 1574 3468 praeterea
1602 3385 1932 3466 Cajetanus
1966 3387 2101 3448 dari

535 3482 1007 3563 supernaturale
1042 3481 1280 3559 lumen,
1309 3480 1473 3561 quod
1502 3499 1578 3544 ex
1606 3487 1781 3562 parte
1810 3481 2100 3562 potentiae

534 3578 614 3640 sit
636 3575 1012 3659 principium
1048 3582 1221 3638 actus
1248 3581 1309 3637 et
1330 3575 1548 3655 judicii
1586 3575 2095 3656 supernaturaliS,

534 3671 623 3732 ita
658 3676 883 3732 natura
925 3686 1038 3731 sua
1070 3669 1375 3731 transiens
1400 3715 1421 3745 ,
1454 3676 1527 3730 ut
1564 3669 1766 3750 specie
1791 3667 2033 3731 differat
2061 3687 2099 3730 a

532 3762 773 3825 lumine
812 3767 1239 3843 permanente,
1283 3764 1471 3824 etiam
1512 3767 1794 3842 respectu
1818 3763 2096 3843 ejusdem

533 3863 709 3920 actus
732 3863 795 3919 et
820 3857 1063 3937 objecti,
1092 3857 1260 3938 quod
1288 3857 1446 3918 mihi
1472 3857 1658 3919 etiam
1683 3855 1905 3919 falsum
1926 3858 2099 3920 vide-

530 3957 661 4026 tur,
697 3949 861 4011 utin
888 3949 1092 4029 prima
1119 3956 1294 4031 parte
1322 3949 1688 4011 ostenditur.
1732 3949 1884 4023 Quia
1908 3967 2095 4014 omne

530 4041 749 4108 lumen
771 4043 1245 4124 supernaturale
1270 4059 1418 4106 vera
1439 4048 1533 4105 est
1560 4041 1826 4122 qualitas
1850 4048 1895 4118 ¹,
1922 4045 2098 4124 quus

532 4155 662 4200 esse
686 4155 815 4198 non
842 4138 909 4199 in
926 4135 1086 4214 fieri,
1114 4137 1218 4199 sed
1246 4137 1312 4198 in
1340 4137 1505 4199 facto
1532 4153 1663 4198 esse
1693 4137 2004 4216 consistit3
2035 4144 2097 4200 et

530 4231 678 4310 quia
693 4231 1159 4311 supernaturale
1171 4237 1283 4310 est,
1298 4231 1585 4293 vendicat
1595 4229 1942 4312 subjectum
1958 4250 2095 4312 per-

529 4329 813 4404 petuum.
854 4324 1032 4386 Unde
1064 4325 1115 4385 si
1136 4323 1447 4387 contrario
1470 4329 1698 4402 careat,
1726 4329 1797 4385 ut
1832 4324 1899 4384 in
1935 4343 2092 4404 prae-

530 4417 693 4480 senti
719 4435 936 4480 revera
971 4423 1159 4494 caret,
1188 4424 1412 4480 natura
1434 4437 1547 4481 sua
1578 4425 1669 4481 est
1696 4436 2089 4500 permanenS‚

529 4530 734 4594 neque
764 4511 937 4576 obest
966 4511 1132 4594 quod
1162 4530 1199 4574 a
1225 4509 1348 4574 Deo
1376 4511 1721 4593 dependeat
1751 4513 1818 4574 in
1848 4531 2093 4575 conser-

528 4608 695 4680 vari3
729 4607 793 4667 id
822 4606 988 4669 enim
1012 4605 1227 4668 lumen
1248 4606 1460 4688 glorias
1488 4616 1551 4668 et
1578 4605 1724 4667 fidei
1756 4608 1945 4667 etiam
1967 4625 2093 4667 sor-

529 4701 796 4761 tiuntur.
822 4699 900 4760 Et
921 4699 1037 4761 hoc
1058 4699 1263 4781 ipsum
1283 4699 1607 4764 confirmat
1636 4699 1988 4780 exemplum
2016 4699 2092 4761 de

527 4792 767 4854 lumine
800 4797 1090 4873 corporeo
1119 4795 1419 4856 existente
1445 4795 1511 4855 in
1541 4810 1704 4870 aere,
1738 4811 1862 4873 quo
1888 4791 2094 4853 abuti-

525 4891 634 4946 tur
656 4885 983 4963 Cajetanus
1003 4901 1165 4963 3non
1188 4887 1355 4948 enim
1384 4893 1477 4948 est
1500 4887 1593 4947 illi
1617 4888 1937 4949 essentiale
1964 4902 2092 4947 esse

528 4977 597 5037 in
623 4979 891 5040 transitu
917 4985 978 5041 et
1006 4981 1073 5040 in
1094 4979 1255 5056 fieri,
1296 4997 1439 5041 cum
1467 4984 1546 5042 sit
1580 4981 1844 5061 qualitas
1868 4989 2091 5042 natura

528 5087 640 5130 sua
665 5088 1061 5150 permanens,
1097 5073 1448 5154 dependens
1466 5074 1610 5136 licet
1642 5092 1681 5135 a
1704 5091 1887 5136 causa
1914 5092 2091 5155 supe-

526 5164 677 5223 riori
720 5165 788 5224 in
818 5163 958 5227 fleri
999 5175 1184 5246 atque
1222 5185 1375 5244 esse,
1430 5169 1591 5249 quod
1631 5167 1915 5249 qualitati
1954 5187 2088 5250 per-

524 5256 807 5318 manenti
838 5273 967 5319 non
1018 5259 1293 5339 derogat.
1334 5261 1449 5322 Per
1492 5261 1772 5322 accidens
1813 5278 1961 5322 vero
1999 5267 2090 5325 est

524 5350 687 5430 quod
719 5369 891 5414 nune
920 5353 1043 5415 cito
1076 5359 1369 5432 transeat,
1401 5355 1690 5436 quodque
1708 5373 1891 5417 causa
1919 5355 2088 5417 illius

612 5533 629 5568 ¹
676 5531 829 5593 Vide
855 5531 900 5593 l.
932 5533 1071 5596 2de
1101 5534 1449 5614 Attributis,
1480 5555 1536 5598 c.
1562 5537 1667 5614 26,
1696 5553 1873 5600 num.
1902 5539 1967 5599 4.

2183 1236 2449 1315 cheriuS,
2479 1246 2549 1301 ut
2580 1239 2696 1302 hac
2721 1243 2960 1303 ratione
2985 1241 3342 1316 humiliaret
3374 1245 3759 1307 excellentes

2180 1330 2372 1402 viros,
2401 1349 2440 1392 a
2469 1350 2534 1394 se
2562 1350 2692 1396 esse
2721 1334 3076 1414 ignorantes
3099 1336 3466 1413 faterentur,
3496 1337 3758 1418 solaque

2183 1423 2396 1488 divina
2416 1426 2617 1505 gratia
2633 1443 2808 1508 posse
2828 1428 3071 1510 assequi
3097 1429 3286 1491 talem
3303 1431 3752 1510 cognitionem.

2183 1517 2488 1594 Secundo,
2507 1521 2596 1581 ita
2611 1520 2977 1602 expediebat
3001 1521 3113 1583 fini
3139 1523 3497 1603 prophetiae,
3519 1524 3629 1606 qui
3659 1531 3762 1585 est

2181 1611 2416 1674 utilitas
2445 1613 2746 1690 fidelium,
2767 1619 2840 1676 ut
2861 1621 3010 1676 tunc
3031 1615 3263 1678 scilicet
3285 1617 3558 1694 daretur,
3601 1636 3757 1679 cum

2183 1712 2343 1768 esset
2372 1713 2742 1787 opportuna,
2786 1727 2868 1772 ne
2893 1713 3138 1770 tantum
3172 1709 3406 1772 donum
3437 1709 3600 1773 inter
3640 1710 3762 1771 ho-

2185 1800 2385 1861 mines
2405 1801 2481 1860 vil
2489 1807 2738 1863 esceret.
2757 1803 2842 1863 Te
2849 1803 2991 1878 rtio,
3011 1821 3121 1883 per
3135 1805 3387 1865 modum
3403 1821 3761 1883 congruen-

2183 1893 2290 1953 tiae
2334 1894 2785 1955 accommodari
2829 1900 3031 1975 potest
3077 1896 3236 1957 ratio
3281 1895 3408 1957 divi
3453 1897 3708 1960 Thomae
3735 1945 3756 1972 ,

2185 1987 2330 2066 quia
2357 1987 2684 2069 prophetia
2709 1995 2800 2049 est
2822 1989 3127 2068 praecipue
3155 1989 3232 2051 de
3259 1989 3483 2051 futuris
3505 1991 3757 2052 contin-

2185 2079 2496 2159 gentibus,
2532 2099 2794 2160 quorum
2824 2083 3150 2163 praesentia
3177 2083 3289 2144 soli
3331 2085 3451 2146 Deo
3479 2091 3571 2146 est
3597 2103 3756 2146 con-

2185 2174 2508 2250 naturalis,
2542 2181 2622 2248 et,
2669 2181 2739 2236 ut
2765 2175 3084 2237 ita‘dicam
3106 2222 3126 2253 ,
3163 2175 3531 2252 habitualis;
3561 2185 3755 2258 atque

2183 2267 2338 2328 adeo
2367 2284 2494 2328 non
2515 2267 2724 2328 decuit
2768 2284 2991 2348 purum
3016 2268 3335 2331 hominem
3365 2287 3756 2349 praecognos-

2185 2377 2321 2421 cere
2349 2378 2460 2439 per
2485 2360 2743 2422 modum
2785 2359 3035 2422 habitus
3077 2361 3211 2423 haec
3247 2362 3475 2438 futura,
3523 2369 3756 2442 praeter

2179 2453 2391 2516 beatos
2440 2455 2550 2535 qui
2587 2455 2710 2517 Deo
2733 2455 2852 2536 ipsi
2896 2461 3045 2518 sunt
3079 2455 3402 2518 excellenti
3429 2457 3534 2517 illo
3559 2459 3754 2518 modo

2179 2547 2364 2609 uniti.

2259 2643 2317 2705 8.
2364 2643 2642 2704 Assertio
2679 2645 2938 2706 secunda
2967 2643 3282 2726 probatur.
3312 2676 3394 2690 —
3433 2643 3758 2708 Suadetur

2181 2751 2255 2800 σω
2285 2735 2644 2816 Scriptura.
2665 2737 2859 2801 -Et
2885 2739 3142 2800 ratione.
3165 2737 3403 2798 —Dico
3431 2739 3700 2798 secundo
3729 2760 3748 2798 ε

2182 2829 2518 2908 prophetiae
2546 2829 2782 2890 donum
2818 2830 3231 2891 communiter
3255 2847 3383 2891 non
3427 2829 3612 2892 datur
3637 2851 3754 2912 per

2183 2919 2440 2982 modum
2479 2921 2750 2999 habitus,
2781 2923 3143 3004 simpliciter
3167 2923 3498 3004 loquendo,
3551 2925 3750 2986 etiam

2178 3022 2462 3095 respectu
2491 3031 2707 3078 eorum
2737 3033 2874 3097 quae
2904 3017 3279 3078 revelantur.
3311 3017 3459 3078 Hoec
3493 3017 3750 3078 conclu·

2181 3107 2273 3168 sio
2298 3126 2427 3169 non
2453 3115 2545 3170 est
2593 3116 2723 3172 tam
2759 3117 2949 3187 certa,
2986 3111 3142 3172 sicut
3164 3109 3544 3192 praecede1m3
3575 3117 3740 3173 atta-

2179 3217 2326 3263 men
2357 3201 2527 3264 illam
2567 3204 2756 3264 etiam
2805 3202 3054 3290 videtur
3100 3203 3438 3265 intendisse
3465 3203 3537 3266 D.
3575 3204 3743 3265 Tho-

2181 3311 2340 3372 maS,
2369 3295 2650 3358 adductis
2673 3297 2992 3359 nonnullis
3023 3297 3353 3378 Scripturas
3376 3298 3546 3360 locis.
3579 3300 3743 3361 Nam

2179 3388 2554 3470 ubicumque
2590 3405 2793 3450 sermo
2819 3395 2912 3450 est
2945 3387 3022 3449 de
3044 3391 3406 3470 prophetica
3438 3393 3746 3472 cognitio-

2179 3497 2282 3557 ne,
2315 3481 2657 3561 explicatur
2693 3489 2990 3562 tanquam
3021 3484 3361 3545 consistens
3401 3483 3469 3545 in
3510 3485 3746 3545 actuali

2178 3573 2286 3636 Dei
2311 3573 2640 3652 locutione,
2669 3575 2863 3637 veluti
2904 3593 3046 3637 cum
3072 3576 3331 3639 dicitur:
3364 3575 3619 3642 Factum
3650 3583 3748 3641 est

2178 3669 2419 3731 verbwm
2451 3669 2720 3731 Domini.
2769 3669 3034 3734 Locutus
3065 3675 3156 3735 est
3193 3669 3510 3734 Dominus.
3551 3671 3747 3736 Mane

2177 3761 2356 3844 m-iyit
2370 3761 2522 3824 milti
2541 3779 2770 3836 aurem,
2790 3767 2862 3825 ut
2877 3765 3121 3827 audiam
3143 3763 3320 3846 quasi
3339 3761 3742 3848 Maffi'strum,

2175 3853 2315 3916 lsai.
2343 3857 2439 3917 10.
2475 3855 2652 3916 Ratio
2677 3873 2824 3917 vero
2849 3863 2962 3932 est,
2994 3857 3139 3938 quia
3156 3857 3474 3940 prophetia
3499 3857 3746 3938 simpli-

2177 3945 2348 4022 citer,
2401 3966 2528 4008 non
2555 3947 2782 4010 dicitur
2821 3947 2898 4010 de
2943 3967 3337 4030 quacumque
3382 3951 3742 4028 cognitione

2175 4043 2267 4103 rei
2297 4031 2520 4103 futuras
2561 4042 2661 4104 vel
2705 4041 2992 4122 occultae;
3023 4060 3137 4103 nos
3184 4043 3354 4104 enim
3395 4043 3592 4103 multa
3635 4061 3744 4104 oc-

2174 4136 2338 4197 culta
2361 4142 2421 4197 et
2443 4135 2656 4197 futura
2684 4137 3127 4215 cognoscimus,
3149 4155 3264 4197 nec
3283 4143 3490 4197 tamen
3521 4137 3745 4216 cogni-

2172 4231 2405 4290 tionem
2455 4213 2872 4308 propheticam
2914 4225 3246 4304 habemus3
3278 4229 3537 4291 includit
3583 4249 3742 4308 ergo

2172 4320 2442 4401 cognitio
2467 4320 2826 4402 prophetica
2855 4313 3234 4400 si’ugularem
3261 4321 3740 4398 revelationem,

2171 4420 2234 4476 et
2263 4415 2636 4476 locutionem
2666 4415 2774 4475 Dei
2801 4414 3181 4478 ostendentis
3201 4415 3497 4495 peculiari
3545 4418 3740 4478 modo

2171 4525 2309 4588 quae
2355 4507 2592 4569 occulta
2638 4513 2804 4584 sunt,
2851 4511 3202 4588 factamque
3250 4509 3507 4588 proinde
3535 4510 3744 4571 instar

2173 4601 2493 4680 qu'usdam
2539 4601 2956 4681 impressionis
3009 4603 3406 4678 transeuntis,
3437 4604 3526 4664 ita
3553 4609 3625 4664 ut
3667 4605 3742 4666 in

2171 4699 2471 4774 potestate
2512 4693 2783 4756 hominis
2809 4713 2934 4756 non
2977 4697 3056 4756 sit
3089 4713 3162 4756 eo
3201 4696 3382 4757 modo
3411 4697 3744 4777 concipere

2171 4787 2271 4848 vel
2291 4787 2753 4867 apprehendere
2777 4807 2872 4850 res
2899 4792 3138 4870 quoties
3165 4789 3438 4865 libuerit,
3471 4797 3582 4852 aut
3605 4791 3746 4851 effi-

2175 4898 2312 4942 cere
2355 4887 2426 4942 ut
2453 4883 2613 4943 Deus
2641 4881 2718 4943 ad
2753 4883 2954 4962 ipsum
2988 4883 3078 4944 ita
3108 4881 3419 4962 loquatur.
3462 4882 3736 4945 Interes:

2170 4991 2320 5054 ergo
2349 4981 2493 5035 actu
2521 4975 2820 5055 propheta
2842 4975 2950 5037 ille
2977 4974 3177 5036 solum
3207 4983 3300 5035 est
3330 4976 3434 5055 qui
3465 4983 3610 5037 actu
3639 4995 3746 5038 re-

2167 5067 2544 5128 velationem
2567 5067 2837 5148 suscipit.
2863 5067 3160 5150 Neganda
3185 5075 3395 5129 tamen
3415 5067 3640 5145 illatio,
3665 5088 3746 5131 ac

2170 5160 2500 5223 dicendum
2521 5179 2659 5223 cum
2679 5163 2748 5224 D.
2781 5160 3042 5237 Thoma,
3074 5167 3188 5223 art.
3212 5161 3504 5240 secundo,
3534 5165 3612 5224 ad
3643 5183 3744 5225 se·

2170 5256 2441 5317 cundum
2486 5257 2693 5333 citat0,
2745 5247 2868 5317 dici
2913 5257 3102 5317 etiam
3142 5256 3511 5336 prophetam
3558 5275 3744 5336 posse

2170 5349 2271 5410 cui
2301 5365 2428 5410 non
2455 5356 2596 5411 actu
2621 5347 2693 5410 fit
2719 5347 3037 5427 revelatio,
3069 5365 3178 5410 seu
3204 5350 3351 5430 quia
3397 5367 3476 5411 ex
3507 5367 3744 5430 praece-

2171 5442 2458 5506 dentibus
2510 5443 2988 5504 revelationibus
3040 5459 3252 5503 manet
3293 5440 3506 5521 aliquo
3549 5445 3746 5504 modo

2170 5537 2499 5618 dispositus
2528 5537 2607 5599 ad
2633 5537 3106 5620 percipiendum
3147 5536 3394 5618 divina3
3439 5553 3549 5599 seu
3586 5543 3744 5620 quia
