3900 6217
530 364 647 427 122

524 474 692 535 trina
719 490 844 553 prae
896 490 960 535 se
1006 472 1129 535 fert
1154 490 1465 535 summam
1504 472 1707 535 lucem
1738 478 1803 533 et
1842 474 2085 554 sapien-

525 567 701 642 tiam,
734 573 795 629 et
822 568 973 647 quia
1012 568 1317 648 sapientes
1362 567 1553 647 hujus
1594 568 1805 629 saeculi
1840 568 2084 629 nullum

524 678 797 725 errorem
839 661 905 721 in
942 680 1017 722 ea
1042 660 1367 721 ostendere
1411 666 1768 739 potnerunt,
1786 662 1948 741 quod
1977 660 2086 723 be-

524 772 608 817 ne
630 755 1028 834 prosequitur
1060 756 1463 833 AugustinuS,
1493 754 1636 815 libr.
1669 756 1751 816 83
1790 755 2084 829 Quaestio·

524 864 699 923 num,
718 867 777 928 q.
815 850 915 911 79.
943 847 1267 911 Possumus
1294 848 1483 909 etiam
1518 848 1743 911 addere
1768 850 1934 929 ipsos
1963 849 2084 909 ‹1ae-

524 960 740 1003 mones
776 946 1011 1003 coactos
1049 942 1239 1003 fuisse
1287 942 1603 1003 interdum
1638 943 1715 1003 ad
1757 942 2084 1004 ferendum

523 1035 943 1097 testimonium
1004 1053 1117 1115 pro
1180 1036 1441 1097 veritate
1510 1035 1699 1115 hujus
1760 1036 2078 1098 doctrinas.

522 1128 703 1203 Nam,
734 1128 877 1189 licet
912 1129 1335 1195 testimonium
1364 1129 1661 1191 daemonis
1688 1148 1797 1210 per
1834 1149 1899 1191 se
1940 1130 2082 1190 nul·

521 1219 642 1281 lius
670 1220 749 1281 sit
788 1222 1195 1297 auctoritatis»,
1224 1222 1370 1303 quia
1412 1228 1503 1283 est
1540 1228 1721 1302 pater
1757 1224 2076 1299 mendacii,

522 1319 585 1373 et
626 1314 679 1375 si
708 1315 1021 1379 interdum
1050 1315 1281 1395 aliquid
1312 1332 1526 1377 verum
1554 1315 1723 1392 dicit,
1751 1322 1845 1377 est
1864 1317 2079 1379 animo

516 1404 799 1483 fallendi,
831 1414 903 1469 ut
948 1408 1014 1471 in
1066 1408 1205 1471 aliis
1241 1408 1519 1489 decipere
1547 1410 1777 1489 possit,
1809 1410 1926 1471 hoc
1981 1412 2079 1471 ni·

520 1501 749 1563 mirum
781 1520 999 1565 verum
1035 1509 1127 1565 est
1148 1502 1397 1584 quando
1434 1503 1563 1583 ipse
1608 1521 1721 1564 sua
1756 1504 2079 1566 voluntate

520 1602 587 1657 et
610 1602 947 1675 spontanee
993 1596 1313 1676 loquitur-3
1359 1602 1425 1658 at
1472 1614 1641 1671 vero,
1688 1598 1936 1676 quando
1986 1598 2079 1659 di-

520 1690 667 1751 vina
693 1691 919 1750 virtute
948 1689 1212 1767 cogitur,
1234 1694 1303 1751 ut
1328 1691 1529 1753 credat
1557 1696 1611 1752 ct
1640 1692 2076 1767 contremiscat,

522 1784 698 1845 etita
726 1784 1050 1845 veritatem
1076 1784 1365 1860 fateatur,
1391 1790 1539 1845 tunc
1568 1802 1865 1863 magnum
1896 1803 2078 1864 argu·

522 1881 803 1938 mentum
862 1876 1007 1939 iude
1062 1877 1327 1939 sumitur
1399 1877 1675 1940 veritatis
1740 1877 2077 1953 doctrinae3

522 1968 670 2047 quia
698 1986 827 2031 non
868 1976 1067 2050 potest
1099 1972 1233 2049 cogi
1268 1972 1512 2033 demon
1544 1970 1623 2031 ad
1656 1971 2080 2033 testimonium

520 2061 845 2126 ferendum
884 2070 1097 2126 contra
1146 2084 1211 2127 se
1254 2064 1483 2143 ipsum,
1530 2064 1654 2125 nisi
1688 2064 1903 2126 divina
1947 2066 2079 2126 vir·

519 2161 655 2217 tute
678 2164 961 2234 coactus3
1016 2164 1077 2219 et
1114 2160 1301 2220 etiam
1340 2157 1459 2220 hoc
1498 2164 1867 2235 argumento
1894 2164 2081 2219 utun-

521 2254 627 2313 tur
654 2252 863 2313 Sancti
880 2253 1113 2328 Patres,
1151 2258 1213 2313 et
1258 2251 1455 2316 videri
1490 2251 1679 2313 etiam
1708 2258 1962 2330 possunt
1985 2268 2080 2313 sa·-

522 2362 643 2405 rrae
694 2345 977 2407 Historiae
996 2391 1016 2422 ,
1066 2351 1131 2407 et
1178 2346 1521 2426 praesertim
1552 2344 1870 2421 Ruffinus‚
1918 2346 2078 2407 libro

520 2438 726 2517 primo
754 2439 1003 2513 Hister„
1040 2440 1239 2519 capite
1283 2438 1647 2512 undecimo,
1694 2444 1759 2499 et
1798 2437 1958 2501 libro
1985 2458 2078 2500 se·

522 2532 745 2606 cunda,
786 2550 923 2613 cap.
958 2535 1029 2605 4;
1067 2539 1131 2595 et
1176 2533 1529 2613 Nicephor.,
1569 2533 1677 2594 lib.
1713 2536 1785 2594 11
1822 2534 2078 2609 Histor„

520 2644 657 2705 cap.
684 2628 761 2689 27
780 2642 799 2703 3
830 2634 891 2689 et
909 2628 1265 2707 Tripartita,
1297 2627 1405 2689 lib.
1438 2629 1501 2703 2,
1532 2646 1665 2707 rap.
1694 2630 1797 2689 21.

600 2722 661 2783 6.
707 2722 1023 2800 Martyres
1062 2723 1267 2795 etiam,
1306 2722 1547 2801 junctis
1591 2722 1885 2801 martyrii
1923 2723 2082 2801 ipso-

520 2831 657 2875 rum
701 2815 1197 2885 circumstantiis,
1222 2846 1305 2861 -
1336 2815 1549 2876 Prima
1590 2816 2076 2879 circumstantia.

518 2941 602 2955 —
632 2908 1251 2973 Secunda—Tertia
1268 2940 1352 2955 -
1372 2908 1629 2983 Quarta.
1646 2940 1727 2955 -—-
1750 2910 2084 2983 Quinta.—

519 3002 613 3063 Ad
665 3002 833 3063 hunc
882 3002 1087 3063 locum
1132 3008 1365 3080 spectat
1412 3002 1601 3063 etiam
1654 3002 2081 3063 testimouium

518 3096 889 3175 Martyrum,
918 3096 1027 3173 qui
1053 3095 1197 3155 inde
1220 3095 1411 3155 etiam
1430 3112 1662 3157 nomen
1689 3103 2079 3175 acceperunt,

519 3187 685 3267 quod
740 3205 850 3249 suo
902 3187 1209 3266 sanguine
1254 3205 1555 3266 magnum
1617 3188 1763 3250 fidei
1808 3190 2082 3249 testimo-

518 3280 697 3341 nium
752 3278 1177 3360 praebuerunt,
1234 3287 1299 3342 et
1341 3282 1431 3343 ita
1476 3282 1835 3361 frequenter
1882 3284 2082 3344 sancti

519 3373 709 3437 etiam
756 3382 1019 3436 utuntur
1064 3374 1185 3437 hoc
1234 3384 1605 3455 argumento
1631 3381 1674 3438 ¹.
1716 3378 1821 3438 Est
1868 3384 2080 3439 tamen

519 3468 969 3531 advertendum
996 3471 1523 3549 perseverantiam
1564 3471 1751 3532 unius
1802 3470 1903 3531 vel
1944 3470 2082 3550 plu-

518 3562 685 3623 rium
727 3562 1052 3625 hominum
1098 3565 1165 3627 in
1194 3563 1544 3625 confitenda
1580 3564 1793 3644 aliqua
1820 3566 2080 3626 veritate

520 3674 715 3733 usque
774 3656 851 3718 ad
918 3664 1205 3735 mortem,
1265 3676 1390 3719 non
1442 3677 1573 3719 esse
1636 3666 2082 3735 argumentum

518 3749 833 3813 sufficiens
863 3753 1140 3814 veritatis
1166 3760 1275 3815 aut
1299 3754 1641 3815 testimonii
1668 3754 1900 3828 divini3
1932 3770 2080 3813 nam

520 3844 701 3905 multi
722 3843 995 3907 haeretici
1019 3865 1131 3926 pro
1157 3865 1225 3907 su
1236 3847 1285 3907 is
1314 3846 1625 3911 erroribus
1654 3847 1885 3908 mortui
1911 3852 2077 3923 sunt,

518 3936 900 3999 affirmantes
928 3957 993 3999 se
1022 3940 1183 4000 mori
1222 3945 1474 4020 propter
1493 3940 1801 4001 Christum
1828 3940 2082 4019 ejusque

520 4030 887 4093 doctrinam.
945 4032 1119 4095 Unde
1174 4033 1587 4113 Nicephorus,
1644 4032 1804 4093 libro
1862 4041 2082 4111 quarto

517 4122 773 4199 Hister„
806 4126 1006 4203 capite
1036 4126 1333 4204 vigesimo
1374 4126 1581 4200 terti0,
1622 4144 1695 4185 ex
1740 4124 2082 4203 Apollinari

519 4216 707 4277 refert
726 4216 857 4279 hoec
886 4218 1112 4279 verba:
1144 4218 1367 4281 Plures
1394 4219 1647 4280 haereses
1668 4218 1737 4279 dc
1759 4220 1891 4279 suis
1918 4236 2082 4279 mar-

518 4311 761 4389 tyribus
786 4311 1156 4391 florianam
1192 4330 1311 4373 uon
1338 4310 1535 4373 tamen
1552 4316 1868 4391 propterea
1894 4312 1962 4372 in
1985 4330 2080 4374 ea-

516 4420 653 4463 rum
697 4406 1023 4467 sententias
1068 4406 1253 4466 imus.
1304 4404 1469 4465 Idem
1512 4410 1687 4465 notat
1738 4404 2077 4479 Eusebius,

518 4495 627 4557 lib.
659 4500 695 4557 5
722 4498 906 4574 nist„
949 4517 1080 4578 cap.
1122 4500 1219 4572 ⁴5,
1248 4499 1317 4559 in
1349 4498 1511 4575 fiue3
1556 4504 1623 4559 et
1660 4498 1739 4559 de
1766 4497 2080 4559 Massalia-

518 4590 617 4651 nis
672 4590 941 4651 affirmat
982 4592 1147 4653 idem
1196 4590 1531 4671 Epiphan.,
1564 4592 1790 4653 Herses
1846 4592 1964 4665 803
2001 4592 2078 4652 de

518 4684 937 4763 Anabaptistis
967 4686 1342 4760 BernarduS,
1366 4702 1635 4746 sermon.
1660 4686 1739 4745 66
1764 4684 1827 4745 in
1860 4685 2077 4763 Cant.;

520 4788 583 4841 et
618 4779 695 4840 de
736 4780 1062 4840 Donatistis
1104 4780 1511 4859 Augustinus,
1549 4779 1799 4859 Epistol.
1831 4781 1937 4856 65,
1971 4779 2079 4859 qui

521 4879 867 4953 propterea,
918 4873 985 4932 in
1030 4872 1139 4933 lib.
1198 4876 1228 4932 1
1279 4873 1355 4935 de
1406 4874 1687 4934 Sermon.
1728 4872 1978 4934 Domini
2011 4873 2079 4934 in

521 4974 759 5041 monte,
788 4984 922 5046 cap.
955 4969 1019 5040 Υ5,
1048 4966 1255 5047 inquit
1284 4988 1298 5027 :
1334 4968 1525 5029 Multi
1554 4968 1826 5030 heretici
1844 4969 2082 5030 nomine

526 5060 878 5123 Christiano
904 5062 1145 5122 animas
1186 5062 1559 5139 decipientes,
1586 5063 1780 5122 multa
1818 5061 1949 5123 alia
1969 5078 2082 5141 pa-

520 5156 785 5225 tiuntur,
811 5154 914 5217 sed
939 5156 1064 5215 ideo
1110 5154 1507 5216 excluduntur
1532 5156 1606 5216 ab
1632 5156 1757 5216 icta
1798 5154 2078 5227 mercede,

520 5248 666 5329 qnia
723 5266 839 5308 aon
884 5252 1132 5327 propter
1172 5248 1493 5326 justitiam
1536 5250 1864 5328 patiuntur
1894 5271 1921 5319 ;
1975 5248 2082 5310 ubi

520 5341 673 5402 enim
702 5358 844 5403 vera
858 5342 1007 5420 fides
1028 5358 1143 5403 non
1164 5346 1275 5417 cst,
1302 5358 1421 5403 uon
1438 5346 1631 5421 potest
1650 5358 1772 5403 esse
1784 5342 2044 5420 justitia
2056 5363 2085 5413 ‚·

602 5529 623 5567 ⁸
669 5474 933 5589 Consule
956 5526 1003 5589 l.
1036 5529 1065 5588 1
1090 5525 1473 5589 Defensionis
1500 5525 1673 5603 fidei,
1698 5544 1833 5607 cap.
1868 5529 1971 5589 19.

1110 370 1349 424 mSPUT.
1386 372 1467 425 w.
1502 372 1585 424 DE
1617 370 2060 425 puorosl‘rtonss
2093 370 2339 425 oswen
2367 372 2534 425 FIDE!
2565 372 2982 437 sumcinmss,
3017 372 3151 429 mc.

2163 475 2314 553 quia
2339 492 2486 536 vero
2507 474 2625 535 hoc
2653 475 2854 554 ipsum
2905 482 3021 551 est,
3051 477 3216 556 quod
3239 483 3480 559 oportet
3501 478 3724 539 discer-

2165 586 2338 643 nere,
2369 569 2646 649 quande,
2671 568 2928 645 scilicet,
2961 578 3192 633 mortes
3219 580 3567 651 martyrum
3603 573 3726 633 ‘sint

2164 669 2416 743 propter
2438 662 2766 741 justitiam,
2809 669 2871 725 et
2899 664 2986 724 ita
3015 664 3145 725 sint
3181 666 3537 726 testimonia
3573 680 3724 726 verae

2165 754 2333 831 fidei,
2363 754 2506 816 ideo
2545 756 3008 817 considerandae
3043 764 3190 818 stmt
3231 757 3576 837 peculiares
3603 758 3724 818 cir-

2163 849 2548 909 cnmstantiae
2563 848 3016 911 catholicorum
3047 857 3418 930 martyrum.
3448 852 3584 913 Una
3609 858 3721 925 est,

2165 941 2314 1020 quia
2339 948 2486 1002 suut
2523 942 2590 1002 in
2635 942 2835 1003 multo
2867 943 3094 1023 majori
3140 943 3536 1005 multitudine
3559 958 3582 1021 ;
3609 962 3724 1023 pro

2163 1034 2300 1095 aliis
2327 1036 2495 1095 enim
2539 1037 2737 1111 sectis,
2781 1037 2906 1097 rari
2933 1044 3080 1098 sunt
3104 1038 3214 1119 qui
3248 1042 3512 1099 mortem
3543 1039 3728 1099 susti-

2160 1134 2390 1202 neant3
2428 1146 2538 1207 pro
2567 1127 2690 1191 fide
2731 1136 2938 1191 autem
2965 1131 3332 1207 Christiana,
3365 1132 3729 1192 innumera-

2159 1220 2312 1284 biles
2341 1222 2516 1285 tuere
2563 1230 2908 1303 martyres,
2949 1232 3022 1285 ut
3057 1226 3282 1287 nostris
3327 1226 3516 1287 etiam
3569 1232 3730 1289 tcm-

2159 1316 2410 1397 poribus
2439 1318 2640 1379 visum
2673 1325 2790 1394 est,
2821 1326 2886 1380 et
2919 1319 3098 1398 plura
3123 1318 3422 1397 leguntur
3463 1323 3534 1383 in
3561 1321 3727 1388 Hist,

2159 1408 2412 1486 Ecclee„
2441 1416 2504 1471 et
2535 1413 2872 1491 praesertim
2897 1412 3094 1475 videri
3131 1420 3331 1492 potest
3351 1414 3566 1476 Victor
3597 1414 3730 1475 Uti·

2159 1504 2380 1578 censis,
2427 1503 2470 1563 1.
2515 1509 2546 1564 1
2609 1504 2688 1566 de
2730 1507 3034 1567 Persecut.
3090 1507 3320 1583 Vand.,
3367 1514 3432 1568 et
3471 1506 3726 1583 Euseb„

2159 1596 2272 1657 lib.
2305 1600 2342 1657 5
2372 1597 2627 1675 Histor„
2655 1616 2770 1678 per
2811 1604 3048 1676 totum,
3081 1606 3144 1661 et
3184 1600 3291 1661 lib.
3327 1604 3388 1676 7,
3431 1619 3568 1681 cap.
3607 1602 3727 1678 ¹93

2163 1688 2444 1770 Niceph.,
2477 1690 2588 1753 lib.
2625 1694 2686 1767 7,
2725 1699 2784 1753 et
2822 1691 2932 1751 lib.
2957 1694 3021 1765 8,
3051 1712 3186 1773 cap.
3235 1694 3336 1767 36,
3367 1698 3430 1753 et
3471 1692 3581 1754 lib.
3623 1696 3727 1768 10,

2161 1802 2212 1846 c.
2242 1786 2315 1845 9.’
2331 1785 2634 1859 Secundo,
2665 1786 3104 1865 ponderandus
3127 1793 3218 1847 est
3243 1787 3462 1848 modus
3487 1788 3734 1867 patien-

2159 1878 2248 1954 di,
2280 1896 2408 1938 nou
2431 1879 2632 1941 solum
2659 1898 2840 1959 aequo
2861 1880 3095 1953 anime,
3127 1886 3200 1940 ut
3219 1898 3404 1959 supra
3421 1880 3580 1942 dixit
3602 1883 3732 1942 Au·-

2161 1972 2472 2049 gustinus,
2515 1974 2619 2033 sed
2666 1976 2854 2035 etiam
2911 1990 3154 2033 summa
3211 1973 3452 2051 laetitia,
3487 1982 3552 2036 et
3579 1992 3728 2035 cum

2161 2064 2406 2142 maguis
2421 2066 2616 2143 signis
2631 2064 3000 2126 innocentiae
3021 2072 3086 2126 et
3103 2066 3467 2141 sanctitatis,
3489 2073 3552 2127 et
3567 2084 3733 2146 saepe

2161 2160 2350 2219 etiam
2372 2159 2824 2237 sapientissima
2845 2176 3157 2239 respon-sa,
3185 2166 3248 2219 et
3273 2160 3542 2221 rationes
3561 2160 3734 2243 plus-

2159 2268 2350 2331 quam
2385 2252 2694 2313 humanas
2743 2270 2871 2313 suoe
2909 2252 3055 2313 fidei
3093 2253 3440 2313 reddentes.
3477 2254 3735 2315 Accedit

2159 2346 2342 2406 tertio
2377 2346 2544 2426 quod
2583 2364 2710 2407 non
2739 2346 2940 2407 solum
2969 2346 3121 2423 viri,
3162 2347 3264 2408 sed
3312 2346 3502 2407 etiam
3541 2347 3732 2407 femi-

2159 2458 2280 2515 noe,
2311 2446 2373 2501 et
2411 2458 2534 2501 non
2577 2441 2778 2503 solum
2807 2447 3112 2521 provectas
3145 2442 3367 2515 oetatis,
3395 2442 3504 2501 sad
3533 2444 3732 2502 otiam

2160 2534 2416 2614 puerilis
2443 2534 2726 2597 eamdem
2753 2535 2952 2595 animi
2977 2536 3410 2612 constantiam,
3444 2534 3738 2597 alacrita-

2160 2634 2312 2704 tem,
2343 2633 2406 2689 et
2445 2628 2815 2707 sapientiam
2845 2629 2912 2689 in
2943 2630 3069 2689 suis
3097 2630 3413 2708 martyriis
3440 2628 3735 2689 ostende·

2159 2729 2326 2784 runt.
2357 2724 2612 2798 Quart0,
2635 2722 2938 2783 accedunt
2963 2722 3208 2783 infinita
3245 2722 3550 2802 prodigia,
3585 2740 3734 2801 quae

2162 2816 2520 2877 accidebant
2549 2816 2701 2876 dum
2729 2816 3033 2895 Martyres
3056 2815 3476 2895 patiebantur,
3509 2822 3574 2876 et
3596 2834 3734 2875 non

2161 2906 2361 2968 solum
2389 2909 2456 2969 in
2482 2926 2696 2969 eorum
2725 2910 3053 2984 mortibuS,
3075 2908 3386 2970 sedetiam
3417 2916 3628 2989 postea
3661 2910 3736 2969 in

2163 3016 2378 3061 eorum
2409 3000 2666 3062 tumulis
2693 3009 2756 3063 et
2779 3002 3140 3081 sepulchris,
3175 3008 3248 3062 ut
3282 3008 3372 3063 est
3405 3008 3630 3063 notum
3663 3002 3736 3063 in

2163 3091 2471 3169 historiis3
2521 3102 2584 3156 et
2633 3094 2829 3156 videri
2868 3102 3067 3175 potest
3103 3094 3380 3174 Niceph„
3414 3094 3456 3156 l.
3489 3097 3552 3170 3,
3581 3112 3730 3174 cap.

2163 3188 2266 3261 29,
2295 3191 2358 3245 et
2385 3186 2430 3247 1.
2473 3191 2536 3261 4,
2563 3206 2618 3247 c.
2654 3190 2754 3249 27.
2797 3188 3070 3268 Denique
3101 3188 3574 3249 considerarunt
3617 3190 3738 3247 Pa-

2163 3286 2287 3341 tres
2329 3298 2439 3360 pcr
2465 3287 2560 3341 tot
2598 3281 2927 3343 hominum
2979 3287 3204 3342 mortes
3233 3298 3360 3341 non
3388 3280 3578 3342 fuisse
3609 3282 3735 3342 Ec-

2161 3374 2407 3435 clesiam
2436 3374 2837 3451 diminutam,
2875 3376 2982 3436 sed
3007 3375 3211 3455 potius
3235 3377 3468 3436 mirum
3497 3377 3563 3437 in
3595 3394 3740 3437 mo·

2161 3468 2310 3528 dum
2339 3475 2614 3545 auctam,
2648 3470 2798 3549 quia
2825 3469 3071 3549 rimula
3115 3486 3314 3548 crana
3339 3488 3474 3551 quoe
3500 3472 3569 3531 in
3609 3477 3738 3531 ter-

2159 3582 2296 3624 ram
2339 3562 2660 3639 cadebant,
2701 3564 3114 3643 multiplicata
3160 3565 3616 3636 enascehantur,
3657 3572 3740 3623 ut

2162 3656 2320 3715 dixit
2351 3656 2472 3715 Leo
2493 3657 2790 3733 Magnus,
2821 3674 3006 3717 serm.
3041 3660 3066 3716 1
3103 3656 3184 3717 de
3208 3656 3514 3735 Apostolis
3545 3658 3740 3717 Petro

2162 3754 2224 3811 et
2245 3749 2468 3826 Paulo;
2488 3756 2552 3810 et
2569 3750 2850 3809 Justinus
2877 3750 3136 3828 Martyr,
3162 3749 3395 3828 Dialog.
3421 3768 3562 3809 cum
3585 3750 3740 3809 Tri·

2161 3842 2389 3921 phone,
2421 3843 2620 3903 multo
2667 3849 2812 3903 ante
2860 3842 3076 3918 finem,
3120 3842 3318 3903 citans
3355 3842 3512 3903 illud
3563 3842 3732 3905 Psal.

2164 3937 2280 3997 12⁷
2319 3951 2335 3994 ι
2375 3937 2542 3999 Uxor
2589 3941 2697 3998 tua
2745 3938 2904 3997 siout
2947 3936 3098 3997 vicis
3147 3936 3460 3998 abundans
3479 3982 3500 4011 ,
3547 3936 3736 4011 dicit,

2161 4031 2320 4090 sicut
2347 4030 2529 4090 vinea
2555 4030 2774 4089 crescit
2799 4028 2950 4091 dum
2981 4036 3254 4108 putatur,
3279 4030 3367 4089 ita
3391 4028 3738 4089 Ecclesiam

2161 4124 2425 4185 crevisse
2449 4142 2560 4203 per
2581 4140 2724 4183 suos
2751 4130 3076 4203 martyres,
3101 4125 3186 4183 Dc
3207 4140 3334 4202 quo
3349 4130 3740 4200 argumento

2159 4216 2341 4296 plura
2389 4217 2579 4277 videri
2621 4222 2878 4296 possunt
2927 4218 2994 4275 iu
3039 4216 3330 4295 Cyprian.
3377 4218 3469 4294 (si
3515 4224 3739 4277 tamen

2161 4312 2454 4390 Cypriani
2474 4310 2740 4387 est),lib.
2771 4310 2850 4371 de
2871 4310 3107 4391 Duplici
3135 4310 3464 4389 martyrio,
3490 4318 3552 4371 et
3579 4313 3736 4372 Ter-

2157 4404 2272 4465 tul.
2283 4448 2303 4479 ,
2333 4404 2400 4464 in
2437 4404 2726 4483 Apolog„
2754 4403 2916 4465 circa
2941 4403 3172 4480 finem3
3212 4404 3503 4482 August„
3540 4403 3618 4465 18
3647 4404 3742 4465 de

2160 4498 2368 4573 civit„
2395 4516 2451 4557 c.
2479 4500 2579 4561 50.
2703 4538 2710 4545 -

2241 4593 2300 4655 7.
2342 4593 2546 4657 Testes
2587 4610 2812 4673 quoquc
2855 4591 3175 4670 Propheta?
3197 4596 3360 4651 sunt.
3394 4624 3472 4637 --
3504 4591 3698 4651 Docto
3727 4626 3742 4635 -

2159 4706 2256 4751 res
2293 4695 2468 4750 testes
2504 4688 2678 4749 habet
2719 4685 3021 4748 Ecclesia.
3073 4716 3156 4733 -·
3199 4684 3450 4747 Accedit
3489 4684 3744 4746 tandem

2160 4780 2482 4844 multando
2505 4779 2862 4859 populorum
2881 4778 2985 4839 ubi
3007 4796 3229 4856 moyna
3253 4780 3553 4840 sanctitas
3573 4794 3649 4839 σω
3665 4778 3744 4839 οἱ

2161 4876 2443 4936 doctrinoe
2475 4874 2620 4952 fidei
2635 4874 2834 4935 clucet.
2861 4904 2944 4919 -
2965 4872 3242 4951 Denique
3275 4871 3441 4931 iuter
3467 4872 3582 4932 hos
3605 4878 3741 4933 tes·

2161 4974 2251 5028 tes
2271 4966 2418 5029 fidei
2451 4967 2718 5029 maxime
2745 4966 3064 5025 numerari
3091 4970 3346 5045 possunt
3383 4964 3740 5045 prophetae,

2160 5079 2426 5142 quorum
2458 5061 2748 5121 vaticinia
2777 5077 2890 5139 per
2915 5076 2980 5119 se
3009 5058 3398 5119 sufficiebant
3425 5059 3506 5119 ad
3533 5059 3674 5119 cred
3685 5059 3744 5119 i·-

2161 5153 2461 5213 bilitatem
2501 5152 2644 5214 fidei
2672 5152 3189 5227 confirmandam,
3237 5157 3311 5212 ut
3355 5151 3744 5231 significavit

2165 5249 2231 5308 D.
2259 5247 2478 5308 Thom.
2515 5249 2544 5306 1
2572 5247 2754 5307 Gont-
2783 5251 2982 5326 gent„
3015 5262 3152 5324 cap.
3178 5247 3222 5307 6
3237 5266 3257 5321 ;
3297 5262 3445 5305 nam
3473 5245 3746 5325 proedic-

2161 5343 2250 5402 tio
2289 5358 2436 5401 vera
2465 5340 2821 5401 futurorum
2849 5338 3366 5418 contingentium,
3407 5356 3522 5417 per
3547 5356 3614 5399 se
3639 5337 3742 5397 lo-

2161 5435 2432 5515 quendo,
2471 5440 2562 5495 est
2591 5433 2840 5513 propria
2867 5432 2996 5507 Dei,
3039 5436 3188 5511 quia
3233 5430 3396 5492 solus
3436 5430 3566 5511 ipse
3610 5431 3746 5491 vir-

2161 5532 2296 5589 tute
2319 5544 2434 5589 sua
2471 5526 2768 5611 praevidet
2806 5525 3016 5588 futura
3055 5524 3522 5605 contingentia3
3561 5524 3746 5605 quod
