3900 6217
437 372 560 440 398

1047 631 1262 686 sceno
1295 633 1377 685 Vl.

453 820 669 883 Utrum
700 822 950 900 propter
973 822 1286 901 peccatum
1314 823 1524 886 contra
1569 819 1762 882 solam
1800 826 1999 885 eeter-

521 931 660 975 nam
711 912 1130 992 comessionem
1173 910 1336 992 fidei,
1387 911 1596 996 aliqua
1641 929 1825 994 poma
1866 913 1999 996 ipso

506 1006 655 1085 jure
685 1005 1083 1070 incurratur?

521 1233 551 1295 1
565 1275 580 1289 .
619 1230 958 1298 ,Peccatum
981 1235 1189 1292 contra
1207 1228 1626 1307 consessionem
1647 1230 1790 1309 fidoi
1801 1234 2005 1310 potest

442 1324 728 1388 Ecclesia
777 1325 1017 1404 martire.
1047 1312 1130 1370 ·'—-
1157 1323 1438 1386 Diximus
1492 1323 1574 1382 de
1626 1321 2004 1400 obligatione

440 1417 773 1480 confitendi
805 1416 1018 1492 fidem,
1051 1423 1113 1476 et
1153 1417 1231 1476 de
1273 1415 1470 1478 modis
1515 1415 1744 1493 quibus
1789 1421 2006 1477 contra

437 1511 612 1572 illam
647 1515 934 1588 peccatur
947 1525 966 1585 ;
1008 1515 1306 1588 superest,
1353 1509 1434 1568 611
1484 1507 2006 1587 complementum

440 1601 630 1681 hujus
663 1602 962 1680 materiae,
1007 1608 1077 1661 ut
1123 1602 1200 1662 de
1231 1619 1419 1680 poena
1452 1619 1588 1680 quae
1629 1600 1772 1662 huic
1809 1600 2007 1680 culpae

442 1695 922 1774 correspondere
973 1702 1193 1774 potest,
1247 1695 1518 1756 breviter
1551 1693 1851 1754 dicamus.
1899 1695 2007 1753 Est

440 1796 650 1856 autem
688 1805 890 1850 sermo
919 1789 994 1849 de
1023 1787 1440 1850 ecclesiasticis
1481 1787 1700 1866 poenis,
1733 1805 1877 1848 nam
1923 1788 2003 1849 de

437 1901 622 1963 poena
649 1901 790 1962 quae
825 1882 1264 1961 correspondet
1301 1883 1367 1942 in
1396 1882 1532 1942 foro
1557 1881 1668 1942 Dei
1701 1899 1828 1942 606
1851 1897 2007 1960 011116

441 1981 530 2036 est
556 1993 768 2054 agere3
797 1975 955 2036 nihil
981 1975 1150 2035 enim
1183 1975 1487 2053 peculiare
1512 1975 1579 2034 in
1609 1974 1725 2034 hoc
1756 1980 2005 2054 peccato

439 2069 783 2131 revelatum
831 2076 945 2143 est,
999 2075 1220 2147 praeter
1267 2087 1340 2130 ea
1387 2083 1526 2147 quse
1573 2069 1807 2130 caeteris
1859 2073 2005 2128 sunt

440 2162 830 2237 communia;
877 2161 1284 2241 supponimus
1335 2167 1542 2222 autem
1586 2177 1762 2240 posse
1801 2161 2006 2222 Eccle-

439 2255 594 2316 siam
641 2253 774 2316 haec
811 2260 1067 2333 peccata
1109 2254 1358 2334 punire,
1413 2253 1602 2314 etiam
1649 2271 1835 2332 poena
1871 2255 2005 2334 ipso

433 2347 576 2424 jure
599 2346 746 2422 lata,
797 2348 946 2426 quia
979 2353 1124 2406 sunt
1158 2353 1408 2425 peccata
1435 2352 1689 2406 externa
1723 2353 1786 2406 et
1812 2346 2007 2406 sensi-

441 2439 616 2514 bilia,
645 2456 784 2518 quae
798 2439 1118 2518 subjacent
1141 2439 1278 2502 foro
1297 2439 1600 2514 Ecclesiae,
1627 2439 1872 2499 etiamsi
1897 2455 2007 2517 per

441 2531 592 2592 talia
633 2537 878 2610 peccata
903 2531 1058 2593 fides
1089 2531 1338 2592 interna
1387 2547 1516 2590 non
1565 2537 1832 2609 negetur
1847 2546 1866 2607 3
1919 2531 2009 2590 sic

443 2625 611 2685 enim
639 2625 954 2686 consuevit
981 2623 1248 2685 Ecclesia
1275 2626 1498 2705 punire
1525 2641 1740 2702 magos
1757 2630 1822 2686 et
1848 2624 2007 2685 ario·

441 2719 554 2794 los,
587 2718 829 2794 16111166,
881 2725 944 2781 et
993 2719 1244 2793 61161166,
1275 2719 1385 2797 qui
1427 2719 1738 2779 daemones
1768 2718 2004 2793 colunt,

441 2812 540 2873 vel
587 2818 764 2891 pacta
793 2829 936 2872 cum
984 2810 1106 2872 illis
1151 2811 1407 2888 habent,
1457 2811 1700 2874 etiamsi
1734 2811 2009 2872 haeretici

442 2907 686 2986 proprie
712 2923 838 2966 non
872 2906 1020 2977 sint,
1062 2911 1133 2964 ut
1168 2905 1376 2965 videre
1409 2905 1552 2965 licet
1579 2905 1647 2964 in
1669 2905 2007 2966 Directorio

443 2997 908 3078 Inquisitorum,
935 3003 1094 3078 part.
1133 2999 1195 3072 2,
1228 3002 1444 3078 quaest.
1482 2999 1555 3060 43
1596 3003 1657 3057 et
1699 2996 2008 3076 sequenti-

443 3091 558 3152 hus
575 3107 595 3166 ;
629 3096 691 3152 et
711 3091 1011 3164 Simanc.‚
1039 3092 1104 3150 in
1133 3089 1463 3151 Catholicis
1490 3089 2006 3168 institutionibuS,

443 3185 540 3244 tit.
574 3185 650 3244 32
682 3188 743 3244 et
767 3185 843 3243 37
857 3199 877 3260 3
906 3190 968 3243 et
995 3183 1227 3256 Castro,
1246 3181 1358 3242 lib.
1392 3186 1418 3242 1
1455 3183 1532 3243 de
1553 3183 1728 3244 Justa
1754 3182 2004 3244 haercti-

445 3295 660 3338 corum
679 3277 1027 3355 punitione,
1057 3294 1189 3358 cap.
1221 3278 1296 3336 22
1323 3281 1384 3336 et
1410 3275 1837 3356 sequentibus,
1860 3295 2006 3338 cum

447 3388 596 3448 ergo
627 3371 728 3434 ,de
769 3374 1068 3450 potestate
1113 3375 1371 3441 constet,
1414 3369 1494 3430 de
1527 3369 1694 3430 facto
1743 3369 2007 3430 dubium

446 3467 538 3524 est
573 3481 656 3524 an
689 3461 829 3525 talis
859 3481 1046 3542 poena
1069 3463 1150 3523 sit
1173 3462 1322 3524 lata.

525 3558 586 3616 2.
633 3557 782 3630 Quae
794 3573 978 3637 poma
993 3554 1082 3620 sit
1097 3555 1384 3637 imposita
1403 3558 1617 3620 clerico
1633 3563 1907 3640 promoto
1931 3560 2017 3622 ad

444 3651 786 3730 beneficium
807 3696 824 3724 ,
878 3650 938 3712 si
978 3651 1124 3730 fidei
1163 3650 1587 3728 professionem
1640 3653 1903 3715 omittat.
1925 3681 2009 3698 -·

448 3741 678 3804 Deinde
717 3743 970 3804 adverto
997 3760 1074 3802 ex
1102 3740 1304 3817 dictis,
1353 3742 1596 3804 duobus
1643 3744 1841 3806 modis
1866 3763 2009 3824 pec-

444 3837 570 3897 cari
614 3853 790 3916 posse
831 3841 1048 3897 contra
1075 3835 1518 3896 confessionem
1545 3835 1715 3912 fidei,
1749 3838 2005 3910 scilicet,

445 3927 786 3992 omittendo
813 3928 986 3988 illam
1012 3934 1292 4008 tempore
1319 3927 1554 4004 debito,
1583 3929 1679 3989 vel
1723 3931 2007 3992 commit-

443 4022 634 4084 tendo
663 4022 1037 4084 contrariam
1078 4021 1497 4098 negationem.
1531 4023 1617 4082 De
1652 4021 1856 4100 primo
1901 4023 2008 4084 de-

443 4116 612 4176 fectu
643 4114 802 4176 nihil
827 4114 898 4176 in
920 4115 1192 4194 antiquis
1218 4115 1556 4176 canonibus
1583 4115 1856 4190 invenio,
1891 4133 2007 4176 nec

443 4209 558 4270 sub
604 4227 862 4272 censura
915 4215 1192 4285 cautum,
1249 4225 1364 4270 nec
1417 4209 1748 4288 punitum,
1804 4209 2005 4272 solum

446 4320 596 4382 ergo
623 4302 828 4382 quoad
855 4302 970 4364 1106
993 4302 1346 4364 membrum
1375 4301 1789 4362 animadverti
1807 4305 2007 4379 potest

447 4397 544 4458 lex
571 4396 700 4458 lata
717 4395 1042 4456 aConcilio
1073 4395 1456 4470 Tridentino,
1477 4396 1746 4454 sessione
1773 4395 1878 4468 24,
1911 4411 2009 4453 ca-

445 4491 572 4570 pite
589 4487 982 4563 duodecimo,
1009 4488 1086 4548 de
1111 4487 1595 4560 Reformatione,
1617 4485 1721 4545 ubi
1753 4485 2009 4548 clericus

445 4588 764 4663 promotus
792 4583 872 4642 ad
899 4581 1268 4642 beneficium
1307 4581 1544 4644 habeus
1565 4597 1878 4642 annexam
1903 4598 2011 4640 cu·

445 4694 580 4737 ram
609 4675 984 4750 animarum,
1017 4673 1119 4736 vel
1145 4675 1226 4736 ad
1273 4673 1728 4748 canonicatum,
1775 4679 1884 4734 aut
1916 4673 2010 4734 di-

446 4769 750 4848 gnitatem
800 4768 870 4827 in
919 4766 1194 4828 ecclesiis
1233 4765 1712 4842 cathedralibus,
1761 4767 1814 4827 si
1843 4766 2012 4825 intra

447 4861 600 4921 (1606
617 4877 860 4920 menses
884 4878 924 4919 a
951 4858 1051 4920 die
1079 4862 1482 4939 promotionis
1498 4876 1626 4920 61166
1647 4877 1772 4919 non
1797 4858 2014 4919 fecerit

447 4953 884 5032 professionem
906 4953 1054 5014 fidei
1074 4953 1258 5014 modo
1283 4953 1370 5014 ibi
1393 4953 1772 5032 praescriptO,
1805 4953 2010 5030 priva·

449 5053 551 5106 tur
577 5045 880 5108 fructibus
907 5045 1002 5111 sui
1031 5044 1340 5118 beneficii,
1370 5045 1568 5105 donec
1594 5043 1768 5104 illam
1795 5043 2005 5104 faciat.

451 5137 650 5202 verba
671 5137 928 5199 Concilii
945 5143 1091 5198 sunt
1115 5152 1132 5196 ε
1154 5135 1300 5200 Nou
1319 5137 1561 5212 saciant
1580 5140 1822 5214 fructus
1839 5153 2007 5211 suos,

449 5249 590 5310 quae
605 5230 797 5292 verba
811 5229 1113 5291 inducunt
1134 5246 1386 5308 poenam
1403 5230 1539 5307 ipso
1562 5228 1744 5303 facto,
1767 5234 1830 5289 et
1855 5228 2010 5288 obli-

449 5329 601 5402 gant
619 5324 690 5384 in
737 5322 1116 5386 conscientia
1147 5328 1294 5382 ante
1339 5339 1591 5383 omnem
1621 5317 2009 5400 punitionem

449 5417 528 5477 ad
555 5434 682 5478 non
709 5415 1066 5478 retinendos
1087 5417 1346 5491 tructus,
1359 5419 1658 5494 tanquam
1685 5433 1809 5475 non
1834 5433 2004 5490 suos;

451 5515 513 5573 et
541 5512 604 5570 in
633 5509 901 5571 sessione
929 5510 1034 5584 25,
1063 5527 1115 5570 6.
1145 5509 1187 5568 2
1220 5499 1824 5583 de‘Ret'ormatione,
1853 5525 2009 5588 prae-

1173 377 1409 443 mspm.
1445 383 1575 439 ΧΠ.
1609 385 1692 438 ΒΕ
1723 379 2060 438 PRAEGEPTO
2093 387 2293 442 ACTUS
2324 381 2693 440 Ex‘rssmoms
2724 385 2909 441 mum.

2079 495 2325 569 ceptum
2356 489 2609 568 ponitur
2639 487 2932 560 Praelatis,
2966 493 3041 549 ut
3074 487 3142 548 in
3166 489 3371 568 prima
3390 489 3623 570 Synodo

2080 588 2217 663 post
2269 599 2446 643 suam
2496 582 2951 662 promotionem
3006 581 3447 657 professionem
3492 583 3626 646 fidei

2078 675 2332 751 faciant,
2364 695 2553 754 quam
2596 675 2647 736 si
2677 675 3021 751 omiserint,
3051 673 3324 752 additur,
3358 681 3431 736 nt
3474 695 3625 736 com·

2080 769 2483 849 provinciales
2512 769 2777 848 episcopi
2824 767 3182 830 Pontificem
3220 774 3533 844 moneant,
3574 776 3630 831 et

2080 862 2332 923 interim
2381 880 2419 922 a
2472 862 2614 922 talis
2670 861 2905 942 proelati
2964 862 3401 922 communione
3458 861 3631 922 absti-

2080 960 2292 1029 neant,
2322 954 2486 1033 quod
2526 961 2617 1014 est
2665 953 2859 1014 veluti
2893 953 3179 1033 quaedam
3233 971 3514 1014 censura.
3554 957 3631 1015 Ac

2080 1049 2347 1126 denique
2372 1047 2519 1107 Pius
2544 1047 2622 1122 V,
2653 1047 2719 1106 in
2740 1045 3009 1124 quodam
3038 1053 3210 1106 motu
3240 1047 3513 1126 propria,
3534 1049 3631 1126 qui

2081 1140 2299 1219 incipit
2326 1159 2341 1199 ε
2374 1141 2458 1202 In
2495 1145 2911 1213 sacrosancta,
2935 1140 3631 1202 excommunicationem

2082 1236 2219 1313 ipso
2251 1233 2415 1294 facto
2446 1233 2612 1308 tulit,
2664 1251 2792 1292 non
2847 1237 2977 1293 tam
3034 1241 3252 1292 contra
3306 1241 3631 1311 promotu-³,

2083 1343 2273 1406 quam
2303 1331 2517 1387 contra
2546 1330 2977 1405 promoventes
3028 1325 3180 1384 alios
3221 1325 3301 1386 ad
3349 1325 3636 1386 beneficia

2085 1419 2313 1498 absque
2340 1417 2481 1480 fidei
2522 1418 2944 1498 professione;
2972 1417 3079 1477 sed
3114 1416 3220 1478 ille
3248 1436 3378 1478 11011
3404 1418 3637 1479 videtur

2085 1530 2200 1572 usu
2244 1515 2546 1590 receptus,
2600 1511 2679 1572 de
2746 1528 2870 1589 quo
2920 1509 3045 1589 legi
3098 1515 3299 1588 potest
3353 1511 3634 1585 Sanchcz,

2084 1603 2195 1666 lib.
2229 1607 2267 1666 2
2314 1605 2381 1664 16
2408 1602 2722 1682 Decalog.,
2764 1621 2898 1682 6611.
2934 1603 2995 1664 ὃ.
3040 1601 3119 1662 Et
3144 1603 3279 1664 haec
3332 1601 3409 1663 de
3448 1604 3637 1683 prima

2086 1695 2287 1776 culpa.

2166 1791 2227 1851 3.
2272 1788 2371 1851 An
2405 1789 2897 1874 negantes'fidem
2930 1790 3001 1850 in
3053 1789 3178 1851 solo
3225 1793 3375 1852 actu
3411 1793 3637 1852 externo

2077 1901 2291 1964 poenas
2348 1884 2763 1946 hereticorum
2814 1883 3165 1946 incurrant.
3221 1912 3305 1928 --
3355 1881 3639 1959 Affirmat

2088 1977 2443 2057 Cajetanus.
2468 2005 2551 2022 -·—
2576 1976 2745 2056 Ejus
2778 1975 3045 2058 primam
3074 1976 3639 2051 fundamentum.—

2091 2069 2553 2134 18666ηᾶ6911.-
2570 2067 2949 2132 Tertium.—-
2972 2066 3385 2142 Quartum.—·-
3404 2067 3472 2128 111
3495 2086 3639 2148 prce·

2086 2163 2245 2224 senti
2276 2181 2423 2223 vero
2464 2163 2772 2241 praecipue
2806 2163 3051 2240 agimus
3080 2162 3157 2222 de
3187 2167 3443 2242 peccato
3487 2179 3639 2222 cnm-

2086 2256 2396 2316 missionis
2414 2275 2527 2336 per
2544 2264 2861 2316 externam
2882 2255 3026 2315 fidei
3046 2256 3469 2334 negationem,
3489 2256 3639 2334 quod

2088 2367 2329 2428 semper
2358 2349 2477 2410 fuit
2504 2349 2585 2410 ab
2628 2349 2897 2410 Ecclesia
2926 2349 3291 2426 gravissime
3338 2349 3635 2428 punitum,

2084 2449 2157 2504 ut
2184 2448 2423 2504 constat
2477 2461 2553 2504 ex
2592 2442 2863 2504 Concilio
2890 2443 3241 2521 Ancyram,
3292 2439 3640 2522 perplures

2088 2553 2353 2597 canones
2369 2551 2389 2612 3
2417 2542 2478 2596 et
2502 2555 2578 2596 ex
2606 2534 2879 2597 Concilio
2908 2533 3267 2594 Eliberitan.
3306 2539 3332 2594 1
3373 2540 3435 2595 et
3458 2535 3519 2609 2,
3543 2533 3641 2593 ubi

2088 2633 2277 2690 etiam
2304 2631 2375 2690 in
2402 2629 2661 2690 articulo
2684 2630 2902 2690 mortis
2928 2628 3030 2688 isti
3058 2628 3503 2688 communione
3531 2627 3641 2705 pri-

2088 2722 2421 2796 vabantur,
2460 2723 2568 2801 qui
2600 2722 2773 2798 rigor
2830 2727 3035 2801 postea
3080 2725 3471 2799 temperatus
3509 2719 3637 2795 fuit,

2089 2821 2161 2875 ut
2198 2819 2437 2875 constat
2462 2831 2541 2874 ex
2566 2811 2781 2875 Siricio
2816 2815 3003 2892 Papa,
3034 2814 3099 2874 in
3122 2811 3385 2891 epistola
3415 2811 3493 2872 ad
3510 2811 3643 2872 Thi-

2088 2909 2381 2984 merium,
2422 2911 2947 2969 Tarraconensem
2990 2905 3389 2985 Episcopum,
3423 2925 3552 2986 cap.
3581 2907 3636 2980 3,

2088 3001 2347 3062 ubinon
2390 3001 2605 3076 latam,
2650 3000 2755 3060 sed
2799 2999 3118 3060 ferendam
3158 3000 3641 3060 excommunica·

2086 3099 2322 3156 tionem
2360 3094 2481 3155 illis
2510 3093 2712 3154 verbis
2740 3091 3091 3172 significat:
3130 3089 3293 3166 Quos
3340 3107 3379 3153 a
3428 3091 3641 3155 Christi

2088 3203 2329 3268 corpore
2347 3192 2406 3251 ot
2430 3188 2721 3269 sanyuine
2738 3186 3009 3250 abscindi
3024 3186 3301 3262 jubanus
3312 3211 3339 3258 ;
3362 3191 3426 3246 et
3448 3185 3634 3245 addit:

2092 3280 2371 3356 Quamdiu
2390 3279 2622 3352 vivunt,
2659 3285 2849 3357 ayant
2872 3277 3289 3360 poenitentiam
3306 3304 3334 3351 ;
3366 3277 3422 3339 st*
3458 3283 3642 3340 tamen

2085 3372 2471 3453 resipiscunt.
2522 3373 2609 3433 eis
2651 3375 2743 3434 est
2780 3369 2848 3432 in
2896 3371 3109 3434 ultimo
3146 3371 3277 3447 fine
3308 3370 3639 3432 reconcilia-

2090 3466 2275 3527 tionis
2330 3468 2542 3544 qratia
2588 3465 2925 3526 tribuenda.
2977 3463 3136 3523 Hinc
3180 3481 3333 3540 ergo
3380 3467 3640 3540 superest

2087 3557 2267 3619 nobis
2292 3558 2579 3636 quaestio,
2620 3575 2701 3617 an
2738 3558 2825 3617 sic
2874 3555 3031 3634 lapsi
3068 3559 3345 3618 exterius
3386 3557 3519 3616 sine
3556 3557 3639 3613 iu-

2088 3656 2268 3712 terna
2321 3649 2687 3712 infidelitate
2740 3650 2873 3729 ipso
2930 3649 3093 3710 facto
3156 3648 3641 3710 excommunica-

2086 3745 2273 3804 tionis
2299 3761 2571 3825 poenam,
2627 3744 2726 3804 vel
2776 3743 2927 3804 alias
2984 3742 3278 3819 apostatis
3334 3741 3637 3819 impositas

2088 3837 2427 3898 incurrant.
2492 3838 2646 3898 Nam
2686 3842 2925 3915 partem
2974 3833 3395 3894 affirmantem
3446 3831 3641 3892 docuit

2088 3931 2413 4008 Cajetanus
2442 3931 2505 3990 2.
2536 3931 2599 4004 2,
2657 3931 2877 4008 quaest.
2938 3928 3037 4002 12,
3080 3933 3198 3986 art.
3236 3927 3298 4001 1,
3336 3931 3398 3987 et
3434 3931 3632 4006 quaest.

2084 4028 2187 4102 94,
2222 4024 2395 4086 artic.
2446 4027 2506 4096 2,
2548 4023 2749 4101 primo
2782 4028 3035 4102 propter
3082 4019 3282 4080 multa
3324 4019 3471 4097 jura
3512 4033 3635 4096 quae

2086 4117 2363 4178 absolute
2423 4119 2511 4177 sic
2569 4115 2869 4200 puniunt.
2896 4115 3253 4192 Apostatas,
3308 4109 3633 4191 praesertim

2086 4229 2219 4289 cap.
2252 4214 2462 4272 contra
2504 4207 2905 4278 Christianos,
2928 4207 3006 4267 de
3037 4205 3376 4278 HaereticiS,
3408 4205 3473 4263 in
3500 4205 3554 4273 6,
3582 4207 3636 4262 et

2086 4303 2210 4364 alia
2235 4302 2434 4362 multa
2460 4302 2525 4361 111
2560 4301 2797 4361 Dec-ret.
2824 4302 2928 4374 26,
2956 4303 3178 4377 quaest.
3206 4300 3274 4368 Ἲς
3312 4307 3375 4357 ct
3402 4313 3477 4357 ex
3504 4295 3635 4356 Gre-

2088 4395 2261 4474 gorio
2290 4395 2392 4468 Xl,
2424 4393 2521 4453 lex
2560 4392 2889 4472 peculiaris
2922 4391 3190 4452 refertur
3214 4389 3283 4448 in
3312 4387 3635 4449 Directorio

2088 4486 2548 4566 inquisitorum,
2572 4487 2611 4547 2
2640 4492 2838 4565 parte,
2860 4485 3199 4564 quaestione
3218 4484 3326 4543 45.
3344 4481 3631 4553 Secundo,

2092 4581 2235 4660 quia
2288 4578 2555 4640 Ecclesia
2586 4597 2712 4640 non
2764 4579 2945 4655 punit
2978 4581 3151 4637 actus
3191 4577 3489 4649 internos,
3538 4571 3632 4632 sed

2090 4679 2379 4734 externos
2394 4688 2415 4749 3
2460 4673 2578 4732 1106
2623 4684 2835 4732 autem
2883 4669 3179 4730 delictum
3228 4669 3494 4728 exterius
3520 4665 3632 4724 fac·

2092 4772 2225 4825 tum
2248 4765 2521 4843 ejusdem
2544 4763 2805 4824 rationis
2822 4768 2935 4838 est,
2964 4763 3093 4823 sive
3112 4761 3222 4822 fiat
3240 4779 3383 4822 cum
3407 4760 3632 4820 interna

2090 4857 2493 4931 infidelitate,
2550 4857 2681 4916 sive
2735 4855 2966 4933 absque
3022 4853 3148 4916 illa.
3210 4853 3389 4914 Unde
3452 4848 3633 4911 multa

2091 4950 2318 5012 similia
2344 4949 2591 5023 delicta,
2622 4954 2694 5008 ut
2725 4948 2967 5026 Magius,
3000 4953 3061 5009 et
3090 4946 3343 5020 similia,
3378 4945 3632 5024 puniun-

2088 5050 2192 5105 tur
2214 5041 2293 5102 ab
2320 5041 2603 5115 Ecclesia,
2636 5041 2879 5101 etiamsi
2905 5041 3141 5118 absque
3165 5042 3408 5099 interna
3432 5035 3631 5096 infide·

2088 5137 2259 5198 litate
2274 5134 2401 5195 fian
2408 5140 2454 5210 t,
2468 5139 2537 5194 ut
2547 5134 2895 5212 specialiter
2904 5132 3280 5194 declaravit-l
3284 5149 3443 5192 061111
3454 5175 3467 5190 .
3484 5125 3630 5188 XXll

2086 5230 2156 5289 in
2184 5227 2475 5290 decretali
2506 5225 2779 5288 revelata
2810 5226 2879 5286 in
2928 5225 3091 5286 dicto
3140 5225 3471 5285 Directorio
3504 5221 3625 5281 431.

2088 5321 2317 5396 Tertio,
2366 5321 2517 5400 quia
2542 5320 2618 5380 de
2646 5317 2811 5380 facto
2845 5318 2947 5378 isti
2974 5317 3401 5392 absolvuntur,
3433 5321 3491 5374 et
3532 5313 3627 5372 Ec·

2088 5414 2285 5476 clesiae
2320 5413 2826 5487 reconciliantur,
2858 5421 2921 5473 et
2946 5410 3089 5470 aliis
3138 5410 3336 5488 poenis
3370 5405 3627 5467 afficiun-

2088 5513 2226 5579 tur;
2258 5523 2411 5584 ergo
2456 5503 2705 5583 signum
2760 5511 2851 5566 est
2886 5503 3215 5566 incurrisse
3254 5515 3534 5562 censuras
3570 5499 3625 5556 et
