3900 6217
460 315 495 372 -l
506 309 588 374 96

466 419 712 493 infusae,
735 421 1037 496 quantum
1056 418 1148 475 est
1172 431 1251 474 ex
1268 413 1666 494 dispositione
1690 412 2022 473 intrinseca

1625 311 1863 366 mspur.
1902 311 1984 363 vi.
2015 309 2095 363 os
2127 279 2292 362 Acro
2325 309 2505 362 riost.

2113 411 2280 474 Unde
2297 411 2592 492 probatur
2611 409 2836 490 primo.
2861 441 2942 452 —
2962 405 3270 470 Probatwr
3295 405 3570 469 seeundo.
3591 437 3676 450 --

467 509 857 586 intellectus;
892 525 1096 586 neque
1125 507 1313 568 etiam
1340 507 1443 568 ille
1468 512 1637 569 actus
1667 511 1865 585 potest
1890 520 2022 564 esse
2099 504 2252 565 Mihi
2293 519 2438 580 ergo
2471 501 2672 564 media
2705 499 2994 579 quaedam
3021 500 3330 562 sententia
3363 499 3532 559 inter
3558 515 3678 558 οω-

466 603 646 679 liber,
674 603 821 682 quia
844 603 1134 680 supponit
1158 601 1561 674 voluntatem,
1593 604 1663 659 ut
1690 597 2022 678 probatum

466 703 592 774 θεῖ,
626 715 825 776 neque
872 696 1060 756 etiam
1101 693 1385 755 voluntas
1424 699 1623 774 potest
1663 708 1909 752 movere
1945 689 2024 749 ad

470 790 929 852 assentiendum
958 786 1331 850 conclusioni
1358 788 1489 848 sine
1522 783 1859 865 principiis.
1905 783 2028 844 Un-

470 883 567 956 de,
602 884 761 944 sicut
786 887 1095 961 repugnat
1120 879 1349 940 habere
1384 887 1589 940 actum
1622 875 2026 939 scientificum

472 975 823 1054 Theologiae
844 976 977 1036 sine
998 972 1119 1034 fide
1140 1018 1161 1048 ,
1212 979 1281 1032 ut
1306 990 1491 1052 supra
1517 970 1839 1050 probatum
1860 975 1955 1030 est
1976 971 2022 1043 ¹,

468 1070 557 1130 ita
602 1069 789 1129 etiam
827 1073 1134 1146 repugnat
1173 1065 1404 1127 habere
1438 1072 1643 1127 actum
1684 1062 2029 1143 prudentiae

467 1161 691 1223 infusae
721 1166 863 1222 ante
890 1160 1075 1221 fidem
1102 1178 1118 1233 3
1160 1177 1425 1222 asserere
1450 1164 1658 1220 autem
1691 1159 1884 1218 Deum
1912 1155 2030 1216 mi·

468 1255 743 1316 raculose
770 1270 1018 1314 movere
1041 1300 1062 1330 ,
1115 1257 1178 1314 et
1213 1253 1576 1314 necessitate
1604 1251 1683 1311 ad
1718 1249 1905 1310 talem
1928 1267 2030 1308 ae·

470 1355 603 1408 tum
623 1353 768 1408 aute
786 1345 970 1408 fidem
979 1391 999 1422 ,
1026 1364 1123 1408 res
1142 1352 1233 1408 est
1253 1345 1436 1406 nimis
1452 1344 1753 1417 violenta,
1778 1349 1841 1403 et
1864 1341 2033 1403 illius

470 1442 727 1500 assertio
768 1440 953 1500 nimis
993 1439 1384 1512 voluntaria,
1427 1456 1567 1518 quoe
1598 1435 1776 1498 facile
1805 1436 2032 1514 impro-

468 1533 605 1595 bari
630 1539 851 1612 potest,
882 1533 1211 1611 assumptis
1236 1530 1525 1592 omnibus
1549 1529 1931 1608 argumentis
1950 1527 2030 1588 de

468 1625 591 1686 fide
616 1626 813 1701 factis,
856 1643 935 1686 ue
972 1625 1078 1686 illa
1104 1630 1477 1704 repetamus,
1514 1624 1590 1684 Et
1616 1623 1715 1684 hae
1758 1622 2028 1682 rationes

470 1718 735 1798 probant
762 1737 800 1779 a
830 1718 1071 1780 fortiori
1096 1717 1247 1778 illud
1268 1715 1576 1795 judicium
1606 1733 1731 1774 non
1760 1731 1891 1776 esse
1922 1713 2030 1773 do-

471 1829 626 1872 num
652 1811 918 1886 consilii,
949 1812 1097 1890 quia
1129 1811 1317 1871 etiam
1345 1809 1462 1869 hoc
1486 1808 1717 1868 donum
1740 1807 2034 1886 supponit

472 1905 680 1981 iidem,
726 1905 855 1965 imo
896 1908 960 1964 et
996 1904 1283 1982 gratiam,
1320 1908 1392 1962 ut
1420 1900 1628 1962 statim
1672 1900 1874 1960 dicam
1906 1918 1923 1970 ;
1971 1905 2034 1960 et

470 2005 765 2079 praeterea
808 1996 1134 2058 consilium
1167 2039 1187 2068 ,
1241 2001 1311 2055 ut
1350 2000 1443 2055 est
1481 1992 1741 2073 speciale
1788 1992 2028 2053 donum

470 2091 733 2170 Spiritus
760 2091 988 2161 Sancti,
1022 2106 1147 2150 non
1170 2089 1355 2149 datur
1376 2087 1454 2148 ad
1478 2086 1889 2166 operandum,
1916 2090 2032 2148 aut

470 2185 807 2246 volendum
847 2183 1187 2245 secundum
1219 2181 1385 2262 leges
1414 2189 1475 2242 et
1504 2180 1753 2259 regulas
1780 2179 2031 2240 ordina·

468 2278 595 2338 rias
616 2325 631 2351 ,
676 2277 781 2337 sed
828 2277 1007 2356 juxta
1068 2276 1407 2337 motionem
1473 2274 1738 2353 Spiritus
1783 2272 2026 2346 Sancti,

472 2378 695 2450 praeter
721 2387 1081 2431 communes
1106 2369 1351 2447 regulas
1379 2393 1397 2444 ς
1446 2373 1513 2429 at
1544 2383 1691 2428 vero
1729 2366 1923 2427 motio
1949 2363 2031 2426 ad

462 2464 851 2524 *voluntatem
892 2463 1181 2524 credendi
1222 2481 1349 2522 non
1392 2469 1482 2523 est
1512 2457 2026 2533 extraordinaria,

467 2556 575 2618 sed
612 2556 953 2618 secundum
988 2557 1233 2635 regulas
1261 2571 1620 2616 communes
1648 2551 1833 2626 fidem
1878 2569 2028 2630 ergo

471 2649 829 2710 incredibile
868 2655 959 2709 est
988 2651 1221 2710 donum
1262 2649 1505 2710 consilii
1540 2665 1669 2709 esse
1696 2665 1809 2726 per
1836 2663 1901 2706 se
1928 2662 2031 2706 ne-

472 2743 805 2806 cessarium
835 2742 914 2802 ad
942 2742 1311 2804 eredendum
1324 2787 1345 2818 ,
1380 2749 1442 2802 et
1480 2748 1623 2802 ante
1650 2739 2036 2800 voluntatem

472 2837 801 2908 erede11d13
848 2855 1046 2916 neque
1090 2837 1297 2896 minus
1334 2834 1697 2896 incredibile
1739 2840 1832 2894 est
1856 2849 2036 2911 posse

472 2928 812 3003 infidelem,
834 2929 1009 2988 verbi
1032 2929 1256 3007 gratia,
1283 2928 1393 3006 qui
1413 2928 1590 2988 audit
1611 2945 1708 2988 res
1730 2927 1896 3000 fidei,
1928 2942 2036 2985 ne·

470 3022 739 3082 cess-itari
767 3022 845 3080 ab
876 3021 1107 3099 Spiritu
1140 3022 1365 3082 Sancto
1392 3021 1470 3082 ad
1491 3019 1897 3100 judicandum
1926 3035 2037 3098 per

470 3114 705 3174 donum
734 3112 973 3174 consilii
997 3132 1095 3176 res
1125 3113 1263 3174 illas
1290 3131 1421 3175 esse
1448 3112 1801 3182 credendas,
1846 3116 1913 3174 et
1940 3111 2036 3172 ni-

470 3206 809 3268 hilominus
858 3224 1111 3268 manere
1156 3206 1521 3284 infidelem3
1569 3206 2035 3267 necessitabitur

468 3317 620 3379 ergo
656 3301 843 3361 simul
877 3301 956 3360 ad
1004 3300 1388 3362 voluntatem
1425 3298 1740 3361 credendi.
1782 3298 2044 3359 Eadem-

468 3411 591 3472 que
620 3399 989 3472 argumenta
1018 3393 1151 3454 [ieri
1186 3399 1447 3474 possunt
1474 3391 1550 3453 de
1579 3391 1743 3453 dono
1768 3391 2040 3451 scientiae

472 3491 536 3548 et
564 3487 903 3565 sapientise,
924 3493 1333 3567 praeterquam
1360 3485 1525 3566 quod
1554 3484 1690 3546 haec
1720 3483 1885 3545 dona
1914 3501 2039 3544 non

470 3579 673 3642 solum
715 3581 1169 3658 praerequirant
1204 3579 1389 3640 fidem
1407 3622 1428 3655 ,
1475 3579 1578 3640 sed
1610 3578 1799 3639 etiam
1837 3576 2040 3638 multo

472 3673 677 3752 majus
717 3671 930 3733 lumen
968 3691 1153 3752 quam
1196 3675 1387 3732 soleat
1418 3690 1548 3732 esse
1586 3673 1655 3732 in
1688 3670 1785 3732 his
1812 3670 1922 3750 qui
1959 3669 2038 3732 ad

472 3765 659 3826 fidem
686 3771 1153 3826 convertuntur.
1199 3767 1280 3826 De
1320 3765 1486 3826 dono
1521 3775 1733 3826 autem
1764 3762 2040 3824 intellec-

443 3866 598 3934 ··tus,
621 3877 749 3918 non
776 3858 1001 3918 desunt
1022 3858 1130 3938 qui
1151 3856 1245 3917 illi
1268 3856 1547 3919 tribuant
1570 3857 1689 3918 hoc
1708 3855 2040 3934 judicium,

472 3951 809 4030 allegantes
850 3953 918 4013 D.
948 3951 1172 4012 Thom.
1212 3953 1275 4012 Ξ.
1310 3951 1375 4026 2,
1404 3952 1471 4012 in
1506 3967 1569 4030 q.
1600 3950 1665 4026 8,
1694 3955 1815 4011 art.
1840 3951 1921 4024 5;
1955 3948 2044 4010 ihi

472 4052 684 4106 tamen
720 4052 934 4124 aperte
976 4045 1157 4106 doc-et
1182 4063 1311 4106 non
1344 4061 1477 4106 esse
1504 4060 1735 4104 munus
1764 4043 1912 4104 doni
1943 4043 2042 4103 in-

468 4137 773 4213 tellectus,
802 4137 1111 4217 judicium
1139 4137 1302 4198 ferre
1333 4137 1409 4198 de
1438 4134 1797 4209 credendis3
1836 4143 1898 4196 et
1926 4154 2040 4197 nos

472 4231 683 4303 etiam,
713 4231 781 4292 in
808 4232 1067 4291 materia
1096 4232 1174 4291 de
1206 4231 1441 4306 Gratia,
1485 4230 1595 4291 lib.
1626 4231 1703 4304 2,
1756 4248 1891 4310 cap.
1937 4231 2036 4306 19,

472 4323 637 4385 idem
680 4323 997 4399 diximus5
1036 4324 1191 4386 alias
1238 4341 1363 4384 non
1408 4329 1611 4403 posset
1656 4322 1956 4402 distingui
2003 4341 2042 4384 a

474 4417 729 4477 scientia
746 4422 810 4477 et
828 4417 1150 4495 sapientia.
1185 4418 1369 4479 Docet
1395 4417 1583 4477 etiam
1608 4414 1840 4476 ibidem
1862 4415 2042 4476 divus

474 4515 763 4591 Thomas,
790 4521 905 4578 art.
935 4517 974 4575 4
991 4561 1011 4592 ,
1056 4515 1291 4576 donum
1318 4513 1665 4576 intellectus
1696 4531 2041 4594 supponere

472 4611 737 4687 gratiam
758 4614 1005 4687 gratum
1028 4607 1395 4685 facientem3
1428 4627 1576 4688 ergo
1606 4608 1887 4688 proprius
1908 4607 2044 4685 ejus

474 4710 645 4762 actus
669 4721 795 4762 non
819 4709 1017 4782 potest
1035 4705 1323 4782 supponi,
1355 4721 1483 4762 nou
1508 4702 1710 4764 solum
1738 4708 1882 4762 ante
1904 4717 2044 4780 gra-

476 4797 653 4872 tiam,
686 4796 791 4856 sed
819 4815 935 4856 uec
964 4796 1153 4858 etiam
1176 4804 1323 4857 ante
1347 4795 1538 4857 fidem
1561 4819 1579 4871 3
1612 4813 1751 4875 quae
1780 4794 1939 4855 ratio
1967 4794 2044 4856 de

476 4890 767 4951 omnibus
807 4890 984 4950 donis
1027 4891 1324 4970 procedit.
1371 4893 1467 4952 An
1506 4907 1651 4950 vero
1686 4889 1896 4969 aliqua
1926 4889 2044 4949 im·

479 4983 747 5062 perfecta
776 4983 1163 5061 participatio
1192 4983 1381 5062 hujus
1409 4983 1556 5042 doni
1583 4983 1907 5044 antecedat
1936 4999 2045 5042 vo·

420 5123 428 5131 .
486 5076 792 5136 luntatem
820 5075 1132 5150 credendi,
1165 5077 1373 5136 statim
1398 5074 1624 5136 dicam.

560 5169 660 5230 12.
707 5167 985 5233 Assertio
1010 5169 1219 5249 prima
1235 5194 1259 5229 .·
1276 5168 1585 5248 judicium
1620 5166 2046 5231 credibilitats‘s

480 5263 751 5326 habitum
790 5279 865 5324 ece
900 5264 1307 5342 propositione
1332 5263 1481 5341 fidei
1508 5262 1792 5326 naturale
1814 5267 1925 5326 est.
1965 5291 2046 5308 -

564 5461 579 5496 ¹
628 5455 794 5540 Disp.
836 5459 899 5534 3,
934 5461 1083 5515 sect.
1123 5459 1216 5518 Η.
1305 5458 1309 5462 ’

2103 605 2266 658 teras
2291 597 2510 678 placet,
2553 613 2742 674 quam
2771 592 2968 654 tribus
2997 592 3433 656 assertionibus
3461 591 3672 652 brevi·-

2107 697 2202 752 ter
2249 691 2586 770 explicabo.
2635 690 2712 748 Et
2763 687 3076 766 imprimis
3115 703 3320 746 assero
3360 683 3674 764 judicium

2107 784 2526 847 credibilitatis
2544 829 2561 856 ,
2596 783 2758 862 quod
2786 780 3096 842 antecedit
3128 778 3508 841 voluntatem
3537 795 3672 838 cre-

2106 878 2316 948 dendi,
2365 876 2650 938 naturale
2695 893 2826 937 esse
2867 874 3208 936 secundum
3257 871 3673 934 substantiam

2106 989 2306 1047 suam,
2353 977 2416 1031 et
2453 969 2594 1030 elici
2633 985 2808 1048 posse
2849 966 3121 1028 naturali
3159 965 3439 1026 discursu
3481 969 3545 1024 et
3574 963 3673 1023 lu-

2111 1065 2282 1124 mine
2308 1063 2684 1128 intellectus.
2725 1079 2866 1122 cum
2897 1059 3172 1140 generali
3205 1075 3506 1120 concursu
3533 1057 3670 1132 Dei,

2111 1165 2174 1220 et
2209 1158 2526 1237 supposita
2563 1155 2896 1218 sufficienti
2937 1154 3322 1235 experientia
3347 1153 3676 1231 signorum

2111 1270 2219 1312 seu
2251 1252 2623 1312 motivorum
2653 1249 3052 1310 fundentium
3079 1247 3269 1307 talem
3303 1244 3678 1306 credibilite-

2111 1349 2264 1405 tem.
2296 1344 2472 1405 Hanc
2495 1343 2895 1404 assertionem
2923 1340 3081 1401 mihi
3109 1339 3375 1420 probant
3399 1339 3682 1398 rationes

2111 1437 2439 1498 dubitandi
2461 1437 2656 1517 priori
2675 1436 2810 1498 loeo
2835 1434 3183 1515 propositae,
3209 1434 3276 1493 in
3309 1451 3372 1492 n.
3405 1433 3467 1507 Ξ,
3491 1437 3555 1502 et
3575 1447 3680 1491 ra-

2109 1533 2310 1592 tiones
2328 1531 2606 1610 proxime
2628 1529 2805 1590 factae
2825 1534 3042 1590 contra
3067 1526 3511 1606 prascedentem
3535 1541 3682 1584 sen-

2109 1626 2368 1686 tentiam
2389 1641 2496 1685 seu
2517 1624 2771 1685 modum
2785 1622 3125 1684 secundum
3143 1619 3408 1680 dicendi.
3432 1619 3608 1694 ltem,
3623 1618 3680 1677 si

2110 1719 2228 1779 hoc
2247 1718 2556 1796 judicium
2587 1727 2873 1778 sumatur
2895 1716 3068 1796 quasi
3099 1716 3165 1774 in
3195 1711 3566 1786 universali,
3613 1715 3684 1770 et

2111 1810 2508 1891 speculative,
2543 1817 2636 1872 est
2661 1829 2773 1872 suo
2799 1810 2984 1871 modo
3015 1808 3266 1869 evidens
3287 1813 3352 1867 et
3375 1801 3676 1866 scientifi-

2113 1923 2290 1980 cum3
2319 1914 2411 1966 est
2433 1923 2584 1983 ergo
2605 1903 2907 1978 naturale,
2929 1911 3000 1963 ut
3019 1901 3344 1981 probatum
3369 1905 3461 1959 est
3485 1899 3684 1959 etiam

2113 2016 2326 2078 supra,
2372 1999 2528 2077 disp.
2561 2001 2622 2072 4,
2671 2005 2819 2058 sect.
2865 1996 2978 2056 ult.
3028 1997 3092 2056 Si
3120 2011 3269 2054 vero
3297 1998 3577 2052 sumatur
3607 1997 3684 2048 ut

2105 2091 2406 2171 judicium
2427 2091 2792 2171 practicum‚
2822 2088 2985 2168 quod
3005 2086 3254 2168 respicit
3271 2085 3678 2146 circumstan-

2110 2186 2252 2260 tias,
2295 2192 2357 2246 et
2386 2191 2594 2246 movet
2619 2184 2698 2244 ad
2729 2184 3182 2256 executionem,
3224 2181 3312 2240 sic
3348 2179 3534 2240 etiam
3565 2195 3683 2257 per

2109 2297 2172 2340 se
2200 2278 2428 2358 pendet
2453 2296 2490 2339 a
2521 2278 2706 2357 priori
2731 2277 2993 2356 judicio,
3036 2281 3097 2336 et
3121 2273 3202 2336 ab
3225 2273 3444 2334 eodem
3469 2271 3682 2332 medio

2111 2373 2186 2432 ad
2220 2372 2584 2452 particulare
2611 2371 2956 2451 applicato:
2991 2387 3153 2447 -ergo
3195 2385 3322 2430 non
3363 2372 3680 2428 transcen-

2113 2465 2204 2527 dit
2231 2465 2512 2526 ordinem
2543 2471 2803 2540 naturae,
2841 2481 3046 2543 neque
3075 2461 3338 2541 speciem
3377 2458 3684 2521 nami-alis

2115 2558 2458 2637 prudentias
2489 2577 2505 2630 ς
2552 2563 2615 2618 et
2650 2557 2811 2618 hanc
2845 2555 3304 2618 conclusionem
3342 2553 3528 2613 tradit
3555 2551 3682 2612 Ga-

2116 2647 2294 2725 briel,
2343 2649 2410 2709 in
2454 2651 2514 2725 3,
2559 2650 2700 2710 dist.
2741 2651 2846 2724 24,
2893 2647 3044 2709 dub.
3079 2651 3106 2708 1
3140 2664 3155 2719 ;
3205 2653 3270 2708 et
3303 2646 3679 2726 Almaynm,

2116 2742 2266 2803 dub.
2305 2747 2338 2804 2
2369 2765 2388 2818 ;
2435 2741 2690 2818 Oeham,
2731 2740 3017 2815 Quodlib.
3050 2743 3114 2816 4,
3161 2758 3223 2819 q.
3259 2743 3375 2816 ¹⁰3
3419 2751 3482 2799 et
3509 2738 3683 2799 idem

2117 2836 2303 2898 sentit
2341 2837 2612 2914 Aragon.
2648 2853 2857 2915 supra,
2903 2842 2967 2896 et
2995 2835 3377 2907 Albertinus,
3421 2839 3566 2894 sect.
3611 2834 3680 2906 6,

2117 2949 2182 2990 n.
2212 2933 2272 3004 3,
2304 2931 2551 3002 citatus,
2580 2929 2650 2990 in
2677 2947 2792 2990 suo
2821 2936 3034 3010 punct.
3062 2931 3137 3003 43
3169 2934 3232 2988 et
3260 2927 3540 2988 moderni
3565 2926 3680 2986 alii

2113 3023 2529 3084 communiter
2563 3021 2885 3102 loquentes
2923 3022 2999 3083 de
3029 3020 3340 3082 evidentia
3368 3019 3682 3080 credibili-

2114 3119 2258 3178 tatis
2284 3138 2302 3193 3
2335 3119 2560 3178 docent
2583 3117 2752 3178 enim
2781 3116 2956 3176 illam
2983 3115 3358 3176 evidentiam
3393 3131 3525 3175 esse
3565 3132 3681 3174 na-

2114 3211 2419 3286 turalem,
2459 3211 2626 3272 unde
2651 3209 2724 3271 fit
2755 3209 3058 3288 judicium
3089 3209 3280 3270 etiam
3310 3208 3376 3267 in
3402 3206 3510 3268 illa
3533 3207 3694 3266 fun·-

2121 3303 2343 3364 datum
2371 3321 2502 3365 esse
2531 3302 2834 3364 naturale.

2189 3387 2302 3458 13.
2347 3397 2627 3460 Assertio
2657 3397 2920 3460 secsmda
2943 3421 2965 3456 .·
3003 3395 3088 3458 ad
3111 3393 3476 3477 praedictum
3498 3393 3690 3472 judi-

2121 3490 2280 3554 cium
2301 3491 2462 3553 debet
2485 3490 2754 3553 accedere
2779 3488 3267 3570 supernaturalis
3289 3484 3567 3548 mundun
3575 3483 3692 3558 tio,

2117 3589 2191 3648 ut
2209 3583 2489 3646 voluntas
2511 3581 2864 3646 Christiana
2895 3583 3168 3646 credendi
3183 3581 3572 3644 eliciatur„-
3587 3578 3696 3636 Di-

2122 3695 2194 3738 co
2211 3676 2511 3739 seeundo:
2546 3676 2662 3737 hoc
2677 3676 2983 3757 judicium
3004 3675 3200 3736 solum
3231 3691 3355 3735 non
3375 3670 3602 3732 sufficit
3619 3675 3698 3729 ut

2123 3771 2409 3832 voluntas
2460 3769 2609 3832 velit
2651 3769 3202 3850 supernaturaliter
3251 3767 3526 3841 credere,
3577 3764 3694 3826 sed

2124 3864 2471 3927 necessaria
2522 3870 2615 3925 est
2659 3862 3036 3924 illuminatio
3092 3859 3374 3940 specialis
3423 3859 3696 3939 Spiritus

2123 3958 2356 4032 Sancti,
2379 3975 2538 4038 quae,
2562 3963 2635 4017 ut
2647 3962 2738 4016 est
2753 3957 2820 4017 in
2839 3955 3185 4030 intellectu,
3203 3949 3696 4032 supernaturalis

2121 4058 2236 4127 est,
2285 4058 2350 4113 et
2378 4050 2446 4111 in
2488 4049 2872 4110 voluntatem
2911 4049 3098 4108 etiam
3142 4039 3466 4108 redundat.
3511 4045 3694 4106 Bane

2121 4143 2519 4205 assertionem
2560 4143 2763 4222 attigi,
2811 4140 2919 4203 lib.
2955 4143 2992 4202 2
3025 4139 3104 4202 de
3129 4139 3329 4209 Grat.‚
3373 4155 3510 4218 cap.
3543 4139 3608 4212 3,
3651 4153 3698 4197 a

2123 4255 2302 4299 num.
2335 4238 2434 4306 16,
2477 4242 2542 4297 et
2577 4235 2971 4297 tradiderunt
3005 4233 3202 4313 Vaga,
3236 4232 3348 4294 lib.
3385 4233 3426 4293 6
3461 4236 3528 4292 in
3553 4230 3696 4292 Tri-

2121 4332 2320 4408 dent.,
2341 4350 2396 4392 c.
2419 4331 2494 4408 8;
2521 4337 2584 4391 et
2605 4329 2846 4405 Molin„
2871 4328 2940 4388 in
2959 4327 3282 4404 Concord„
3307 4345 3370 4406 q.
3401 4329 3497 4402 14,
3523 4324 3692 4406 disp.

2120 4425 2184 4499 6,
2214 4425 2276 4484 in
2301 4424 2440 4499 fin„
2471 4431 2533 4487 et
2559 4425 2618 4500 8,
2640 4424 2706 4484 in
2723 4421 3028 4502 principio
3053 4443 3070 4498 ;
3097 4426 3161 4483 et
3177 4421 3444 4482 sumitur
3455 4437 3532 4482 ex
3547 4420 3698 4480 divo

2124 4518 2362 4578 Thema
2390 4517 2450 4578 2.
2483 4519 2547 4591 2,
2595 4523 2808 4596 quaest.
2840 4518 2907 4592 2,
2940 4521 3058 4578 art.
3091 4518 3154 4591 9,
3200 4515 3278 4576 ad
3311 4515 3374 4589 3,
3419 4513 3692 4587 dicente,

2123 4629 2294 4686 eum,
2332 4611 2438 4692 qui
2481 4611 2694 4685 credit,
2727 4610 2935 4674 habere
2973 4611 3290 4690 sufficiens
3315 4607 3698 4671 inductivum

2125 4705 2206 4767 ad
2235 4705 2604 4788 eredendum,
2648 4721 2722 4766 em
2761 4703 3122 4767 testimoniis
3153 4709 3210 4766 ec
3233 4701 3568 4774 mirandis,
3608 4705 3690 4774 et,

2126 4796 2283 4878 quod
2293 4796 2443 4876 plue
2468 4800 2583 4872 est,
2611 4815 2684 4860 ea:
2713 4797 3014 4860 instinctu
3039 4797 3156 4860 Dei
3177 4796 3436 4858 interius
3461 4809 3701 4856 moven-

2127 4891 2210 4953 tis
2225 4915 2251 4963 ,·
2280 4889 2408 4950 imo
2433 4889 2681 4968 probari
2696 4888 2946 4950 videtur
2973 4896 3184 4968 aperte
3203 4906 3280 4949 ex
3301 4885 3692 4962 Tridentin03

2127 5000 2298 5058 nam,
2329 4999 2474 5044 sess.
2505 4984 2564 5056 6,
2595 5001 2730 5062 cap.
2763 4984 2822 5058 6,
2865 4983 2956 5042 sie
2979 4984 3107 5042 ait:
3137 4977 3560 5062 Qunam
3583 4995 3696 5040 ms-

2131 5082 2242 5140 lem
2271 5077 2712 5158 adjustitiam,
2741 5079 2882 5140 dum
2903 5077 3154 5140 excitati
3175 5075 3384 5138 divina
3404 5073 3613 5156 qratia
3637 5079 3700 5136 et

2131 5171 2355 5252 affati,
2379 5172 2559 5250 fidem
2588 5189 2664 5234 em
2685 5171 2900 5235 auditu
2923 5170 3345 5249 concipientes,
3369 5167 3546 5229 libere
3567 5183 3696 5227 mo·

2125 5269 2342 5328 ventur
2375 5265 2458 5327 ad
2491 5265 2864 5338 credendum,
2915 5272 3032 5325 etc.
3061 5277 3082 5341 ;
3113 5279 3266 5340 ergo
3295 5279 3375 5322 ex
3409 5258 3698 5321 doctrina

2125 5356 2402 5431 Concilii,
2425 5363 2574 5418 ante
2590 5356 2846 5417 liberam
2877 5355 3287 5428 voluntatem,
3333 5353 3458 5414 duo
3483 5353 3695 5430 requi-

2126 5465 2371 5528 runtur,
2403 5450 2655 5527 scilicet,
2685 5450 2934 5510 auditus
2961 5448 3132 5528 fidei,
3169 5448 3250 5508 ad
3283 5462 3470 5531 quem
3501 5444 3694 5528 perti-
