3900 6217
574 351 733 410 SEC'P.
768 357 803 408 Ι.
840 355 921 406 ΑΝ
956 355 1131 408 rim-:s
1165 356 1261 407 SlT
1294 357 1493 409 ACTUS
1526 355 1963 418 lNTELLECTUS,
2001 356 2078 408 ET
2112 357 2406 420 Quonono
2443 359 2709 412 [mmmm
2745 359 2974 416 Possl'r.

256 471 358 532 licet
382 479 481 526 vox
503 476 764 524 assensus
788 458 855 518 in
898 456 1005 518 illo
1036 457 1237 538 rigore
1269 462 1574 532 sumatur,
1604 475 1732 517 non

257 565 322 624 est
348 565 489 620 aetus
517 552 765 626 elicitus,
794 551 897 612 sed
928 552 1263 630 imperatus
1291 569 1329 610 a
1363 549 1683 612 voluntate
1712 567 1729 610 :

258 649 595 715 communiter
638 651 843 704 autem
890 645 1077 705 etiam
1122 644 1429 724 judicium
1480 644 1732 706 evidens

256 747 365 808 solet
402 756 653 803 assensus
700 737 925 798 vocari.
965 737 1377 816 Distinguitur
1418 737 1607 798 etiam
1652 735 1731 798 ab

252 837 377 904 omni
414 831 870 916 apprehensione
911 829 1007 892 vel
1048 831 1448 911 inquisitione
1486 831 1729 893 intelle·

253 941 348 996 etus
390 926 639 990 nondum
684 924 1015 986 deliberate
1059 923 1417 1005 judicantis,
1463 925 1728 987 Additur

250 1045 371 1102 vero,
394 1021 537 1104 quod
564 1021 642 1080 sit
675 1021 918 1100 firmus,
950 1024 1019 1079 ut
1045 1017 1124 1080 ab
1173 1019 1466 1100 opinione
1507 1018 1724 1080 distin·

252 1125 439 1200 guntur,
462 1131 589 1194 quae
618 1111 803 1174 etiam
835 1111 1067 1190 praebet
1094 1130 1433 1189 assensum,
1466 1113 1571 1173 sed
1600 1113 1725 1174 for-

248 1210 542 1275 midolosum
568 1212 629 1268 et
654 1205 861 1286 aliquo
890 1205 1072 1266 modo
1109 1205 1407 1284 dubium3
1436 1204 1589 1268 fides
1619 1225 1728 1268 au-

246 1315 335 1368 tem
373 1301 532 1362 debet
576 1317 703 1360 esse
752 1297 957 1361 firma.
1004 1299 1160 1374 Quia
1208 1318 1354 1362 vero
1404 1298 1522 1360 hoc
1572 1299 1728 1362 solet

242 1398 381 1460 etiam
404 1412 501 1456 suo
524 1393 701 1455 modo
729 1391 919 1454 tribui
941 1391 1084 1454 fidei
1108 1392 1425 1470 humanae,
1448 1399 1511 1456 et
1532 1392 1727 1455 multo

241 1491 387 1568 magis
416 1488 765 1567 cuneumque
799 1487 1071 1548 assensui
1115 1486 1408 1562 evidenti,
1441 1486 1580 1548 ideo
1620 1487 1727 1548 ad-

240 1586 363 1646 ditur
378 1581 574 1644 ultima
595 1579 921 1662 particula,
945 1581 1012 1641 in
1034 1581 1393 1644 auctoritate
1416 1580 1554 1657 Dei,
1578 1586 1723 1658 etc„

236 1699 317 1761 per
335 1694 492 1758 qnam
517 1681 686 1736 actus
710 1673 857 1736 fidei
885 1674 1125 1752 infusae,
1151 1681 1281 1736 tam
1318 1673 1396 1735 ab
1424 1675 1725 1756 acquisita

240 1773 341 1846 fide,
372 1787 539 1852 quam
568 1767 647 1828 ab
672 1774 816 1829 actu
847 1767 1139 1844 scientiae,
1179 1775 1244 1830 et
1272 1786 1309 1828 a
1340 1770 1558 1850 quovis
1598 1768 1725 1832 evi-

239 1869 371 1928 dente
392 1863 823 1940 distinguatur-3
850 1868 911 1922 et
934 1868 1227 1944 praeterea
1250 1880 1360 1943 per
1388 1861 1559 1923 illam
1586 1881 1725 1944 par·

240 1957 428 2020 ticulum
463 1955 823 2032 designatur
854 1953 1077 2016 ultima
1120 1953 1470 2017 differentia
1518 1975 1727 2018 essen-

238 2051 353 2112 tialis
392 2055 445 2111 et
488 2045 907 2108 substantialis
959 2054 1131 2108 actus
1174 2047 1351 2128 fidei3
1399 2066 1546 2110 nam
1593 2050 1720 2113 haec

238 2143 512 2206 differentia
546 2141 821 2202 sumitur
855 2159 934 2203 ex
961 2141 1198 2222 obiecto
1238 2144 1507 2222 formali,
1558 2146 1723 2224 quod

236 2260 310 2321 per
334 2237 473 2298 illam
500 2235 865 2315 particulam
893 2235 1257 2318 explicatur,
1286 2243 1356 2300 ut
1380 2243 1617 2300 constat
1645 2258 1722 2300 ex

236 2349 371 2413 supra
389 2329 545 2390 dictis
572 2329 649 2392 de
681 2329 925 2410 objecto
954 2329 1201 2392 formali
1228 2329 1395 2392 fidei.

289 2433 333 2492 6.
365 2431 529 2494 Aecus
562 2427 742 2506 fidei,
784 2433 838 2492 et
874 2429 990 2490 olii
1028 2431 1153 2490 tam
1183 2427 1516 2490 intellectus
1542 2445 1721 2508 quam

236 2525 509 2600 salmacis,
536 2521 787 2584 unicum
817 2527 1143 2602 respectum
1179 2521 1391 2584 habent
1420 2521 1504 2583 ad
1539 2521 1723 2600 objec-

238 2629 324 2682 tum
344 2618 565 2696 formale
590 2623 645 2680 et
676 2616 1101 2680 materiale.—
1116 2616 1200 2678 Id
1216 2615 1619 2696 probatur.—
1631 2615 1724 2679 Et

238 2714 563 2790 conlimatur.
591 2745 675 2756 -
702 2709 887 2772 Unde
927 2715 1018 2772 est
1058 2716 1293 2771 attente
1334 2708 1725 2772 consideran-

242 2806 515 2886 dum,qnod
541 2805 743 2867 etiam
768 2803 1002 2878 notavi,
1026 2802 1169 2864 libr.
1194 2806 1234 2865 2
1257 2803 1333 2864 de
1360 2803 1557 2878 Grat.,
1582 2823 1715 2884 cap.

251 2901 352 2974 bin
374 2905 489 2960 actu
518 2898 669 2960 fidei
722 2916 853 2958 nou
897 2895 1167 2958 inveniri
1214 2895 1368 2958 duos
1412 2902 1721 2976 respectus

253 3015 301 3056 ex
318 3001 479 3054 natura
510 2993 601 3054 rei
640 2993 970 3054 distinctos
1003 3011 1017 3052 :
1050 3009 1248 3051 unum
1279 2991 1358 3051 ad
1400 2990 1719 3054 materiale

249 3089 482 3168 objectum,
527 3096 590 3149 et
636 3087 842 3149 alium
886 3085 969 3148 ad
1012 3085 1297 3162 formale,
1346 3094 1416 3146 ut
1466 3085 1719 3166 qnidam

238 3201 333 3242 enm
368 3181 780 3244 Nominalibus
832 3179 1131 3255 sentiunt,
1183 3178 1461 3240 dicentes
1512 3186 1719 3241 actum

236 3275 355 3334 illum
390 3293 613 3338 sumere
664 3272 1083 3336 substantiam
1128 3291 1307 3334 suam
1356 3271 1435 3334 ab
1480 3271 1720 3353 objecto

232 3369 481 3443 materiali,
523 3369 785 3430 modum
816 3373 1024 3430 autem
1053 3365 1517 3442 accidentalem,
1550 3373 1611 3429 et
1642 3385 1719 3430 ex

230 3469 393 3522 natura
412 3463 494 3523 rei
532 3463 901 3523 distinctum
940 3479 980 3522 a
1019 3458 1363 3522 substantia
1390 3467 1590 3536 actus,
1620 3479 1719 3522 su-

230 3571 348 3614 mere
364 3553 433 3614 ab
454 3554 695 3634 objecto
718 3553 989 3615 formali.
1015 3553 1119 3614 Est
1140 3551 1306 3614 enim
1330 3551 1446 3613 hoc
1468 3550 1717 3626 falsum,

229 3651 271 3704 et
296 3647 627 3726 impossibile
652 3646 730 3707 in
765 3645 1053 3708 omuibus
1087 3645 1348 3722 actibus»,
1379 3651 1509 3706 tam
1538 3645 1718 3708 intel-

224 3736 363 3800 lectus
382 3758 557 3819 quam
586 3740 957 3815 voluntatis,
988 3739 1134 3818 quia
1176 3757 1304 3801 non
1334 3747 1590 3819 possunt
1618 3741 1715 3802 hae

224 3833 443 3908 potentiae
472 3833 733 3896 tendere
766 3833 835 3893 in
868 3831 1187 3893 materiale
1218 3832 1553 3910 objectum,
1599 3833 1719 3894 nisi

226 3925 303 3984 sub
322 3925 499 4005 aliquo
526 3928 769 3988 motivo
797 3933 860 3986 et
890 3925 1131 3986 ratione
1174 3925 1446 4001 formali,
1489 3931 1553 3987 et
1580 3925 1719 3986 idco

224 4034 273 4074 ex
292 4035 417 4096 puro
446 4019 753 4080 materiali
776 4018 1019 4099 objecto
1044 4017 1282 4080 nullam
1311 4018 1719 4082 substantiam

222 4110 289 4172 vel
310 4115 542 4192 speciem
582 4119 876 4187 sumuut3
923 4118 995 4172 ut
1023 4112 1089 4173 in
1125 4112 1416 4194 praesenti
1452 4130 1582 4174 non
1610 4131 1718 4192 po-

222 4209 305 4266 test
326 4207 647 4268 intellectus
666 4205 954 4284 judicare
982 4222 1111 4266 csse
1147 4222 1374 4266 verum
1399 4203 1720 4268 materiale

224 4296 463 4374 objectum
496 4299 909 4378 propositum,
936 4297 1057 4360 uisi
1077 4297 1193 4358 sub
1217 4297 1427 4378 aliqua
1452 4295 1717 4376 ratione,

228 4389 293 4449 vel
332 4394 671 4454 anctoritate
738 4391 1095 4452 ostendente
1150 4391 1511 4468 veritatem3
1570 4411 1720 4472 ergo

226 4499 313 4544 non
336 4485 681 4566 intelligitur
709 4486 779 4546 in
802 4503 1055 4546 assensu
1081 4483 1291 4564 aliqua
1315 4483 1611 4546 habitudo
1638 4485 1719 4548 ad

226 4578 473 4639 materiale
510 4579 829 4660 obJeetnm'
864 4579 1030 4638 nude
1067 4584 1407 4657 sumptum,
1438 4577 1542 4640 sed
1586 4585 1721 4640 tan-

230 4675 325 4730 tum
350 4678 409 4733 ut
430 4677 513 4735 est
534 4672 650 4734 sub
678 4672 795 4733 tali
823 4671 1069 4733 formali
1093 4671 1331 4751 objecto
1346 4693 1363 4746 3
1406 4689 1579 4750 erg0,
1612 4691 1720 4752 per

229 4761 401 4824 dictam
426 4766 813 4844 particulam,
839 4767 905 4828 in
936 4767 1317 4839 auctoritate,
1346 4770 1489 4839 etc„
1526 4765 1719 4846 expli-

234 4862 365 4918 catur
398 4860 583 4938 prima
621 4865 687 4922 et
716 4858 1137 4920 substantialis
1165 4857 1515 4920 differentia
1554 4858 1721 4920 illius

232 4957 373 5025 nctus,
396 4954 493 5030 qui
520 4959 613 5014 est
642 4970 791 5015 vera
834 4951 988 5013 fides
1027 4951 1251 5012 infusa.
1285 4952 1360 5012 Et
1400 4951 1725 5012 confirma-

234 5045 325 5116 tur,
363 5045 491 5124 quia
536 5045 687 5108 hinc
738 5045 1027 5126 provenit
1081 5049 1173 5120 ut,
1215 5043 1365 5106 licet
1412 5042 1722 5124 objectum

238 5138 483 5200 materiale
509 5141 589 5201 sit
609 5139 849 5202 ordinis
874 5137 1196 5214 naturalis,
1217 5138 1271 5200 si
1298 5137 1586 5200 credatur
1606 5137 1722 5198 sub

239 5231 525 5294 auctoritate
548 5233 783 5313 divina,
807 5239 981 5294 actus
1006 5231 1088 5294 sit
1112 5231 1625 5312 supernaturalis;
1659 5237 1725 5292 et

240 5334 265 5376 c
282 5329 467 5400 eontra,
486 5325 622 5388 licet
650 5325 969 5388 materiale
994 5323 1306 5404 objectum
1331 5323 1411 5385 sit
1434 5323 1501 5384 in
1532 5342 1599 5384 se
1622 5343 1727 5385 su·

242 5417 580 5492 maturam,
609 5419 661 5478 si
688 5418 973 5480 credatur
998 5436 1077 5478 ox
1114 5417 1477 5478 auctoritate
1506 5415 1727 5478 huma·

244 5518 319 5577 na,
334 5513 477 5570 acuis
494 5509 570 5572 sit
596 5511 897 5574 naturalis
906 5527 931 5590 3
952 5529 1101 5592 ergo
1123 5509 1369 5594 signum
1394 5515 1579 5572 estex
1600 5509 1727 5572 solo

1808 458 2119 522 materiali
2145 460 2409 540 objecto,
2452 461 2688 523 nullam
2720 481 2896 544 posse
2925 464 3229 528 rationem
3273 488 3376 530 sn-

1808 552 1927 627 mi3
1957 552 2108 615 alias
2139 571 2215 615 ex
2245 574 2312 616 re
2337 555 2794 636 supernaturali
2820 574 3064 637 semper
3088 558 3194 620 illa
3218 563 3374 624 ratio

1809 648 2298 728 supernaturalis
2343 647 2699 726 resultaret3
2743 655 2804 710 et
2849 669 2884 711 e
2935 654 3264 731 contrario,
3297 674 3374 716 ex

1809 741 2079 804 naturali
2109 742 2351 824 objecto
2395 743 2697 805 naturalis
2723 745 2906 820 ratio,
2938 745 3096 826 quod
3137 755 3376 810 constat

1808 855 1937 898 esse
1963 835 2184 898 falsum
2209 837 2272 898 in
2316 843 2457 898 actu
2492 854 2617 916 quo
2647 836 2970 900 haereticus
2995 841 3188 900 credit
3213 859 3375 921 mys·

1808 930 2039 992 terium
2081 932 2400 994 Triuitatis
2412 949 2432 1011 3
2469 951 2617 995 nam
2663 931 2769 996 ille
2797 939 2969 995 actus
2994 934 3164 996 nullo
3195 937 3375 997 modo

1809 1025 2293 1104 supernaturalis
2323 1031 2437 1102 est,
2465 1027 2541 1088 de
2569 1046 2692 1109 quo
2725 1026 2853 1089 dixi
2899 1046 2975 1089 ex
3003 1029 3270 1108 professo
3307 1031 3373 1094 in

1806 1119 2070 1180 materia
2121 1118 2198 1180 de
2238 1119 2472 1195 Gratia,
2527 1119 2847 1181 tractando
2903 1121 2980 1181 de
3035 1120 3377 1185 substantia

1810 1213 2375 1292 supernaturalium
2419 1221 2698 1291 actuum,
2741 1212 2882 1276 libr.
2927 1214 2989 1292 2,
3031 1221 3372 1295 praesertim

1808 1323 1945 1384 cap.
1988 1309 2086 1368 Η.

1890 1401 1950 1459 7.
1997 1397 2054 1461 A
2101 1401 2436 1482 definitione
2477 1401 2710 1464 tradita
2757 1403 3094 1484 discrepare
3137 1405 3376 1468 videtur

1810 1491 1941 1554 alia
1967 1511 2038 1554 ex
2069 1491 2437 1574 Auyustino.
2463 1526 2546 1541 —
2587 1494 2760 1556 Circa
2786 1494 2949 1558 hanc
2975 1515 3122 1558 vero
3160 1497 3375 1561 defini·

1806 1584 2043 1646 tionem
2073 1584 2360 1649 dubitare
2397 1587 2536 1666 quis
2560 1594 2783 1667 potest,
2808 1590 2957 1669 quia
2985 1591 3053 1651 D.
3077 1590 3368 1668 Thomas»,

1806 1679 1868 1742 d.
1908 1681 2084 1740 artie.
2122 1683 2184 1756 1,
2214 1679 2347 1742 vult
2373 1679 2800 1744 definitionem
2828 1687 3002 1743 actus
3044 1681 3188 1744 fidei
3213 1703 3369 1762 esse,

1806 1791 1995 1854 quam
2017 1773 2208 1836 tradit
2233 1774 2640 1853 Augustinus,
2667 1775 2824 1836 libro
2863 1774 2940 1836 de
2975 1776 3371 1840 Praedestina-

1805 1865 1974 1928 tione
2017 1865 2410 1944 Sanctorum,
2460 1885 2596 1947 cap.
2648 1870 2710 1944 Ξ,
2757 1885 2896 1930 cum
2930 1869 3100 1944 dicit,
3143 1873 3371 1935 eredere

1803 1959 1970 2023 nihil
1997 1960 2174 2022 aliud
2191 1979 2312 2024 esse
2337 1979 2516 2042 quam
2545 1979 2676 2025 eum
2711 1963 3048 2026 assensione
3080 1965 3364 2043 eoyitare.

1804 2053 1950 2128 Quoe
1973 2051 2252 2116 definitio
2287 2054 2353 2115 in
2375 2072 2601 2132 genere
2629 2053 2882 2134 quidem
2911 2057 3242 2119 convenire
3281 2058 3369 2118 vi·

1805 2144 1987 2207 detur
2003 2162 2145 2208 cum
2166 2163 2241 2208 ea
2263 2166 2450 2228 quam
2472 2147 2841 2211 tradidimus
2859 2164 2880 2226 ;
2907 2167 3056 2210 nam
3086 2149 3249 2212 idem
3277 2157 3369 2213 est

1805 2237 2031 2316 dicere,
2077 2259 2208 2304 eum
2238 2242 2594 2318 assensione,
2627 2241 2792 2321 quod
2833 2231 3060 2317 dicere,
3109 2261 3232 2306 esse
3270 2262 3368 2307 as·

1804 2351 2038 2396 sensum
2069 2361 2094 2408 ;
2146 2340 2358 2395 tamen
2413 2334 2477 2395 in
2533 2333 2881 2397 differentia
2941 2335 3186 2398 videtur
3239 2356 3368 2400 esse

1803 2443 2034 2506 magna
2059 2427 2380 2490 diversitas
2398 2444 2418 2507 3
2450 2447 2595 2488 nam
2627 2429 3008 2505 Augustinus
3049 2449 3160 2510 pro
3190 2431 3368 2492 diffe-

1800 2523 2004 2583 rentia
2027 2521 2227 2584 solum
2254 2524 2454 2604 ponit,
2479 2521 2642 2602 quod
2683 2525 2766 2585 sit
2798 2527 3062 2588 assensio
3097 2544 3228 2588 eum
3271 2544 3368 2590 eo·-

1798 2617 2120 2696 yitatione,
2146 2622 2207 2677 et
2241 2615 2476 2678 nullam
2504 2616 2884 2678 mentionem
2913 2617 3060 2678 facit
3101 2619 3368 2680 auctori·

1802 2709 1945 2770 tatis
1979 2709 2229 2784 divinae,
2271 2710 2398 2772 imo
2445 2710 2634 2772 etiam
2677 2728 2875 2790 neque
2907 2711 3199 2773 humanae
3227 2735 3244 2788 3
3276 2711 3367 2772 di-

1801 2803 1961 2864 citur
1983 2809 2194 2865 autem
2216 2821 2500 2864 assensus
2525 2821 2655 2864 esse
2685 2821 2826 2864 cum
2850 2805 3246 2882 cogitatione,
3269 2804 3366 2865 vel

1803 2915 1881 2958 ex
1912 2897 2043 2972 illa,
2067 2895 2315 2975 quando
2344 2915 2468 2957 non
2502 2903 2592 2956 est
2620 2914 2697 2958 ex
2728 2896 2989 2976 simplici
3013 2897 3366 2977 intelligen-

1802 2989 1915 3065 tia,
1941 2995 2005 3050 et
2031 2990 2208 3070 quasi
2236 2989 2458 3050 notitia
2485 2991 2914 3062 terminorum,
2940 2991 3045 3052 sed
3068 3009 3144 3051 ex
3165 2991 3366 3071 inqui-

1799 3084 2022 3146 sitione
2067 3083 2370 3164 quadam3
2409 3101 2580 3160 nam,
2630 3089 2700 3144 ut
2741 3083 2980 3145 notavit
3025 3084 3191 3146 idem
3247 3085 3366 3146 Au-

1800 3179 2109 3257 gustinus,
2143 3180 2217 3239 10
2267 3177 2560 3252 Confess„
2610 3196 2744 3256 cap.
2800 3180 2914 3252 Η,
2963 3183 3024 3238 et
3073 3179 3360 3256 IsidoruS,

1800 3271 1908 3332 lib.
1964 3274 1989 3331 1
2045 3271 2530 3344 Sententiarum,
2593 3289 2726 3351 cap.
2785 3273 2886 3347 13,
2941 3273 3226 3351 ooyitatio
3271 3279 3366 3333 est

1799 3363 2081 3445 quamam
2139 3363 2335 3424 veluti
2382 3362 2602 3424 iterata
2658 3365 2891 3425 coactio
2915 3410 2935 3440 ,
2989 3367 3135 3444 quia
3183 3365 3364 3426 intel-

1798 3456 1993 3518 lectus
2035 3455 2272 3536 cogitur
2314 3455 2393 3517 ad
2449 3454 2923 3534 intelligendum
2952 3502 2969 3529 ,
3026 3456 3121 3518 vel
3179 3459 3366 3520 remi·

1798 3550 2161 3613 niscendum
2195 3547 2357 3630 quod
2403 3549 2717 3611 memorias
2763 3550 3236 3628 commendavit,
3264 3551 3366 3612 vel

1799 3643 1967 3725 quod
2012 3642 2215 3724 primo
2259 3643 2491 3703 intuitu
2536 3661 2661 3703 non
2702 3643 2908 3704 statim
2948 3645 3115 3706 videt
3164 3663 3366 3725 neque

1799 3743 2103 3817 penetrat.
2151 3737 2226 3796 Et
2254 3735 2342 3797 ita
2373 3755 2483 3815 per
2527 3734 2697 3796 illam
2740 3737 3101 3816 particulam
3151 3739 3366 3800 distin-

1800 3831 2016 3910 guitur
2043 3827 2196 3890 fides
2223 3848 2261 3889 a
2284 3829 2554 3909 perfecta
2577 3828 3026 3908 intelligentia3
3058 3849 3168 3910 per
3191 3831 3363 3892 illam

1799 3942 1949 3984 vero
1987 3923 2073 3984 sic
2101 3921 2494 4000 explicatam,
2526 3939 2653 3981 non
2703 3921 2949 3983 videtur
2993 3923 3367 3985 sufficienter

1800 4016 2100 4095 distingui
2123 4021 2292 4076 actus
2318 4015 2458 4076 fidei
2485 4013 2710 4076 divinae
2735 4013 2813 4076 ab
2843 4015 3155 4096 opinione,
3191 4019 3365 4098 quia,

1802 4112 1991 4172 etiam
2022 4110 2173 4172 dum
2207 4109 2560 4190 opinamur,
2585 4127 2727 4170 cum
2764 4111 3112 4171 assensione
3138 4112 3366 4190 cogita·

1802 4220 1965 4265 muS.

1880 4297 1943 4356 8.
1972 4295 2298 4374 Responsio
2318 4314 2388 4360 ea·
2409 4297 2490 4358 D.
2518 4296 2749 4359 Thomu
2768 4302 2977 4362 eontra
2996 4317 3172 4376 quam
3200 4300 3368 4360 varie

1804 4393 2096 4455 instatur.
2130 4424 2211 4438 —
2238 4391 2330 4452 Ad
2357 4391 2474 4452 hoc
2498 4392 2681 4454 tacite
2705 4410 2852 4452 vero
2889 4393 3160 4453 occurrit
3187 4391 3367 4453 divus

1805 4485 2100 4558 ThomaS,
2149 4483 2513 4565 explicando
2559 4484 2928 4565 particulam
2985 4504 3117 4548 oum
3172 4504 3370 4548 assen-

1806 4579 1995 4652 sione,
2026 4584 2097 4639 ut
2118 4577 2283 4639 dicat
2307 4577 2662 4639 firmitatem
2695 4578 2760 4639 in
2798 4580 3213 4642 assentiendo.
3251 4579 3372 4640 Sed

1807 4670 2026 4732 instari
2072 4675 2271 4750 potest
2313 4669 2390 4732 de
2453 4668 2574 4730 fide
2624 4671 2924 4748 humana,
2984 4672 3155 4754 quia,
3217 4679 3372 4736 teste

1808 4761 2153 4838 Aristotele,
2184 4763 2371 4824 etiam
2409 4763 2615 4826 differt
2647 4763 2726 4825 ab
2759 4765 3050 4844 opinione
3079 4765 3145 4828 in
3173 4766 3370 4829 firmi-

1807 4861 1958 4932 tate,
2007 4857 2161 4918 adeo
2191 4862 2286 4932 nt,
2338 4856 2447 4918 lib.
2499 4858 2538 4918 2
2593 4859 2962 4935 Magnorum
3017 4859 3369 4936 moralium,

1806 4967 1941 5028 cap.
1975 4950 2038 5026 6,
2072 4949 2156 5010 ita
2183 4949 2406 5011 scribat
2437 4971 2452 5010 z
2499 4949 2808 5016 Vehemens
2827 4953 3052 5032 opinio,
3082 4959 3375 5034 quatenus

1805 5041 2052 5105 stabilis
2079 5049 2189 5118 esc,
2225 5047 2280 5105 et
2307 5041 2660 5106 credulitate
2687 5044 3066 5122 inconeussa,
3111 5063 3148 5107 a
3186 5046 3372 5108 soien-

1809 5135 1902 5196 tia
1928 5153 2046 5196 non
2069 5135 2305 5215 differt,
2336 5140 2455 5199 etc.
2488 5135 2868 5215 Responderi
2907 5143 3118 5199 antem
3147 5141 3372 5217 potest,

1807 5227 1996 5289 etiam
2023 5225 2382 5289 firmitatem
2399 5227 2690 5290 humanae
2714 5225 2856 5290 fidei
2886 5249 3016 5292 esse
3056 5229 3373 5292 infirmam

1808 5327 2090 5400 respectu
2115 5320 2424 5382 firmitatis
2463 5321 2634 5382 Fidei
2675 5320 3058 5398 Christianae,
3093 5321 3242 5402 qnia
3271 5321 3380 5383 illa

1808 5415 1980 5494 prior
2009 5434 2135 5476 non
2163 5415 2437 5501 excludit
2459 5433 2709 5477 omnem
2738 5415 3136 5478 formidinem
3164 5417 3239 5477 de
3273 5435 3377 5496 pe-

1808 5509 2004 5572 riculo
2043 5509 2348 5588 falsimtiS,
2387 5509 2547 5572 sicut
2588 5510 2857 5572 excludit
2905 5512 3220 5596 posterior.
3259 5509 3380 5575 Sed
