3900 6217
502 353 622 418 780

505 463 549 510 5.
588 459 778 509 Fautor
798 455 1027 508 baeretici
1051 456 1152 508 sibi
1177 457 1392 524 cogniti,
1413 469 1520 510 non
1543 462 1721 509 tamen
1746 456 2062 520 denuntiai,

565 533 1071 594 excommunicatur,
1104 533 1230 584 ibid.

565 608 740 660 Potest
763 608 966 660 absolvi
992 609 1184 660 virtute
1204 607 1454 661 clausulae
1480 607 1744 676 generalis
1768 607 2067 664 conceden-

567 684 632 734 tis
652 696 808 736 casus
831 684 992 736 Bultae
1023 686 1210 742 coenae,
1241 683 1369 736 ibid.

504 767 551 814 6.
587 763 790 814 Favens
813 763 1085 825 haeretico,
1109 764 1266 815 etiam
1292 771 1348 815 ut
1373 762 1652 816 haereticus
1676 768 1774 826 est,
1800 775 1862 816 ex
1891 765 2065 831 negli-

566 838 746 906 gentia
796 847 886 890 aut
934 838 1253 906 ignorantia,
1301 839 1462 890 etiam
1511 838 1742 902 graviter
1790 841 2063 906 culpabili,

565 925 846 968 censuram
878 928 987 968 non
1009 914 1247 966 incurrit.
1279 913 1396 967 ead.
1435 920 1564 967 sect.
1588 919 1637 976 1,
1671 928 1724 966 n.
1757 919 1837 966 12.

505 995 552 1042 7.
589 991 782 1044 Fautor
807 991 1038 1044 haeretici
1069 1003 1177 1043 non
1205 990 1338 1050 veri,
1361 989 1454 1042 sed
1473 991 1778 1056 praesumpti
1805 1001 2067 1056 praesum·

567 1066 748 1131 ptione
771 1066 924 1130 juris.
952 1078 1018 1118 an
1049 1065 1556 1124 excommunicatus,
1585 1078 1638 1116 n.
1667 1069 1744 1117 13.

569 1140 699 1200 Quid
733 1141 778 1192 si
807 1141 922 1200 eius
948 1141 1095 1194 l'avor
1119 1141 1252 1192 nihil
1274 1148 1539 1206 operetur,
1564 1154 1618 1192 n.
1645 1143 1723 1192 14.

505 1223 551 1269 8.
588 1217 838 1270 Fautores
865 1216 1231 1270 haereticorum
1257 1229 1325 1268 an
1356 1217 1488 1268 alias
1531 1229 1718 1282 poenas
1753 1223 1944 1282 praeter
1971 1229 2064 1270 ex-

565 1293 1102 1346 communicationem
1133 1293 1423 1351 incurrant,
1450 1298 1502 1344 et
1524 1304 1674 1358 quas,
1704 1306 1757 1346 n.
1795 1298 1872 1346 15.

503 1374 550 1424 9.
587 1367 872 1423 Fautorum
902 1369 1015 1432 tilii,
1039 1369 1160 1422 vide
1183 1371 1366 1430 Ftuus,
1391 1383 1446 1422 n.
1479 1373 1507 1420 7
1542 1378 1594 1423 et
1622 1375 1670 1423 9.

1209 1547 1365 1586 vtum.

506 1679 553 1727 1.
589 1674 732 1728 Fidei
763 1675 912 1729 varia
951 1675 1264 1743 significata,
1307 1680 1458 1728 tract.
1505 1680 1552 1736 1,
1599 1674 1739 1741 disp.
1785 1679 1832 1740 1,
1869 1680 2068 1742 seem,

568 1765 622 1804 n.
654 1756 701 1804 1.

506 1835 551 1882 s.
588 1829 742 1883 Fides
777 1828 1323 1898 significatinterdum
1353 1825 1736 1894 perfectionem
1754 1826 2061 1890 voluntatis,

569 1906 832 1961 interdum
864 1907 1178 1968 intellectus,
1207 1903 1358 1962 ibid..
1387 1918 1439 1956 n.
1472 1909 1518 1956 2.

505 1989 551 2036 3.
591 1985 732 2038 Fidei
763 1983 830 2036 ad
857 1981 1182 2037 voluntatem
1212 1982 1389 2034 relatae
1413 1981 1561 2034 varia
1588 1980 1903 2048 significata.
1943 1993 1996 2034 n.
2034 1986 2063 2033 3

567 2065 618 2112 et
643 2063 686 2111 4.

567 2136 644 2186 An
677 2141 728 2188 et
749 2134 1021 2200 quomodo
1057 2133 1308 2200 importet
1341 2133 1608 2193 fiduciam,
1632 2145 1664 2184 a
1686 2146 1739 2184 n.
1765 2138 1811 2184 5.

507 2215 552 2263 k.
587 2211 750 2271 Fidei,
780 2216 933 2275 prout
978 2209 1202 2262 refertur
1239 2209 1307 2262 ad
1351 2207 1693 2270 intellectum,
1725 2208 1872 2260 varia
1903 2208 2065 2261 etiam

566 2287 878 2354 significata,
908 2299 959 2336 n.
985 2290 1014 2337 9
1035 2291 1086 2338 et
1109 2290 1185 2337 1ο.

567 2363 893 2429 Praecipuum
925 2368 1005 2414 est
1034 2361 1266 2428 cognitio
1297 2361 1526 2414 obscura
1557 2359 1775 2412 fundata
1815 2359 1868 2411 in
1913 2359 2065 2414 testi-

567 2439 750 2492 monio
784 2437 1026 2498 dicentis,
1058 2451 1112 2489 n.
1145 2442 1203 2489 1ο
1225 2441 1376 2490 et11.

508 2520 555 2568 5.
589 2513 734 2568 Fidei
771 2514 824 2567 in
873 2513 1110 2566 divinam
1153 2520 1206 2566 et
1256 2513 1546 2565 humanam
1596 2511 1827 2577 partitio,
1873 2511 2062 2564 eodem

567 2606 621 2643 n.
655 2597 733 2644 11.

508 2673 555 2722 6.
593 2667 734 2720 Fidei
764 2667 977 2733 partitio
1000 2666 1054 2718 in
1083 2665 1386 2719 historicam
1421 2665 1838 2730 promissionum
1880 2671 1932 2718 et
1961 2663 2065 2716 mi-

569 2744 890 2805 raculorum,
918 2741 1109 2808 qualiS,
1138 2750 1285 2796 tract.
1321 2747 1368 2804 1,
1393 2741 1531 2807 disp.
1555 2745 1609 2806 2,
1633 2749 1759 2798 sect.
1789 2746 1834 2803 3,
1863 2755 1916 2792 n.
1956 2746 1986 2791 2
2015 2747 2068 2794 et

569 2825 622 2882 3ς
649 2826 701 2872 et
723 2819 860 2884 disp.
888 2824 936 2880 6,
962 2823 1090 2871 sect.
1124 2823 1170 2876 3,
1199 2832 1249 2870 n.
1285 2823 1329 2870 5.

507 2902 554 2947 7.
591 2895 746 2948 Fides
768 2894 1028 2948 catholica
1050 2902 1101 2947 et
1125 2893 1462 2960 Theologica,
1494 2893 1624 2962 quid
1649 2891 1772 2956 sint,
1801 2895 1931 2946 etin
1956 2906 2066 2961 quo

573 2969 838 3024 differant.
865 2976 1014 3023 tract.
1046 2974 1093 3033 1,
1116 2970 1252 3035 disp.
1282 2975 1328 3030 3,
1354 2977 1480 3023 sect.
1513 2975 1592 3031 1ο,
1616 2984 1669 3021 n.
1697 2975 1724 3020 3
1745 2975 1798 3022 el
1833 2974 1878 3022 t.

506 3052 553 3100 8.
589 3046 734 3100 Fidei
769 3047 960 3100 divisio
993 3046 1044 3099 in
1076 3045 1356 3098 mediatam
1389 3052 1440 3098 et
1472 3045 1831 3097 immediatam
1863 3045 2062 3098 refelli-

569 3128 671 3185 tur,
696 3128 845 3175 tract.
874 3126 922 3186 1,
953 3121 1090 3188 disp.
1119 3127 1166 3185 6,
1198 3129 1324 3175 sect.
1358 3127 1406 3185 3,
1436 3136 1489 3173 n.
1520 3125 1608 3184 ·lo;
1643 3127 1695 3174 et
1717 3127 1845 3176 sect.
1878 3125 1922 3180 4,
1956 3134 2010 3173 n.
2037 3127 2064 3172 5

565 3203 618 3252 et
638 3203 683 3251 7.

504 3281 550 3328 9.
587 3275 742 3328 Fides
763 3273 1160 3337 miraculorum,
1185 3274 1307 3328 vide
1329 3291 1614 3330 utaxcutnu

504 3356 582 3404 19.
619 3351 772 3404 Fides
794 3349 962 3416 gratia
983 3352 1144 3417 gratis
1168 3349 1307 3414 data,
1341 3351 1393 3404 in
1415 3363 1522 3418 quo
1547 3349 1818 3412 consistat,
1838 3355 1988 3402 tract.
2014 3353 2062 3411 1,

565 3429 703 3494 disp.
730 3433 778 3489 3,
813 3434 939 3480 sect.
967 3434 1016 3490 2,
1040 3440 1071 3480 a
1093 3441 1146 3480 n.
1173 3433 1218 3478 3.

565 3505 695 3556 Vide
715 3505 900 3557 Gna-m
935 3519 1104 3556 attaris
1137 3519 1281 3566 nau,
1317 3517 1372 3556 n.
1411 3507 1456 3556 ⁴.

502 3586 581 3635 11.
618 3580 771 3634 Fides
792 3580 972 3633 divina
997 3581 1328 3647 proerequirit
1351 3581 1662 3638 humanam,
1685 3591 1792 3631 non
1819 3581 1873 3630 ul
1908 3577 2063 3644 prin-

563 3657 762 3722 cipium
799 3655 853 3706 in
886 3668 994 3720 quo
1024 3669 1119 3720 per
1160 3669 1218 3708 se
1245 3657 1462 3718 nitatur,
1493 3655 1586 3708 sed
1616 3661 1672 3706 ut
1696 3653 2059 3707 conditionem

563 3733 834 3788 ordinarie
869 3733 1242 3798 necessariam,
1271 3739 1420 3787 tract.
1456 3738 1506 3796 1,
1545 3733 1683 3798 disp.
1725 3737 1774 3793 3,
1819 3737 1946 3783 sect.
1981 3735 2059 3792 12,

564 3823 616 3861 n.
641 3814 718 3862 13.

503 3889 582 3936 12.
617 3886 770 3940 Fides
794 3885 976 3938 divina
1004 3885 1072 3938 ab
1100 3885 1334 3937 bumana
1368 3885 1420 3936 in
1451 3896 1558 3950 quo
1587 3881 1815 3946 differat,
1840 3883 1979 3948 disp.
2011 3887 2059 3945 2,

565 3969 693 4016 sect.
731 3967 778 4024 1,
816 3977 869 4014 n.
901 3967 954 4025 8;
985 3969 1038 4016 et
1056 3961 1192 4027 disp.
1217 3966 1265 4022 6,
1289 3968 1417 4014 sect.
1447 3965 1494 4020 4,
1527 3974 1578 4013 n.
1604 3965 1651 4012 8.

505 4041 582 4090 13.
619 4039 762 4091 Fidei
813 4052 939 4092 vera
987 4035 1224 4090 definitio
1273 4037 1590 4104 proponitur
1637 4042 1689 4089 et
1737 4033 2061 4100 explicatur,

566 4119 716 4167 tract.
749 4119 796 4176 1,
821 4115 960 4181 disp.
987 4118 1035 4174 6,
1061 4119 1187 4166 sect.
1215 4118 1260 4172 1,
1285 4126 1318 4165 a
1345 4126 1490 4164 num.
1526 4117 1570 4163 5.

564 4189 642 4242 An
687 4197 830 4244 recte
873 4189 1157 4242 definiatur
1199 4187 1584 4254 sperandarum
1631 4185 1928 4238 substantia
1977 4199 2061 4239 re-

565 4279 700 4318 rum.
730 4273 850 4325 etc..
875 4263 1012 4330 disp.
1040 4269 1087 4325 6,
1120 4269 1246 4316 sect.
1274 4268 1322 4325 3,
1351 4276 1447 4328 per
1473 4269 1656 4316 totam.

504 4345 580 4392 14.
621 4340 770 4393 Fides
799 4340 980 4393 divina
1005 4354 1073 4393 an
1105 4347 1246 4392 stare
1273 4339 1442 4405 possit
1469 4351 1590 4391 cum
1632 4336 1916 4400 evidentia,
1945 4337 2067 4390 vide

565 4429 823 4468 musam
859 4423 912 4468 et
937 4432 1066 4468 vtum
1095 4431 1262 4468 Actus.

504 4493 581 4542 15.
617 4491 761 4544 Fidei
796 4505 864 4544 an
900 4492 1068 4556 possit
1100 4492 1320 4544 subesse
1363 4489 1568 4549 falsum,
1606 4489 1728 4542 vide
1757 4504 2063 4543 usmetun.

503 4570 581 4618 16.
619 4567 762 4618 Fidei
793 4567 1106 4632 propositio,
1133 4567 1254 4619 vide
1283 4581 1560 4619 raorostrto
1591 4581 1740 4618 nnat.

505 4646 580 4693 17.
619 4641 772 4693 Fides
799 4642 1027 4695 formata
1050 4649 1102 4694 et
1143 4642 1402 4703 informis,
1442 4640 1569 4706 quid
1607 4641 1732 4692 sint.
1763 4647 1814 4692 et
1857 4641 1910 4692 in
1957 4653 2065 4705 quo

566 4715 834 4779 differant,
860 4723 1006 4770 tract.
1039 4721 1084 4776 1,
1113 4717 1249 4782 disp.
1280 4721 1327 4777 7,
1352 4723 1480 4768 sect.
1505 4721 1555 4780 3,
1579 4727 1725 4769 num.
1757 4723 1784 4768 5
1814 4723 1866 4768 et
1891 4723 1936 4767 6.

567 4797 647 4844 An
687 4791 845 4844 etiam
889 4793 1130 4844 informis
1177 4792 1245 4843 sit
1293 4791 1694 4844 fundamentum
1735 4791 1969 4854 justitiae,
2014 4796 2069 4844 et

567 4866 879 4932 simpliciter
907 4869 1092 4928 virtuS,
1125 4880 1272 4920 num.
1301 4871 1345 4919 7.

506 4947 583 4994 13.
621 4943 776 4995 Fides
817 4942 1059 5008 explicita
1091 4942 1218 5007 quid
1255 4944 1341 5002 sil,
1384 4947 1436 4994 et
1475 4941 1777 5006 quotuplex.
1824 4944 1973 4992 tract.
2021 4945 2067 5002 1,

569 5019 706 5086 disp.
732 5022 780 5080 2,
805 5027 933 5072 sect.
960 5023 1008 5081 6,
1032 5033 1181 5072 num.
1203 5023 1258 5080 23
1283 5017 1484 5083 etdisp.
1515 5021 1592 5074 ts.
1617 5025 1743 5069 sect.
1769 5020 1816 5075 3,
1845 5029 1973 5068 num
2020 5019 2065 5066 1.

507 5099 584 5146 19.
621 5094 872 5160 Explicita
914 5093 1047 5146 {ides
1094 5107 1308 5160 semper
1348 5091 1445 5146 suit
1493 5091 1548 5144 in
1598 5091 1848 5154 Ecclesia,
1879 5089 2068 5143 eadem

568 5169 707 5236 disp.
739 5174 786 5233 2,
815 5177 942 5222 sect.
967 5173 1015 5229 6,
1043 5183 1094 5221 n.
1124 5173 1171 5220 4.

567 5245 730 5311 ldque
759 5258 824 5298 eo
855 5245 1025 5312 magis
1058 5243 1319 5310 explicita,
1357 5253 1464 5308 quo
1491 5248 1660 5296 status
1689 5237 1952 5294 Ecctesta'e.
1974 5241 2069 5296 suit

566 5321 772 5374 Christo
805 5320 1040 5383 vicinior,
1075 5333 1220 5370 num.
1255 5324 1332 5371 12.

566 5396 697 5458 Quid
727 5397 793 5450 de
825 5394 1132 5448 hominibus
1157 5394 1292 5446 intra
1313 5394 1560 5448 eumdem
1585 5400 1803 5456 statum,
1825 5393 1952 5447 ibid.

567 5471 698 5532 Quid
729 5471 796 5524 de
835 5471 1159 5538 primoribus
1198 5471 1444 5524 Ecclesiae
1479 5471 1532 5524 in
1557 5482 1877 5538 unoquoque
1907 5475 2065 5533 statu,

571 5560 721 5602 num.
746 5551 823 5599 13.

1885 359 2076 412 INDEX
2106 359 2337 412 tit-:mm

2148 465 2226 512 2⁰.
2264 459 2418 512 Fides
2442 459 2751 526 explicatior
2778 459 2833 510 in
2864 457 3189 523 primoribus
3224 457 3473 510 Ecclesiae
3502 469 3731 522 semper

2211 538 2529 600 necessaria,
2552 543 2700 588 tract.
2729 542 2776 595 1,
2800 537 2938 600 disp.
2966 539 3043 592 13.
3068 541 3195 588 sect.
3222 541 3270 594 3,
3294 547 3444 586 num.
3474 539 3525 583 7.

2148 617 2227 665 21.
2264 614 2493 676 Quarum
2534 625 2710 665 rernm
2754 611 2888 664 fides
2929 612 3175 676 explicita
3212 611 3369 662 fuerit
3410 609 3725 661 necessaria

2210 699 2333 742 ante
2354 696 2405 744 et
2430 695 2547 755 post
2566 687 2851 742 adventum
2876 687 3087 748 Christi,
3108 685 3229 739 vide
3257 701 3389 738 rum
3410 699 3721 737 accustus.

2456 821 2583 859 rint!
2619 821 2801 858 Divum
2830 819 3079 858 omn!
3110 817 3405 856 tarnum.

2146 925 2193 973 1.
2234 923 2291 974 ln
2322 919 2530 982 objecto
2552 920 2677 974 fldei
2702 920 2802 973 tria
2825 917 3221 986 distinguenda,
3244 923 3396 969 tract.
3422 921 3470 978 1,
3498 913 3647 980 disp.
3670 920 3720 972 Ξ,

2209 995 2261 1046 in
2290 995 2560 1062 praelndio.

2146 1075 2192 1122 2.
2230 1071 2499 1136 objectum
2524 1071 2645 1124 fidei
2672 1085 2703 1122 a
2723 1070 2962 1134 subjecto
2985 1070 3039 1122 in
3063 1083 3171 1136 quo
3193 1067 3423 1126 differat,
3450 1067 3591 1120 ibid.

2144 1151 2189 1198 3.
2227 1147 2389 1199 Deum
2420 1159 2539 1199 esse
2568 1146 2689 1199 fidei
2726 1146 3033 1199 christianae
3070 1145 3357 1211 objectum,
3382 1143 3451 1197 de
3480 1142 3587 1195 lide
3616 1147 3721 1204 est,

2204 1223 2320 1275 ead.
2346 1223 2485 1286 disp.
2512 1227 2561 1284 3,
2589 1230 2716 1276 sect.
2742 1227 2791 1282 1,
2827 1236 2973 1274 num.
3004 1226 3050 1273 1.

2204 1299 2332 1351 Esse
2355 1298 2650 1364 subjectum
2672 1297 3057 1362 attributionis,
3082 1297 3192 1350 fere
3212 1297 3369 1350 etiam
3395 1295 3465 1348 de
3484 1294 3593 1346 fide
3616 1299 3719 1356 est,

2208 1389 2359 1427 num.
2388 1379 2433 1427 3.

2150 1455 2194 1502 k.
2230 1450 2374 1503 Fidei
2414 1451 2679 1516 objectum
2714 1451 3007 1518 principale
3036 1455 3119 1503 est
3150 1451 3289 1503 Deus
3324 1449 3429 1502 sub
3468 1447 3723 1500 absoluta

2214 1525 2418 1580 ratione
2448 1527 2661 1580 Deitatis
2700 1535 2753 1581 et
2780 1527 3025 1580 essentiae
3054 1540 3192 1587 suae,
3224 1538 3334 1579 non
3374 1523 3478 1576 snb
3508 1523 3723 1576 ratione

2214 1603 2511 1660 salvatoris.
2538 1609 2629 1656 aut
2655 1603 3043 1669 glorificatoris,
3068 1602 3179 1654 ibid
3204 1643 3217 1664 ,
3240 1615 3272 1653 a
3300 1613 3449 1653 num.
3476 1605 3525 1653 5.

2154 1686 2201 1732 6.
2236 1681 2380 1733 inter
2408 1679 2613 1745 objecta
2638 1679 2764 1733 fidei
2794 1681 2930 1731 Deus
2958 1679 3186 1732 maxime
3214 1677 3522 1730 necessario
3550 1681 3602 1728 et
3632 1675 3721 1726 in-

2207 1755 2575 1821 separabiliter
2602 1763 2937 1814 numeratur,
2962 1767 3113 1806 num.
3142 1759 3189 1805 8.

2145 1838 2191 1883 6.
2228 1834 2373 1884 Inter
2392 1833 2598 1896 objecta
2620 1831 2740 1884 fidei
2768 1831 2874 1883 alia
2897 1831 3057 1884 etiam
3084 1835 3276 1896 praeter
3303 1831 3467 1882 Deum
3495 1840 3719 1880 enume-

2208 1907 2392 1968 randa.
2416 1908 2533 1960 ead.
2568 1907 2702 1972 disp.
2734 1913 2783 1970 s,
2814 1915 2941 1960 sect.
2974 1911 3023 1966 2,
3054 1919 3201 1958 num.
3226 1910 3271 1957 1.

2144 1987 2190 2036 7.
2233 1983 2501 2048 Objectum
2532 1985 2864 2048 adaequatum
2902 1991 2955 2036 et
2978 1984 3239 2036 directum
3276 1981 3402 2034 fidei
3432 1986 3515 2032 est
3538 1979 3723 2044 quod-

2210 2059 2339 2112 libet
2368 2073 2465 2111 ens
2495 2059 2779 2114 revelabile
2802 2073 2835 2110 a
2858 2062 2963 2114 Deo
2985 2059 3233 2118 obscure,
3258 2057 3409 2118 ibid..
3434 2069 3467 2108 a
3489 2069 3643 2107 num.
3670 2061 3719 2106 2.

2146 2141 2191 2187 8.
2230 2137 2367 2188 Deus
2388 2135 2488 2187 dici
2513 2143 2686 2202 potest
2707 2136 2971 2200 objectum
2996 2136 3329 2200 adaequatum
3354 2132 3499 2195 fidei,
3518 2131 3719 2197 partim

2208 2211 2260 2261 in
2290 2218 2450 2272 recto,
2476 2213 2667 2276 partim
2698 2213 2752 2264 in
2781 2212 3021 2278 obliquo,
3042 2211 3151 2263 ibid
3179 2252 3191 2272 ,
3220 2223 3365 2262 num.
3394 2214 3440 2260 5.

2145 2293 2193 2339 9.
2230 2288 2487 2340 possibile
2530 2295 2611 2340 est
2656 2287 2877 2341 revelari
2922 2287 3209 2352 objectum,
3254 2285 3399 2352 quod
3442 2293 3563 2338 actu
3604 2297 3720 2337 non

2208 2363 2468 2416 referatur
2490 2365 2557 2416 ad
2584 2366 2845 2430 objectum
2884 2363 3006 2416 fidei
3035 2368 3087 2415 et
3114 2367 3479 2416 auctoritatem
3520 2373 3721 2428 super-

2210 2442 2521 2505 naturalem,
2557 2455 2705 2494 num.
2731 2447 2774 2492 7.

2146 2522 2223 2569 1ο.
2262 2518 2531 2580 Obiectum
2585 2519 2949 2572 immediatum
3009 2517 3131 2570 fidei
3182 2525 3261 2571 est
3308 2517 3511 2582 aliquid
3562 2531 3722 2570 com-

2209 2595 2416 2658 plexum
2452 2594 2554 2648 sub
2585 2608 2688 2647 una
2717 2596 2922 2648 ratione
2946 2593 3330 2652 credibilitatis,
3353 2593 3471 2646 ead.
3500 2593 3641 2660 disp.
3668 2600 3719 2655 2,

2208 2676 2335 2722 sect.
2361 2675 2409 2730 3,
2437 2684 2585 2722 num.
2612 2676 2658 2730 1,
2684 2675 2713 2720 2
2743 2677 2794 2723 et
2820 2675 2864 2722 3.

2147 2750 2224 2798 11.
2261 2749 2403 2800 luter
2429 2747 2637 2812 objecta
2659 2747 2803 2808 fidei,
2830 2748 2933 2800 alia
2956 2753 3082 2801 sunt
3111 2747 3426 2810 necessaria,
3452 2745 3560 2800 alia
3588 2759 3721 2800 con-

2207 2823 2483 2888 tingentia,
2510 2837 2657 2875 num.
2690 2829 2739 2875 4.

2208 2899 2320 2951 Alia
2342 2899 2620 2958 naturalia.
2643 2899 2747 2951 atia
2774 2912 2939 2966 supra
2956 2905 3218 2958 naturam.
3242 2911 3389 2951 num.
3420 2903 3537 2960 5,et
3562 2897 3711 2964 disp.

2206 2980 2285 3036 17,
2313 2983 2444 3028 sect.
2466 2979 2513 3030 2.
2548 2988 2695 3026 num.
2726 2980 2769 3027 1.

2145 3056 2222 3103 13.
2259 3051 2469 3116 Objecta
2494 3051 2611 3103 tidei
2644 3053 2697 3101 in
2723 3063 2841 3103 esse
2873 3050 2967 3110 rei,
2992 3063 3153 3115 quem
3188 3050 3422 3102 babeant
3456 3050 3711 3102 ordinem

2208 3129 2513 3194 prioritatis,
2552 3135 2700 3180 tract.
2724 3132 2771 3188 1,
2793 3129 2936 3194 disp.
2968 3133 3018 3189 3,
3043 3135 3172 3182 sect.
3195 3132 3242 3188 4,
3274 3141 3421 3179 num.
3448 3131 3477 3178 2
3498 3135 3555 3178 et
3578 3133 3627 3178 3.

2146 3207 2222 3256 13.
2260 3204 2471 3268 objecta
2515 3202 2692 3269 aliqua
2720 3211 2845 3256 sunt
2884 3204 3003 3255 aliis
3047 3203 3242 3270 priora,
3274 3205 3433 3255 etiam
3480 3204 3537 3254 in
3592 3215 3717 3256 esse

2210 3278 2500 3340 credibilis,
2516 3287 2564 3331 et
2583 3289 2827 3344 quaenam
2844 3278 2950 3329 sint
2968 3277 3088 3336 illas,
3122 3278 3269 3334 ibid..
3295 3291 3443 3330 num.
3472 3283 3500 3327 5
3520 3287 3575 3328 et
3596 3291 3711 3343 seq.

2148 3357 2229 3407 1⁴.
2266 3355 2335 3406 Ex
2360 3353 2581 3418 objectis
2620 3353 2890 3419 prioribus
2924 3353 2977 3404 in
3011 3366 3132 3406 esse
3176 3353 3465 3416 credibilis,
3499 3354 3713 3406 nullum

2207 3436 2287 3483 est
2315 3428 2419 3483 alio
2445 3429 2592 3495 prius
2617 3431 2669 3482 in
2694 3443 2813 3482 esse
2832 3429 3123 3488 credibilis,
3147 3429 3392 3496 quamvis
3414 3435 3484 3482 sit
3508 3429 3565 3482 in
3592 3443 3716 3483 esse

2205 3511 2301 3564 ret,
2328 3505 2477 3560 ibid..
2510 3519 2655 3558 num.
2685 3507 2765 3557 tt.

2142 3587 2219 3634 16.
2248 3582 2462 3646 objecta
2486 3579 2607 3632 fidei
2631 3579 2807 3644 quoad
2841 3579 3193 3632 substantiam
3219 3593 3495 3645 nunquam
3520 3594 3715 3634 creve-

2206 3664 2329 3710 runt
2350 3664 2439 3708 aut
2460 3657 2829 3718 decreverunt,
2852 3654 2967 3709 ead.
2997 3655 3136 3722 disp.
3172 3661 3220 3717 2,
3243 3662 3371 3708 sect.
3405 3663 3457 3716 6,
3482 3671 3635 3710 num.
3660 3665 3715 3710 3.

2144 3735 2221 3785 16.
2258 3732 2471 3796 objecta
2502 3730 2621 3784 fidei
2653 3731 2907 3796 explicitae
2933 3739 3059 3784 sunt
3087 3731 3285 3783 credita
3318 3744 3349 3782 a
3382 3731 3715 3796 primoribus

2206 3813 2410 3860 tantum
2442 3805 2687 3860 Ecclesiae
2706 3815 2829 3859 ante
2879 3808 3047 3875 legem
3074 3808 3267 3874 gratiae,
3306 3807 3435 3859 ibid.
3498 3823 3653 3862 num.
3682 3814 3709 3861 1

2206 3889 2258 3936 ei.
2287 3890 2330 3935 5.
2960 3893 2967 3900 ·

2145 3965 2223 4012 17.
2247 3961 2459 4023 Obiecta
2488 3957 2611 4012 {idei
2657 3963 2941 4011 creverunt
2968 3971 3218 4012 successu
3249 3961 3503 4025 temporis
3528 3963 3713 4027 quoad

2206 4036 2501 4101 explicitam
2532 4035 2711 4093 fidem.
2745 4048 2891 4087 num.
2914 4041 2961 4086 6.

2205 4113 2368 4176 Hujus
2394 4110 2703 4164 incrementi
2730 4109 2849 4162 duae
2869 4111 3069 4177 regulae
3084 4111 3473 4176 expenduntur,
3496 4123 3529 4162 a
3546 4125 3601 4162 n.
3628 4114 3709 4164 17.

2208 4187 2338 4240 Vide
2368 4202 2647 4240 raoroetrto
2663 4203 2729 4239 nn
2750 4201 2863 4238 rm

2598 4317 2731 4356 riost
2754 4318 2995 4358 ΟΒΙΙΩΠῙΙ
3014 4317 3179 4356 mnu
3185 4319 3259 4356 m.

2149 4417 2195 4464 1.
2225 4414 2494 4480 Obiectum
2540 4413 2761 4466 formate
2804 4413 2945 4468 fidei.
2978 4413 3121 4465 aliud
3164 4413 3216 4464 in
3262 4425 3383 4466 esse
3416 4411 3513 4473 rei,
3565 4412 3711 4465 aliud

2212 4490 2264 4542 in
2294 4503 2412 4542 esse
2432 4488 2826 4555 cognoscibilis,
2849 4495 2998 4542 tract.
3035 4495 3082 4553 1,
3106 4488 3244 4554 disp,
3274 4493 3323 4544 3,
3351 4488 3402 4538 in
3427 4489 3707 4554 praeludio.

2146 4571 2193 4618 3.
2223 4566 2490 4630 Obiectum
2528 4565 2751 4618 formale
2790 4565 2845 4616 in
2887 4577 3007 4616 esse
3044 4563 3438 4631 cognoscibilia,
3471 4564 3527 4614 in
3562 4565 3709 4630 quod

2208 4641 2343 4693 tides
2364 4641 2662 4702 resolvitur,
2706 4652 2826 4693 esse
2856 4641 3146 4692 humanam
3168 4641 3449 4700 rationem,
3476 4639 3568 4704 qui
3594 4639 3709 4692 hae-

2210 4717 2354 4768 retici
2376 4717 2556 4778 velint,
2578 4723 2707 4769 sect.
2741 4720 2958 4776 imum.
2988 4721 3035 4767 1.

2208 4790 2675 4848 Relellunturlate,
2711 4802 2744 4841 a
2782 4803 2928 4842 num.
2956 4795 3004 4842 3.

2148 4874 2194 4918 3.
2232 4866 2503 4929 Obiectnm
2558 4872 2611 4919 et
2648 4864 3051 4918 fundamentum
3106 4864 3227 4918 fidei
3268 4863 3583 4917 Christianae
3630 4873 3709 4918 est

2218 4945 2351 4994 neus
2371 4941 2506 5007 ipse,
2530 4953 2689 5004 ouem
2716 4939 2820 4992 tide
2848 4941 3134 4998 credimus,
3169 4940 3319 5003 ibid,
3350 4953 3383 4992 a
3408 4954 3557 4992 num.
3582 4947 3631 4991 6.

2152 5021 2195 5068 k.
2236 5019 2389 5078 Deus»,
2415 5023 2471 5069 ut
2492 5015 2755 5076 revelans,
2778 5025 2859 5067 est
2880 5017 3147 5080 objectum
3172 5016 3394 5068 formale
3416 5016 3561 5074 fidei.
3586 5017 3704 5070 cad.

2213 5093 2349 5157 disp.
2376 5097 2423 5152 3,
2448 5098 2573 5144 sect.
2614 5095 2660 5151 3,
2695 5104 2727 5142 a
2757 5105 2903 5143 num.
2932 5097 2977 5143 3.

2152 5173 2198 5219 6.
2236 5169 2388 5228 Deus,
2414 5175 2471 5220 ut
2501 5167 2761 5230 revelans,
2791 5175 2871 5220 est
2894 5167 3217 5233 completum
3254 5165 3375 5219 {idei
3420 5167 3709 5233 objectum,

2214 5249 2341 5294 sect.
2370 5248 2417 5302 3,
2444 5255 2475 5294 a
2501 5255 2647 5294 num.
2682 5245 2726 5292 5.

2210 5317 2315 5369 Nec
2338 5317 2517 5370 iumen
2552 5317 2671 5369 fidei
2705 5323 2794 5368 aut
2827 5315 3031 5368 actuale
3064 5317 3319 5369 auxilium
3366 5318 3457 5370 Dei
3498 5325 3598 5380 est,
3628 5319 3709 5370 vel

2212 5394 2504 5460 partialiter
2533 5391 2652 5444 fidei
2678 5391 2962 5458 obiectum,
2989 5391 3137 5451 inid..
3168 5405 3317 5445 num.
3340 5397 3419 5446 15.

2149 5476 2197 5522 6.
2234 5469 2505 5534 Obiectum
2534 5467 2756 5520 formale
2771 5467 3020 5520 credendi
3050 5467 3104 5518 iu
3140 5469 3409 5531 baeretico,
3432 5482 3544 5522 non
3566 5469 3705 5522 idem

2212 5544 2357 5614 quod
2388 5545 2443 5596 in
2471 5543 2757 5607 catholico,
2784 5543 2936 5606 thid..
2968 5555 3114 5597 num.
3146 5547 3221 5596 16.
