3900 6217
580 410 697 471 642

1206 409 1441 462 DISPUT.
1478 410 1516 463 1.
1554 409 1634 461 DE
1666 407 1927 461 OBJECTO
1959 405 2321 469 mimulam,
2353 404 2432 457 m·
2465 404 2736 457 Folium
2767 404 3151 459 anRrrATls.

578 515 795 588 haeret,
816 513 938 573 nisi
960 510 1107 591 quia
1124 511 1324 589 magis
1348 517 1631 587 conatur,
1653 518 1717 573 et
1736 508 2138 571 intensiorem
2219 507 2366 569 facit
2388 526 2739 589 expressam
2759 508 3300 587 comparationem,
3323 526 3418 569 res
3435 517 3521 571 est
3537 508 3728 587 facilis,

584 615 786 669 actum
816 606 977 666 circa
1000 604 1151 665 illud
1181 604 1387 665 habet.

663 706 722 765 3.
775 700 1134 764 Sustinetur
1163 702 1361 761 tamen
1401 703 1525 761 tota
1560 699 1809 761 notatim
1840 730 1914 743 —
1952 696 2144 757 Caete·

580 814 745 871 rum,
787 802 1025 855 certum
1054 796 1144 851 est
1176 791 1288 851 hos
1324 790 1476 851 duos
1514 792 1723 851 modos
1762 810 1889 851 esse
1926 790 2146 849 distin-

582 896 732 961 ctos,
778 906 904 947 non
944 884 1143 945 solum
1185 884 1597 961 comparando
1633 902 1871 944 amores
1912 882 2140 957 varica,

584 980 687 1041 sed
729 980 915 1039 etiam
949 978 1113 1037 intra
1152 975 1353 1053 ipsum
1393 992 1665 1036 amorem
1706 974 2042 1048 charitatiS,
2076 980 2146 1033 ut

584 1072 886 1133 constabit
930 1072 995 1130 in
1039 1068 1163 1129 fine
1208 1069 1515 1129 sectioniS.
1577 1070 1752 1128 Nunc
1797 1068 1994 1128 solum
2053 1074 2146 1127 est

584 1163 1031 1228 advertendum
1054 1163 1177 1221 duo
1204 1161 1444 1239 objecta
1471 1179 1643 1240 posse
1669 1178 1797 1223 esse
1823 1159 2136 1233 amabilia,

582 1264 832 1341 propter
843 1275 1053 1318 causas
1076 1256 1330 1315 omnino
1359 1254 1633 1333 ejusdem
1652 1252 1931 1329 rationiS,
1955 1259 2142 1331 atque

584 1352 736 1413 adeo
777 1349 1013 1412 actibus
1041 1349 1296 1411 omnino
1324 1346 1649 1421 similibus,
1684 1354 1743 1407 et
1781 1346 1846 1405 in
1886 1346 2136 1421 talibuS,

584 1466 710 1507 non
769 1448 1023 1524 possunt
1074 1442 1344 1521 separari
1388 1443 1586 1519 major
1639 1440 2028 1519 appretiati0‚
2082 1446 2143 1500 et

506 1576 515 1585 ·
586 1538 785 1618 major
803 1536 1089 1609 intensio,
1106 1542 1177 1594 ut
1198 1534 1353 1594 ratio
1381 1533 1541 1593 facta
1563 1533 1800 1612 probat.
1832 1530 2148 1592 interdum

586 1651 734 1693 vero
764 1632 1029 1692 rationes
1060 1629 1311 1688 amandi
1340 1628 1575 1705 objecta
1604 1633 1748 1687 sunt
1776 1626 2056 1700 diversae,
2089 1631 2152 1688 et

586 1742 827 1787 amores
861 1721 1328 1799 distinguuntur
1355 1722 1565 1795 etiam,
1602 1720 1698 1780 vel
1729 1719 1984 1780 omnino
2018 1737 2150 1797 spe-

585 1821 701 1892 cie,
731 1816 829 1877 vel
853 1823 1014 1875 certe
1042 1814 1250 1892 aliquo
1273 1814 1467 1889 gradu
1492 1814 1833 1891 diguitatiS,
1863 1820 1925 1872 ct
1954 1814 2019 1872 in
2052 1812 2149 1873 his

585 1912 761 1973 facile
802 1907 1066 1986 intelligi
1109 1914 1306 1986 potest
1356 1908 1554 1987 major
1598 1906 1964 1986 appretiatio
2007 1923 2149 1967 cum

585 2003 812 2065 minori
840 2002 1187 2062 intensione
1210 2022 1226 2074 ;
1254 2000 1401 2079 quia
1428 2000 1563 2060 fieri
1593 2006 1791 2079 potest
1818 2006 1887 2060 ut
1920 2000 2143 2059 volun·-

583 2104 704 2168 taS,
729 2114 836 2176 per
854 2101 1059 2155 actum
1090 2099 1313 2153 natura
1336 2110 1448 2151 sua
1468 2092 1839 2170 digniorem,
1862 2092 2146 2170 quamvis

584 2189 735 2249 alias
788 2188 995 2247 minus
1040 2186 1377 2257 intensum,
1437 2182 1677 2243 firmius
1730 2184 2148 2262 conjungatur

583 2280 681 2361 obj
691 2287 846 2356 ecte,
869 2296 1053 2359 quam
1076 2296 1184 2357 per
1204 2282 1409 2337 actum
1434 2276 1640 2336 minus
1663 2277 1924 2355 dignum
1946 2276 2147 2337 inten-

584 2376 830 2451 siorem,
856 2380 925 2433 ut
947 2372 1128 2453 plane
1157 2376 1393 2431 constat
1415 2372 1483 2430 in
1504 2371 1739 2431 actibus
1761 2370 2109 2431 intellectus
2122 2385 2140 2445 3

584 2468 785 2545 magis
824 2466 993 2527 enim
1038 2464 1311 2525 adhaeret
1336 2463 1675 2523 intellectus
1702 2482 1814 2542 per
1838 2463 2146 2543 judicium

584 2560 879 2634 scientiae,
912 2558 1097 2619 etiam
1122 2556 1471 2631 remissum,
1493 2574 1679 2635 quam
1712 2574 1821 2634 per
1837 2554 2147 2635 judicium

584 2652 914 2733 opinioniS,
938 2653 1127 2711 etiam
1154 2649 1674 2723 intensissimum3
1705 2648 1863 2708 sicut
1885 2650 2054 2707 enim
2081 2648 2148 2707 in

584 2746 924 2821 intellectu,
974 2750 1198 2825 praeter
1246 2742 1681 2816 intensionem,
1730 2740 1959 2801 dantur
2011 2740 2148 2801 aliae

586 2838 965 2900 conditiones
998 2855 1134 2915 quoe
1169 2834 1521 2895 referuntur
1558 2832 1637 2893 ad
1678 2833 1841 2893 hanc
1885 2832 2150 2893 firmita-

584 2938 735 3004 tem,
782 2930 1031 3005 scilicet,
1060 2927 1363 2989 certitudo
1405 2932 1465 2986 et
1498 2924 1768 2999 claritaS,
1804 2924 1891 2985 ita
1929 2926 1998 2985 in
2043 2944 2148 2985 vo-

586 3024 822 3083 luntate
855 3040 965 3083 suo
1005 3021 1191 3081 modo
1219 3019 1379 3080 circa
1419 3036 1695 3079 amorem
1723 3017 1865 3078 finis
1894 3017 1990 3079 vel
2023 3036 2148 3079 me-

584 3116 691 3178 dii.

665 3210 726 3269 4.
771 3207 876 3271 Ad
918 3208 1213 3270 rationem
1264 3203 1409 3268 Soti
1474 3204 1543 3266 in
1590 3222 1757 3266 num.
1819 3204 1878 3265 2.
1928 3236 2011 3249 —
2054 3200 2156 3265 Ad

585 3303 1003 3366 auctoritatem
1040 3298 1184 3361 ibid.
1222 3330 1303 3344 -—
1330 3298 1529 3375 Atque
1564 3297 1653 3359 ita
1688 3296 1865 3359 facile
1895 3296 2152 3357 solvitur

584 3399 741 3456 ratio
768 3395 1067 3473 opposita.
1102 3393 1311 3470 Neque
1336 3390 1523 3452 refert
1548 3390 1659 3451 has
1692 3409 1869 3453 voces
1899 3409 2026 3451 non
2056 3406 2146 3452 re·

584 3487 772 3567 periri
794 3488 861 3546 in
888 3485 1367 3564 antiquioribus3
1399 3484 1546 3543 satis
1574 3483 1743 3544 enim
1770 3489 1861 3544 est
1892 3480 2150 3562 reperiri

582 3600 739 3654 rem,
771 3579 931 3659 quod
960 3596 1161 3657 neque
1188 3578 1317 3656 ipse
1346 3579 1489 3637 Soto
1519 3595 1748 3656 negare
1784 3584 1982 3656 potest
2008 3598 2026 3650 3
2063 3578 2149 3637 fa-

582 3681 748 3733 tetur
788 3672 982 3747 enim,
1012 3671 1161 3732 licet
1200 3688 1371 3731 sacra
1401 3670 1715 3749 Scriptura
1759 3671 1925 3731 dicat
1952 3671 2149 3731 Deum

585 3766 967 3844 diligendum
1002 3782 1133 3826 esse
1158 3782 1233 3824 ex
1269 3770 1399 3823 toto
1428 3764 1634 3839 corde,
1666 3782 1794 3824 non
1822 3770 2034 3825 tamen
2062 3769 2150 3823 te-

586 3862 720 3919 neri
753 3859 831 3919 ad
865 3859 1250 3938 diligendum
1293 3865 1421 3918 tota
1464 3858 1837 3934 intensione,
1880 3876 2023 3919 eum
2061 3864 2151 3919 ta-

586 3971 725 4013 men
766 3959 1089 4014 teneamur
1126 3950 1384 4031 diligere
1414 3957 1545 4011 tota
1568 3957 1629 4012 et
1656 3969 1899 4013 summa
1932 3968 2152 4031 appre-

585 4046 862 4106 tiatione.
878 4045 1065 4104 Divus
1074 4043 1342 4103 Thomas
1355 4052 1562 4105 autem
1579 4042 1835 4104 obscure
1846 4042 2146 4123 loquitur,

587 4146 649 4200 et
684 4138 938 4199 nomine
984 4137 1349 4198 intensionis
1390 4137 1561 4217 large
1596 4138 1815 4214 utitur,
1852 4142 2034 4217 prout
2073 4138 2150 4197 si-

586 4232 841 4311 gnificat
890 4249 1345 4312 quamcumque
1404 4230 1820 4293 conditionem
1877 4232 2144 4307 amoris,

586 4327 825 4386 ratione
841 4326 1027 4401 cuius
1050 4323 1333 4385 voluntas
1357 4325 1556 4403 magis
1578 4324 1848 4387 adhaeret
1874 4324 2110 4403 objecto
2122 4340 2145 4403 3

587 4438 723 4499 quae
748 4424 956 4479 tamen
985 4416 1255 4478 conditio
1282 4415 1595 4475 interdum
1625 4435 1753 4478 esse
1782 4424 1982 4495 potest
2008 4434 2149 4496 gra-

587 4511 785 4573 dualis
804 4511 1094 4586 intensio,
1114 4508 1191 4569 de
1210 4526 1333 4591 qua
1360 4508 1635 4587 loquitur
1655 4509 1833 4569 divus
1855 4509 2120 4571 Thomas
2123 4556 2144 4585 ,

590 4604 846 4665 articulo
873 4606 1159 4683 septimo,
1190 4602 1518 4661 undecimo
1544 4610 1607 4663 et
1635 4602 2021 4677 duodecimo,
2052 4600 2147 4663 in-

588 4697 834 4759 terdum
869 4714 1014 4757 vero
1043 4701 1242 4776 potest
1275 4693 1529 4755 aliunde
1556 4694 1902 4773 provenire,
1949 4700 2019 4753 ut
2057 4692 2147 4754 lo-

590 4790 802 4869 quitur
834 4787 1093 4849 articulo
1122 4788 1359 4848 decimo
1390 4786 1592 4846 tertio.
1634 4786 1846 4867 Itaque
1875 4787 2148 4847 conside-

590 4884 784 4945 randa
816 4884 932 4943 erit
962 4882 1221 4943 materia
1250 4882 1325 4941 de
1353 4898 1478 4959 qua
1506 4879 1801 4959 loquitur,
1830 4879 2004 4941 etita
2031 4880 2149 4940 erit

592 4976 1008 5057 explicandus·

672 5074 733 5133 5.
779 5070 971 5131 Amor
1006 5070 1447 5151 appretiatione
1501 5066 1781 5148 quomodo
1840 5068 2147 5147 diynosca-

593 5172 716 5229 tur.
758 5196 842 5211 -
886 5164 962 5224 Et
1011 5180 1088 5223 ex
1132 5162 1229 5222 his
1273 5159 1641 5238 intelligitur
1689 5159 1996 5238 quomodo
2053 5180 2154 5221 co-

590 5258 804 5338 gnosci
850 5256 1059 5339 possit,
1104 5253 1351 5335 quando
1399 5252 1685 5315 voluntas
1734 5254 1933 5330 magis
1985 5261 2154 5315 amat

588 5352 825 5431 aliquid
862 5348 1304 5432 appretiative:
1339 5348 1488 5429 quia
1525 5348 1691 5407 enim
1730 5364 1842 5409 nos
1884 5365 2010 5407 non
2054 5367 2152 5409 co-

588 5446 938 5525 gnoscimus
978 5442 1357 5505 conditiones
1384 5442 1657 5521 ipsorum
1686 5447 1960 5516 actuum,
1991 5440 2149 5503 diffi-

588 5540 703 5600 cile
759 5538 822 5599 id
876 5536 1324 5613 discernimus3
1380 5542 1614 5612 tamen,
1666 5534 1915 5616 quando
1971 5553 2146 5597 mens

2222 607 2293 661 ut
2326 600 2404 662 ad
2442 601 2753 663 Romanos
2777 602 2850 663 8:
2875 598 3022 674 Quis
3040 618 3146 663 nos
3168 601 3498 683 sepem-abit?
3515 603 3734 677 Quando

2226 711 2375 754 vero
2405 713 2530 754 non
2559 692 2629 753 fit
2656 694 2744 755 ita
2785 711 3090 773 expresse,
3125 693 3279 755 illud
3321 697 3512 775 magis
3553 714 3730 777 appre-

2225 786 2435 847 tiative
2475 793 2742 861 amatur,
2775 794 3024 867 propter
3055 786 3220 867 quod
3251 786 3416 848 aliud
3447 790 3734 865 omittitur,

2225 880 2390 959 quod
2419 880 2619 941 solum
2651 880 2839 941 habet
2877 881 3081 942 locum
3121 881 3370 961 quando
3409 882 3628 961 objecta
3659 906 3737 947 re-

2226 980 2508 1051 pugnant
2517 989 2540 1049 3
2575 974 2626 1033 si
2667 992 2814 1035 vero
2853 976 3045 1053 possit
3085 992 3212 1035 esse
3242 974 3428 1034 simul
3465 977 3738 1057 utriusque

2224 1083 2422 1139 amor,
2468 1084 2593 1126 non
2618 1066 2765 1127 satis
2791 1068 3200 1145 cognoscitur,
3231 1067 3352 1127 nisi
3379 1085 3449 1128 ex
3470 1069 3654 1149 aliquo
3673 1072 3742 1131 ef-

2221 1157 2406 1233 fectu,
2449 1159 2564 1219 etsi
2595 1178 2670 1220 ex
2700 1161 3000 1239 qualitate
3041 1158 3422 1238 objectorum
3459 1168 3517 1221 et
3551 1166 3738 1225 amoris

2223 1250 2384 1310 sumi
2415 1252 2606 1329 possit
2622 1251 2835 1330 aliqua
2861 1258 3237 1331 conjectura.

2302 1344 2360 1406 6.
2395 1344 2618 1406 Prima
2636 1344 3214 1426 omeliaria—Ejus
3233 1346 3602 1409 ratim—His
3615 1351 3742 1427 posi·

2229 1434 2330 1510 tia,
2372 1434 2507 1496 dico
2557 1439 2805 1517 primo:
2839 1438 3000 1499 inter
3041 1437 3288 1516 obiecta
3329 1438 3624 1499 charitatis
3657 1461 3740 1502 ne-

2229 1548 2396 1591 cesse
2427 1536 2668 1591 estesse
2691 1531 2961 1611 aliquem
2997 1534 3306 1595 ordinem.
3343 1532 3446 1593 Est
3478 1532 3592 1593 divi
3615 1536 3740 1595 Tho-

2229 1641 2371 1700 mae,
2417 1623 2681 1685 secunda
2731 1626 3038 1703 secundae,
3085 1627 3429 1705 quaestione
3473 1627 3741 1705 vigesima-

2231 1723 2426 1791 sexta,
2445 1716 2706 1779 articulo
2722 1720 2944 1797 primo,
2963 1726 3024 1779 et
3038 1717 3328 1779 omnium
3343 1718 3740 1797 Theologorum

2229 1809 2393 1887 apud
2423 1810 2649 1888 ipsum,
2682 1810 2778 1870 vel
2807 1808 2970 1891 apud
2999 1810 3392 1889 Magistrum,
3435 1811 3499 1871 iu
3542 1822 3739 1889 quarto,

2229 1901 2624 1964 distinctione
2665 1904 2743 1965 27
2787 1911 2850 1964 et
2882 1905 2980 1965 29.
3028 1904 3210 1964 Ratio
3251 1910 3366 1979 est,
3409 1904 3548 1981 quia
3589 1906 3742 1967 multa

2228 1994 2607 2073 objiciuntur
2645 1995 2956 2072 charitati,
3004 2015 3144 2076 quae
3190 2014 3317 2057 non
3357 2002 3499 2056 sunt
3530 1998 3746 2077 aequalia

2226 2088 2388 2148 inter
2417 2106 2523 2165 se;
2554 2107 2703 2167 ergo
2736 2108 2981 2149 necesse
3018 2095 3109 2149 est
3139 2097 3212 2149 ut
3244 2088 3512 2149 habeant
3539 2090 3676 2149 inter
3697 2110 3745 2151 se

2225 2182 2505 2243 ordinem
2527 2198 2549 2259 3
2597 2182 2666 2242 in
2706 2179 2824 2242 hoc
2873 2187 3083 2242 autem
3128 2182 3352 2243 ordine
3381 2182 3554 2259 DeuS,
3597 2184 3746 2245 etiam

2229 2273 2434 2348 homo,
2464 2282 2533 2334 ut
2574 2275 2800 2354 disput.
2829 2278 2892 2351 9,
2934 2276 3001 2335 in
3030 2272 3178 2349 fine,
3213 2281 3524 2353 tangetur,
3553 2276 3748 2337 obtinet

2229 2368 2500 2445 primum
2528 2367 2757 2441 locum,
2790 2369 2900 2447 qui
2939 2375 3002 2429 et
3039 2370 3314 2428 maxime
3339 2366 3638 2445 diligibilis
3659 2377 3746 2444 est,

2226 2466 2290 2521 et
2337 2461 2415 2521 ad
2462 2480 2646 2541 quem
2696 2462 2960 2523 charitas
3007 2462 3286 2522 maxime
3321 2461 3569 2523 inclinat
3585 2486 3600 2535 3
3641 2471 3746 2522 tum

2226 2554 2372 2633 quia
2394 2554 2715 2615 inclinatio
2739 2554 2813 2615 ad
2844 2554 3134 2615 ultimum
3159 2552 3352 2614 finem
3383 2560 3471 2615 est
3498 2554 3746 2627 maxima5

2227 2654 2362 2706 tum
2406 2650 2572 2727 quia,
2613 2648 2774 2726 quod
2805 2656 2896 2708 est
2930 2666 3172 2709 summe
3217 2646 3479 2722 bonum,
3521 2648 3747 2707 maxime

2230 2747 2322 2800 est
2349 2758 2459 2818 per
2487 2759 2549 2800 se
2579 2740 2899 2819 diligibile.

2311 2837 2370 2894 7.
2421 2833 2702 2897 Secunda
2725 2834 3047 2897 conclusio,
3069 2836 3320 2895 —Dico
3345 2834 3597 2897 secundo
3619 2852 3632 2893 z
3653 2852 3748 2893 non

2230 2926 2431 2987 solum
2461 2927 2622 2987 inter
2663 2926 2973 3005 objectum
3001 2926 3376 3007 primarium
3411 2936 3470 2988 et
3501 2927 3747 2989 secunda-

2228 3022 2394 3082 rium
2417 3020 2749 3099 charitatis,
2779 3022 2881 3083 sed
2914 3022 3103 3083 etiam
3127 3024 3296 3083 inter
3321 3022 3554 3103 objecta
3574 3040 3749 3083 secun-

2229 3113 2405 3176 daria
2438 3120 2528 3175 est
2567 3113 2721 3175 ordo
2756 3115 3266 3191 constituendus3
3297 3123 3362 3175 et
3407 3121 3567 3194 patet
3587 3113 3748 3193 primo

2231 3210 2515 3288 exemplo
2519 3255 2539 3285 ,
2556 3228 2703 3271 nam
2717 3209 2982 3271 charitas
2998 3212 3198 3291 magis
3216 3211 3416 3273 fertur
3432 3211 3497 3271 in
3518 3224 3748 3269 amorem

2230 3302 2596 3363 beatissimae
2648 3302 2916 3382 Virginis
2967 3304 3204 3379 Mariae,
3260 3322 3450 3381 quam
3492 3300 3748 3362 inferioris

2229 3394 2457 3455 Sancti.
2492 3394 2669 3456 Ratio
2692 3400 2805 3469 est,
2836 3394 2982 3475 quia
3005 3393 3138 3455 haec
3163 3394 3414 3474 objecta
3434 3391 3749 3457 secundaria

2229 3504 2358 3547 non
2397 3505 2569 3565 aeque
2609 3489 2982 3567 participant
3021 3490 3335 3549 rationem
3375 3485 3667 3565 diligibilis
3690 3500 3750 3543 ex

2231 3578 2555 3655 charitate,
2602 3598 2804 3659 neque
2849 3598 3023 3659 aeque
3073 3587 3224 3641 sunt
3281 3580 3594 3659 conjuncta
3633 3593 3748 3637 cum

2229 3672 2525 3755 primario
2553 3673 2816 3751 objecto,

2311 3768 2371 3828 8.
2419 3767 2632 3831 Tertia
2674 3766 2972 3849 conclusio
3001 3767 3307 3849 probatur
3350 3765 3667 3849 tripliciter.
3685 3794 3748 3807 —

2232 3860 2374 3920 Dico
2406 3860 2582 3921 tertio
2611 3876 2627 3920 :
2653 3860 2918 3921 charitas
2937 3868 3071 3940 post
3093 3861 3294 3922 Deum
3323 3860 3577 3921 maxime
3606 3856 3748 3915 incli-

2231 3960 2417 4016 natur
2435 3954 2513 4015 ad
2539 3954 2742 4034 ipsum
2766 3954 3150 4033 diligentem.
3187 3956 3370 4017 Ratio
3394 3959 3500 4029 est,
3521 3951 3649 4031 quia
3669 3967 3746 4009 res

2230 4063 2446 4108 omnes
2486 4056 2623 4127 post
2659 4047 3123 4109 inclinationem
3163 4048 3248 4108 ad
3289 4048 3478 4109 Deum
3511 4039 3744 4105 naturale

2230 4139 2488 4214 bonum,
2543 4141 2814 4203 maxime
2865 4138 3252 4201 inclinantur
3303 4138 3384 4201 ad
3433 4136 3740 4221 proprium3

2230 4250 2379 4311 ergo
2417 4232 2683 4293 charitas
2724 4240 2859 4312 post
2905 4233 3100 4294 Deum
3147 4233 3422 4295 maxime
3463 4229 3744 4291 inclinatur

2228 4324 2305 4387 ad
2341 4325 2734 4387 dilectionem
2762 4326 2856 4385 sui
2884 4348 2904 4401 3
2945 4344 3094 4405 ergo
3120 4326 3202 4387 ad
3237 4324 3612 4387 dilectionem
3638 4320 3743 4395 ejus

2227 4419 2295 4479 in
2323 4434 2446 4498 quo
2481 4424 2594 4494 est,
2628 4420 2777 4499 quia
2805 4437 2930 4481 uon
2959 4426 3155 4499 potest
3186 4420 3324 4499 ipsa
3352 4416 3523 4479 aliter
3547 4432 3604 4475 se
3626 4410 3738 4470 dili·

2225 4529 2396 4591 gere,
2427 4529 2570 4572 cum
2605 4517 2805 4571 totum
2845 4530 2974 4573 esse
3013 4512 3333 4573 charitatis
3361 4512 3437 4573 sit
3470 4510 3528 4569 in
3559 4505 3738 4567 ordine

2225 4604 2305 4665 ad
2335 4603 2699 4683 subjectum.
2731 4604 2964 4665 Rursus
3003 4602 3258 4667 effectus
3286 4602 3549 4665 formalis
3575 4598 3739 4658 chari-

2227 4696 2372 4757 tatis
2411 4704 2503 4758 est
2545 4694 2850 4759 inclinare
2890 4696 3230 4773 hominem,
3277 4699 3344 4759 in
3385 4713 3504 4777 quo
3543 4699 3640 4767 est,
3679 4686 3740 4749 ad

2229 4790 2337 4850 Dei
2391 4788 2782 4851 dilectionem
2807 4836 2820 4861 ,
2892 4795 2955 4851 et
3028 4789 3408 4868 conjungere
3469 4784 3737 4847 hominem

2229 4884 2350 4943 Deo
2367 4899 2388 4960 3
2420 4900 2567 4961 ergo
2600 4884 2668 4943 in
2703 4881 3002 4963 primaria
3027 4882 3431 4943 inclinatione
3471 4872 3741 4939 charitatis

2231 4974 2570 5037 includitur
2616 4974 3070 5055 quodammodo
3107 4974 3257 5036 ordo
3291 4974 3368 5035 ad
3412 4975 3600 5053 ipsum
3635 4965 3746 5025 dili-

2233 5075 2504 5147 gentem.
2539 5070 2612 5129 Et
2641 5068 2933 5130 suadetur
2960 5087 2999 5129 a
3019 5067 3342 5148 posteriori
3357 5089 3380 5143 3
3421 5082 3557 5127 nam
3583 5056 3746 5121 chari-

2231 5170 2325 5223 tas
2376 5164 2579 5242 potius
2626 5161 2786 5240 fugit
2839 5168 3158 5241 peccatum
3209 5158 3544 5241 proprium,
3587 5166 3744 5232 quam

2235 5272 2641 5335 quae-cumque
2678 5252 2899 5316 aliena.

2311 5350 2371 5410 9.
2423 5346 2659 5421 Quarta
2701 5346 3021 5409 conclusio.
3051 5346 3293 5407 —Dico
3333 5350 3580 5425 quarto:
3608 5341 3742 5399 iuter

2230 5449 2476 5501 caeteros
2505 5442 2817 5519 proximos
2838 5440 2915 5501 ad
2944 5440 3122 5500 illum
3145 5440 3340 5517 magis
3366 5436 3605 5496 inclinat
3624 5432 3742 5493 cha-

2226 5536 2396 5612 ritaS,
2441 5536 2550 5614 qui
2589 5534 2924 5597 secundum
2967 5540 3197 5595 rectam
3241 5532 3534 5593 rationem
3571 5522 3739 5603 magis
