3900 6217
762 440 934 497 SECT.
969 443 1030 497 11.
1065 441 1149 495 AN
1183 438 1343 496 DEUS
1376 440 1487 507 SIT,
1508 434 1915 503 ADAEQUATUM'
1950 439 2263 493 oslsscrum
2297 434 2655 493 MATERIALE
2687 435 2868 493 Flam.

189 546 313 620 gat,
352 558 549 621 quum
590 542 703 622 qui
744 541 957 604 aliam.
1006 542 1259 605 Falsum
1304 549 1398 603 est
1427 560 1578 623 ergo
1615 540 1771 603 illud

186 634 609 707 antecedens;
653 634 944 714 probatio
984 639 1195 697 autem
1234 636 1373 715 ejus
1418 634 1663 696 laborat
1704 634 1768 693 in

185 726 557 805 aequivoc03
600 726 778 789 aliud
816 730 911 789 est
954 728 1122 789 enim
1169 726 1339 807 loqui
1378 727 1457 788 de
1505 726 1765 787 veritate

182 822 273 881 rei
319 819 679 881 secundum
725 838 817 893 se,
862 826 926 881 et
962 822 1319 901 cognitione
1358 819 1495 900 ejus
1526 838 1643 899 per
1665 819 1764 879 in-

184 915 457 975 trinseca
486 914 819 994 principia,
867 914 1041 975 aliud
1078 932 1231 976 vero
1272 914 1350 975 de
1390 914 1653 976 veritate
1695 912 1761 974 in

190 1026 329 1069 esse
380 1006 720 1084 credibilis,
764 1025 905 1087 quae
934 1008 1001 1069 in
1026 1007 1382 1069 testimonio
1412 1006 1760 1068 extrinseco

184 1100 516 1161 fundatur.
576 1100 649 1162 In
694 1100 885 1181 priori
940 1118 1091 1181 ergo
1134 1100 1395 1162 veritate
1450 1098 1766 1161 invenitur

176 1192 587 1272 ina-qualitas
630 1192 797 1253 inter
848 1199 1127 1255 creatum
1180 1201 1244 1255 et
1282 1194 1629 1255 increatum
1660 1192 1767 1253 ob-

169 1286 467 1363 jectum:
518 1285 655 1345 haec
699 1303 852 1347 vero
898 1286 1052 1346 nihil
1098 1285 1290 1348 refert
1331 1285 1415 1347 ad
1456 1283 1672 1355 fidem,
1699 1289 1770 1345 ut

176 1378 291 1448 sic,
314 1379 435 1439 sed
463 1375 866 1454 credibilitas,
888 1396 1026 1457 quse
1054 1380 1251 1440 oritur
1268 1396 1347 1441 ex
1370 1376 1725 1439 testimonio
1747 1394 1763 1449 ς

176 1470 317 1531 haee
350 1472 529 1532 enim
558 1472 819 1551 oequalis
848 1478 943 1535 est
970 1473 1033 1533 in
1066 1473 1257 1534 rebus
1284 1472 1361 1533 de
1398 1488 1465 1532 se
1490 1472 1769 1548 inaequa-

178 1564 353 1625 libus
374 1584 391 1637 ;
425 1567 577 1645 quia
598 1565 1019 1627 testimonium
1050 1565 1218 1626 idem
1248 1569 1366 1638 est,
1390 1570 1452 1626 et
1473 1582 1649 1644 aeque
1676 1564 1769 1623 in-

184 1658 417 1719 format
442 1676 585 1720 rem
617 1659 1029 1733 testificatam,
1062 1666 1132 1721 ut
1154 1658 1243 1721 sic
1266 1660 1492 1720 dicam.
1516 1660 1590 1719 Et
1619 1658 1765 1719 inde

182 1756 357 1831 patet
384 1753 719 1830 responsio
748 1752 830 1813 ad
870 1754 1137 1832 primam
1178 1753 1716 1814 confirmationem
1743 1770 1759 1825 ς

176 1862 333 1905 nam
388 1845 455 1906 in
512 1846 813 1906 charitate
862 1845 1111 1906 bonitas
1150 1846 1362 1906 divina
1420 1846 1765 1906 extrinsece

174 1938 603 2017 participatur
624 1956 659 1998 a
683 1945 996 2012 creatura,
1026 1944 1088 2000 et
1116 1938 1258 2000 ideo
1284 1956 1411 1999 non
1436 1945 1531 1999 est
1558 1956 1766 2017 aequa-

172 2030 327 2092 liter
360 2031 425 2091 in
457 2032 565 2092 illa
592 2038 655 2093 et
676 2032 739 2091 in
765 2033 922 2105 Deo,
954 2037 1016 2093 et
1043 2038 1375 2111 propterea
1402 2049 1527 2092 non
1558 2048 1765 2110 sequa-

172 2123 325 2185 liter
344 2130 647 2185 amantur
659 2143 772 2203 per
790 2124 1158 2185 charitatem
1175 2128 1459 2185 creatura
1482 2130 1543 2185 et
1559 2125 1757 2198 Deus;

170 2216 491 2279 revelatio
524 2224 763 2291 autem,
796 2233 910 2279 seu
947 2219 1375 2279 testimonium
1404 2219 1515 2280 Dei
1539 2217 1766 2279 extrin-

174 2330 327 2373 sece
364 2312 671 2375 informat
712 2331 817 2373 res
852 2312 1203 2387 credibiles,
1242 2319 1303 2374 et
1338 2313 1477 2373 ideo
1508 2311 1763 2391 aequali-

176 2412 281 2465 ter
334 2405 573 2467 cadere
630 2411 840 2485 potest
888 2406 955 2465 in
995 2406 1240 2485 ohJecta
1292 2412 1499 2466 creata
1548 2410 1611 2466 et
1670 2404 1767 2463 in-

178 2505 429 2569 creata;
456 2516 605 2577 quae
633 2499 915 2561 doctrina
934 2507 1181 2580 sumpta
1201 2506 1295 2560 est
1314 2518 1391 2561 ex
1408 2500 1481 2560 D.
1504 2498 1766 2571 Thoma,

180 2594 243 2651 in
276 2593 340 2663 3,
372 2592 658 2653 distinct.
692 2594 795 2665 29,
828 2598 1042 2671 quaest.
1088 2596 1150 2662 1,
1181 2598 1299 2653 art.
1348 2596 1410 2666 2,
1444 2591 1525 2653 sd
1566 2594 1623 2653 1.
1675 2592 1772 2652 Ad

184 2686 455 2746 alteram
500 2684 1049 2746 confirmationem
1094 2684 1513 2766 respondetur
1557 2683 1771 2745 divum

180 2779 497 2839 'rhomum
550 2776 679 2839 late
722 2796 904 2837 usum
942 2796 1081 2841 esse
1118 2776 1222 2839 ma
1265 2778 1592 2857 particula,
1640 2776 1767 2839 Per

188 2870 492 2941 accidens,
520 2876 597 2931 ut
626 2870 941 2949 significet
983 2871 1148 2932 idem
1196 2870 1366 2949 quod
1417 2888 1533 2950 per
1568 2868 1761 2945 aliud,

196 2980 315 3023 seu
334 2962 573 3023 ratione
600 2962 886 3039 alterius,
918 2969 1025 3024 aut
1053 2963 1459 3037 secundario;
1504 2964 1766 3044 loquen-

202 3054 283 3115 do
304 3062 509 3117 autem
534 3056 605 3116 in
623 3058 870 3119 ratione
890 3057 1118 3137 objecti
1138 3057 1469 3131 credibilis,
1494 3062 1623 3117 tam
1652 3075 1765 3137 per

194 3166 261 3209 se
298 3148 579 3211 creditur
604 3155 887 3211 creatum
925 3150 1300 3231 subjectum,
1334 3150 1494 3211 sicut
1520 3151 1766 3213 increa-

188 3248 339 3313 tum,
374 3242 433 3303 si
460 3240 545 3304 de
568 3242 685 3303 illo
712 3242 948 3323 aliq-uid
976 3244 1039 3304 in
1062 3261 1132 3304 se
1160 3245 1224 3305 et
1250 3242 1499 3323 proprie
1526 3244 1763 3306 revela-

184 3341 311 3395 tum
340 3341 467 3396 est.

266 3431 330 3489 5.
368 3428 599 3491 Pereia
625 3428 884 3493 assertio
908 3429 1223 3512 bipartita.
1254 3460 1336 3477 --
1363 3430 1515 3491 Dico
1540 3430 1757 3493 tertio:

178 3522 343 3583 Deus
372 3520 507 3582 dici
532 3527 745 3601 potest
772 3522 981 3602 aliquo
1018 3523 1207 3584 modo
1238 3523 1555 3602 objectum
1591 3522 1759 3583 adze-

178 3622 447 3694 quatum
486 3614 641 3676 fidei
692 3615 997 3677 directum
1040 3620 1149 3677 aut
1194 3615 1591 3691 indirectum,
1644 3634 1759 3677 seu

176 3708 405 3787 partim
436 3707 507 3768 in
534 3714 733 3785 recto,
766 3710 990 3788 partim
1020 3709 1085 3769 in
1112 3706 1387 3788 obliquo.
1420 3709 1593 3771 Prior
1612 3726 1757 3789 pars

174 3820 287 3881 per
310 3820 383 3863 se
416 3807 577 3863 nota
604 3807 701 3863 est
732 3820 745 3862 :
782 3818 929 3862 nam
974 3803 1141 3862 Deus
1166 3820 1282 3881 per
1321 3800 1514 3863 fidem
1556 3800 1759 3863 credi-

174 3902 295 3970 tur,
328 3895 467 3955 imo
495 3894 771 3956 maxime
814 3899 877 3956 et
916 3894 1362 3974 principaliter,
1404 3898 1474 3955 ut
1514 3898 1759 3955 constat

178 4004 251 4047 ex
290 3988 587 4048 sectione
622 3987 1035 4067 praecedente.
1082 3986 1393 4049 Posterior
1423 4004 1573 4048 vero
1609 4002 1756 4066 pars

178 4081 451 4141 sumitur
480 4096 565 4141 ex
604 4080 749 4141 divo
776 4081 1014 4143 Thomu
1042 4081 1167 4155 hic,
1211 4086 1327 4143 art.
1358 4084 1417 4154 1,
1448 4080 1555 4143 ubi
1586 4096 1761 4141 com·-

180 4181 353 4252 parat
390 4172 596 4234 fidem
632 4174 909 4235 scientiae
940 4174 1288 4245 medicinae,
1327 4192 1469 4252 quae
1513 4173 1757 4234 hahens

190 4282 299 4345 pro
326 4266 581 4345 objecto
604 4266 961 4335 sanitatem,
981 4271 1207 4328 tractat
1230 4266 1311 4327 de
1329 4266 1585 4346 reliquis
1606 4282 1759 4346 qua-

190 4364 365 4420 tenus
396 4359 485 4420 ad
536 4360 875 4421 sanitatem
912 4360 1270 4421 conducunt
1318 4377 1330 4419 :
1378 4360 1463 4420 ita
1512 4360 1755 4439 (inquit)

176 4452 333 4514 fides
364 4453 571 4515 credit
597 4454 701 4515 vel
727 4455 951 4526 Deum,
982 4453 1081 4514 vel
1110 4468 1251 4532 quse
1272 4452 1353 4515 ad
1380 4454 1583 4513 Deum
1610 4470 1757 4513 eon·

174 4546 425 4619 ferunt3
467 4546 641 4609 idem
668 4544 861 4607 habet
900 4546 967 4605 in
997 4545 1059 4606 d.
1100 4551 1218 4606 art.
1250 4546 1290 4606 8
1322 4544 1405 4607 de
1440 4546 1657 4620 Verit„
1690 4545 1757 4605 in

176 4639 605 4701 solutionibus
656 4644 1205 4719 argumentorum3
1262 4638 1432 4700 idem
1484 4640 1671 4700 sentit
1717 4640 1747 4698 1

177 4740 339 4812 part.
372 4735 451 4793 D.
476 4732 778 4806 Thomas,
806 4738 1025 4811 quaest.
1062 4736 1122 4806 1,
1152 4738 1270 4793 art.
1302 4735 1363 4803 7,
1404 4730 1482 4793 de
1508 4731 1753 4810 objecto

176 4825 569 4906 Theologioe,
599 4826 679 4887 de
708 4840 835 4905 quo
864 4825 1131 4887 diximus
1159 4822 1451 4885 eamdem
1484 4840 1623 4885 esse
1658 4841 1755 4883 ra-

178 4920 459 4993 tionem;
492 4920 645 4980 etin
672 4918 899 4980 eodem
933 4936 1120 4980 sensu
1146 4916 1445 4997 Theologi
1472 4934 1755 4977 eommu-

178 5014 369 5085 niter,
412 5017 545 5073 tam
596 5011 661 5073 in
695 5011 943 5091 Prolog.
988 5012 1305 5084 Sentent.,
1342 5026 1535 5089 quam
1576 5010 1639 5069 in
1688 5012 1747 5083 3,

177 5106 455 5167 distinct.
498 5107 582 5166 23
614 5112 675 5167 et
699 5108 809 5179 24,
852 5104 1081 5167 docent
1118 5106 1318 5165 Deum
1365 5120 1505 5164 esse
1545 5102 1753 5182 ochc·

176 5208 313 5261 tum
339 5197 765 5261 attributionis
792 5196 941 5260 fidei
977 5198 1079 5259 vel
1099 5196 1491 5278 Theologioe3
1526 5196 1753 5257 dicitur

176 5294 348 5355 enim
392 5292 821 5356 attributionis
869 5292 1209 5370 objectum,
1262 5289 1343 5351 ad
1376 5290 1549 5369 quod
1588 5288 1753 5349 refe-

178 5392 405 5450 runtur
428 5386 661 5460 omnia,
696 5402 843 5465 quoe
886 5384 1009 5445 sub
1034 5384 1317 5445 habitum
1346 5382 1597 5444 cadunt.
1627 5384 1753 5445 Un-

181 5480 261 5541 de
280 5480 546 5541 sumitur
572 5480 739 5541 ratio
770 5476 1157 5550 assertionis,
1183 5477 1331 5556 quia
1351 5476 1581 5549 omnia,
1610 5492 1749 5552 quas

184 5575 517 5638 creduntur
551 5590 673 5655 per
714 5572 937 5647 fldem,
988 5570 1356 5633 ordinantur
1394 5569 1475 5631 ad
1522 5568 1745 5643 Deum,

1850 540 2010 601 sicut
2031 540 2218 601 etiam
2239 541 2300 602 in
2322 540 2697 620 praecedenti
2721 540 2995 601 sectione
3021 540 3254 603 dictum
3286 551 3410 615 esu

1850 651 2001 712 ergo
2032 635 2242 695 omnia
2277 634 2618 697 creduntur
2643 639 2945 713 tanquam
2990 634 3199 715 aliquo
3227 637 3416 699 modo

1850 725 2082 801 divina,
2135 746 2249 788 seu
2298 728 2674 807 pertinentia
2729 727 2810 789 ad
2860 728 3092 801 Deum;
3148 746 3299 809 ergo
3350 731 3416 791 in

1848 820 2018 880 omni
2045 820 2316 900 objecto,
2349 821 2427 881 de
2459 839 2584 901 quo
2613 820 2848 899 aliquid
2879 820 3038 882 fides
3066 822 3282 897 credit,
3328 824 3420 884 in-

1844 912 2116 974 cluditur
2177 913 2384 993 aliquo
2445 913 2634 976 modo
2689 916 2854 974 Deus
2887 933 2902 986 ;
2971 914 3058 976 sic
3126 934 3276 995 ergo
3323 922 3420 979 est

1844 1005 2162 1085 objectum
2217 1005 2365 1067 fidei
2415 1008 2814 1087 adaequatum
2865 1008 2932 1068 in
2977 1014 3149 1070 recto
3209 1010 3309 1071 vel
3352 1011 3418 1070 in

1846 1098 2127 1177 obliqu0,
2181 1099 2350 1177 quod
2403 1100 2588 1161 etiam
2633 1106 2837 1179 potest
2877 1100 3236 1164 inductione
3273 1122 3417 1165 con-

1846 1190 2124 1252 firmari:
2157 1209 2304 1252 nam
2341 1192 2406 1253 in
2450 1194 2763 1273 mysteriis
2804 1193 3138 1255 divinitatis
3180 1214 3283 1259 res
3325 1202 3420 1257 est

1848 1284 2054 1353 clara:
2098 1285 2397 1364 mysteria
2448 1294 2656 1347 autem
2705 1288 3156 1349 Incarnationis
3209 1289 3419 1351 omnia

1846 1383 2182 1438 versantur
2217 1378 2380 1438 circa
2420 1379 2660 1451 Deum;
2715 1380 2939 1459 Angeli
2974 1385 3182 1443 autem
3221 1388 3282 1443 ct
3311 1382 3420 1443 ho·

1849 1470 2054 1531 mines
2113 1475 2259 1531 sunt
2305 1470 2388 1531 ad
2428 1449 2769 1551 im⁴aginem
2818 1472 2952 1545 Dei,
3011 1480 3073 1534 et
3111 1474 3418 1553 templum

1849 1562 2008 1642 ejus,
2039 1569 2100 1624 et
2122 1563 2203 1624 ab
2243 1563 2350 1624 illo
2381 1570 2664 1636 manant,
2707 1571 2769 1627 et
2796 1565 2876 1626 ad
2916 1566 3092 1627 illum
3125 1568 3415 1643 tendunt,

1848 1662 1911 1717 et
1956 1656 2052 1715 his
2095 1654 2289 1717 titulis
2325 1656 2442 1717 sub
2466 1655 2658 1718 fidem
2703 1657 2981 1732 cadunt3
3031 1666 3094 1722 et
3122 1658 3290 1721 idem
3323 1668 3418 1725 cst

1851 1747 1931 1808 de
1957 1748 2236 1827 reliquis.

1926 1842 1989 1901 6.
2043 1842 2328 1905 Dubium.
2377 1876 2460 1890 —
2502 1844 2879 1908 Resolvitur.
2913 1875 2995 1892 --
3025 1844 3204 1907 Dices
3234 1869 3249 1908 :
3279 1864 3420 1927 pec-

1847 1938 1986 1995 cata
2031 1951 2151 1995 nec
2197 1937 2594 1998 continentur
2631 1937 2695 1997 in
2727 1938 2874 2011 Deo,
2915 1938 3062 2019 quia
3112 1958 3240 2001 non
3271 1945 3418 2002 sunt

1846 2045 2040 2107 opera
2081 2028 2240 2107 ejus,
2296 2048 2504 2109 neque
2550 2029 2632 2090 ad
2673 2032 2874 2092 Deum
2920 2032 3303 2106 referuntur,
3350 2040 3421 2097 ut

1847 2126 2112 2195 constat,
2145 2128 2207 2183 et
2245 2123 2650 2185 nihilominus
2691 2124 3006 2202 pertinent
3050 2124 3132 2187 ad
3177 2126 3422 2207 subjec-

1844 2220 1980 2275 tum
2008 2214 2330 2275 materiale
2359 2214 2538 2289 fidei;
2569 2217 2766 2278 multa
2801 2218 2968 2278 enim
2997 2226 3142 2281 sunt
3171 2238 3309 2299 quae
3342 2220 3422 2283 de

1845 2308 2117 2387 peccatis
2143 2326 2259 2386 per
2286 2307 2478 2370 fidem
2521 2310 2862 2372 creduntur
2892 2330 2906 2383 ;
2951 2330 3102 2392 ergo
3133 2320 3422 2393 respectu

1850 2399 2097 2461 illorum
2131 2418 2260 2461 non
2292 2408 2498 2481 potest
2539 2404 2706 2463 Deus
2749 2402 2868 2463 dici
2917 2404 3228 2485 objectum
3259 2406 3423 2467 adae-

1850 2499 2110 2571 quatum
2150 2492 2320 2566 fidei,
2353 2494 2543 2556 etiam
2588 2494 2654 2554 in
2689 2494 2967 2575 obliquo.
3020 2497 3416 2576 Respondeo,

1851 2587 2011 2648 sicut
2037 2593 2294 2665 peccata
2331 2588 2564 2649 cadunt
2607 2589 2724 2650 sub
2763 2588 3036 2651 divinam
3067 2592 3416 2665 scientiam,

1850 2680 1935 2739 ita
1965 2696 2152 2758 posse
2183 2678 2486 2741 contineri
2529 2681 2646 2743 sub
2690 2682 2936 2761 obJecto
2977 2683 3155 2757 fidei;
3207 2684 3420 2745 divina

1848 2779 2060 2834 autem
2089 2774 2348 2835 scientia
2393 2774 2586 2837 habet
2625 2794 2740 2855 pro
2790 2777 3035 2857 objecto
3086 2777 3435 2858 adoequato'

1846 2863 2057 2945 aliquo
2085 2866 2274 2927 modo
2298 2884 2478 2927 susm
2515 2869 2874 2943 essentiam,
2915 2876 2978 2931 et
3005 2871 3413 2933 nihilominus

1843 2977 1960 3038 per
2002 2976 2142 3020 eam
2177 2962 2498 3040 cognoscit
2542 2966 2819 3041 peccata,
2855 2968 2923 3023 ut
2959 2964 3269 3025 contraria
3301 2964 3416 3025 bo-

1844 3052 2022 3113 nitati
2057 3070 2207 3125 suae,
2239 3058 2302 3113 et
2331 3052 2414 3115 ita
2441 3072 2558 3133 per
2590 3054 2827 3115 bonum
2865 3054 3092 3117 dicitur
3119 3056 3284 3117 Deus
3315 3074 3418 3117 co·

1844 3162 2148 3225 gnoscere
2175 3145 2412 3206 malum
2436 3165 2452 3221 ;
2483 3148 2572 3209 ita
2598 3165 2750 3227 ergo
2777 3146 2936 3209 fides
2979 3149 3216 3210 revelat
3265 3167 3414 3230 pec—

1843 3244 1980 3298 cata
2007 3241 2320 3317 quatenus
2359 3244 2504 3301 sunt
2549 3240 2906 3302 aversiones
2935 3258 2972 3302 a
3021 3242 3173 3316 Dec,
3225 3248 3286 3303 et
3323 3242 3412 3303 ita

1842 3331 2031 3393 etiam
2049 3335 2340 3410 respectu
2369 3330 2620 3395 illorum
2654 3334 2822 3394 Deus
2858 3339 2951 3395 est
2991 3334 3304 3413 objectum
3345 3335 3413 3396 in

1841 3424 2076 3502 aliquo,
2111 3442 2240 3484 non
2270 3425 2416 3504 quia
2451 3426 2611 3487 Deus
2635 3425 2714 3487 sit
2739 3425 2886 3487 finis
2919 3426 3001 3487 ad
3029 3444 3219 3506 quem
3245 3428 3414 3489 ordi·

1840 3521 2074 3577 nantur
2096 3524 2375 3596 peccata,
2407 3518 2518 3579 sed
2543 3519 2688 3599 quia
2711 3525 2804 3581 est
2833 3519 2974 3581 finis
3010 3538 3047 3580 a
3085 3538 3210 3599 quo
3238 3540 3413 3582 aver·

1839 3614 2001 3682 tunt,
2044 3614 2108 3669 et
2127 3618 2612 3691 consequenter,
2635 3612 2778 3690 quio
2809 3632 2846 3673 a
2881 3613 3008 3673 Deo
3025 3613 3406 3693 judicantur,

1840 3707 1902 3763 et
1928 3701 2013 3762 ad
2037 3702 2408 3782 supplicium
2439 3703 2829 3782 ordinantur,
2861 3722 2976 3784 per
3002 3706 3172 3786 quod
3201 3706 3412 3768 diviua

1831 3796 2078 3875 justitia
2109 3796 2563 3857 manifestatur.

1919 3891 1951 3947 7
1965 3932 1980 3946 .
2009 3886 2277 3951 Suborta
2293 3890 2756 3969 quaestiuncula.
2781 3922 2863 3937 —
2884 3889 3289 3966 Quorumdam
3311 3910 3408 3957 re-

1838 3982 2082 4063 sponsio
2118 3986 2176 4045 et
2220 3983 2404 4046 ratio.
2453 4014 2535 4029 -
2593 3982 2747 4051 Vera
2795 3986 3125 4065 responsio.
3155 4016 3238 4032 -—
3279 3984 3406 4047 Sed

1839 4076 2078 4152 quaeret
2119 4073 2343 4153 aliquis
2395 4092 2480 4134 an
2525 4075 2627 4136 hic
2675 4076 2902 4137 modus
2947 4076 3270 4139 relationis
3323 4078 3407 4139 ad

1838 4168 2038 4226 Deum
2067 4164 2146 4226 sit
2173 4165 2258 4226 ita
2291 4166 2638 4227 essentialis
2663 4166 2833 4241 fidei,
2867 4174 2936 4230 ut
2975 4168 3052 4230 sit
3082 4169 3406 4249 insepara-

1836 4258 1978 4320 bilis
2008 4258 2284 4338 abipsa,
2345 4259 2429 4320 ita
2469 4266 2542 4321 ut
2586 4268 2898 4339 repugnet
2939 4261 3176 4341 aliquid
3232 4261 3405 4323 credi

1834 4370 1986 4413 vero
2009 4370 2274 4413 assensu
2300 4352 2445 4413 fidei
2487 4352 2728 4425 insusse,
2759 4360 2821 4414 et
2849 4372 2977 4415 non
3008 4354 3281 4415 ordinari
3322 4354 3406 4415 ud

1834 4444 2058 4518 Deum,
2091 4446 2281 4507 etium
2305 4452 2375 4506 ut
2405 4446 2708 4507 creditum
2733 4462 2850 4525 per
2873 4445 3087 4521 fidem,
3123 4452 3184 4507 et
3203 4452 3274 4507 ut
3298 4462 3406 4508 su-

1835 4539 2302 4619 pernaturalem
2339 4537 2530 4599 finem
2561 4558 2577 4612 ;
2620 4535 2876 4617 q'uidam
2928 4539 3096 4601 enim
3130 4540 3218 4601 ita
3259 4558 3408 4601 sen-

1838 4634 2027 4707 tiunt;
2059 4639 2122 4695 et
2150 4633 2308 4694 ratio
2337 4650 2478 4694 esse
2505 4638 2733 4712 potest,
2779 4634 2928 4710 quia
2967 4632 3128 4694 fides
3177 4652 3398 4696 esseu-

1836 4727 2064 4788 tialiter
2093 4733 2190 4788 est
2211 4726 2405 4787 virtus
2449 4726 2680 4799 infusa,
2723 4726 2894 4787 unde
2925 4733 3152 4788 natura
3193 4746 3308 4788 sua
3339 4734 3404 4789 et

1834 4820 1917 4881 ab
1969 4819 2304 4881 intrinseco
2355 4818 2678 4879 ordinatur
2723 4817 2804 4879 ad
2859 4820 3402 4898 supernaturalem

1836 4912 2062 4985 finem3
2101 4930 2252 4991 ergo
2285 4916 2380 4973 est
2402 4911 2488 4970 illi
2516 4912 2848 4972 essentiale
2894 4918 2962 4971 ut
2995 4912 3229 4987 omnia,
3257 4930 3400 4990 quae

1832 5022 1947 5086 per
1975 5005 2148 5065 illam
2185 5004 2550 5077 creduntur,
2595 5003 2966 5065 ordinentur
2997 5004 3078 5065 ad
3109 5005 3406 5066 eumdem

1830 5098 2060 5169 finem3
2109 5116 2285 5179 erg0,
2328 5097 2569 5159 ratione
2615 5096 2808 5175 hujus
2845 5096 3251 5171 habitudinis,
3305 5108 3400 5161 est

1831 5192 2164 5254 essentiale
2187 5191 2332 5253 huic
2355 5190 2565 5252 virtuti
2593 5191 2832 5251 habere
2864 5192 3059 5251 Deum
3085 5208 3201 5269 pro
3229 5190 3400 5252 adte-

1830 5291 2022 5365 quato
2045 5286 2312 5363 objectu,
2347 5284 2512 5345 dicto
2537 5282 2750 5344 modo.
2785 5284 2942 5343 Item
2983 5284 3128 5362 quia
3153 5284 3276 5344 hoc
3305 5284 3398 5344 vi-

1830 5382 2014 5442 detur
2032 5378 2363 5439 essentiale
2402 5377 2610 5438 virtuti
2633 5375 3046 5453 Theolngicae,
3091 5382 3160 5435 ut
3187 5377 3298 5449 sic,
3327 5384 3398 5436 ut

1829 5474 1893 5533 in
1922 5473 2060 5533 aliis
2089 5470 2332 5531 ostendi
2361 5474 2602 5549 potest;
2645 5468 2801 5529 fides
2831 5474 3048 5529 antem
3083 5474 3178 5529 est
3207 5469 3396 5529 virtus

1828 5565 2476 5647 Theologicayergo.
2537 5560 2952 5624 Nihilominus
3003 5560 3354 5642 respondeo
3377 5604 3398 5641 ,
