3900 6217
716 404 888 457 ssscT.
924 404 1006 458 w.
1046 404 1126 457 DE
1160 402 1643 459 couPARATioNE
1674 402 1837 457 rium
1873 402 2262 458 cunls'riANAE
2295 404 2377 459 ΑΙ)
2411 403 2612 469 Ama&
2646 402 2781 458 mc,

145 500 431 565 coedibilis
460 510 537 563 ut
562 502 817 581 divina,
873 512 1007 566 tum
1036 506 1185 585 quia
1212 506 1365 567 fides
1392 503 1701 567 contraria

145 594 261 657 fidei
283 595 517 657 Christi
542 615 675 658 non
699 604 897 677 potest
926 616 1054 661 csse
1083 598 1319 676 divina,
1350 606 1486 660 tum
1510 599 1701 659 etiam

146 689 263 769 quia
293 689 515 751 nullus
542 690 872 753 haeretieus
898 693 1171 755 ostendit
1200 712 1311 755 nec
1341 691 1701 755 credibilem

144 783 265 843 facit
302 801 545 845 novam
590 786 1035 849 revelationem
1078 788 1373 849 doetrinae
1406 786 1523 846 sibi
1568 784 1687 846 fac·

144 884 244 937 tam
276 900 293 950 ;
338 896 498 955 ergo
529 878 927 941 convincitur
953 899 1082 941 esse
1110 880 1457 941 humanum
1485 880 1702 941 inven-

142 978 249 1031 tum
278 972 667 1036 incredibile
690 983 973 1055 respectu
998 975 1141 1037 fidei
1168 978 1484 1037 Romanas.

203 1068 254 1127 9.
321 1066 643 1131 Haeretici
700 1070 1123 1150 antiquitatem
1177 1086 1403 1149 quoque
1456 1084 1704 1129 suorum

143 1160 477 1238 &ymarum
513 1163 853 1224 ostendunt.
870 1196 952 1209 -
970 1162 1362 1239 Refelluntur
1396 1179 1437 1222 a
1468 1158 1705 1223 Tertul-

142 1254 277 1314 liano
310 1259 371 1314 et
408 1272 451 1315 a
484 1253 1370 1335 Hieronym0.-·Reselluntur
1395 1255 1616 1333 primo.
1644 1287 1705 1298 —

140 1348 519 1411 Seoem.-
538 1349 859 1413 Tertio.-
876 1350 1209 1425 Quarto.-
1227 1349 1305 1410 At
1336 1365 1483 1409 vero
1510 1347 1707 1409 haere·

137 1441 221 1501 tici
264 1442 487 1502 nostri
536 1443 864 1525 temporis,
912 1441 1100 1523 pressi
1149 1441 1266 1503 hae
1318 1440 1701 1517 difficultate,

135 1534 375 1613 fingunt
402 1554 589 1599 snam
614 1536 955 1599 doctrinam
985 1556 1112 1599 esse
1134 1536 1459 1617 antiquam
1484 1540 1528 1612 ¹,
1555 1536 1705 1597 etin

135 1629 457 1709 primitiva
482 1630 756 1693 Ecclesia
776 1630 987 1707 fuisse,
1012 1636 1223 1711 postea
1250 1647 1396 1691 vero
1416 1646 1526 1709 per
1546 1628 1707 1689 mul-

134 1732 187 1783 ta
210 1738 511 1803 tempora
538 1723 795 1785 latuisse
824 1742 1012 1805 usque
1035 1724 1109 1785 ad
1142 1724 1509 1797 Lutlierum,
1533 1720 1707 1784 verbi

142 1816 343 1895 gratia,
374 1816 485 1879 vel
506 1817 683 1879 aliud
710 1816 943 1895 simile3
969 1836 1004 1879 e
1022 1817 1328 1879 contrario
1355 1832 1501 1877 vero
1520 1814 1707 1876 fidem

142 1910 477 1970 Romanam
522 1910 849 1991 antiquam
884 1930 995 1991 per
1032 1911 1238 1991 aliqua
1284 1915 1567 1988 tempora
1594 1907 1705 1967 du·

144 2020 307 2077 rasse,
334 2013 565 2082 postea
590 2022 737 2064 vero
759 2004 989 2065 sensim
1008 2004 1319 2079 defecisse,
1344 2004 1511 2063 etita
1534 2000 1707 2061 illam

142 2114 305 2175 quam
322 2114 507 2157 nunc
528 2096 898 2175 profitemur
926 2115 1053 2158 nou
1073 2115 1202 2158 esse
1230 2094 1577 2175 antiquam,
1599 2092 1704 2156 sed

148 2206 385 2251 novam.
438 2190 663 2251 Simile
692 2196 902 2251 autem
934 2188 1233 2269 effugium
1274 2188 1705 2249 haereticorum

144 2291 283 2343 reete
308 2284 615 2361 coarguit
642 2283 1078 2359 Tertullianus,
1107 2283 1185 2344 de
1225 2280 1706 2362 Praescriptioni·

146 2376 239 2437 hus
258 2376 757 2452 naereticorum,
780 2382 845 2437 et
865 2376 1303 2456 Hieronymus,
1330 2374 1600 2455 Epistola
1626 2376 1705 2435 65

144 2473 205 2533 ad
233 2471 721 2533 Pammachium
748 2478 812 2533 et
832 2470 1165 2547 Oceanum,
1199 2470 1365 2533 unde
1398 2470 1561 2531 inter
1588 2468 1713 2530 alia

146 2566 275 2627 dicit
304 2580 321 2625 ε
346 2566 654 2645 Quisquis
674 2570 941 2628 assertor
961 2583 1021 2627 os
1042 2582 1323 2627 novorum
1342 2564 1711 2643 doqmatum,

150 2678 323 2741 qima
362 2666 427 2721 te
468 2665 541 2721 ιιι
581 2676 809 2737 parcas
851 2648 1147 2722 Romanis
1178 2658 1451 2731 auribus,
1487 2674 1713 2738 parcas

146 2754 289 2832 fidei,
336 2772 481 2833 μω
530 2751 819 2831 Apostoli
851 2770 985 2815 voce
1025 2750 1355 2823 laudatum
1388 2757 1451 2811 et
1498 2750 1662 2811 inira
1694 2764 1711 2809 ε

166 2848 339 2927 Usque
364 2848 451 2909 ad
470 2846 639 2908 hm
660 2846 819 2909 diem
848 2848 978 2911 sim
1008 2847 1134 2909 ista
1163 2844 1437 2909 doctrina
1460 2846 1719 2908 mzmdus

171 2940 536 3003 christianus
560 2942 698 3018 suit
710 2964 737 3011 ;
753 2958 881 3003 eam
900 2958 1078 3003 senex
1100 2940 1293 3001 tenebo
1314 2938 1515 3015 fidem,
1538 2956 1719 3017 quam

174 3052 207 3095 a
238 3036 587 3113 paratibus
630 3034 832 3114 accepi
842 3058 870 3103 ,·
916 3053 1023 3097 our
1060 3036 1202 3112 post
1254 3032 1719 3112 quadringintos

172 3147 333 3189 mos
362 3130 575 3191 docere
616 3146 729 3191 nor
769 3128 1010 3203 niteris,
1043 3126 1200 3206 quod
1244 3131 1421 3188 antea
1468 3124 1718 3187 nescivi·

162 3223 321 3282 mus?
344 3222 666 3282 Praeterea
708 3219 859 3280 illud
888 3220 1087 3301 prius,
1120 3219 1282 3299 quod
1317 3217 1591 3279 hoeretici
1627 3216 1719 3277 di·

158 3320 287 3373 enat
329 3314 409 3375 de
461 3312 843 3394 antiquitate
892 3286 1018 3374 siim
1062 3311 1379 3387 doetrinae,
1424 3328 1583 3393 saepe
1629 3315 1721 3370 est

158 3414 353 3469 contra
382 3412 671 3469 suosmet
698 3411 999 3482 auctores,
1028 3406 1137 3486 qui
1166 3404 1506 3465 novitatem
1535 3400 1721 3482 profi·

156 3506 373 3577 lentur,
398 3500 541 3561 imo
566 3499 644 3561 de
666 3497 777 3561 illa
796 3499 1069 3560 maxime
1092 3497 1459 3578 gloriantur.
1488 3495 1721 3558 Deinde

152 3600 229 3653 est
254 3592 619 3655 voluntarie
654 3598 980 3667 assertum,
1009 3610 1079 3653 ae
1110 3590 1372 3653 subinde
1400 3588 1522 3651 fide
1552 3590 1718 3650 iudi·

150 3704 377 3765 gnum3
410 3705 570 3747 nam
599 3687 651 3746 si
679 3704 893 3747 eorum
921 3685 1131 3764 opinio
1162 3691 1347 3745 antea
1375 3690 1507 3745 erat
1536 3693 1597 3745 et
1636 3682 1721 3744 la-

152 3780 331 3858 tebat,
370 3780 718 3841 ostendant
762 3776 1012 3859 aliquod
1057 3778 1388 3857 vestigium
1437 3777 1593 3856 ejuS,
1624 3772 1723 3837 vel

152 3873 467 3952 quemodo
492 3873 587 3934 eis
628 3872 971 3934 innotuerit
1008 3870 1173 3952 quod
1216 3868 1455 3945 lateret,
1492 3874 1562 3937 ‚et
1599 3886 1724 3949 qua

154 3968 243 4027 via
272 3968 353 4028 ad
402 3965 660 4027 illorum
707 3967 993 4027 notitiam
1040 3964 1337 4045 pervenit.
1371 3963 1525 4024 Cum
1553 3963 1723 4023 enim

154 4062 299 4122 nihil
326 4062 569 4123 horum
596 4060 851 4121 suadere
878 4065 989 4120 aut
1017 4058 1278 4139 probare
1306 4056 1564 4137 possint,
1594 4074 1724 4117 ma-

154 4156 367 4217 nifeste
392 4154 859 4217 convineuntur
884 4154 1077 4234 gratis
1102 4152 1233 4213 haec
1258 4150 1615 4231 confingere
1644 4149 1724 4211 ad

152 4268 325 4311 snam
372 4249 729 4311 novitatem
773 4244 1224 4308 occultandam.
1279 4245 1555 4325 Denique
1598 4262 1723 4305 nou

156 4346 359 4405 minus
386 4341 623 4403 falsum
656 4346 721 4403 et
757 4340 1001 4402 varium
1034 4344 1127 4400 cst
1167 4336 1335 4419 quod
1378 4338 1578 4413 aiunt,
1609 4336 1725 4398 Ro·

156 4456 409 4499 manam
446 4434 639 4497 fidem
668 4434 897 4497 sensim
926 4432 1237 4509 defecisse,
1271 4430 1442 4512 quia,
1475 4436 1545 4490 ut
1570 4430 1722 4505 dixi,

158 4540 279 4595 tota
312 4530 646 4594 invenitur
684 4528 752 4590 in
790 4526 1101 4590 veteribus
1136 4524 1440 4602 Patribus,
1476 4529 1540 4585 et
1580 4520 1729 4601 quia

156 4628 479 4707 assignare
513 4643 643 4687 non
691 4626 949 4702 possunt
990 4626 1237 4701 tempus
1262 4620 1328 4681 in
1380 4636 1501 4699 quo
1540 4616 1729 4697 eoepit

158 4720 453 4798 deficere,
484 4738 602 4781 nec
628 4720 857 4797 dogma
882 4734 1116 4778 novum
1144 4713 1308 4796 quod
1336 4712 1594 4793 eoeperit
1619 4711 1727 4772 do·

158 4832 297 4877 cere
330 4813 611 4895 antiquis
641 4810 1046 4887 contrarium,
1077 4826 1191 4870 nec
1220 4814 1533 4869 auctorem
1562 4804 1730 4867 illius

160 4909 459 4988 temporis
496 4906 609 4987 qui
634 4904 759 4967 tale
786 4902 1015 4983 dogma
1054 4901 1390 4965 confutarit
1401 4916 1421 4979 ;
1450 4918 1591 4961 cnm
1630 4906 1729 4960 ta-

162 5019 313 5061 men
338 5001 763 5081 experimento
792 5003 1051 5073 constet,
1083 5012 1407 5075 nunquam
1435 4992 1502 5055 in
1532 4992 1733 5053 Eccle-

164 5094 261 5153 sia
298 5094 479 5157 iubae
506 5106 793 5154 exortum
835 5106 1071 5153 novum
1102 5104 1399 5164 errorem,
1430 5086 1580 5167 quin
1611 5092 1731 5147 sta·

170 5189 291 5247 tim
322 5188 509 5249 suerit
532 5204 576 5248 a
602 5184 917 5247 catholicis
944 5186 1196 5245 notatus
1228 5186 1292 5243 et
1317 5184 1727 5260 expugnatus,

260 5282 358 5342 1⁰.
400 5280 673 5347 Secunda
734 5275 1153 5358 proeroyativa
1210 5276 1497 5338 doctrinoe
1554 5271 1731 5353 fidei,

176 5375 337 5453 qnod
354 5376 437 5437 sil
458 5372 827 5454 Apostolica.
849 5402 933 5419 --
956 5369 1191 5443 Tertia,
1217 5366 1376 5449 qnod
1402 5366 1485 5429 sic
1518 5365 1735 5431 Catho-

274 5563 295 5598 ⁸
330 5560 406 5621 De
440 5578 561 5639 quo
586 5557 725 5621 vide
752 5554 797 5618 l.
834 5556 895 5631 l,
928 5573 985 5617 c.
1012 5554 1095 5615 25
1123 5550 1503 5615 nerent-ionis
1532 5548 1696 5611 fidi-i.

495 5680 596 5725 111.

3240 396 3357 461 129

1785 505 1928 569 lica.
1963 541 2042 553 —
2071 508 2272 589 Atque
2300 508 2448 569 hinc
2476 507 2854 588 colliguntur
2881 506 3017 567 duae
3046 505 3181 567 alise
3208 522 3358 567 con-

1782 596 2051 663 ditiones
2079 619 2241 663 verae
2279 599 2576 663 doetrinae
2619 600 2786 678 fidei,
2817 619 2973 681 quas
3013 597 3198 661 etiam
3229 599 3354 662 hae-

1780 693 1960 754 retici
1991 712 2218 773 negare
2247 712 2372 755 non
2417 694 2672 770 audent,
2710 701 2771 756 et
2798 694 3026 755 frustra
3053 698 3357 754 conantur

1783 786 1901 846 sibi
1948 786 2088 847 illas
2133 788 2645 851 accommodare:
2691 807 2818 849 una
2859 794 2948 849 est
2998 794 3068 847 ut
3098 786 3178 847 sit
3203 786 3356 847 fides

1782 878 2136 959 Apostolica
2161 886 2175 921 ¹
2200 904 2226 955 ,·
2265 900 2438 957 nam,
2485 882 2643 943 sicut
2682 888 2772 943 est
2803 882 2879 943 de
2908 882 3146 942 ratione
3192 899 3354 943 verae

1786 974 2069 1037 Ecclesiae
2089 1020 2108 1052 ,
2164 983 2235 1036 ut
2287 977 2367 1037 sit
2422 974 2791 1056 Apostolum,
2848 980 2918 1034 ut
2974 973 3238 1035 habetur
3288 976 3352 1035 iu

1789 1068 2110 1147 SymbolO,
2164 1071 2250 1131 ita
2307 1076 2399 1131 est
2453 1069 2528 1131 de
2581 1069 2820 1129 ratione
2875 1084 3033 1129 verae
3087 1066 3230 1127 fidei
3285 1072 3358 1127 nt

1784 1162 2134 1241 Apostolica
2165 1162 2274 1241 sit3
2307 1169 2440 1224 tum
2471 1161 2618 1243 quia
2643 1174 2789 1224 vera
2815 1159 3079 1221 Ecclesia
3109 1177 3216 1239 per
3249 1178 3354 1221 ve-

1783 1274 1921 1317 ram
1959 1254 2144 1317 fidem
2175 1257 2602 1333 constituitur3
2633 1262 2765 1315 tum
2795 1253 2984 1315 etiam
3013 1252 3159 1333 quia
3187 1270 3352 1313 eam·

1784 1348 1925 1411 dem
1951 1348 2186 1411 habent
2213 1350 2542 1429 originem.
2566 1348 2656 1409 Ex
2683 1346 2856 1409 dictis
2887 1352 3096 1407 autem
3119 1351 3355 1407 constat

1788 1442 1974 1504 fidem
2005 1462 2191 1523 quam
2221 1442 2584 1523 profitemur
2611 1454 2740 1503 esse
2769 1440 3202 1521 Apodemium,
3225 1459 3352 1500 nen

1788 1538 1958 1599 enim
1991 1538 2078 1598 ita
2105 1538 2464 1599 nominatur
2491 1536 2611 1597 nisi
2651 1553 2724 1596 ex
2763 1534 3002 1615 origine
3031 1540 3094 1597 et
3119 1552 3358 1595 succes·

1789 1628 1985 1703 sione,
2030 1636 2093 1692 et
2134 1631 2280 1711 quia
2320 1628 2666 1711 Apostolico
2711 1628 3062 1689 testimonio
3097 1628 3354 1689 tundata

1789 1732 1901 1789 est.
1936 1726 1986 1787 E
2019 1725 2331 1787 contrario
2369 1742 2512 1786 vcro
2540 1722 2807 1785 haeretiei
2853 1723 3178 1785 ostendere
3225 1742 3352 1785 non

1786 1826 2046 1901 possunt
2085 1818 2244 1880 hanc
2293 1818 2759 1892 successionem,
2811 1805 2882 1877 ιιι
2929 1816 3348 1897 probavimus.

1786 1912 2000 1975 Altera
2041 1912 2308 1975 conditio
2346 1917 2461 1986 est,
2493 1915 2563 1970 ut
2593 1926 2740 1971 vera
2783 1908 2932 1970 fides
2973 1910 3053 1971 sit
3087 1910 3353 1974 Catholi-

1790 2007 1939 2083 0a²‚
1991 2024 2130 2086 quae
2175 2005 2364 2069 simili
2413 2004 2598 2067 modo
2645 2022 2722 2065 ex
2769 2003 3063 2083 Symbola
3107 2003 3354 2084 probari

1786 2106 2010 2181 potest,
2041 2098 2153 2162 ubi
2181 2100 2369 2161 etiam
2397 2097 2662 2159 Ecclesia
2699 2096 3006 2161 Catholica
3040 2116 3168 2160 esse
3205 2100 3354 2160 diei-

1786 2201 1915 2257 tur.
1940 2194 2348 2273 Augustinus,
2378 2198 2592 2253 eontra
2625 2192 2818 2271 Epist.
2849 2180 3180 2271 Fundam„
3205 2212 3258 2255 c.
3287 2196 3349 2267 4,

1788 2306 1865 2351 ex
1914 2287 2044 2349 solo
2092 2287 2346 2349 nomine
2401 2286 2724 2350 Catholicae
2763 2284 2984 2365 probat
3035 2304 3162 2349 suae
3208 2287 3354 2351 fidei

1792 2382 2148 2457 veritatem3
2181 2380 2408 2441 dicitur
2435 2384 2644 2441 autem
2669 2378 2976 2441 Catholica
3005 2377 3178 2458 fides,
3207 2382 3354 2461 quia

1792 2472 2190 2549 universali33
2239 2473 2355 2535 hoe
2387 2472 2557 2533 enim
2606 2489 2728 2533 vox
2772 2471 2877 2533 illa
2925 2490 3124 2551 graeea
3161 2473 3354 2537 latine

1792 2566 2104 2646 significat
2130 2587 2144 2627 ε
2183 2565 2365 2627 debet
2393 2571 2603 2627 autem
2631 2564 2782 2626 fides
2809 2564 3034 2627 Christi
3061 2586 3189 2629 esse
3219 2569 3356 2629 uni-

1793 2657 2070 2736 versalia,
2101 2666 2402 2739 tempore,
2447 2655 2582 2719 loeo
2622 2663 2686 2719 et
2723 2659 3023 2737 personia,
3055 2660 3202 2740 quia
3243 2661 3356 2723 Ec·

1795 2752 1980 2817 clesia
2005 2753 2252 2830 Christi,
2277 2772 2351 2814 ex
2375 2770 2499 2832 quo
2525 2751 2782 2813 fundata
2808 2758 2924 2829 est,
2943 2754 3356 2817 universalem

1797 2847 2092 2927 temporis
2139 2846 2532 2907 durationem
2579 2844 2848 2924 postulat
2873 2890 2894 2921 ,
2919 2846 3100 2924 juxta
3151 2846 3302 2912 illud
3337 2868 3354 2912 ε

1798 2940 2009 3003 Por-tce
2045 2940 2236 3017 inferi
2277 2958 2396 3001 uon
2431 2938 2841 3019 prmalebunt
2882 2940 3168 3003 adver-rue
3203 2961 3356 3016 eam,

1799 3042 1861 3095 et
1902 3052 2014 3114 pro
2043 3041 2172 3094 toto
2199 3031 2434 3095 mundo
2467 3030 2726 3093 fundata
2767 3038 2881 3109 est,
2911 3039 2972 3095 et
3003 3052 3120 3114 pro
3159 3037 3360 3097 omni-

1797 3127 1915 3191 bus
1944 3126 2252 3206 gentibuS,
2277 3126 2460 3205 Juxta
2486 3124 2639 3186 illud
2666 3146 2680 3185 :
2713 3124 2949 3189 Euneos
2973 3130 3038 3189 in
3079 3130 3362 3191 muudum

1798 3224 2169 3296 universum,
2204 3222 2392 3285 docete
2419 3237 2613 3282 omnes·
2637 3227 2860 3299 gentes,
2905 3228 3021 3283 ete.
3063 3222 3140 3283 Et
3165 3222 3312 3284 alibi
3341 3246 3357 3285 ι

1800 3316 2252 3378 Proedicabitur
2313 3312 2720 3393 Evanaelium
2787 3315 2893 3377 Ιιοσ
2960 3316 3026 3375 in
3087 3319 3364 3381 universo

1800 3408 2040 3479 mundo,
2073 3414 2127 3470 et
2155 3408 2452 3471 universae
2477 3412 2804 3478 creaturoe;
2826 3426 2974 3485 ergo
3003 3407 3151 3469 fides
3175 3408 3366 3489 hujus

1800 3501 2087 3563 Ecclesiae
2120 3500 2338 3563 iisdem
2374 3498 2569 3560 modis
2599 3500 2965 3561 universalis
2993 3520 3122 3563 esse
3149 3502 3366 3579 doben

1800 3595 1966 3675 quod
2009 3613 2157 3674 ergo
2198 3594 2540 3674 speciatim
2575 3593 3102 3655 universalitatem
3129 3601 3364 3676 tempo·

1803 3689 1911 3765 ris,
1942 3694 2108 3749 recte
2149 3686 2459 3767 colligitur
2490 3704 2567 3747 ex
2599 3685 2800 3763 dietis,
2833 3706 2958 3749 non
2999 3690 3265 3751 inveniri
3297 3690 3363 3753 in

1801 3780 2094 3843 haeretiea
2121 3779 2420 3853 doctrina,
2451 3780 2598 3859 quia
2627 3798 2750 3840 nou
2781 3778 2968 3841 habet
2995 3780 3164 3843 illam
3203 3786 3365 3845 anti-

1802 3875 2128 3955 quitatem,
2162 3891 2300 3953 quae
2344 3870 2422 3932 ad
2473 3872 2634 3935 hane
2683 3872 3208 3937 universalitatem
3260 3896 3366 3938 ne-

1802 3968 2065 4031 cessaria
2105 3974 2218 4044 est,
2272 3966 2334 4027 id
2387 3972 2502 4041 est,
2555 3972 2624 4027 ιιι
2666 3973 2800 4047 post
2842 3965 3150 4028 Christum
3193 3969 3366 4031 nullo

1802 4066 2082 4142 tempore
2124 4059 2452 4134 defecerit3
2484 4063 2544 4121 et
2573 4058 2690 4121 hoe
2719 4059 2866 4121 satis
2905 4066 2996 4121 est
3027 4068 3098 4121 ut
3133 4080 3256 4123 non
3285 4063 3368 4125 sit

1809 4154 2154 4226 Gallionem,-
2184 4152 2345 4233 quoi
2376 4171 2521 4215 vero
2561 4159 2796 4232 spectat
2834 4153 2910 4215 ad
2943 4154 3367 4217 universalita-

1803 4255 1929 4309 tem
1960 4247 2077 4309 loci
2104 4253 2165 4309 et
2189 4262 2615 4327 personarum,
2641 4251 2879 4307 constat
2901 4245 3212 4308 ordinarie
3239 4247 3368 4309 hae·

1804 4341 1992 4404 resim
2047 4340 2116 4401 in
2164 4340 2436 4419 quodam
2485 4337 2784 4419 peculiari
2834 4337 2968 4400 loco
3019 4345 3129 4401 aut
3181 4348 3366 4419 gente

1804 4434 2061 4509 versari,
2111 4440 2172 4495 et
2219 4452 2346 4493 non
2376 4432 2606 4494 habere
2655 4450 2790 4493 eam
2837 4431 3365 4497 universalitatem

1806 4546 1992 4608 quam
2021 4526 2286 4588 Ecclesia
2313 4524 2620 4587 Catholica
2645 4524 2938 4606 postulat,
2968 4532 3039 4587 ut
3065 4544 3137 4587 ex
3163 4525 3368 4589 dicen·

1806 4622 1901 4682 dis
1929 4620 2126 4699 magis
2151 4618 2408 4701 patebit.

1892 4717 1988 4775 11.
2041 4714 2260 4779 Tertia
2301 4714 2735 4793 proeroqativa,
2781 4712 2934 4793 quod
2967 4713 3051 4777 sit
3095 4706 3378 4775 dodrina'

1808 4826 1962 4871 sana
1995 4811 2048 4869 et
2077 4806 2644 4887 irreprehensibilis.
2674 4838 2754 4853 —
2781 4806 3006 4867 Praeter
3027 4805 3140 4867 has
3159 4806 3368 4867 condi⁴

1808 4901 2008 4963 tiones
2036 4900 2355 4975 doctrinm,
2397 4898 2764 4961 considerari
2809 4904 3063 4978 possunt
3095 4898 3236 4961 alioe
3269 4919 3372 4961 su·-

1810 4994 2020 5075 perius
2059 4998 2262 5069 taetre,
2310 5010 2462 5072 quas
2507 4990 2974 5071 comprehendit
3021 4990 3244 5054 Paulus
3291 4992 3370 5055 ad

1810 5086 1930 5147 Tit.
1964 5088 2027 5163 2,
2055 5086 2290 5161 dicenS,
2317 5084 2574 5146 verbum
2599 5083 2744 5145 fidei
2763 5084 2986 5147 debere
3005 5103 3134 5147 esse
3155 5104 3372 5149 sanum

1812 5186 1866 5242 et
1909 5178 2455 5260 irreprehensibile,
2504 5178 2686 5258 quale
2717 5178 3100 5241 ostendimus
3136 5196 3266 5241 esse
3304 5179 3372 5241 in

1813 5272 2082 5335 Ecclesia
2133 5274 2414 5335 Romana
2427 5287 2448 5350 3
2489 5269 2770 5333 doctrina
2813 5277 3023 5333 autem
3055 5270 3373 5333 haeretieo-

1898 5462 1913 5497 ¹
1956 5457 2039 5520 De
2066 5476 2190 5537 qua
2217 5458 2358 5519 vide
2395 5456 2438 5521 l.
2473 5458 2532 5535 l,
2563 5476 2615 5521 e.
2651 5457 2725 5521 ¹7
2757 5450 3134 5516 Defensionis
3158 5452 3326 5515 fidei.

1896 5550 1921 5588 ²
1952 5552 2035 5613 De
2065 5570 2188 5632 qua
2215 5551 2354 5613 vide
2383 5550 2561 5628 ibid„
2589 5568 2643 5612 c.
2680 5551 2777 5613 12.

3017 5654 3058 5715 0
