3900 6217
559 483 679 546 582

560 608 665 652 mo
689 587 906 667 gradu,
930 591 992 648 et
1009 591 1154 646 sunt
1172 584 1642 662 incorrigibileS,
1664 584 1924 664 ideoque
1949 581 2121 642 nulla

561 689 654 744 est
681 683 757 742 de
807 682 895 742 eis
937 697 1071 760 spes
1088 696 1107 757 ;
1138 695 1286 758 ergo
1315 697 1440 739 non
1495 683 1585 738 est
1612 697 1724 738 cur
1765 695 1948 758 poena
1976 693 2121 736 con-

561 779 752 854 digna
791 775 1130 848 differatur,
1164 790 1338 846 nam,
1381 781 1450 833 ut
1501 771 1657 831 dixit
1712 769 2121 852 Symmachus

561 873 748 949 Papa,
776 885 917 929 cum
968 866 1238 947 quodam
1288 865 1555 926 Concilio
1583 865 1902 926 Romano:
1931 863 2121 925 Ferro

562 963 957 1028 abscindenda
1008 963 1150 1022 sunt
1201 959 1470 1028 vulnera,
1509 977 1642 1040 qua·
1687 962 1951 1036 fomenta
2004 973 2122 1016 noa

561 1056 854 1128 sentiant,
886 1070 1018 1132 cap.
1051 1054 1135 1114 In
1163 1053 1509 1125 canonibus,
1543 1053 1640 1125 17,
1701 1055 1914 1130 quoest.
1951 1051 2025 1121 ἐς
2060 1053 2123 1108 et

562 1147 786 1209 similia
817 1146 1127 1206 habentur
1175 1148 1276 1219 24,
1321 1151 1538 1224 quaest.
1574 1146 1636 1218 3,
1679 1163 1786 1223 per
1808 1145 1984 1222 plura
2024 1163 2120 1204 ca·

561 1243 692 1322 pita
713 1262 728 1312 3
761 1243 889 1301 imo
917 1246 979 1300 et
1015 1239 1211 1312 Plato,
1242 1239 1308 1298 in
1350 1238 1458 1300 lib.
1499 1240 1540 1298 9
1573 1237 1652 1298 de
1692 1237 1980 1316 Legibus,
2032 1237 2125 1297 di-

557 1337 653 1397 xit
703 1353 719 1396 :
757 1333 914 1407 Quos
968 1333 1286 1414 leyislator
1323 1331 1694 1394 insanabiles
1761 1332 1967 1406 sentit,
2018 1331 2124 1392 hos

559 1427 773 1492 ultimo
838 1426 1136 1503 supplicio
1185 1425 1406 1504 afficit,
1455 1441 1574 1485 non
1632 1425 1927 1506 {qnorum
1980 1425 2123 1488 istis

563 1521 778 1583 melius
803 1537 928 1581 esse
952 1516 1130 1594 awa-i,
1162 1535 1341 1598 quam
1377 1519 1590 1580 vivere.

642 1619 704 1675 4.
749 1611 1070 1676 Dubiolam
1100 1629 1212 1690 qao
1259 1627 1468 1692 qenere
1523 1610 1737 1672 mortis
1773 1609 2123 1688 plectuntor

564 1707 952 1772 haretici.—
975 1705 1273 1766 Dubitant
1315 1711 1523 1764 autem
1561 1705 1846 1764 Doctores
1870 1704 1946 1762 de
1987 1721 2122 1782 spe-

562 1803 654 1862 cie
685 1801 922 1874 mortis,
967 1799 1115 1878 quia
1143 1800 1285 1880 jura
1317 1797 1484 1856 illam
1517 1815 1644 1857 non
1673 1797 2116 1858 determinant.

559 1894 978 1957 Nihilominus
1029 1888 1404 1952 consuetudo
1459 1891 1738 1951 Ecclesiae
1781 1889 1993 1966 habet,
2052 1895 2125 1950 ut

562 1989 664 2050 isti
719 2005 900 2066 poena
943 1986 1107 2064 ignis
1141 1984 1521 2057 afficiantur3
1571 2001 1758 2062 qnam
1807 2001 1940 2044 esse
1964 1983 2125 2044 anti-

563 2097 749 2160 quam
783 2079 1050 2139 ostendit
1079 2077 1486 2155 GregoriuS,l
1525 2076 1862 2153 Dialogor„
1886 2093 2023 2154 cap.
2056 2077 2120 2150 4,

562 2181 634 2233 ut
667 2190 852 2252 supra
885 2171 1094 2244 citavi,
1125 2171 1377 2248 ejusque
1416 2169 1770 2247 exemplum
1821 2168 2120 2229 habemus

565 2266 632 2326 in
667 2263 936 2326 Concilio
961 2262 1437 2337 Constantiensi,
1461 2263 1530 2322 in
1553 2279 1676 2341 quo
1701 2261 2121 2340 Hieronymus

567 2361 764 2437 Praga
787 2364 848 2418 et
875 2375 1008 2418 ossa
1027 2356 1284 2416 Joannis
1305 2355 1588 2434 Wicleph
1609 2355 1923 2415 combusta
1951 2361 2119 2429 sunt;

567 2459 630 2513 et
659 2451 827 2512 aliud
868 2451 1185 2528 antiquius
1217 2448 1571 2526 exemplum
1619 2449 1782 2508 sumi
1820 2451 2019 2528 potest
2050 2465 2126 2507 ex

565 2549 606 2607 A
633 2547 783 2623 Reg.
819 2547 934 2618 ⁵233
966 2549 1028 2603 et
1069 2540 1261 2619 aliqui
1309 2540 1426 2601 hoc
1468 2539 1797 2601 voluerunt
1833 2539 2127 2617 colligere

567 2658 642 2700 ex
667 2638 772 2699 illo
799 2637 976 2698 Joan.
1011 2638 1088 2697 15
1122 2652 1138 2696 ε
1174 2634 1413 2715 Siquis
1439 2635 1506 2696 in
1537 2653 1628 2696 mo
1659 2651 1778 2695 non
1806 2631 2124 2708 manserit,

567 2737 625 2795 et
651 2730 930 2814 colligent
952 2747 1106 2800 eum,
1149 2733 1208 2790 et
1233 2727 1301 2788 in
1331 2728 1528 2808 iynem
1554 2728 1818 2790 mittent.
1853 2727 1973 2787 Sed
2013 2725 2129 2786 hoc

569 2825 769 2884 solum
810 2842 920 2902 per
947 2820 1283 2901 quamdam
1312 2819 1943 2880 accommodationem
1971 2819 2134 2878 acci-

570 2917 865 2997 piendum
889 2921 1001 2976 est.
1021 2913 1196 2976 Unde
1223 2912 1590 2989 Villadiego,
1608 2917 1854 2972 tractat.
1887 2911 1965 2972 de
1998 2905 2131 2973 Πω-

568 3010 988 3087 retic.,quaest.
1019 3011 1114 3075 ⁴5.
1147 3023 1322 3067 num.
1355 3008 1413 3079 4,
1447 3005 1762 3065 existimat
1789 3004 1978 3083 hujus
2000 3021 2131 3083 poe-

572 3121 670 3163 ute
697 3101 1275 3162 determinationem
1322 3097 1496 3158 nullo
1538 3098 1682 3175 jure
1714 3098 1965 3176 scripto,
2022 3096 2127 3156 sed

573 3195 702 3256 sola
722 3193 1170 3254 consuetudine
1197 3191 1611 3252 introductam
1643 3207 1792 3261 esse,
1815 3189 1982 3269 quod
2004 3190 2131 3250 for·

571 3296 732 3350 tasse
751 3304 967 3347 verum
995 3292 1085 3346 est
1113 3285 1314 3364 quoad
1347 3284 1618 3362 priorem
1645 3291 1882 3362 partem
1925 3283 2131 3344 exclu-

570 3381 790 3457 sivam,
835 3379 1144 3458 loquendo
1187 3374 1264 3436 de
1318 3373 1558 3454 legibus
1602 3375 1667 3436 in
1695 3393 1945 3454 corpore
1969 3377 2129 3454 juris

571 3473 907 3544 contentis;
957 3489 1098 3532 nam
1151 3477 1326 3530 extra
1353 3469 1420 3528 in
1461 3469 1626 3528 dicta
1658 3468 1796 3547 lege
1835 3465 2129 3529 Friderici

573 3581 852 3645 expresse
881 3563 1234 3625 decernitur
1259 3567 1331 3622 ut
1359 3561 1460 3621 isti
1485 3562 1608 3621 vivi
1637 3561 2083 3621 comburantur
2106 3582 2123 3636 3

575 3667 638 3722 et
663 3661 826 3720 hanc
853 3660 1052 3736 legem
1086 3656 1422 3735 acceptavit
1464 3655 1753 3732 Ecclesia,
1783 3662 1846 3716 et
1886 3657 1975 3716 ita
2013 3674 2129 3715 usu

572 3760 852 3815 servatur
887 3759 949 3814 et
987 3749 1359 3811 servandum
1394 3756 1506 3824 est,
1546 3750 1622 3809 de
1661 3759 1790 3829 'qua
1844 3769 1912 3811 re
1962 3751 2131 3812 vide·

569 3849 625 3908 ri
677 3852 931 3926 possunt
981 3844 1287 3916 Farinam,
1325 3842 1401 3902 de
1455 3843 1704 3917 Hoeresi,
1733 3848 1950 3922 quaest.
1982 3845 2125 3920 198,

572 3959 749 4001 num.
781 3942 841 4014 4,
861 3944 923 3998 et
949 3951 1087 4016 quse
1117 3953 1193 3995 ex
1217 3935 1500 3996 Patribus
1522 3933 1774 3996 adducit
1794 3935 2126 4012 Arboreus,

571 4033 680 4095 lib.
735 4033 775 4094 8
839 4029 1211 4110 Theosopb,
1245 4045 1380 4108 cap.
1421 4029 1485 4105 9,
1535 4029 1602 4088 in
1643 4031 1684 4089 2
1737 4047 1801 4112 p.
1851 4031 2133 4090 assertio-

571 4145 692 4187 ms.

653 4221 710 4280 5.
749 4218 1031 4308 Seouptda
1056 4215 1333 4280 assertio.
1360 4247 1442 4262 -
1465 4215 1767 4291 Secundo,
1799 4216 2129 4277 dicendum

571 4320 665 4376 est
712 4329 927 4373 omnes
975 4308 1296 4370 haereticos
1350 4309 1834 4389 impoenitentes,
1887 4311 2133 4371 etiamsi

571 4407 840 4468 exterius
874 4422 938 4464 sc
979 4402 1194 4463 fideles
1221 4409 1282 4464 et
1315 4402 1652 4463 Catholicos
1697 4401 2123 4482 profiteantur,

572 4499 719 4560 side
747 4499 970 4560 haeresi
994 4498 1260 4558 convicti
1299 4502 1464 4582 sunt,
1514 4510 1702 4575 poena
1747 4497 1964 4556 mortis
2002 4514 2131 4556 esse

573 4589 941 4651 afficiendos,
976 4590 1066 4650 Ita
1099 4590 1323 4650 docent
1347 4605 1562 4649 omnes
1603 4595 1882 4648 auctores
1933 4588 2127 4663 citati,

569 4690 632 4744 et
677 4682 1019 4757 Albertin.,
1071 4681 1148 4742 de
1199 4679 1583 4758 Agnoscend.
1640 4681 1879 4753 haeret„
1929 4699 2129 4760 quaes-

568 4777 738 4836 tione
763 4775 825 4851 8,
860 4780 923 4835 et
943 4775 1280 4854 quaestione
1310 4775 1410 4848 34,
1439 4791 1681 4836 numer.
1703 4775 1772 4834 51
1803 4789 1825 4850 ;
1853 4780 1918 4834 et
1943 4774 2129 4853 ltojas

569 4867 646 4932 de
673 4871 928 4938 Haeret..
961 4871 992 4928 1
1039 4876 1225 4947 part„
1271 4886 1310 4928 a
1353 4884 1528 4927 num.
1577 4867 1718 4941 590,
1750 4873 1812 4928 et
1857 4871 1896 4929 2
1938 4875 2125 4946 part..

567 4969 783 5025 assert.
829 4965 930 5034 21,
972 4959 1080 5021 ubi
1118 4960 1326 5040 plures
1366 4958 1518 5020 alios
1557 4959 1766 5022 refert.
1804 4961 1879 5020 Et
1913 4967 2005 5020 est
2036 4977 2132 5020 res

569 5061 759 5128 certa,
790 5054 850 5114 ei
884 5073 1000 5114 usu
1025 5059 1292 5132 recepta,
1323 5051 1608 5131 quamvis
1645 5070 1772 5113 non
1795 5053 1875 5112 sit
1901 5053 1967 5112 in
1989 5052 2130 5132 ,iure

567 5157 696 5209 tam
743 5160 1008 5226 recepta,
1050 5148 1208 5208 sicut
1247 5145 1623 5226 praecedens·
1655 5146 1985 5224 Colligitur
2020 5165 2129 5208 au-

563 5245 690 5300 tem
723 5237 1098 5299 sufficienter
1137 5255 1214 5298 ex
1250 5239 1414 5298 dicto
1459 5255 1592 5317 cap.
1630 5233 1732 5299 Aa
1757 5238 2124 5313 abolendam,

564 5351 706 5393 cum
751 5331 1077 5404 similibus,
1137 5339 1444 5412 quatenus
1489 5331 1704 5391 dieunt
1754 5331 2123 5407 confessum,

565 5423 664 5484 vel
699 5425 1052 5484 convictum
1085 5424 1162 5486 de
1207 5424 1460 5499 haeresi,
1509 5425 1626 5485 nisi
1669 5423 2016 5504 resipiscat,
2062 5430 2127 5485 et

565 5523 816 5596 paratus
838 5517 924 5577 sit
949 5517 1290 5578 satisfacere
1315 5516 1618 5585 Ecclesiae,
1647 5535 1780 5579 esse
1803 5519 1994 5579 curiae
2017 5537 2123 5578 sae-

559 5610 755 5672 culari
793 5608 1186 5671 tradendum.
1213 5609 1330 5670 Ubi
1369 5609 1769 5690 ponderanda
1812 5617 1904 5673 est
1931 5612 2121 5692 aequi-

1278 483 1514 538 msrnr.
1545 485 1719 537 xxm.
1756 482 1837 535 DE
1873 482 2077 534 POENlS
2110 478 2571 536 CORPORALIBUS
2604 483 3077 538 nmertconuu.

2202 583 2441 662 paratio
2469 584 2632 645 inter
2663 585 2992 660 convictOS‚
3030 593 3093 647 et
3124 587 3420 660 confessos
3430 607 3448 667 ;
3476 610 3603 654 nam
3636 595 3710 658 illi

2200 673 2345 734 licet
2385 694 2510 737 non
2547 677 2983 750 confiteantur,
3013 679 3281 740 convicti
3321 690 3480 758 sunt,
3511 692 3567 745 et
3590 689 3713 750 alias

2202 787 2329 829 non
2367 769 2757 850 resipiscunt,
2790 790 2991 850 neque
3018 772 3095 832 ad
3124 774 3597 852 satisfaciendum
3624 801 3712 859 pa-

2202 861 2322 921 rati
2373 869 2538 936 sunt,
2593 864 2740 944 quia
2788 864 3011 926 nolunt
3060 863 3353 929 delictum
3390 887 3712 950 agnoscere;

2201 972 2373 1032 ergo,
2396 955 2512 1016 sub
2542 953 2647 1016 illa
2670 975 2852 1036 poeua
2885 963 2947 1018 et
2966 953 3103 1038 lege
3130 959 3715 1038 comprehenduntur.

2200 1049 2277 1108 Et
2309 1047 2713 1109 confirmatur
2753 1051 2978 1130 primo,
3014 1051 3162 1130 quia
3199 1053 3350 1114 tales
3390 1055 3475 1115 rei
3511 1057 3573 1118 in
3609 1058 3719 1120 foro

2201 1141 2483 1202 Ecclesiae
2524 1143 2768 1222 probati
2804 1157 2950 1204 sunt
2986 1143 3284 1219 haeretici,
3316 1157 3377 1206 et
3404 1166 3519 1208 non
3544 1157 3717 1212 osten-

2202 1236 2361 1296 dunt
2380 1237 2813 1316 poenitentiam
2842 1255 2956 1297 nec
2979 1234 3470 1300 retractationem
3494 1240 3719 1318 erroris;

2202 1347 2353 1406 ergo
2408 1329 2628 1389 merito
2673 1329 3022 1409 puniuntur
3050 1347 3239 1409 poena
3278 1348 3485 1391 eorum
3535 1336 3631 1412 qui
3667 1339 3723 1396 in

2202 1422 2424 1484 baeresi
2455 1429 2870 1501 perseverant.
2900 1423 2979 1482 Et
3011 1422 3150 1482 ideo
3178 1423 3245 1482 in
3276 1423 3363 1484 eis
3390 1423 3589 1486 eadem
3614 1446 3724 1506 spe-

2203 1517 2325 1578 cies
2356 1533 2557 1596 poenoe
2586 1515 2749 1602 ignis
2778 1521 3086 1590 servatur,
3130 1521 3258 1576 non
3284 1515 3487 1578 tamen
3508 1519 3724 1580 combu-

2200 1617 2424 1671 runtur
2468 1609 2617 1685 vivi,
2678 1615 2929 1689 propter
2959 1609 3265 1670 rationem
3320 1628 3500 1689 quam
3548 1614 3605 1672 in
3646 1633 3723 1675 se-

2202 1701 2417 1783 quenti
2454 1709 2685 1782 puncto
2724 1699 3080 1780 assignabo.
3122 1701 3399 1781 Denique
3434 1705 3721 1767 confirma-

2201 1804 2326 1863 tur.
2354 1798 2501 1876 quia
2526 1813 2649 1856 non
2684 1803 2941 1875 possunt
2966 1795 3227 1870 absolvi,
3254 1795 3351 1856 vel
3387 1799 3724 1861 reconciliari

2203 1891 2507 1963 Ecclesiae‚
2546 1907 2689 1948 cum
2723 1889 2857 1949 sine
2904 1887 3285 1949 confessione
3326 1907 3451 1949 non
3479 1891 3552 1950 sit
3582 1891 3725 1952 abso·

2203 1982 2394 2056 lutio;
2427 2000 2573 2061 ergo
2616 2000 2815 2061 neque
2846 1989 2991 2042 sunt
3032 1981 3098 2041 in
3138 1981 3409 2042 Ecclesia
3436 1984 3721 2046 tolerandi.

2204 2079 2281 2138 Et
2320 2077 2386 2135 in
2434 2075 2551 2136 hoc
2598 2081 2745 2134 sunt
2772 2076 3000 2154 pejoris
3040 2075 3413 2135 conditionis
3448 2093 3616 2156 quam
3653 2097 3725 2138 re-

2199 2171 2353 2250 lapsi
2386 2169 2785 2250 poenitente83
2830 2185 2977 2228 nam
3016 2167 3115 2228 his
3152 2167 3362 2228 danda
3394 2175 3534 2228 sunt
3565 2187 3727 2231 sacra·

2202 2273 2440 2336 menta,
2474 2269 2545 2321 ut
2584 2261 2790 2320 statim
2821 2261 3059 2338 dicam3
3086 2259 3210 2320 illis
3241 2269 3450 2322 autem
3480 2261 3602 2322 dari
3624 2281 3724 2322 non

2203 2367 2482 2437 possunt,
2514 2355 2659 2434 quia
2692 2369 2756 2414 se
2788 2353 3183 2432 indispositos
3210 2355 3561 2414 ostendunt.

2284 2451 2345 2510 6.
2393 2449 2802 2511 Proecedentis
2836 2447 3195 2510 assertionis
3248 2448 3510 2510 extensio
3552 2449 3627 2510 ad
3660 2449 3729 2509 di-

2204 2543 2470 2604 minutos
2530 2544 2892 2618 confitentes.
2925 2571 3007 2586 —
3040 2537 3359 2603 Placitum
3419 2539 3603 2620 Rojas
3644 2543 3730 2602 im-

2201 2639 2537 2718 pugnatum.
2578 2665 2659 2680 —
2696 2634 2871 2694 Unde
2920 2632 3233 2708 colligitur
3276 2633 3443 2694 hanc
3488 2635 3732 2693 assertio-

2209 2745 2354 2789 nem
2402 2727 2629 2787 habere
2685 2724 2916 2803 locum,
2960 2745 3088 2788 non
3126 2732 3377 2787 tantum
3424 2728 3490 2786 in
3526 2725 3615 2786 his
3650 2728 3733 2806 qui

2212 2827 2445 2900 negant
2478 2837 2691 2880 omnes
2718 2837 2956 2880 errores
2984 2838 3137 2900 quos
3165 2819 3620 2892 commiserunt,
3651 2819 3732 2879 sed

2211 2917 2397 2976 etiam
2445 2915 2515 2974 in
2564 2913 2687 2974 illis
2732 2915 2842 2993 qui
2889 2915 3181 2976 diminuti
3242 2921 3429 2988 sunt,
3478 2914 3733 2993 quosdam

2212 3008 2587 3080 confitendo,
2618 3014 2681 3067 et
2706 3007 2857 3067 alios
2876 3008 3157 3082 tacend0,
3183 3005 3522 3068 dummodo
3548 3007 3616 3067 de
3637 3007 3734 3066 illis
3829 3075 3830 3087 χ

2210 3103 2399 3162 etiam
2444 3100 2705 3161 convicti
2734 3102 2877 3161 sint.
2922 3101 2996 3162 Et
3024 3101 3187 3161 ratio
3238 3105 3333 3160 est
3378 3098 3568 3172 clara,
3616 3097 3735 3178 quia

2209 3195 2509 3254 confessio
2539 3192 2849 3253 diminuta
2876 3211 3003 3254 non
3031 3201 3121 3254 est
3158 3211 3316 3254 vera
3364 3193 3662 3266 coniessio,
3688 3198 3735 3252 et

2208 3286 2357 3365 quia
2381 3303 2545 3346 unus
2566 3303 2737 3346 error
2764 3287 3079 3346 constituit
3108 3285 3501 3358 haereticum‚
3540 3293 3597 3346 et
3624 3303 3734 3364 per-

2208 3382 2501 3455 tinacem,
2539 3381 2588 3439 si
2622 3380 2685 3439 in
2708 3379 2815 3440 illo
2846 3387 2927 3441 sit
2953 3387 3320 3456 contumax,
3361 3379 3590 3442 etiamsi
3612 3379 3734 3438 ahos

2208 3475 2487 3554 abjuret;
2546 3491 2692 3551 ergo
2750 3475 2941 3533 etiam
3008 3475 3261 3552 negatio
3320 3475 3499 3533 unius
3547 3473 3732 3533 erroris

2208 3567 2525 3649 constituit
2558 3565 3079 3646 impoenitentem.
3131 3565 3219 3627 De
3268 3565 3380 3626 illo
3418 3571 3611 3626 autem
3647 3563 3733 3643 qui

2208 3680 2425 3724 omnes
2448 3662 2727 3742 proprios
2770 3679 3009 3722 errores
3050 3659 3415 3736 confitetur,
3442 3666 3615 3738 negat
3644 3675 3733 3718 au-

2208 3762 2335 3817 tem
2377 3755 2641 3815 aliorum
2699 3770 2808 3814 seu
2858 3753 3201 3827 sociorum,
3254 3754 3404 3832 quia
3460 3769 3579 3814 nou
3626 3750 3733 3809 vult

2210 3848 2536 3928 complices
2590 3845 2891 3922 confiteri,
2962 3847 3146 3926 Rojas
3205 3863 3399 3926 supra
3416 3893 3435 3922 ,
3486 3849 3524 3907 2
3578 3849 3731 3926 part„

2209 3960 2385 4002 num.
2428 3941 2549 4002 240
2588 3945 2649 4000 et
2694 3941 2995 4020 sequenti,
3030 3945 3221 4018 negat
3262 3939 3435 4000 hunc
3484 3955 3604 4000 esse
3646 3937 3732 3995 ha·

2210 4034 2483 4096 bendum
2514 4034 3027 4111 impoenitentem,
3052 4033 3150 4093 vel
3178 4032 3549 4093 tradendum
3575 4031 3727 4090 curiae

2210 4125 2513 4188 saeculari.
2540 4125 2884 4199 Fundatur,
2912 4123 3059 4204 quia
3107 4127 3215 4204 qui
3266 4143 3451 4186 suum
3479 4123 3726 4185 delictum

2210 4220 2562 4294 confitetur,
2622 4219 2914 4297 praesumi
2952 4235 3080 4280 non
3126 4218 3315 4280 debet
3360 4219 3521 4299 quod
3566 4219 3727 4276 taceat

2211 4315 2508 4374 alienum.
2536 4312 2931 4375 Contrarium
2956 4317 3163 4372 autem
3188 4331 3311 4372 usu
3354 4318 3417 4373 et
3458 4310 3619 4391 praxi
3650 4307 3727 4368 In·

2211 4409 2577 4488 quisitor-um
2610 4413 2915 4481 servatur,
2952 4411 3017 4466 et
3048 4405 3187 4466 ideo
3212 4407 3544 4468 dicendum
3573 4409 3663 4476 est,
3688 4398 3727 4458 si

2210 4502 2352 4562 talis
2391 4501 2712 4561 haereticus
2744 4500 3063 4560 convictus
3105 4498 3186 4559 sit
3225 4501 3305 4561 de
3350 4499 3460 4559 tali
3499 4495 3727 4557 diminu-

2211 4595 2381 4654 tione
2408 4589 2822 4664 confessioniS,
2858 4597 2925 4651 ut
2952 4608 3115 4669 saepe
3142 4593 3451 4670 contingit
3479 4609 3579 4669 per
3612 4605 3728 4646 con·

2213 4687 2506 4747 sessiones
2542 4684 2808 4745 aliorum
2838 4675 3209 4764 complicum
3230 4730 3249 4758 ,
3298 4691 3452 4744 tuuc
3486 4700 3614 4741 vere
3650 4679 3727 4757 ju·

2208 4779 2401 4839 dicari
2444 4777 2960 4856 impoenitentem,
3013 4782 3077 4838 et
3120 4777 3255 4855 ejus
3310 4793 3490 4856 poena
3542 4773 3727 4834 merito

2209 4871 2391 4932 affici.
2424 4871 2605 4932 Ratio
2632 4875 2745 4944 est,
2777 4871 2927 4948 quia
2952 4875 3015 4930 et
3040 4877 3132 4930 est
3169 4869 3503 4930 occultator
3520 4862 3727 4927 haereti-

2212 4982 2451 5037 corum,
2488 4969 2551 5023 et
2596 4961 2763 5024 fovet
2802 4962 3067 5024 haereses
3094 4968 3158 5025 et
3192 4979 3431 5025 errores
3477 4960 3727 5028 aliorum,

2210 5063 2275 5116 et
2301 5056 2433 5134 agit
2462 5063 2680 5116 contra
2720 5055 3000 5117 debitum
3039 5072 3223 5118 suum
3265 5057 3337 5116 in
3383 5073 3556 5116 cansa
3584 5051 3730 5120 fidei,

2210 5155 2273 5208 et
2324 5149 2464 5209 ideo
2514 5149 2735 5210 merito
2768 5148 3079 5229 judicatur
3122 5149 3263 5210 ficte
3306 5161 3640 5208 conversus.
3678 5141 3733 5202 Si

2210 5247 2421 5302 autem
2470 5259 2597 5302 non
2642 5248 2797 5303 esset
2834 5243 3183 5318 convictus,
3225 5241 3331 5302 sed
3382 5240 3572 5301 solum
3604 5241 3735 5297 esset

2208 5335 2286 5395 de
2325 5335 2431 5396 illo
2472 5335 2683 5414 aliqua
2721 5336 3028 5414 suspirie,
3072 5342 3220 5395 tunc
3260 5332 3513 5395 haberet
3558 5331 3730 5390 locum

2208 5429 2420 5507 opinio
2450 5429 2653 5508 RojaS,
2678 5435 2741 5490 et
2781 5429 2900 5490 hoc
2932 5433 3181 5508 tantum
3211 5428 3429 5507 probat
3456 5424 3731 5486 motivum

2204 5539 2357 5600 ejus.

2282 5615 2341 5675 7.
2372 5613 2585 5679 Tertia
2612 5615 2892 5693 assertio,
2922 5616 2991 5681 do
3018 5615 3293 5698 relapsis.
3316 5605 3731 5694 -Eoeponitoer
