3900 6217
550 483 834 565 cipaliter
858 480 1027 545 enim
1064 481 1344 560 loquitur
1396 480 1475 543 de
1527 480 1671 560 lege
1712 478 1891 541 fidei:
1951 479 2122 540 unde

552 576 802 641 subdit:
864 573 1011 639 Non
1061 574 1286 638 docebit
1334 572 1743 655 unusquisque
1768 570 2126 653 promtum

550 686 753 745 m,
784 674 927 744 etc„
962 667 1323 749 significans
1351 684 1573 729 omnes
1602 684 1741 728 esse
1762 665 2122 751 immediate

550 762 875 825 docendos
940 780 978 822 a
1048 762 1201 823 Deo.
1266 760 1629 823 Secundum
1684 763 1783 820 est
1838 758 1992 819 illud
2060 763 2118 819 1.

552 858 781 921 Joann.
812 858 851 917 Ξ
876 874 889 915 :
932 855 1147 920 Uatia
1174 854 1400 919 docebit
1412 871 1521 916 vos
1545 854 1615 916 de
1636 852 1928 928 omuibus,
1952 850 2124 913 unde

551 951 783 1015 ibidem
818 948 1006 1011 etiam
1034 948 1293 1010 dicitur:
1326 947 1475 1012 Non
1498 962 1732 1009 necesse
1758 946 2012 1023 habetis,
2051 950 2126 1009 ut

552 1041 779 1126 aliquis
794 1042 999 1105 doceat
1011 1058 1133 1116 eos,
1160 1047 1279 1103 etc.
1292 1056 1311 1117 3
1330 1040 1431 1101 cui
1446 1039 1635 1102 etiam
1650 1044 1958 1101 consonat
1969 1038 2124 1100 illud

550 1136 769 1199 Matth.
805 1137 927 1197 23:
974 1135 1147 1199 Unus
1190 1138 1282 1197 est
1306 1133 1601 1216 magister
1626 1136 1841 1205 voster,
1870 1138 1935 1195 et
1969 1132 2124 1192 illud

550 1230 735 1293 Joan.
770 1230 886 1291 1οε
918 1226 1073 1290 Oves
1108 1244 1252 1289 ’ποτε
1296 1244 1493 1289 vocem
1516 1244 1711 1295 mam
1734 1226 2016 1298 audiunt,
2049 1243 2124 1287 ac

552 1322 827 1403 denique
852 1320 1057 1384 illudi
1094 1320 1178 1385 ad
1196 1321 1475 1384 Corinth.
1508 1322 1583 1381 2:
1624 1318 1998 1402 Spiritualis
2019 1336 2124 1383 aw-

554 1420 673 1480 tem
684 1416 933 1498 judicat
968 1416 1191 1479 omnia.
1230 1413 1544 1489 Secundo,
1574 1431 1911 1494 possumus
1940 1430 2126 1493 argu-

550 1510 823 1573 mentari
848 1509 1115 1582 ratione,
1142 1508 1290 1588 quia
1329 1508 1381 1568 si
1430 1506 1773 1587 propositio
1814 1506 1966 1567 fidei
2009 1524 2124 1585 per

552 1608 909 1665 creaturam
962 1601 1093 1674 fiat,
1147 1608 1211 1663 et
1248 1600 1601 1680 praesertim
1638 1618 1753 1680 per
1806 1598 2118 1673 homines,

552 1716 631 1760 so
661 1698 799 1776 ipso
838 1695 1263 1757 necessarium
1304 1700 1420 1761 est.
1458 1700 1527 1754 ut
1550 1693 1779 1755 veritas
1804 1692 1951 1754 fidei
1979 1692 2124 1754 red-

548 1790 739 1853 datur
786 1791 1057 1852 incerta:
1106 1789 1227 1851 hoc
1277 1794 1491 1849 autem
1534 1792 1631 1848 est
1672 1790 1889 1848 contra
1932 1787 2122 1847 ratio-

552 1900 703 1946 nem
752 1882 903 1946 fidei
954 1882 1352 1945 Christianae:
1398 1898 1550 1960 ergo
1594 1879 1895 1960 perfectio
1932 1879 2122 1958 hujus

550 1977 699 2039 fidei
725 1976 935 2057 exigit,
968 1982 1039 2037 ut
1068 1976 1387 2056 objectum
1432 1977 1570 2052 ejus
1598 1972 1962 2034 immediate
2005 1988 2118 2052 per

550 2072 756 2133 Deum
793 2070 999 2150 ipsum
1040 2068 1127 2130 illi
1168 2074 1573 2149 proponatur.
1620 2067 1821 2145 Major
1858 2066 2118 2145 (coetera

550 2164 721 2226 enim
746 2164 915 2226 clara
944 2166 1112 2242 sunt)
1156 2162 1515 2224 declaratur
1542 2158 1865 2239 exemplo:
1894 2176 2044 2221 nam
2067 2158 2117 2219 si

552 2257 789 2337 aliquid
831 2257 1011 2318 nobis
1057 2261 1469 2336 proponatur,
1502 2257 1574 2316 ut
1624 2252 2013 2315 credendum
2043 2270 2119 2313 ex

550 2350 909 2411 testimonio
936 2350 1207 2411 hominis
1232 2348 1359 2409 fide
1389 2345 1757 2428 dignissimi,
1792 2350 1855 2407 et
1882 2362 2011 2407 non
2037 2345 2120 2407 ab

552 2443 657 2508 illo
695 2443 956 2505 verbum
1012 2443 1151 2521 ejus
1204 2441 1561 2514 audiamus,
1604 2438 1719 2501 sed
1770 2456 1885 2518 per
1926 2438 2118 2499 alium

552 2536 813 2599 minoris
837 2536 1227 2597 auctoritatis
1253 2538 1663 2615 proponatur,
1696 2532 1817 2593 hoc
1848 2532 1988 2612 ipso
2023 2534 2122 2593 in-

550 2628 839 2693 firmatur
862 2628 1021 2691 tides
1050 2630 1330 2691 humana
1380 2629 1444 2689 in
1474 2645 1588 2689 suo
1632 2626 1875 2702 ordine,
1910 2633 1977 2687 et
2015 2644 2120 2689 res

551 2725 763 2787 minus
802 2730 972 2785 certa
1020 2724 1307 2794 efficitur,
1340 2728 1403 2783 et
1444 2727 1617 2783 tanto
1654 2722 1857 2801 magis
1898 2721 2122 2783 crescit

554 2819 691 2881 haec
759 2816 1159 2894 incertitudo,
1186 2824 1195 2831 ’
1218 2822 1453 2895 quanto
1505 2814 1688 2893 plura
1730 2813 1962 2887 media,
2007 2832 2123 2875 seu

551 2910 767 2993 plures
806 2906 1226 2991 proponentes
1266 2908 1685 2983 intercedunt,
1730 2908 1902 2987 quod
1920 2914 2122 2969 totum

552 3004 826 3067 evidenti
852 3004 1281 3083 experimento
1310 3004 1533 3062 notum
1574 3007 1711 3075 est3
1758 3018 1911 3080 ergo
1950 3000 2118 3063 idem

554 3098 697 3173 erit,
740 3098 1145 3177 proportione
1188 3100 1458 3167 servata,
1503 3094 1567 3154 in
1609 3092 1734 3154 fide
1775 3094 2014 3169 divina,
2059 3100 2124 3154 et

556 3190 805 3271 objecto
844 3192 1020 3271 ejus:
1058 3206 1205 3250 nam
1266 3186 1595 3250 intercedit
1652 3186 1879 3247 eadem
1934 3188 2118 3261 ratio,

554 3284 843 3347 videlicet
870 3283 1041 3362 quod
1068 3281 1377 3344 certitudo
1414 3296 1711 3342 assensus
1734 3282 1924 3343 etiam
1967 3296 2124 3360 pen·

556 3378 703 3439 deat
730 3398 767 3439 a
793 3383 1206 3459 proponente,
1234 3382 1297 3437 et
1324 3374 1466 3437 ideo
1500 3376 1621 3436 nisi
1666 3376 1767 3437 ille
1810 3375 1890 3436 sit
1914 3392 2122 3454 mqua-

554 3472 632 3534 lis
652 3472 1064 3549 auctoritatis»,
1094 3470 1427 3549 claudicat,
1458 3478 1527 3535 ut
1552 3471 1639 3532 ita
1658 3470 1887 3547 dicam,
1908 3486 2122 3531 assen-

556 3582 687 3638 sus,
720 3571 783 3626 et
814 3565 1143 3627 certitudo.

636 3660 697 3719 2.
736 3656 1011 3721 Assertio
1038 3661 1109 3721 de
1118 3660 1657 3736 fida-Probatur
1669 3678 1743 3723 ea:
1758 3656 2116 3737 Scriptura.

556 3750 949 3813 Contrarium
974 3751 1380 3814 nihilominus
1408 3754 1591 3815 docet
1606 3754 1763 3815 fides
1781 3750 2116 3824 Cothonea,

556 3844 639 3908 ad
678 3862 867 3924 quam
908 3844 975 3904 in
1014 3844 1133 3905 hoc
1174 3853 1407 3925 puncto
1457 3845 1894 3926 explicandam
1916 3888 1937 3919 ,
1981 3844 2120 3905 dico

558 3940 795 4019 primo:
830 3956 959 3999 uon
990 3942 1088 4001 est
1122 3942 1550 4002 necessarium
1598 3939 1679 4002 ad
1707 3937 2116 4011 credendum,

554 4038 627 4094 ut
648 4032 791 4095 fidei
820 4032 1136 4111 obJectum
1165 4034 1499 4113 peripsum
1524 4034 1723 4096 Deum
1758 4032 2120 4094 immediate

554 4128 963 4206 proponatur.
978 4126 1255 4189 Assertio
1270 4131 1365 4189 est
1378 4134 1547 4189 certa
1562 4127 1643 4189 de
1658 4126 1802 4199 fide,
1818 4142 1960 4206 quse
1977 4144 2122 4205 pro·

555 4218 692 4281 bari
734 4224 943 4298 potest
972 4219 1171 4279 simul·
1190 4219 1551 4282 inductione
1590 4224 1655 4283 et
1694 4220 1923 4281 divinis
1961 4219 2122 4281 Scri-

554 4312 755 4393 pturis
771 4326 794 4390 3
822 4328 973 4373 nam
1004 4312 1311 4392 imprimis
1350 4314 1591 4393 angelis
1626 4313 1920 4375 omnibus
1946 4312 2120 4373 suffi-

557 4406 795 4468 cienter
832 4407 1221 4485 propositum
1252 4412 1349 4468 est
1388 4406 1537 4469 fidei
1558 4406 1893 4486 objectum,
1932 4413 1994 4468 et
2025 4413 2120 4467 ta-

552 4518 725 4573 men,
760 4500 939 4579 juxta
966 4500 1311 4561 doctrinam
1340 4518 1739 4563 communem
1766 4500 2120 4580 Theologo·

554 4612 717 4667 rum,
756 4596 1070 4671 sumptam
1096 4610 1173 4653 ex
1198 4594 1521 4673 Dionysio,
1552 4611 1687 4675 cap.
1713 4594 1754 4654 4
1782 4592 1861 4653 de
1882 4592 2120 4653 Divinis

554 4685 937 4758 nominibus,
980 4703 1108 4746 non
1132 4687 1425 4748 omnibus
1451 4688 1815 4749 immediate
1840 4686 2006 4747 Deus
2031 4686 2116 4747 lo·

556 4788 737 4844 cutus
754 4786 884 4853 est:
917 4780 1225 4842 illuminat
1248 4782 1417 4843 enim
1434 4782 1652 4843 infima
1672 4800 1787 4863 per
1806 4780 2038 4854 media,
2057 4786 2121 4842 et

554 4874 763 4937 media
790 4892 905 4955 per
930 4874 1277 4955 superiora,
1312 4882 1501 4956 atque
1518 4877 1603 4937 ita
1628 4882 1872 4938 tantum
1906 4894 2122 4956 supre-

554 4984 663 5031 mo
688 4969 913 5049 angelo
942 4968 1217 5031 creditur
1240 4970 1411 5031 Deus
1424 4970 1785 5031 immediate
1805 4969 2119 5031 revelasse

556 5064 855 5143 mysteria
867 5108 883 5136 ,
902 5069 966 5124 et
983 5080 1096 5142 per
1116 5080 1263 5124 eum
1278 5068 1535 5125 caeteros
1550 5080 1665 5124 suo
1682 5062 1925 5124 ordine.
1940 5062 2123 5125 Unde

564 5158 755 5217 etiam
784 5155 863 5216 de
881 5156 1121 5217 Adamo
1150 5156 1295 5217 licet
1306 5174 1527 5217 verum
1553 5157 1630 5218 sit
1646 5155 2006 5217 immediate
2024 5172 2127 5215 ac—

556 5250 794 5329 cepisse
811 5266 848 5309 a
859 5248 1266 5311 Deoinfusam
1279 5250 1465 5312 fldem
1476 5251 1901 5325 ,nihilominus
1914 5250 2125 5329 quoad

558 5342 786 5421 objecti
803 5344 1295 5422 propositionem
1322 5360 1441 5424 per
1465 5344 1727 5424 angelos
1750 5344 1867 5405 fuit
1896 5343 2125 5405 illumi-

555 5443 741 5498 natus
780 5443 843 5496 et
884 5436 1126 5512 doctus,
1161 5438 1339 5515 juxta
1382 5436 1669 5499 eamdem
1719 5454 2121 5499 communem

555 5529 922 5595 doctrinam.
952 5528 1185 5589 Verum
1206 5530 1339 5591 ha’c
1356 5530 1563 5592 minus
1587 5536 1753 5591 certa
1786 5536 1954 5608 sunt,
1975 5532 2120 5593 licet

1148 376 1387 433 msrur.
1420 378 1501 433 w.
1538 380 1619 432 nt:
1652 374 2098 432 rnoposmone
2130 378 2376 434 omnm
2409 378 2576 435 FIDE}
2609 377 3025 442 soractem&
3056 378 3190 433 mc.

2205 480 2330 541 sint
2353 479 2808 542 verisimiliora.
2837 480 2926 540 De
2951 479 3304 542 hominibus
3327 486 3520 545 autem
3535 484 3590 547 in
3605 494 3709 549 sta-

2203 580 2273 634 tu
2299 580 2538 635 naturoe
2565 572 2758 653 lapsae
2795 573 3024 633 certior
3052 570 3124 635 fit
3147 573 3431 650 inductio,
3459 594 3592 639 nam
3617 582 3711 641 im-

2207 666 2424 747 primis
2451 667 2520 727 in
2539 672 2704 728 statu
2724 666 2882 746 legis
2904 672 3141 727 natura:
3165 684 3374 746 paucae
3399 668 3563 732 factoe
3593 680 3712 736 sunt

2205 760 2630 823 revelationes
2675 758 3053 834 hominibus,
3105 777 3244 840 quae
3309 762 3636 828 immediate
3680 787 3710 829 a

2201 855 2334 916 Deo
2361 855 2801 934 processerint,
2825 853 3079 927 scilicet,
3098 854 3462 933 quibusdam
3486 858 3714 924 Pati-iar-

2203 947 2361 1024 chiS,
2391 948 2492 1009 vel
2541 946 3086 1013 excellentioribus
3131 948 3520 1027 hominibus3
3571 954 3713 1015 ordi-

2203 1043 2379 1103 naria
2411 1045 2623 1103 autem
2651 1041 2754 1102 lex
2795 1040 2934 1114 fuit,
2965 1045 3036 1101 ut
3063 1046 3353 1121 parentes
3387 1042 3537 1104 filios
3564 1046 3714 1109 doce-

2203 1138 2365 1208 rent,
2399 1140 2458 1195 et
2495 1136 2584 1195 sic
2619 1152 2734 1213 per
2771 1134 3128 1194 continuam
3171 1134 3549 1196 traditionem
3585 1138 3714 1201 fides

2203 1228 2285 1289 ad
2316 1232 2602 1307 posteros
2641 1228 2997 1300 deveniret,
3051 1232 3114 1288 et
3153 1228 3272 1288 hoc
3320 1228 3500 1289 modo
3550 1230 3714 1294 Adam

2203 1320 2493 1383 instruxit
2545 1321 2611 1381 in
2647 1320 2775 1382 fide
2815 1321 2978 1381 filios
3019 1336 3189 1394 suoS,
3227 1325 3291 1381 et
3323 1320 3400 1382 de
3443 1322 3715 1387 Abraham

2203 1414 2450 1488 dicitur,
2493 1415 2723 1476 Gene's.
2757 1414 2866 1475 18:
2897 1412 3042 1477 Soio
3067 1414 3226 1494 quod
3246 1420 3718 1493 praecepcumsit

2202 1510 2366 1589 filiis
2386 1510 2540 1584 cuis,
2571 1515 2691 1570 etc.
2727 1507 2968 1569 Deinde
2997 1507 3076 1568 de
3109 1513 3389 1587 tempore
3417 1506 3562 1589 legis
3573 1508 3718 1591 Moy-

2203 1603 2288 1665 sis
2335 1604 2583 1677 dicitur,
2647 1602 2842 1663 Exod.
2898 1604 3013 1664 u:
3073 1599 3462 1665 crediderunt
3503 1604 3631 1678 Deo,
3677 1612 3722 1667 et

2201 1698 2414 1779 Moysi
2431 1716 2598 1759 servo
2621 1699 2768 1777 ejus,
2803 1696 3020 1775 utique
3051 1695 3203 1768 Deo,
3233 1700 3304 1755 ut
3320 1694 3644 1757 testificanti
3671 1702 3720 1757 et

2203 1790 2568 1852 immediate
2589 1790 2870 1870 loquenti
2899 1806 3044 1850 cum
3071 1788 3313 1868 Moyse,
3335 1788 3522 1869 Moysi
3541 1796 3718 1851 autem

2201 1872 2272 1946 ut
2301 1884 2682 1945 sufficienter
2709 1882 3120 1963 proponenti3
3165 1898 3313 1941 nam
3361 1881 3520 1943 Deus
3549 1883 3620 1941 ad
3643 1888 3721 1943 to-

2201 1984 2335 2039 tum
2360 1977 2661 2057 populum
2692 1994 2806 2055 per
2830 1976 3114 2054 Moysem
3153 1974 3554 2054 loquebatur3
3585 1976 3720 2037 Deu-

2199 2078 2317 2133 ter.
2351 2076 2562 2132 autem
2591 2072 2670 2131 10
2699 2069 2978 2131 additur:
3006 2070 3331 2148 Eruntque
3347 2068 3515 2130 verba
3543 2069 3648 2129 noec
3669 2069 3721 2129 in

2199 2166 2371 2229 corde
2399 2169 2526 2239 two,
2555 2168 2614 2227 et
2641 2165 2869 2226 docebis
2893 2180 2958 2225 ea
2990 2163 3149 2240 filiis
3181 2160 3324 2225 tuis.
3360 2161 3530 2223 Unde
3561 2166 3642 2223 est
3664 2162 3722 2223 il-

2198 2255 2308 2317 lud
2355 2256 2580 2319 Psalm.
2605 2258 2720 2316 77:
2755 2256 3000 2330 Quanta
3021 2254 3333 2317 mandavit
3351 2252 3625 2317 Patribus
3643 2272 3722 2315 no·

2200 2349 2376 2422 scria,
2402 2354 2545 2413 nota
2561 2352 2760 2425 faeere
2783 2366 2852 2411 ea
2865 2348 3024 2429 filiis
3055 2346 3207 2411 suis.
3247 2346 3476 2408 Praeter
3501 2347 3618 2407 hoec
3638 2366 3724 2407 au·

2202 2446 2330 2503 tem
2371 2458 2542 2521 saepe
2582 2444 2750 2503 Deus
2778 2458 2892 2521 per
2921 2440 3268 2519 Prophetas
3290 2439 3656 2519 loquebatur,
3675 2446 3724 2501 et

2199 2552 2400 2596 novas
2455 2534 2876 2596 revelationes
2919 2534 3340 2615 proponebat,
3387 2533 3556 2613 juxta
3599 2532 3724 2593 illud

2199 2627 2351 2689 Luc.
2375 2632 2402 2689 1
2429 2644 2445 2689 :
2469 2626 2650 2692 Siout
2671 2628 2906 2693 locum
2924 2632 3014 2691 eet
3030 2644 3142 2706 por
3159 2644 3232 2689 os
3253 2625 3621 2701 Sanctorum,
3641 2626 3727 2707 qm·

2201 2738 2242 2783 a
2266 2723 2485 2784 soeculo
2499 2725 2665 2797 sunt,
2701 2722 3132 2802 prophetarum
3155 2720 3290 2801 ejus
3309 2745 3334 2792 ,·
3371 2725 3432 2781 et
3462 2720 3538 2780 ad
3565 2720 3722 2781 Rebr.

2207 2818 2230 2875 ⁴
2261 2830 2280 2875 :
2331 2813 2498 2877 Olim
2538 2817 2702 2877 Dm
2731 2816 2974 2897 loquens
3001 2814 3306 2876 Patribus
3333 2813 3400 2876 in
3429 2814 3725 2895 prophetis.

2203 2907 2484 2987 Denique
2525 2908 2592 2968 in
2637 2910 2778 2989 lege
2807 2908 3042 2989 gratim,
3091 2906 3267 2969 idem
3311 2908 3529 2969 modus
3557 2906 3728 2985 provi·

2205 3000 2432 3063 dentiae
2485 3008 2546 3063 et
2605 3001 3066 3081 praedicationis
3111 3000 3260 3063 fidei
3315 3007 3586 3063 servatus
3632 3006 3726 3060 est.

2202 3096 2359 3157 Nam
2397 3094 2701 3176 imprimis
2741 3098 2970 3157 missus
3011 3101 3108 3156 cst
3141 3094 3446 3169 loannem,
3475 3100 3543 3159 ut
3565 3110 3730 3157 omues

2203 3192 2504 3254 crederent
2511 3208 2626 3275 per
2655 3192 2870 3263 ὀπωπη-
2885 3195 3103 3270 postea
3131 3206 3284 3251 vero
3309 3191 3473 3251 Deus
3495 3188 3615 3269 ipse
3639 3204 3732 3266 per

2205 3284 2658 3345 humanitatem
2710 3290 3099 3363 assumptam
3141 3283 3356 3346 docuit
3399 3300 3524 3355 eos,
3555 3282 3649 3359 qui
3671 3280 3733 3341 il·

2199 3376 2330 3439 lum
2355 3377 2718 3439 immediate
2741 3378 2960 3439 audire
2985 3382 3350 3457 potuerunt.
3377 3378 3470 3440 Ad
3493 3376 3732 3454 reliquos

2201 3476 2412 3532 autem
2479 3472 2647 3533 misit
2707 3472 3033 3550 Apostolos
3075 3472 3319 3548 dicens,
3361 3472 3573 3535 Matth.
3617 3468 3734 3528 ulti·

2201 3582 2304 3625 mo
2324 3586 2338 3625 :
2367 3564 2711 3628 Proedieace
2728 3564 3138 3645 Evanyeliwm
3167 3563 3337 3626 omni
3360 3570 3668 3635 (mmmm
3687 3566 3738 3620 et

2203 3657 2444 3720 subdit:
2475 3656 2594 3732 Qut
2614 3659 2958 3734 crediderit,
2981 3662 3037 3721 et
3055 3658 3402 3737 baptizatus
3415 3659 3612 3738 saera,
3638 3656 3736 3719 sal-

2201 3768 2313 3815 m
2336 3752 2490 3825 erit,-
2517 3757 2580 3812 et
2611 3754 2817 3812 Actor.
2855 3754 2921 3811 1:
2952 3750 3166 3813 Eritis
3197 3752 3360 3814 milti
3385 3756 3579 3824 testes,
3611 3756 3733 3819 etc„

2200 3862 2388 3927 mque
2413 3847 2496 3909 ad
2527 3845 2813 3907 ultimum
2843 3850 3044 3907 teme.
3077 3844 3244 3925 Ergo
3287 3845 3388 3907 hic
3413 3850 3506 3907 est
3541 3844 3734 3906 modus

2204 3940 2542 4012 sufficiens,
2565 3940 2690 4000 imo
2711 3944 2774 4000 et
2791 3938 3167 4012 ordinarius,
3190 3940 3276 4001 ad
3295 3938 3737 4021 proponendam

2203 4040 2266 4096 et
2295 4032 2768 4114 concipiendam
2797 4032 3009 4096 fidem.
3043 4034 3118 4095 Et
3159 4033 3306 4096 ideo
3345 4022 3494 4097 dixit
3513 4034 3736 4105 Paulus,

2201 4127 2284 4189 ad
2297 4130 2477 4189 Rom.
2501 4130 2612 4190 10:
2631 4124 2817 4190 Fides
2831 4144 2908 4189 σω
2920 4128 3158 4201 auditu,
3185 4128 3434 4193 auditus
3453 4130 3636 4192 autem
3645 4142 3742 4205 per

2199 4222 2441 4285 verbm
2459 4220 2718 4286 Christi.
2749 4220 3052 4301 Loquitur
3081 4226 3294 4283 autem
3314 4222 3392 4283 de
3419 4220 3604 4283 verbo
3623 4236 3742 4280 sen·

2200 4316 2384 4389 sibili,
2411 4332 2558 4376 nam
2587 4315 2828 4376 subdit:
2859 4316 3156 4390 Quomodo
3183 4318 3439 4381 audient
3457 4317 3581 4379 sine
3599 4332 3740 4397 proe-

2201 4409 2456 4483 divana,
2491 4414 2613 4471 etc.

2281 4505 2338 4563 3.
2373 4500 2781 4581 Confirmatio·
2813 4502 2885 4565 ab
2921 4500 3198 4565 abmdo
3234 4534 3322 4550 —
3352 4504 3513 4568 Item
3539 4518 3608 4565 em
3629 4502 3742 4564 Pa-

2204 4596 2417 4659 tribus.
2453 4628 2534 4643 --
2578 4596 2654 4657 Et
2701 4596 3109 4657 confirmatur
3149 4596 3283 4657 hoec
3325 4596 3570 4663 veritas,
3615 4594 3742 4674 quia

2200 4690 2358 4751 alias
2409 4688 2644 4750 inutilis
2683 4694 2849 4749 esset
2893 4689 3233 4769 Scriptura,
3291 4692 3356 4751 et
3389 4688 3649 4763 traditio,
3679 4702 3742 4745 ao

2201 4782 2485 4844 doctrina
2511 4781 2656 4843 fidei
2683 4800 2798 4862 per
2819 4782 3190 4858 Ecclesiam,
3222 4783 3370 4861 quia
3402 4784 3530 4844 haec
3555 4779 3742 4843 omnia

2201 4884 2411 4937 creata
2443 4881 2624 4949 sunt:
2657 4892 2806 4953 ergo
2825 4876 2878 4936 si
2904 4876 3260 4938 necessaria
3288 4882 3386 4937 est
3407 4874 3744 4937 immediata

2201 4969 2455 5042 locutio,
2509 4974 2572 5030 et
2613 4967 2952 5048 propositio
3001 4968 3198 5049 ipsius
3255 4970 3392 5045 Dei,
3449 4968 3580 5029 haec
3631 4980 3744 5026 non

2206 5062 2540 5136 sufficiunt,
2564 5063 2690 5122 imo
2713 5078 2935 5141 parum
2957 5061 3336 5123 deserviunt.
3363 5064 3746 5140 Consequens

2204 5162 2419 5217 autem
2473 5162 2568 5217 est
2612 5155 2798 5235 plane
2843 5155 3250 5225 hereticum:
3289 5173 3441 5216 nam
3479 5156 3556 5216 de
3603 5149 3748 5214 Scri·

2205 5251 2405 5330 pluris
2441 5249 2588 5311 dicit
2623 5249 2922 5323 Christus,
2958 5248 3186 5309 Joann.
3220 5253 3335 5311 10:
3376 5244 3747 5312 Scrutamini

2210 5342 2595 5425 Scripturas,
2643 5356 2789 5405 mm
2828 5344 2981 5424 ἐμω
3007 5345 3418 5407 testimonium
3457 5340 3746 5425 perhibent

2203 5440 2276 5503 de
2317 5454 2450 5511 nm
2495 5436 2778 5515 quamvis
2824 5438 2992 5498 enim
3027 5454 3140 5517 per
3189 5437 3474 5498 homines
3521 5434 3744 5511 scriptae

2201 5532 2346 5609 sint,
2375 5537 2584 5592 tamen
2635 5528 2888 5612 Spiritu
2935 5529 3166 5595 Sancto
3205 5530 3531 5613 inspirati,
3576 5526 3748 5590 lomi
