3900 6217
506 341 588 407 42

987 348 1224 403 ΒΙδΡΰΤ.
1260 348 1344 401 111.
1379 348 1460 401 DE
1493 346 1756 404 omss'cTo
1787 348 2059 403 FonnALl
2092 350 2273 413 Flam,
2308 351 2391 405 ΕΤ
2420 348 2715 413 Quouono
2746 350 2831 403 An
2866 348 3071 413 lLLUD,
3098 348 3232 402 Ere.

509 468 747 523 secum,
779 447 1052 511 existens
1087 447 1156 509 in
1179 449 1426 530 objecto
1455 448 1894 532 cognoscendo
1924 466 1940 522 ;
1969 447 2080 509 sed
2162 452 2305 515 Haec
2347 452 2479 517 fere
2521 457 2897 535 argumenta
2941 452 3232 534 proponit
3285 450 3595 513 Aureolus
3652 449 3715 509 in

505 545 692 619 Deus,
735 548 806 605 ut
829 542 1138 616 revelans,
1189 561 1313 605 non
1345 546 1530 625 -ponit
1575 546 1640 607 in
1671 544 1914 624 objecto
1949 560 2079 603 cre·

507 637 680 701 dibili
733 635 968 715 aliquid
999 636 1198 712 reale,
1237 638 1350 698 sed
1391 644 1636 701 tantum
1661 638 2077 703 extrinsecam

507 730 1114 804 denominationem;
1171 748 1344 813 ergo,
1399 736 1470 794 ut
1521 732 1634 807 sic,
1679 750 1810 793 non
1868 736 2077 811 potest

508 843 646 887 esse
687 824 1002 903 objectum
1046 823 1338 899 formale,
1375 825 1532 887 alias
1574 826 1700 887 tale
1757 825 2073 905 objectum

505 917 873 981 consisteret
899 916 961 977 in
989 918 1293 979 relatione
1319 918 1600 992 rationis,
1647 920 1796 999 quia
1827 919 1934 983 illa
1951 918 2075 997 ‚de-

508 1010 850 1079 nominatio
893 1010 1046 1071 nihil
1075 1011 1248 1073 aliud
1293 1012 1470 1091 ponit
1517 1013 1583 1075 in
1631 1012 1899 1093 objecto.
1962 1015 2075 1077 Se-

507 1106 737 1179 cunde,
767 1105 1082 1185 objectum
1111 1107 1506 1170 constituitur
1538 1107 1602 1168 in
1630 1124 1768 1169 esse
1802 1106 2071 1169 credibi-

507 1200 586 1261 lis
612 1218 726 1280 per
753 1194 1088 1279 ipsummet
1113 1200 1597 1275 habitumjldei,
1623 1207 1936 1282 quatenus
1970 1219 2073 1262 re-

506 1294 701 1356 latum
729 1293 812 1355 ad
839 1293 1154 1372 objectum
1193 1294 1526 1370 credendi;
1569 1313 1720 1375 ergo
1755 1295 1914 1358 fides
1943 1314 2071 1357 non

504 1388 876 1451 terminatur
901 1387 982 1450 ad
995 1386 1152 1449 illud
1170 1387 1513 1467 objectum,
1543 1394 1609 1471 ut
1629 1389 1927 1451 credibile
1947 1395 2066 1463 est,

505 1502 620 1547 seu
636 1483 756 1550 sub
783 1482 1024 1545 ratione
1053 1480 1398 1555 credibilis;
1429 1500 1580 1563 ergo
1600 1482 1918 1561 obiectum
1943 1483 2073 1544 for-

506 1577 671 1639 male
712 1575 858 1637 fidei
909 1594 1038 1637 non
1085 1579 1182 1637 est
1237 1576 1558 1651 credibile,
1615 1582 1686 1637 ut
1725 1576 2065 1649 credibile;

506 1688 656 1750 ergo
703 1687 912 1748 neque
959 1675 1056 1731 est
1075 1670 1263 1744 Deus,
1318 1675 1389 1732 ut
1429 1670 1716 1731 revelans
1749 1675 1811 1731 et
1839 1670 2065 1731 consti-

505 1771 689 1827 tuens
705 1764 1022 1844 objectum
1037 1764 1356 1827 credibile.
1380 1764 1544 1825 Prim
1553 1763 2067 1825 um'antecedens

507 1859 772 1921 sumitur
817 1878 855 1921 a
910 1858 1094 1921 simili
1139 1878 1216 1921 ex
1257 1858 1620 1932 Aristotele,
1663 1860 1702 1921 5
1754 1859 2064 1939 Metaph.,

507 1971 643 2032 cap.
691 1954 791 2026 15,
821 1952 1068 2015 dicente
1097 1952 1412 2032 obiectum
1453 1970 1590 2013 esse
1637 1952 1874 2027 scibile,
1917 1970 2070 2031 qua-

503 2054 690 2109 tenus
719 2046 976 2111 scientia
995 2046 1264 2108 refertur
1289 2045 1374 2109 ad
1399 2046 1644 2126 ipsum;
1675 2051 1770 2107 est
1793 2046 1963 2107 enim
1989 2064 2067 2107 ex

503 2140 775 2204 relativis
814 2159 943 2201 non
985 2140 1239 2215 mutuis,
1279 2157 1420 2219 quae
1464 2140 1612 2202 talia
1658 2139 2067 2202 denominan-

503 2240 606 2297 tur
653 2252 768 2315 per
805 2233 1240 2308 habitudinem
1281 2233 1548 2295 aliorum
1587 2233 1670 2295 ad
1697 2234 1866 2313 ipsa;
1913 2252 2063 2313 ergo

503 2328 672 2391 idem
709 2334 804 2391 est
832 2344 976 2389 cum
1027 2328 1432 2407 proportIone
1470 2328 1538 2389 in
1567 2328 1810 2407 objecto
1863 2326 2067 2389 credi-

503 2422 636 2495 bili,
689 2427 752 2485 et
790 2422 938 2483 fide.
995 2422 1202 2483 Prima
1231 2440 1378 2483 vero
1425 2421 1878 2501 consequentia
1916 2438 2067 2501 pro-

504 2516 688 2578 batur
719 2532 797 2576 ex
837 2514 1178 2589 Aristolele,
1233 2514 1488 2588 ibidem,
1533 2514 1682 2594 quia
1710 2514 1866 2575 alias
1895 2532 2067 2575 com-

501 2609 853 2673 mitteretur
880 2608 1170 2681 circnlus,
1195 2614 1257 2669 et
1281 2608 1452 2670 idem
1470 2627 1508 2669 a
1541 2608 1746 2687 seipso
1768 2606 2063 2669 constitui

501 2704 837 2776 diceretur;
871 2718 1020 2763 nam
1037 2702 1300 2763 scientia
1323 2702 1721 2764 constituitur
1748 2718 1862 2781 per
1883 2701 2067 2763 habi-

504 2798 788 2859 tudinem
815 2796 896 2859 ad
941 2814 1127 2859 suum
1153 2797 1470 2876 objectum
1499 2796 1800 2868 formale;
1835 2814 1988 2877 ergo
2015 2797 2065 2857 si

503 2892 624 2953 hoc
648 2890 968 2970 objectum
997 2895 1092 2951 est
1115 2889 1318 2967 ipsum
1345 2890 1580 2964 scibile,
1613 2895 1922 2970 quatenus
1951 2889 2067 2950 sci-

503 2983 626 3045 bile
651 2990 765 3058 est,
799 2984 1114 3064 objectum
1135 2984 1398 3045 formale
1427 2984 1700 3045 scientiae
1729 2982 2063 3045 constitue-

501 3083 675 3139 retur
699 3095 815 3156 per
837 3076 1168 3157 ipsammet
1193 3075 1539 3151 scientiam,
1571 3076 1718 3156 quia
1747 3094 1862 3156 per
1889 3076 2063 3137 illam

503 3169 896 3231 constituitur
933 3169 1248 3249 objectum
1279 3169 1518 3245 scibile,
1571 3173 1643 3230 ut
1669 3169 1904 3231 dictum
1941 3175 2057 3231 est.

385 3322 394 3329 .
499 3265 658 3325 Item
680 3268 776 3325 est
809 3264 930 3325 hoc
979 3262 1385 3342 impossibile,
1421 3263 1568 3343 quia
1609 3262 1925 3342 objectum
1966 3268 2062 3324 est

500 3356 696 3435 prius,
728 3362 792 3421 et
825 3356 1328 3436 praesupponitur
1357 3357 1439 3417 ad
1468 3356 1820 3429 scientiam;
1855 3356 1970 3419 sed
1995 3362 2065 3419 ut

502 3452 600 3513 est
621 3450 838 3513 scibile
863 3468 992 3513 non
1022 3456 1117 3512 est
1141 3449 1340 3529 prius,
1373 3468 1517 3511 cum
1539 3450 1618 3513 sit
1645 3449 1770 3513 tale
1809 3469 1922 3529 per
1949 3450 2065 3510 ha-

499 3543 846 3607 bitudinem
875 3545 1146 3607 scientias
1169 3544 1256 3605 ad
1279 3545 1520 3624 ipsum3
1544 3562 1695 3625 ergo
1720 3550 1789 3605 ut
1816 3544 1904 3605 sic
1931 3560 2063 3605 non

499 3643 706 3717 potest
734 3656 873 3701 esse
901 3638 1218 3718 objectum
1241 3638 1537 3711 formale;
1573 3656 1724 3718 ergo
1766 3637 1938 3699 idem
1967 3644 2062 3699 est

502 3750 646 3795 cum
695 3734 1096 3812 proportione
1149 3733 1230 3795 de
1279 3732 1582 3806 credibili,
1640 3736 1711 3793 ut
1761 3731 2061 3793 credibile

502 3832 618 3888 est.
643 3825 876 3900 Tertio,
905 3825 992 3887 ita
1029 3845 1100 3887 se
1125 3826 1320 3887 babet
1343 3826 1645 3887 revelatio
1675 3824 1787 3885 Dei
1839 3825 1919 3885 ad
1954 3825 2060 3887 ob-

493 3921 733 4002 jectum
761 3920 1080 3993 credibile,
1113 3920 1272 3981 sicut
1291 3919 1506 3981 lumen
1549 3919 1950 3998 intelligentis
1977 3920 2063 3981 ad

501 4014 748 4093 objecta
795 4013 1240 4094 cognoscibilia
1281 4012 1691 4085 naturaliter;
1763 4013 1876 4073 sed
1929 4029 2063 4073 non

500 4112 756 4187 propter
777 4108 940 4168 hanc
967 4124 1221 4169 causam
1247 4106 1466 4189 lumen
1490 4105 1840 4167 intellectus
1868 4122 2063 4185 agen-

500 4200 580 4262 tis
601 4206 697 4262 est
717 4199 1034 4277 objectum
1047 4198 1308 4261 formale
1327 4197 1610 4261 omnium
1631 4198 2062 4279 cognitionum

501 4293 1042 4367 intellectualium
1065 4292 1220 4355 alias
1239 4310 1458 4355 omnes
1473 4293 1770 4365 scientiae,
1789 4292 1914 4355 imo
1935 4310 2066 4353 om-

499 4406 616 4451 nes
641 4388 1096 4451 intellectiones
1125 4388 1446 4449 naturales
1475 4393 1688 4449 essent
1712 4388 1896 4449 unius
1923 4404 2063 4467 spe-

501 4483 649 4556 ciei3
697 4501 848 4563 ergo
891 4499 1102 4561 neque
1137 4484 1206 4543 'm
1241 4482 1536 4562 praesenti
1589 4482 1656 4543 id
1699 4481 1946 4555 sufficit,
1994 4486 2063 4543 ut

500 4578 687 4650 Deus,
707 4581 1018 4655 quatenus
1040 4574 1352 4647 revelans,
1369 4575 1447 4635 sit
1461 4576 1777 4655 objectum
1797 4574 2061 4635 formale

498 4668 670 4731 fidei.
701 4670 776 4729 Et
803 4669 1230 4743 confirmatur,
1261 4686 1408 4729 nam
1421 4670 1590 4731 Deus
1604 4668 1942 4730 revelando
1970 4673 2065 4729 est

501 4768 570 4824 ut
589 4768 958 4842 praeceptor,
995 4762 1102 4840 qui
1133 4778 1264 4821 non
1292 4760 1516 4823 dicitur
1535 4762 1908 4824 constituere
1937 4761 2067 4822 for-

501 4856 666 4917 male
699 4855 1044 4936 obiectum.-
1091 4854 1376 4933 Denique
1419 4854 1471 4915 si
1496 4857 1664 4917 Deus
1705 4854 2067 4917 infunderet

499 4949 687 5011 alicui
719 4966 940 5013 omnes
963 4948 1278 5021 scientiae,
1335 4948 1643 5010 revelaret
1682 4949 1840 5023 illas,
1875 4955 1938 5010 et
1974 4955 2067 5009 ta-

499 5060 650 5103 men
695 5042 993 5105 revelatio
1049 5042 1152 5101 illa
1200 5059 1329 5101 non
1371 5046 1536 5103 esset
1583 5042 1896 5120 objectum
1941 5041 2069 5112 for·-

499 5136 688 5210 male,
741 5136 896 5197 alias
942 5152 1164 5197 omnes
1191 5134 1308 5196 illoe
1337 5135 1610 5197 scicntiae
1665 5139 1875 5197 essent
1897 5152 2061 5209 una;

501 5248 676 5310 erge,
710 5236 828 5291 etc.

578 5326 640 5385 9..
687 5314 986 5387 Ain-eolus
1005 5329 1135 5387 stat
1155 5342 1271 5406 pro
1298 5329 1476 5406 parce
1501 5329 1774 5407 noyente.
1793 5354 1876 5369 --
1901 5322 2069 5386 Male

501 5418 711 5499 aryuic
752 5415 1246 5480 contradictionis
1285 5418 1366 5480 D.
1421 5418 1732 5481 ftomam.
1762 5448 1844 5463 -—
1871 5417 2069 5479 Eam-

503 5510 633 5575 dom
679 5514 922 5593 partem
965 5510 1309 5593 novativum
1353 5512 1626 5593 sequitur
1673 5512 1952 5593 Vazquez.
1986 5540 2069 5558 -

2159 545 2447 628 Prologo,
2484 554 2702 627 quaest.
2736 548 2817 611 de
2849 547 3017 613 Unit.
3049 546 3378 625 Theolog.,
3409 550 3527 607 art.
3560 544 3622 616 3,
3654 548 3717 603 et

2156 647 2413 721 propter
2450 642 2581 715 illa,
2623 642 2968 721 praesertim
3000 646 3255 721 propter
3298 640 3573 711 tertium,
3603 637 3721 697 im-

2154 740 2395 815 pugnat
2441 736 2517 796 D.
2574 736 2883 797 Thomam
2942 734 3258 797 dicentem
3308 732 3715 811 Theologiam

2156 846 2295 891 esse
2316 846 2529 901 unam,
2567 828 2717 909 quia
2762 828 2973 891 omnia
3001 826 3321 906 cognoscit
3358 826 3477 889 sub
3506 824 3717 888 divina

2152 922 2535 986 revelatione
2554 968 2571 994 ‚
2631 922 2909 984 sentiens
2964 923 3162 983 Deum
3208 926 3281 981 ut
3324 919 3717 981 revelantem

2154 1034 2282 1077 non
2308 1034 2449 1077 esse
2478 1015 2793 1095 objectum
2812 1014 3076 1077 formale
3102 1012 3483 1093 Theologiae,
3514 1030 3590 1073 ac
3608 1030 3719 1073 su-

2150 1109 2341 1172 binde
2384 1126 2589 1189 neque
2615 1109 2786 1183 fidei,
2831 1110 3125 1188 utrinque
3168 1107 3341 1198 enim
3366 1110 3461 1169 est
3489 1106 3715 1169 eadem

2152 1203 2330 1278 ratio,
2364 1209 2435 1265 ut
2478 1203 2780 1265 dicemus.
2813 1202 3035 1281 Arguit
3072 1202 3263 1264 etiam
3301 1203 3374 1262 D.
3406 1200 3719 1263 'rhomam

2152 1296 2679 1371 contradictionis,
2698 1297 2845 1376 quia
2864 1296 2932 1358 in
2954 1299 2984 1357 1
3009 1314 3099 1375 p.,
3120 1294 3463 1374 quaestione
3484 1294 3685 1372 prima
3698 1338 3715 1365 ,

2153 1390 2413 1453 articulo
2438 1390 2727 1470 septimo,
2760 1389 2909 1451 dicit
2948 1391 3149 1451 Deum
3170 1388 3291 1452 sub
3316 1388 3559 1449 ratione
3586 1386 3721 1449 dei-

2150 1484 2293 1545 tatis
2324 1502 2465 1547 esse
2502 1484 2821 1564 objectum
2855 1482 3119 1545 formale
3148 1480 3529 1560 Theologiae,
3557 1487 3621 1541 et
3650 1480 3719 1539 in

2150 1583 2267 1639 art.
2312 1580 2371 1650 3,
2399 1576 2549 1638 dicit
2569 1576 3018 1641 revelationem
3044 1576 3159 1639 Dei
3191 1575 3571 1637 constituere
3596 1574 3721 1635 ob-
3827 1577 3832 1581 ’

2142 1671 2383 1750 jectum
2422 1670 2727 1745 formale3
2776 1677 2842 1733 et
2884 1672 2945 1731 2.
2988 1672 3049 1744 2,
3094 1675 3313 1749 quaest.
3356 1672 3415 1741 1,
3468 1674 3587 1729 art.
3648 1670 3715 1739 2,

2149 1765 2347 1825 Deum
2378 1764 2496 1825 sub
2536 1764 2779 1825 ratione
2807 1764 3031 1845 primae
3063 1762 3337 1825 veritatis
3366 1778 3505 1823 esse
3537 1761 3723 1839 obje-

2148 1852 2317 1919 ctum
2341 1857 2603 1919 formale
2646 1857 2816 1919 fidei.
2848 1856 2977 1919 Sed
3014 1858 3147 1917 haec
3187 1855 3591 1919 contradictio
3620 1858 3719 1931 (ut

2148 1952 2271 2013 hoc
2294 1951 2567 2013 breviter
2602 1951 3036 2030 expediamus)
3086 1950 3261 2011 nulla
3288 1954 3417 2023 est,
3466 1948 3719 2009 namin

2148 2045 2252 2107 illc
2284 2044 2543 2107 articulo
2560 2044 2826 2123 septimo
2846 2044 3122 2123 loquitur
3134 2042 3215 2104 de
3242 2043 3489 2122 objecto
3516 2040 3717 2121 quod,

2147 2145 2209 2200 et
2234 2139 2315 2201 de
2347 2138 2589 2201 ratione
2636 2137 2885 2199 formali
2916 2138 3079 2217 ejus.
3107 2137 3175 2197 in
3202 2154 3341 2200 esse
3392 2135 3509 2209 rei,
3553 2136 3723 2195 sicut

2146 2232 2417 2296 diximus
2444 2233 2509 2293 in
2550 2232 2827 2295 sectione
2854 2231 3237 2311 praecedenti
3254 2246 3273 2308 ;
3304 2230 3370 2293 in
3400 2229 3535 2291 aliis
3560 2246 3720 2291 vero

2146 2325 2300 2389 locis
2344 2327 2618 2407 loquitur
2666 2326 2747 2387 de
2776 2326 3023 2405 objecto
3062 2324 3331 2397 formali,
3382 2325 3568 2403 prout
3618 2327 3721 2383 est

2144 2423 2301 2484 ratio
2332 2421 2737 2493 assentiendi,
2770 2440 2811 2481 a
2840 2439 2967 2500 quo
2996 2421 3155 2482 solet
3185 2419 3436 2481 habitus
3458 2435 3719 2479 sumere

2144 2515 2449 2577 unitatem
2490 2532 2695 2589 suam,
2720 2521 2789 2575 ut
2826 2520 2997 2592 patet
3028 2514 3095 2573 in
3138 2513 3242 2575 illo
3278 2518 3395 2573 art.
3426 2514 3463 2575 3
3494 2511 3721 2591 primae

2142 2610 2355 2689 partis.
2376 2608 2789 2671 Nihilominus
2808 2612 3021 2671 tamen
3034 2609 3335 2685 vazquez,
3358 2605 3523 2667 circa
3534 2604 3719 2665 illum

2149 2703 2504 2777 articulum,
2525 2702 2685 2783 disp.
2706 2706 2767 2777 7,
2799 2721 2941 2782 cap.
2974 2703 3037 2776 3,
3067 2698 3383 2780 loquendo
3413 2699 3491 2761 de
3511 2700 3722 2761 Theo-

2146 2796 2335 2877 logia„
2364 2802 2557 2877 negat
2586 2799 2811 2868 Deum,
2860 2799 2930 2858 ut
2970 2794 3381 2865 revelantem,
3434 2809 3571 2853 esse
3600 2792 3721 2851 ob-

2139 2891 2377 2971 jectum
2401 2890 2663 2952 formale
2690 2890 2851 2969 ejuS,
2874 2894 2939 2951 et
2968 2907 3045 2951 ex
3072 2888 3353 2968 professo
3376 2886 3719 2964 impugnat

2144 2983 2605 3045 distinctionem
2658 3001 2847 3062 supra
2882 2982 3121 3049 datam.
3166 2999 3359 3059 quarn
3404 2980 3595 3041 etiam
3624 2978 3719 3039 ibi

2144 3077 2329 3139 tradit
2354 3078 2689 3156 Cajetanus
2726 3078 2806 3139 de
2834 3077 3079 3155 objecto
3110 3078 3174 3137 in
3206 3093 3345 3137 esse
3384 3073 3500 3146 rei,
3534 3079 3596 3133 et
3640 3073 3715 3133 in

2144 3190 2281 3233 esse
2318 3171 2570 3245 scibilis,
2616 3190 2729 3233 seu
2759 3170 3095 3244 credibilis,
3126 3169 3275 3249 quia
3300 3186 3437 3229 esse
3482 3165 3706 3227 scibile

2143 3283 2255 3327 seu
2307 3264 2601 3329 credibile
2652 3284 2783 3327 non
2828 3270 3033 3345 potest
3068 3264 3381 3344 pertinere
3422 3261 3505 3321 ad
3532 3258 3715 3339 obje-

2145 3364 2313 3421 ctum
2336 3359 2599 3423 formale
2620 3358 2985 3439 specificans
3004 3357 3350 3431 scientiam,
3368 3356 3469 3417 vel
3485 3354 3709 3427 fidem,

2144 3458 2207 3515 et
2231 3454 2547 3533 praecipue
2570 3458 2865 3515 movetur
2893 3450 3173 3513 secundo
3190 3454 3565 3529 argumento
3590 3466 3713 3509 seu

2143 3546 2383 3609 ratione
2413 3546 2739 3608 dubitandi
2778 3564 2969 3625 supra
2998 3544 3219 3623 posita.

2224 3642 2284 3703 3.
2328 3640 2605 3706 Assertio
2630 3643 2969 3721 affirmam-
2990 3669 3073 3685 --
3094 3636 3419 3720 Colliyitm·
3448 3635 3715 3701 assertio

2141 3755 2215 3801 eas
2254 3735 2587 3819 Scriptura
2632 3741 2693 3798 et
2732 3734 3052 3799 Patribus.
3094 3764 3177 3779 -
3210 3731 3471 3795 Ratione
3520 3728 3717 3792 eciam

2141 3829 2540 3894 convincitur.
2566 3860 2650 3875 -
2674 3824 3021 3889 Dicendum
3060 3844 3208 3887 vero
3240 3829 3334 3887 est
3364 3825 3589 3895 Deum,
3639 3828 3719 3885 ut

2140 3923 2547 3996 revelantem,
2585 3941 2699 3983 seu
2739 3921 3179 3986 testificantem
3218 3938 3321 3981 res
3356 3916 3717 3979 credendas

2140 4036 2257 4097 per
2284 4016 2499 4092 fidem,
2534 4034 2675 4077 esse
2704 4015 3023 4095 objectum
3046 4013 3313 4075 formale
3352 4010 3521 4075 fidei.
3556 4012 3715 4071 Haec

2144 4116 2238 4173 est
2266 4116 2481 4190 aperta
2510 4108 2817 4171 sententia
2839 4109 2915 4170 D.
2960 4108 3235 4180 Thomae,
3270 4105 3435 4167 dicto
3476 4108 3595 4165 art.
3632 4106 3709 4175 3;

2142 4221 2292 4265 nam
2318 4204 2463 4265 licet
2506 4203 2801 4281 loquatur
2826 4201 2913 4271 de,
2934 4199 3297 4277 Theologia,
3346 4196 3712 4259 necessario

2145 4297 2289 4359 inde
2319 4296 2586 4359 infertur
2613 4296 2781 4357 idem
2819 4295 2899 4357 de
2928 4294 3077 4369 fide,
3108 4294 3255 4374 quia
3283 4290 3579 4378 revelatio
3610 4290 3719 4351 di-

2142 4390 2287 4451 vina
2321 4408 2449 4451 non
2482 4392 2723 4468 spectat
2768 4388 2851 4451 ad
2876 4388 3279 4467 'theologiam
3318 4383 3711 4458 immediate,

2144 4483 2259 4545 sed
2284 4482 2599 4543 mediante
2630 4481 2779 4556 fide,
2814 4481 2961 4559 quia
2992 4480 3215 4560 accipit
3246 4477 3717 4559 propositiones

2143 4576 2315 4647 fidei,
2348 4579 2417 4636 ut
2457 4574 2819 4636 immediate
2874 4574 3205 4644 revelatae,
3264 4571 3471 4635 stillis
3512 4570 3716 4631 utitur

2142 4675 2443 4749 tanquam
2483 4668 2837 4748 principiis;
2875 4668 2977 4729 hic
3012 4669 3223 4741 etiam,
3252 4672 3373 4727 art.
3418 4668 3477 4737 1,
3512 4665 3598 4725 ait
3628 4665 3709 4724 D.

2143 4763 2415 4824 Thomas
2435 4762 2701 4841 primam
2725 4762 3051 4826 veritatem
3078 4778 3215 4823 esse
3239 4760 3557 4839 objectum
3578 4757 3716 4818 for-

2144 4855 2311 4918 male
2339 4855 2503 4931 fidei,
2548 4855 2696 4934 quia
2724 4853 2881 4915 nihil
2908 4854 3180 4916 creditur
3202 4853 3323 4915 nisi
3365 4858 3434 4914 ut
3464 4851 3717 4913 revela-

2145 4956 2281 5011 tum
2324 4949 2403 5011 ab
2453 4948 2612 5028 ipsa,
2656 4948 2827 5027 quod
2868 4948 3033 5011 bene
3062 4946 3355 5026 explicuit
3384 4952 3445 5009 et
3470 4944 3719 5007 notavit

2146 5042 2231 5104 ibi
2256 5042 2612 5122 Cajetanus,
2642 5042 2792 5105 dub.
2824 5043 2887 5115 2,
2922 5040 3025 5102 ubi
3054 5058 3347 5120 expresse
3377 5040 3539 5101 hanc
3564 5056 3717 5099 sen-

2146 5136 2410 5198 tentiam
2457 5135 2669 5208 docet;
2726 5141 2790 5196 et
2827 5134 3017 5196 latius
3054 5134 3412 5214 CapreoluS,
3471 5134 3537 5194 in
3574 5150 3637 5211 q.
3674 5134 3719 5193 4

2152 5228 2421 5308 Prologi,
2474 5228 2672 5289 concl.
2708 5230 2745 5289 3
2772 5234 2837 5289 et
2864 5229 2925 5302 6,
2972 5234 3033 5291 et
3070 5228 3155 5290 ad
3182 5233 3553 5308 argumenta
3582 5228 3721 5287 Au-

2149 5322 2301 5385 reoli
2349 5327 2567 5383 contra
2600 5323 2760 5385 illas.
2814 5322 2991 5385 Idem
3032 5328 3205 5385 tenet
3250 5324 3495 5395 Scotus,
3536 5322 3598 5381 in
3648 5324 3713 5394 3,

2149 5415 2289 5477 dist.
2334 5417 2435 5486 22,
2481 5420 2703 5494 quaest.
2746 5415 2941 5488 unic.,
2985 5422 3049 5477 et
3088 5415 3230 5479 dist.
3258 5417 3361 5489 25,
3392 5422 3613 5495 quaest.
3645 5416 3712 5486 2,

2148 5510 2213 5571 in
2240 5509 2398 5573 fine:
2432 5508 2800 5585 Richardus,
2830 5508 2973 5571 dist.
2998 5511 3101 5587 23,
3142 5516 3259 5573 art.
3285 5512 3347 5586 4,
3378 5514 3599 5591 quaest.
3646 5512 3713 5581 3,
