3900 6217
1654 371 1844 424 INDEX
1877 371 2111 432 RERUM.

825 487 1010 526 boatu!
1039 487 1292 526 nummus.

265 561 323 609 1.
362 557 626 611 nubilatio
651 558 718 612 de
751 560 914 614 rebus
942 562 1064 615 fidei
1091 575 1366 628 nunquam
1397 566 1478 613 est
1509 561 1628 612 sine
1655 559 1837 626 aliquo

3365 387 3481 448 777

1919 484 1997 532 12.
2032 479 2267 540 Ecclesia
2304 482 2495 536 Christi
2526 493 2577 538 et
2622 500 2766 540 nunc
2794 493 2893 550 cst,
2936 494 2985 541 et
3028 501 3244 556 semper
3288 492 3385 545 fuit
3425 494 3479 546 in

1982 558 2185 610 mundo
2212 560 2387 618 unica.
2420 569 2547 615 sect.
2573 568 2621 624 4,
2648 577 2700 615 ιι.
2731 568 2777 616 1.

338 648 522 687 errore
542 635 791 700 positivo,
815 644 966 690 tract.
1005 642 1053 698 1,
1073 637 1212 703 disp.
1239 642 1318 696 16,
1339 641 1471 690 sect.
1501 641 1548 698 1,
1593 648 1647 688 ιι.
1691 640 1752 694 9;
1783 641 1840 689 et
1917 638 1995 686 13.
2030 635 2276 689 Ecclesiae
2308 647 2433 690 ante
2460 639 2745 694 adventum
2783 642 2973 696 Christi
2997 656 3271 711 nunquam
3296 645 3476 710 plures

333 710 475 774 disp.
502 715 580 773 19,
603 719 732 764 sect.
759 718 806 774 5,
831 727 886 766 ιι.
919 717 980 764 12
1009 723 1063 766 et
1085 718 1162 766 15.

1980 713 2156 776 simut,
2186 727 2239 765 n.
2272 718 2319 766 9.

265 792 322 840 2.
361 789 548 842 omnis
578 791 839 844 dubitatio
863 792 1158 846 deliberata
1181 798 1236 846 et
1263 791 1503 856 pertinax
1529 789 1584 841 in
1611 789 1834 842 materia
1917 790 1995 840 14.
2032 789 2265 842 Ecclesia
2290 791 2477 844 Christi
2510 805 2724 858 semper
2744 795 2929 848 eadem
2966 809 3193 851 numero
3212 804 3314 862 est,
3341 811 3393 852 n.
3422 805 3469 852 5.

337 867 460 920 fidei
491 875 574 920 est
607 871 842 932 haeresis,
868 872 986 926 ead.
1009 878 1137 925 sect.
1160 876 1208 932 4,
1241 885 1294 923 n.
1320 873 1379 920 1⁰
1403 875 1457 921 et
1479 881 1627 933 seqq.

257 949 316 997 8.
359 947 612 1000 Dubitans
647 950 799 1004 mites
829 951 896 1004 de
921 949 1127 1015 justitia
1150 948 1275 1001 belli
1319 946 1387 998 ad
1411 944 1542 1012 quid
1571 951 1828 1008 teneatur,

331 1027 482 1076 tract.
509 1028 556 1086 9,
581 1025 721 1091 disp.
751 1030 826 1090 19,
853 1034 982 1080 sect.
1014 1033 1062 1090 6,
1093 1028 1198 1078 iate
1221 1037 1254 1076 a
1279 1037 1313 1076 n
1359 1028 1407 1074 8.

819 1141 825 1146 “
925 1159 1172 1196 nuenton.

257 1245 312 1293 -ι,
353 1239 592 1292 Duellum
616 1239 766 1304 quid,
793 1246 942 1294 tract.
971 1246 1018 1302 9,
1055 1239 1190 1306 disp.
1221 1244 1299 1300 19.
1323 1244 1450 1294 sect.
1475 1239 1590 1302 ult..
1619 1253 1671 1291 n.
1696 1243 1744 1291 1.

255 1321 311 1369 2.
349 1317 590 1370 Dueilum
621 1317 690 1370 ad
729 1317 1089 1370 ostendendas
1116 1317 1278 1377 vires.
1308 1317 1374 1370 ad
1405 1317 1827 1382 comparandum

331 1405 550 1456 nomen,
585 1392 655 1446 ad
693 1393 986 1448 eruendam
1015 1395 1290 1449 veritatem
1320 1407 1536 1460 semper
1565 1393 1823 1455 illicitum,

329 1470 458 1522 ibid.

257 1551 312 1597 a.
354 1546 593 1599 Duelium
625 1557 788 1599 omne
807 1545 1073 1612 privatum
1108 1545 1397 1600 intrinsece
1420 1545 1639 1609 matum,
1667 1545 1770 1600 tate
1798 1559 1830 1598 a

327 1635 475 1675 num.
503 1627 552 1674 2.

257 1702 310 1750 4.
349 1698 428 1750 Ad
458 1697 694 1750 duellum
722 1701 1042 1763 provocatus
1063 1696 1556 1764 nequitacceptare,
1581 1697 1679 1750 etsi
1705 1696 1828 1750 ideo

325 1781 607 1828 censeatur
635 1775 878 1838 ignavus,
907 1787 960 1826 ιι.
985 1779 1034 1825 9.

328 1849 524 1902 Poterit
553 1857 729 1902 tamen
754 1849 1004 1903 resistere
1041 1861 1208 1914 usque
1235 1848 1304 1900 ad
1330 1848 1629 1902 invadentis
1655 1847 1828 1902 inter-

327 1925 625 1988 necionem,
662 1925 788 1978 ibid.

257 2007 312 2054 5.
353 1999 594 2053 nucitum
631 2001 814 2066 nequit
837 2001 1102 2066 acceptari
1129 1999 1335 2053 etiamsi
1359 1999 1554 2065 injuste
1574 1997 1828 2052 condem-

326 2075 540 2128 nandus
564 2075 630 2126 ad
657 2082 882 2128 mortem
927 2087 1244 2142 provocetur
1268 2074 1336 2128 ab
1363 2081 1694 2137 accusatore,
1719 2087 1772 2126 n.
1798 2080 1829 2126 5

325 2157 376 2202 et
401 2156 452 2210 6,
481 2151 644 2215 tdque
675 2151 832 2204 etiam
855 2151 922 2204 de
947 2152 1204 2219 principis
1227 2150 1458 2208 licentia.
1485 2164 1537 2202 n.
1562 2156 1608 2202 7.

253 2232 310 2276 6.
345 2227 588 2279 Duellum
639 2228 889 2293 princeps
943 2227 1248 2294 permittere
1296 2225 1564 2279 interdum
1609 2230 1784 2290 potest
1808 2240 1822 2277 ε

327 2315 603 2365 nunquam
631 2303 936 2366 consulere,
957 2308 1050 2358 aut
1071 2309 1384 2370 potestatem
1413 2303 1562 2365 dare,
1599 2307 1656 2354 ut
1684 2301 1826 2355 licite

323 2377 432 2439 ssat,
461 2378 589 2430 ibid.

255 2459 307 2504 6.
346 2453 590 2506 Dueltum
625 2453 812 2508 initum
856 2454 1167 2510 auctoritate
1191 2453 1404 2520 publica
1427 2453 1668 2520 possitne
1687 2466 1823 2507 con-

324 2528 618 2581 ditionibus
640 2530 762 2594 justi
789 2530 913 2583 belli
940 2532 1230 2590 honestari,
1256 2545 1310 2582 ιι.
1339 2535 1386 2584 8.

255 2608 308 2654 7.
344 2606 402 2656 ln
433 2604 672 2658 duellum
695 2613 862 2660 totum
885 2606 1086 2660 bellum
1119 2605 1389 2660 resolvere
1427 2605 1716 2670 aliquando
1757 2604 1824 2656 ti-

319 2688 422 2740 cet,
449 2694 502 2732 ιι.
528 2687 576 2734 9.

255 2760 306 2806 6.
343 2755 584 2809 Duellum
619 2759 834 2822 quando
868 2758 1005 2812 inter
1034 2757 1229 2811 milites
1255 2759 1534 2824 utriusque
1575 2758 1822 2812 factionis

323 2831 496 2888 liceat.
530 2831 658 2885 ibid.

257 2912 308 2958 9.
342 2907 513 2960 Duelli
545 2921 718 2974 poenae
735 2923 875 2976 quai,
909 2910 1057 2974 ibid..
1086 2910 1381 2966 remissive.

990 3041 1104 3082 DUX.

263 3139 307 3187 1.
345 3137 511 3191 Duces
544 3139 714 3192 vocati
744 3141 811 3193 ad
850 3153 1012 3206 quam
1053 3147 1333 3196 teneantur
1361 3143 1428 3196 de
1460 3141 1664 3208 justitia
1691 3139 1818 3194 belli

319 3213 710 3278 certitudinem,
743 3217 862 3270 vide
885 3219 1107 3282 Batnon,
1133 3232 1186 3270 ιι.
1218 3222 1298 3272 91.

1005 3361 1062 3434 Ε

905 3509 1166 3548 toccum.

262 3597 308 3644 1.
347 3591 596 3646 Ecclesiae
617 3595 840 3661 Etymon
859 3600 914 3648 et
939 3595 1280 3662 significatio,
1315 3601 1464 3650 tract.
1499 3599 1546 3656 1,
1585 3594 1728 3660 disp.
1764 3601 1814 3654 9.

315 3674 444 3722 sect.
476 3675 524 3729 1,
557 3684 611 3722 ιι.
637 3674 684 3724 1.

251 3750 300 3797 2.
337 3746 626 3799 Ecclesiam
657 3749 744 3801 Dei
770 3761 952 3802 veram
983 3747 1036 3800 in
1062 3748 1266 3802 mundo
1289 3761 1410 3802 esse
1439 3747 1664 3802 omnino
1693 3760 1814 3801 cer-

316 3827 448 3880 tum.
469 3823 618 3885 ibid„
645 3837 698 3876 n.
723 3829 772 3877 8.

251 3897 384 3959 Quid
411 3898 524 3949 baec
553 3900 786 3952 Ecclesia
811 3900 898 3964 sit,
929 3913 1078 3953 num.
1105 3903 1152 3952 9.

251 3978 298 4024 a.
337 3973 584 4028 Ecclesiae
617 3976 860 4028 membra
897 3989 1006 4030 non
1035 3981 1162 4029 sunt
1203 3987 1446 4042 personae
1484 3981 1630 4028 extra
1667 3973 1810 4028 viam

313 4050 516 4114 positae,
549 4065 602 4103 ιι.
627 4056 674 4104 4.

250 4128 298 4176 4.
329 4125 578 4180 Ecclesiae
599 4127 840 4180 membra
859 4134 987 4181 sunt
1005 4141 1190 4182 smnes
1211 4139 1274 4182 ac
1292 4126 1394 4181 soli
1418 4125 1668 4180 homines
1697 4124 1817 4178 via-

313 4207 456 4254 tores
481 4201 640 4255 tidem
668 4204 944 4267 habentes,
977 4217 1032 4256 n.
1066 4210 1112 4256 5.

247 4281 297 4328 5.
334 4277 482 4330 circa
504 4279 748 4331 membra
780 4279 1028 4332 Ecclesiae
1047 4277 1421 4333 constituenda
1440 4289 1652 4332 errores
1680 4276 1814 4332 varii

313 4350 684 4410 haeretieorum
717 4355 1046 4418 refelluntur,
1075 4354 1178 4408 late
1199 4367 1232 4406 a
1261 4368 1294 4406 ιι
1343 4360 1388 4406 8.

313 4427 443 4478 ltem
471 4429 757 4493 opiniones
781 4429 1064 4483 contrariae
1085 4429 1498 4489 catholicorum,
1537 4427 1810 4491 latissime,

312 4514 345 4552 a
369 4515 514 4555 uum.
542 4509 620 4556 13.

246 4581 296 4628 6.
335 4579 568 4632 Ecclesia
593 4580 814 4645 produci
835 4581 998 4647 coepit
1017 4582 1072 4634 in
1097 4579 1318 4642 Adamo,
1339 4586 1392 4631 et
1413 4579 1672 4642 producta
1686 4580 1809 4642 Eva,

312 4653 546 4707 Ecclesia
575 4657 790 4722 proprie
811 4657 995 4718 extitit,
1027 4655 1143 4710 ead.
1175 4655 1318 4720 disp.
1349 4660 1398 4714 9,
1427 4662 1559 4708 sect.
1593 4659 1643 4718 ¹,
1675 4668 1730 4707 n.
1761 4659 1810 4706 9.

247 4731 300 4784 ’”.
336 4730 569 4785 Ecclesia
615 4732 668 4783 in
703 4732 836 4785 solis
887 4731 1071 4798 primis
1107 4730 1418 4795 parentibus
1451 4730 1616 4782 extitit
1652 4730 1812 4782 etiam

313 4815 434 4874 post
454 4807 685 4872 lapsum,
705 4812 760 4860 et
787 4813 914 4860 ante
943 4807 1344 4874 generationem
1377 4804 1521 4858 caini
1543 4811 1596 4860 ct
1613 4805 1810 4868 Abelis,

311 4882 444 4935 ibid.

247 4965 301 5011 8.
333 4957 586 5018 Ecclesia,
631 4965 790 5023 prout
831 4970 976 5010 nunc
1003 4963 1102 5018 est,
1134 4956 1230 5009 fuit
1265 4969 1298 5010 a
1337 4955 1547 5010 Christo
1585 4955 1813 5011 Domino

308 5034 566 5096 instituta,
599 5033 752 5088 ibid..
776 5046 830 5086 n.
853 5037 902 5083 6.

245 5115 293 5160 9.
331 5109 474 5161 Nova
498 5108 730 5162 Ecclesia
749 5119 860 5174 quo
887 5115 1130 5175 tempore
1171 5112 1292 5174 post
1331 5112 1516 5160 natum
1543 5105 1809 5158 Christum

309 5184 582 5250 inceperit,
613 5185 746 5238 ibid.

245 5265 325 5312 1⁰.
364 5261 650 5314 Ecclesiae
675 5273 775 5314 suo
799 5260 950 5313 initio
989 5272 1160 5321 usque
1188 5259 1258 5312 ad
1285 5257 1570 5312 adventum
1617 5255 1808 5308 Christi

309 5335 605 5402 interrupta
642 5336 870 5398 duravit,
909 5335 1027 5388 ead.
1072 5336 1212 5400 disp.
1258 5339 1310 5398 9,
1349 5340 1480 5388 sect.
1513 5338 1561 5396 9,
1602 5347 1656 5386 ιι.
1698 5337 1721 5383 1
1757 5338 1812 5385 et

305 5425 458 5478 seqq.

244 5490 324 5540 11.
350 5488 616 5552 Ecclesia,
641 5495 704 5541 ut
723 5501 756 5540 a
775 5487 982 5542 christo
1021 5487 1278 5545 instituta.
1300 5499 1576 5552 nunquam
1593 5485 1804 5549 defecit,

308 5575 410 5618 nec
429 5570 687 5618 aternum
708 5564 934 5625 deliciet,
961 5561 1114 5626 ibid..
1133 5573 1168 5616 a
1190 5576 1247 5616 n.
1272 5565 1320 5621 4.

1916 865 1995 914 15.
2030 863 2088 916 la
2118 864 2351 918 Ecclesia
2370 867 2562 920 christi
2582 870 2717 922 ordo
2744 871 3107 926 hierarchicas
3126 881 3181 926 et
3206 877 3476 931 membro-

1979 951 2099 992 rum
2127 941 2415 1004 distinctio,
2446 943 2561 996 ead.
2590 944 2727 1009 disp.
2751 952 2799 1008 9,
2824 954 2951 1000 sect.
2980 955 3027 1010 5,
3050 965 3109 1003 ιι.
3128 957 3174 1003 9.

1913 1018 1993 1067 16.
2030 1015 2275 1070 Ecclesiae
2309 1018 2437 1071 varii
2461 1020 2657 1084 gradus
2678 1026 2731 1072 et
2762 1028 3047 1086 potestates
3082 1027 3135 1079 in
3165 1027 3355 1080 ordine
3382 1042 3473 1082 sa-

1976 1091 2271 1152 cerdotum,
2308 1108 2363 1146 n.
2392 1100 2421 1146 5

1976 1166 2114 1218 Varii
2142 1168 2339 1234 gradus
2359 1177 2505 1224 extra
2532 1173 2777 1228 ordinem
2804 1177 3162 1238 sacerdotum.
3196 1194 3249 1232 n.
3284 1187 3334 1232 6.

1911 1247 1988 1294 17.
2028 1245 2352 1298 universalis
2376 1249 2619 1302 Ecclesiae
2642 1253 2878 1318 regimen
2900 1255 2967 1306 ad
2986 1269 3147 1308 unam
3164 1269 3471 1322 supremam

1974 1327 2289 1386 potestatem
2314 1325 2557 1388 pertinet,
2584 1328 2703 1381 ead.
2730 1329 2868 1394 disp.
2901 1337 2949 1393 9,
2982 1339 3110 1385 sect.
3141 1339 3189 1394 6.
3216 1347 3249 1386 ιι
3275 1347 3327 1385 n.
3354 1339 3404 1386 2.

1909 1401 1988 1448 18.
2026 1397 2270 1451 Ecclesiae
2293 1412 2546 1465 suprema
2574 1411 2808 1468 potestas
2827 1409 3171 1462 monarchica
3191 1415 3271 1462 est
3290 1410 3345 1462 in
3363 1422 3473 1463 uno

1980 1473 2200 1526 homine
2231 1475 2489 1537 residens,
2521 1489 2553 1529 a
2582 1492 2632 1530 n.
2666 1485 2713 1530 7.

1973 1547 2234 1602 contrarii
2250 1551 2619 1607 haereticorum
2639 1568 2849 1610 errores
2868 1555 3179 1610 refelluntur
3192 1558 3468 1622 latissime,

1972 1636 2007 1676 a
2036 1637 2088 1676 n.
2121 1630 2170 1686 9,
2196 1625 2317 1680 vide
2342 1641 2503 1680 vanae
2536 1629 2684 1682 Para.

1909 1702 1989 1751 19.
2026 1701 2317 1756 Ecclesiam
2346 1717 2467 1758 esse
2493 1714 2731 1760 sanctam
2754 1705 2824 1760 de
2844 1707 2949 1762 iide
2976 1714 3076 1772 est,
3101 1710 3219 1763 ead.
3248 1710 3387 1776 disp.
3418 1715 3468 1774 9,

1972 1783 2101 1829 sect.
2139 1783 2187 1839 7,
2212 1792 2268 1836 ιι.
2294 1783 2341 1832 1.

1908 1855 1989 1904 20.
2027 1853 2258 1918 Ecclesia
2283 1855 2425 1908 unde
2446 1856 2652 1910 dicatur
2674 1864 2875 1918 sancta.
2899 1874 2954 1912 n.
2976 1865 3025 1914 2.

1973 1927 2029 1980 In
2056 1929 2291 1983 Ecclesia
2310 1943 2379 1982 an
2404 1937 2647 1997 oporteat
2668 1946 2883 2000 semper
2902 1947 3023 1988 esse
3046 1936 3237 2000 justos,
3262 1951 3317 1991 n.
3340 1942 3386 1990 4.

1907 2005 1988 2056 91.
2026 2004 2313 2058 Ecclesiam
2353 2018 2473 2059 esse
2512 2007 2835 2062 catholicam
2878 2018 2932 2062 et
2968 2013 3331 2077 Apostolicam
3356 2013 3473 2079 ipsa

1974 2079 2107 2132 tides
2129 2080 2307 2143 docet,
2328 2081 2447 2134 ead.
2475 2089 2603 2136 sect.
2631 2088 2679 2144 7,
2706 2097 2759 2136 ιι.
2785 2091 2814 2137 5
2836 2091 2889 2138 et
2910 2091 2955 2138 6.

1907 2159 1989 2206 22.
2026 2155 2261 2210 Ecclesia
2289 2158 2476 2210 Christi
2500 2173 2629 2212 vera
2660 2165 2741 2212 est
2768 2161 3082 2226 simpliciter
3108 2161 3333 2216 visibilis
3376 2177 3473 2230 per

1970 2236 2184 2283 externa
2208 2233 2380 2297 signa.
2410 2234 2526 2286 ead.
2562 2234 2700 2301 disp.
2725 2243 2773 2296 9,
2799 2245 2929 2289 sect.
2959 2242 3003 2300 8,
3028 2251 3060 2290 a
3091 2252 3145 2290 ιι.
3170 2243 3218 2290 9.

1968 2308 2191 2374 Semper
2223 2309 2449 2362 visibilis
2476 2319 2799 2376 perseverat,
2829 2327 2865 2366 n
2908 2319 2954 2366 5.

1974 2385 2247 2438 Contraria
2271 2386 2641 2440 haereticorum
2670 2388 3019 2443 fundamenta
3046 2390 3343 2454 solvuntur,
3368 2404 3421 2444 n.
3438 2397 3468 2442 6

1970 2467 2023 2512 el.
2056 2465 2101 2512 7.

1904 2540 1983 2586 28.
2022 2536 2271 2598 Quaenam
2314 2537 2593 2591 hominum
2632 2543 2977 2608 congregatio
3022 2541 3235 2594 sitvera
3274 2541 3467 2594 Christi

1970 2611 2223 2672 Ecclesia,
2251 2612 2526 2666 evidenter
2544 2615 2799 2668 credibile
2830 2623 2933 2678 est,
2950 2617 3068 2670 ead.
3092 2616 3231 2682 disp.
3261 2621 3315 2679 9,
3334 2621 3463 2668 sect.

1967 2693 2016 2749 9,
2047 2701 2100 2739 n.
2128 2692 2175 2739 3.

1905 2767 1965 2814 2⁴
2022 2763 2311 2816 Ecclesiam
2344 2764 2487 2818 hanc
2507 2777 2751 2828 numero,
2772 2780 2893 2832 quie
2918 2767 3021 2820 sub
3041 2766 3295 2822 Romanis
3324 2767 3467 2818 Pon-

1968 2837 2198 2891 tificibus
2226 2847 2551 2904 perseverat.
2580 2853 2701 2894 esse
2723 2855 2902 2896 veram
2929 2843 3118 2895 christi
3156 2841 3463 2904 Ecclesiam,

1964 2919 2017 2964 et
2042 2913 2317 2967 evidenter
2338 2914 2595 2970 credibile
2622 2923 2720 2970 est.
2754 2925 2807 2970 et
2845 2919 3031 2981 positis
3054 2917 3323 2983 aliquibus
3340 2916 3463 2970 fidei

1966 2987 2259 3052 principiis,
2292 2989 2567 3044 evidenter
2587 3004 2792 3055 verum,
2826 2992 2975 3056 ibid..
2998 2993 3101 3046 late
3122 3007 3155 3046 a
3177 3007 3231 3046 ιι.
3257 2997 3305 3046 4.

1965 3067 2077 3118 lmo
2106 3067 2297 3132 etipsa
2326 3067 2431 3120 ilde
2464 3068 2813 3127 credendum.
2850 3083 2881 3122 a
2908 3084 2963 3122 ιι.
3001 3075 3079 3122 19.

1899 3147 1981 3193 25.
2016 3143 2163 3196 Hanc
2192 3155 2416 3198 numero
2444 3142 2731 3198 Ecclesiam
2768 3157 2887 3199 esse
2910 3158 3089 3198 veram
3128 3144 3321 3198 Christi
3360 3145 3464 3198 Ec·-

1962 3217 2198 3279 clesiam,
2225 3217 2440 3283 quando
2464 3218 2773 3282 revelatum,
2797 3219 2951 3283 ibid„
2970 3235 3023 3274 ιι.
3052 3223 3131 3272 14.

1897 3299 1979 3345 96.
2016 3293 2303 3348 Ecclesiam
2331 3301 2492 3348 totam
2517 3295 2753 3360 possein
2780 3295 2883 3350 llde
2897 3297 3141 3361 deiicere,
3172 3294 3264 3360 qui
3287 3296 3463 3350 hoere-

1964 3368 2050 3421 tici
2076 3369 2412 3433 somniarint,
2439 3375 2589 3422 tract.
2614 3375 2660 3434 1,
2694 3371 2832 3436 disp.
2857 3377 2901 3434 5,
2926 3381 3057 3425 sect.
3081 3375 3129 3435 6,
3154 3385 3207 3424 ιι.
3234 3377 3283 3423 2.

1898 3450 1977 3497 27.
2014 3445 2250 3499 Ecclesia
2294 3447 2614 3500 universalis
2656 3459 2750 3500 seu
2801 3449 3041 3502 Romana
3073 3461 3183 3501 non
3226 3453 3461 3514 potesta

1964 3521 2069 3575 tide
2093 3535 2189 3587 per
2222 3522 2467 3576 haeresim
2492 3522 2739 3584 deiicere,
2768 3523 2917 3585 ibid..
2942 3537 2997 3576 n.
3024 3528 3073 3576 1.

1962 3598 2076 3649 imo
2106 3609 2206 3650 nec
2235 3610 2329 3661 per
2349 3595 2701 3663 ignorantiam
2726 3597 3110 3660 invincibilem,
3136 3613 3193 3650 n.
3216 3603 3245 3650 5
3264 3604 3317 3652 et
3334 3603 3385 3652 6.

1898 3674 1977 3722 28.
2015 3671 2249 3724 Ecclesia
2275 3678 2381 3725 tota
2406 3685 2507 3726 nec
2527 3673 2850 3738 speculative
2871 3682 3043 3741 potest
3072 3687 3277 3738 errare,
3300 3675 3461 3728 etiam

1960 3745 2015 3798 in
2064 3746 2149 3798 his
2198 3760 2318 3811 quae
2352 3754 2555 3801 tantum
2590 3755 2648 3801 ut
2694 3749 2781 3814 pia
2826 3758 2881 3802 et
2924 3749 3223 3816 probabilia
3270 3749 3455 3812 credit,

1959 3835 2015 3873 n.
2047 3827 2093 3874 8.

1893 3901 1975 3948 29.
2010 3897 2245 3950 Ecclesia
2271 3904 2382 3951 tota
2418 3899 2577 3952 simul
2612 3907 2827 3965 sumpta
2870 3907 2955 3954 est
2998 3899 3293 3954 infallibilis
3336 3899 3457 3953 fidei

1962 3973 2145 4038 regula
2173 3974 2226 4024 in
2258 3973 2545 4036 credendo,
2587 3987 2694 4028 non
2740 3983 2935 4038 autem,
2968 3982 3027 4030 ut
3056 3976 3153 4039 sic,
3191 3975 3461 4028 sufficiens

1959 4048 2143 4114 regula
2174 4047 2227 4100 in
2257 4048 2521 4108 docendo,
2552 4049 2701 4106 ibid..
2734 4064 2787 4102 n.
2816 4057 2861 4102 9.

1897 4128 1975 4176 90.
2014 4123 2259 4176 Ecclesiae
2276 4123 2470 4178 divisio
2494 4123 2545 4176 in
2562 4124 2825 4178 visibilem
2848 4133 2900 4179 ct
2921 4126 3242 4179 invisibilem
3268 4125 3335 4177 ab
3356 4125 3459 4180 hae·

1958 4199 2137 4254 reticis
2166 4199 2305 4259 ficta,
2330 4198 2585 4254 refellitur
2604 4201 2813 4261 eadem,
2838 4208 2967 4256 sect.
2992 4207 3043 4264 6,
3075 4215 3130 4254 ιι.
3162 4205 3217 4266 7;
3244 4208 3300 4252 et
3314 4200 3457 4266 disp.

2021 4280 2069 4332 9,
2100 4281 2229 4327 sect.
2256 4279 2304 4334 8.
2336 4287 2433 4340 per
2461 4282 2645 4328 totam.

1896 4355 1975 4403 91.
2014 4351 2263 4404 Ecclesiae
2294 4353 2383 4406 Dei
2428 4352 2531 4406 tria
2579 4351 2847 4419 praecipua
2901 4358 3159 4418 tempora,
3209 4357 3358 4405 tract.
3407 4356 3456 4415 1,

1960 4426 2097 4492 disp.
2128 4431 2175 4484 9.
2212 4434 2338 4479 sect.
2371 4433 2421 4489 6.
2453 4442 2507 4480 ιι.
2534 4433 2579 4479 1.

1895 4506 1974 4552 82.
2014 4504 2069 4554 ln
2119 4503 2352 4555 Ecclesia
2401 4515 2615 4568 semper
2664 4501 2760 4554 fuit
2808 4502 2941 4555 ssdes
2988 4503 3249 4570 explicita,
3304 4504 3456 4569 ibid„

1960 4591 2011 4631 n.
2049 4583 2096 4630 4.

1960 4653 2325 4706 communiter
2348 4660 2527 4707 tamen
2573 4661 2696 4708 ante
2720 4655 2892 4720 legem
2916 4654 3097 4721 gratiae
3120 4653 3218 4707 fuit
3241 4655 3295 4707 in
3328 4655 3459 4708 solis

1959 4729 2209 4782 Ecclesiae
2235 4730 2578 4795 primoribus,
2608 4744 2661 4781 n.
2688 4737 2735 4782 5.

1897 4808 1977 4855 99.
2014 4807 2072 4857 ln
2099 4805 2329 4860 Ecclesia
2358 4805 2572 4867 Christi,
2617 4805 2925 4858 divinarum
2971 4818 3151 4859 rerum
3199 4807 3463 4872 sapientia

1960 4892 2067 4932 non
2114 4893 2330 4946 semper
2374 4893 2442 4934 eo
2486 4882 2673 4946 major,
2704 4893 2812 4947 quo
2848 4879 2939 4933 illa
2971 4881 3178 4934 Christo
3211 4881 3459 4944 vicinior,

1962 4967 2016 5006 n.
2045 4957 2123 5006 14.

1897 5033 1977 5082 94.
2012 5030 2261 5084 Ecclesiae
2302 5031 2487 5098 regula
2528 5030 2801 5096 quomodo
2848 5036 3053 5096 spectet
3090 5028 3158 5084 ad
3192 5031 3459 5097 objectum

1958 5106 2179 5159 formale
2210 5105 2354 5166 fidei,
2378 5113 2526 5159 tract.
2558 5110 2603 5164 1.
2629 5105 2767 5172 disp.
2792 5111 2839 5164 9.
2866 5113 2994 5158 sect.
3023 5109 3103 5168 1ο,
3134 5120 3189 5159 ιι.
3222 5111 3269 5159 8.

1893 5187 1976 5233 95.
2014 5182 2070 5235 ln
2102 5183 2349 5235 Ecclesiae
2374 5180 2740 5234 auctoritatem
2766 5179 2959 5235 resolvi
2978 5182 3278 5248 fidem,quo
3294 5196 3460 5236 sensu

1956 5257 2365 5316 admittendum.
2400 5255 2548 5315 ibid..
2582 5271 2634 5309 ιι.
2668 5261 2748 5309 to.

1891 5337 1972 5386 96.
2010 5333 2267 5388 Ecclesiae
2288 5346 2409 5398 quae
2430 5340 2483 5386 et
2498 5339 2699 5399 quanta
2716 5339 2949 5400 potestas
2968 5333 3036 5385 ad
3058 5334 3459 5399 praedicandum

1951 5408 2151 5473 ubique
2180 5409 2539 5472 Evangelium.
2573 5407 2694 5461 vide
2724 5409 2889 5461 verbo
2912 5425 3213 5462 panniculo
3239 5424 3390 5462 riuti.

1889 5489 1969 5538 97.
2008 5486 2237 5539 Ecclesia
2257 5498 2324 5536 an
2350 5492 2401 5538 et
2428 5485 2704 5550 quomodo
2740 5487 2905 5550 possit
2946 5486 3268 5550 compellere
3288 5487 3355 5538 ad
3390 5487 3457 5540 ti-

1951 5560 2073 5622 dem
2094 5560 2414 5638 audienda-m
2444 5569 2496 5614 et
2524 5560 2903 5629 recipiendam,
2931 5561 3052 5616 vide
3076 5576 3331 5617 ικειοιιιιει.
